<?xml version="1.0" encoding="UTF-8"?>
<alto xmlns="http://www.loc.gov/standards/alto/ns-v3#" xmlns:xlink="http://www.w3.org/1999/xlink" xmlns:xsi="http://www.w3.org/2001/XMLSchema-instance" xsi:schemaLocation="http://www.loc.gov/standards/alto/ns-v3# http://www.loc.gov/alto/v3/alto-3-0.xsd">
	<Description>
		<MeasurementUnit>pixel</MeasurementUnit>
		<sourceImageInformation>
			<fileName>/tmp/tess_y67b3h1d_input.PNG</fileName>
		</sourceImageInformation>
		<OCRProcessing ID="OCR_0">
			<ocrProcessingStep>
				<processingSoftware>
					<softwareName>tesseract 5.3.4</softwareName>
				</processingSoftware>
			</ocrProcessingStep>
		</OCRProcessing>
	</Description>
	<Layout>
		<Page WIDTH="1078" HEIGHT="1692" PHYSICAL_IMG_NR="0" ID="page_0">
			<PrintSpace HPOS="0" VPOS="0" WIDTH="1078" HEIGHT="1692">
				<ComposedBlock ID="cblock_0" HPOS="827" VPOS="115" WIDTH="32" HEIGHT="17">
					<TextBlock ID="block_0" HPOS="827" VPOS="115" WIDTH="32" HEIGHT="17">
						<TextLine ID="line_0" HPOS="827" VPOS="115" WIDTH="32" HEIGHT="17">
							<String ID="string_0" HPOS="827" VPOS="115" WIDTH="32" HEIGHT="17" WC="0.96" CONTENT="503"/>
						</TextLine>
					</TextBlock>
				</ComposedBlock>
				<ComposedBlock ID="cblock_1" HPOS="129" VPOS="175" WIDTH="753" HEIGHT="1286">
					<TextBlock ID="block_1" HPOS="129" VPOS="175" WIDTH="753" HEIGHT="872">
						<TextLine ID="line_1" HPOS="131" VPOS="175" WIDTH="750" HEIGHT="29">
							<String ID="string_1" HPOS="131" VPOS="175" WIDTH="54" HEIGHT="19" WC="0.96" CONTENT="lärer"/><SP WIDTH="15" VPOS="175" HPOS="185"/>
							<String ID="string_2" HPOS="200" VPOS="175" WIDTH="48" HEIGHT="20" WC="0.93" CONTENT="icke"/><SP WIDTH="16" VPOS="175" HPOS="248"/>
							<String ID="string_3" HPOS="264" VPOS="175" WIDTH="92" HEIGHT="20" WC="0.92" CONTENT="behöfva"/><SP WIDTH="15" VPOS="175" HPOS="356"/>
							<String ID="string_4" HPOS="371" VPOS="176" WIDTH="85" HEIGHT="19" WC="0.88" CONTENT="erinras."/><SP WIDTH="24" VPOS="176" HPOS="456"/>
							<String ID="string_5" HPOS="480" VPOS="176" WIDTH="124" HEIGHT="20" WC="0.96" CONTENT="Emellertid"/><SP WIDTH="12" VPOS="176" HPOS="604"/>
							<String ID="string_6" HPOS="616" VPOS="176" WIDTH="63" HEIGHT="20" WC="0.93" CONTENT="hafva"/><SP WIDTH="12" VPOS="176" HPOS="679"/>
							<String ID="string_7" HPOS="691" VPOS="176" WIDTH="190" HEIGHT="28" WC="0.91" CONTENT="bankfullmäktige"/>
						</TextLine>
						<TextLine ID="line_2" HPOS="131" VPOS="209" WIDTH="747" HEIGHT="28">
							<String ID="string_8" HPOS="131" VPOS="209" WIDTH="28" HEIGHT="19" WC="0.96" CONTENT="uti"/><SP WIDTH="16" VPOS="209" HPOS="159"/>
							<String ID="string_9" HPOS="175" VPOS="209" WIDTH="35" HEIGHT="19" WC="0.96" CONTENT="det"/><SP WIDTH="15" VPOS="209" HPOS="210"/>
							<String ID="string_10" HPOS="225" VPOS="209" WIDTH="23" HEIGHT="19" WC="0.93" CONTENT="af"/><SP WIDTH="9" VPOS="209" HPOS="248"/>
							<String ID="string_11" HPOS="257" VPOS="209" WIDTH="162" HEIGHT="20" WC="0.91" CONTENT="Bankutskottet"/><SP WIDTH="12" VPOS="209" HPOS="419"/>
							<String ID="string_12" HPOS="431" VPOS="216" WIDTH="24" HEIGHT="12" WC="0.96" CONTENT="nu"/><SP WIDTH="13" VPOS="216" HPOS="455"/>
							<String ID="string_13" HPOS="468" VPOS="210" WIDTH="119" HEIGHT="26" WC="0.96" CONTENT="granskade"/><SP WIDTH="14" VPOS="210" HPOS="587"/>
							<String ID="string_14" HPOS="601" VPOS="210" WIDTH="78" HEIGHT="26" WC="0.96" CONTENT="förslag"/><SP WIDTH="16" VPOS="210" HPOS="679"/>
							<String ID="string_15" HPOS="695" VPOS="211" WIDTH="31" HEIGHT="19" WC="0.96" CONTENT="till"/><SP WIDTH="16" VPOS="211" HPOS="726"/>
							<String ID="string_16" HPOS="742" VPOS="212" WIDTH="136" HEIGHT="25" WC="0.95" CONTENT="reglemente,"/>
						</TextLine>
						<TextLine ID="line_3" HPOS="132" VPOS="242" WIDTH="748" HEIGHT="29">
							<String ID="string_17" HPOS="132" VPOS="242" WIDTH="64" HEIGHT="20" WC="0.93" CONTENT="under"/><SP WIDTH="15" VPOS="242" HPOS="196"/>
							<String ID="string_18" HPOS="211" VPOS="245" WIDTH="9" HEIGHT="22" WC="0.92" CONTENT="$"/><SP WIDTH="17" VPOS="245" HPOS="220"/>
							<String ID="string_19" HPOS="237" VPOS="244" WIDTH="12" HEIGHT="18" WC="0.96" CONTENT="4"/><SP WIDTH="15" VPOS="244" HPOS="249"/>
							<String ID="string_20" HPOS="264" VPOS="243" WIDTH="65" HEIGHT="19" WC="0.96" CONTENT="infört"/><SP WIDTH="23" VPOS="243" HPOS="329"/>
							<String ID="string_21" HPOS="352" VPOS="245" WIDTH="29" HEIGHT="17" WC="0.96" CONTENT="ett"/><SP WIDTH="15" VPOS="245" HPOS="381"/>
							<String ID="string_22" HPOS="396" VPOS="243" WIDTH="81" HEIGHT="26" WC="0.96" CONTENT="ganska"/><SP WIDTH="22" VPOS="243" HPOS="477"/>
							<String ID="string_23" HPOS="499" VPOS="244" WIDTH="54" HEIGHT="26" WC="0.96" CONTENT="kort,"/><SP WIDTH="24" VPOS="244" HPOS="553"/>
							<String ID="string_24" HPOS="577" VPOS="250" WIDTH="46" HEIGHT="14" WC="0.96" CONTENT="men"/><SP WIDTH="21" VPOS="250" HPOS="623"/>
							<String ID="string_25" HPOS="644" VPOS="245" WIDTH="5" HEIGHT="19" WC="0.95" CONTENT="i"/><SP WIDTH="21" VPOS="245" HPOS="649"/>
							<String ID="string_26" HPOS="670" VPOS="244" WIDTH="69" HEIGHT="20" WC="0.95" CONTENT="stället"/><SP WIDTH="18" VPOS="244" HPOS="739"/>
							<String ID="string_27" HPOS="757" VPOS="245" WIDTH="23" HEIGHT="19" WC="0.96" CONTENT="sä"/><SP WIDTH="16" VPOS="245" HPOS="780"/>
							<String ID="string_28" HPOS="796" VPOS="245" WIDTH="84" HEIGHT="26" WC="0.96" CONTENT="mycket"/>
						</TextLine>
						<TextLine ID="line_4" HPOS="133" VPOS="277" WIDTH="746" HEIGHT="28">
							<String ID="string_29" HPOS="133" VPOS="283" WIDTH="56" HEIGHT="13" WC="0.96" CONTENT="mera"/><SP WIDTH="18" VPOS="283" HPOS="189"/>
							<String ID="string_30" HPOS="207" VPOS="277" WIDTH="110" HEIGHT="25" WC="0.96" CONTENT="bestämdt,"/><SP WIDTH="16" VPOS="277" HPOS="317"/>
							<String ID="string_31" HPOS="333" VPOS="277" WIDTH="134" HEIGHT="20" WC="0.96" CONTENT="förklarande"/><SP WIDTH="13" VPOS="277" HPOS="467"/>
							<String ID="string_32" HPOS="480" VPOS="273" WIDTH="75" HEIGHT="36" WC="0.96" CONTENT="derom,"/><SP WIDTH="10" VPOS="273" HPOS="555"/>
							<String ID="string_33" HPOS="565" VPOS="280" WIDTH="34" HEIGHT="23" WC="0.95" CONTENT="att"/><SP WIDTH="15" VPOS="280" HPOS="599"/>
							<String ID="string_34" HPOS="614" VPOS="278" WIDTH="39" HEIGHT="20" WC="0.95" CONTENT="den"/><SP WIDTH="18" VPOS="278" HPOS="653"/>
							<String ID="string_35" HPOS="671" VPOS="278" WIDTH="123" HEIGHT="27" WC="0.93" CONTENT="befattning,"/><SP WIDTH="15" VPOS="278" HPOS="794"/>
							<String ID="string_36" HPOS="809" VPOS="279" WIDTH="70" HEIGHT="20" WC="0.92" CONTENT="direk-"/>
						</TextLine>
						<TextLine ID="line_5" HPOS="132" VPOS="310" WIDTH="750" HEIGHT="30">
							<String ID="string_37" HPOS="132" VPOS="310" WIDTH="70" HEIGHT="20" WC="0.96" CONTENT="tionen"/><SP WIDTH="21" VPOS="310" HPOS="202"/>
							<String ID="string_38" HPOS="223" VPOS="311" WIDTH="31" HEIGHT="19" WC="0.96" CONTENT="för"/><SP WIDTH="20" VPOS="311" HPOS="254"/>
							<String ID="string_39" HPOS="274" VPOS="311" WIDTH="100" HEIGHT="19" WC="0.95" CONTENT="Finlands"/><SP WIDTH="22" VPOS="311" HPOS="374"/>
							<String ID="string_40" HPOS="396" VPOS="310" WIDTH="54" HEIGHT="20" WC="0.93" CONTENT="bank"/><SP WIDTH="21" VPOS="310" HPOS="450"/>
							<String ID="string_41" HPOS="471" VPOS="312" WIDTH="74" HEIGHT="19" WC="0.92" CONTENT="hittills"/><SP WIDTH="20" VPOS="312" HPOS="545"/>
							<String ID="string_42" HPOS="565" VPOS="312" WIDTH="43" HEIGHT="20" WC="0.96" CONTENT="haft"/><SP WIDTH="17" VPOS="312" HPOS="608"/>
							<String ID="string_43" HPOS="625" VPOS="312" WIDTH="46" HEIGHT="20" WC="0.96" CONTENT="med"/><SP WIDTH="16" VPOS="312" HPOS="671"/>
							<String ID="string_44" HPOS="687" VPOS="312" WIDTH="156" HEIGHT="28" WC="0.96" CONTENT="förvaltningen"/><SP WIDTH="17" VPOS="312" HPOS="843"/>
							<String ID="string_45" HPOS="860" VPOS="314" WIDTH="22" HEIGHT="19" WC="0.96" CONTENT="af"/>
						</TextLine>
						<TextLine ID="line_6" HPOS="132" VPOS="344" WIDTH="748" HEIGHT="29">
							<String ID="string_46" HPOS="132" VPOS="346" WIDTH="59" HEIGHT="22" WC="0.91" CONTENT="stats-"/><SP WIDTH="21" VPOS="346" HPOS="191"/>
							<String ID="string_47" HPOS="212" VPOS="344" WIDTH="39" HEIGHT="20" WC="0.93" CONTENT="och"/><SP WIDTH="21" VPOS="344" HPOS="251"/>
							<String ID="string_48" HPOS="272" VPOS="345" WIDTH="166" HEIGHT="19" WC="0.91" CONTENT="militieverkens"/><SP WIDTH="20" VPOS="345" HPOS="438"/>
							<String ID="string_49" HPOS="458" VPOS="345" WIDTH="81" HEIGHT="26" WC="0.96" CONTENT="fonder,"/><SP WIDTH="16" VPOS="345" HPOS="539"/>
							<String ID="string_50" HPOS="555" VPOS="346" WIDTH="96" HEIGHT="20" WC="0.96" CONTENT="kommer"/><SP WIDTH="16" VPOS="346" HPOS="651"/>
							<String ID="string_51" HPOS="667" VPOS="348" WIDTH="31" HEIGHT="18" WC="0.96" CONTENT="att"/><SP WIDTH="15" VPOS="348" HPOS="698"/>
							<String ID="string_52" HPOS="713" VPOS="347" WIDTH="99" HEIGHT="26" WC="0.93" CONTENT="upphöra."/><SP WIDTH="32" VPOS="347" HPOS="812"/>
							<String ID="string_53" HPOS="844" VPOS="347" WIDTH="36" HEIGHT="19" WC="0.96" CONTENT="Att"/>
						</TextLine>
						<TextLine ID="line_7" HPOS="133" VPOS="378" WIDTH="747" HEIGHT="29">
							<String ID="string_54" HPOS="133" VPOS="378" WIDTH="57" HEIGHT="20" WC="0.84" CONTENT="detta"/><SP WIDTH="23" VPOS="378" HPOS="190"/>
							<String ID="string_55" HPOS="213" VPOS="378" WIDTH="135" HEIGHT="20" WC="0.94" CONTENT="förklarande"/><SP WIDTH="23" VPOS="378" HPOS="348"/>
							<String ID="string_56" HPOS="371" VPOS="379" WIDTH="67" HEIGHT="19" WC="0.93" CONTENT="skulle"/><SP WIDTH="23" VPOS="379" HPOS="438"/>
							<String ID="string_57" HPOS="461" VPOS="380" WIDTH="187" HEIGHT="20" WC="0.91" CONTENT="öfverensstämma"/><SP WIDTH="23" VPOS="380" HPOS="648"/>
							<String ID="string_58" HPOS="671" VPOS="381" WIDTH="47" HEIGHT="19" WC="0.92" CONTENT="med"/><SP WIDTH="17" VPOS="381" HPOS="718"/>
							<String ID="string_59" HPOS="735" VPOS="381" WIDTH="145" HEIGHT="26" WC="0.95" CONTENT="Regeringens"/>
						</TextLine>
						<TextLine ID="line_8" HPOS="132" VPOS="412" WIDTH="747" HEIGHT="29">
							<String ID="string_60" HPOS="132" VPOS="412" WIDTH="80" HEIGHT="20" WC="0.96" CONTENT="önskan"/><SP WIDTH="17" VPOS="412" HPOS="212"/>
							<String ID="string_61" HPOS="229" VPOS="413" WIDTH="39" HEIGHT="19" WC="0.93" CONTENT="och"/><SP WIDTH="16" VPOS="413" HPOS="268"/>
							<String ID="string_62" HPOS="284" VPOS="413" WIDTH="84" HEIGHT="26" WC="0.90" CONTENT="åsigter,"/><SP WIDTH="16" VPOS="413" HPOS="368"/>
							<String ID="string_63" HPOS="384" VPOS="416" WIDTH="22" HEIGHT="16" WC="0.96" CONTENT="är"/><SP WIDTH="16" VPOS="416" HPOS="406"/>
							<String ID="string_64" HPOS="422" VPOS="413" WIDTH="46" HEIGHT="19" WC="0.96" CONTENT="icke"/><SP WIDTH="18" VPOS="413" HPOS="468"/>
							<String ID="string_65" HPOS="486" VPOS="413" WIDTH="78" HEIGHT="20" WC="0.96" CONTENT="bekant"/><SP WIDTH="15" VPOS="413" HPOS="564"/>
							<String ID="string_66" HPOS="579" VPOS="414" WIDTH="52" HEIGHT="20" WC="0.96" CONTENT="eller"/><SP WIDTH="15" VPOS="414" HPOS="631"/>
							<String ID="string_67" HPOS="646" VPOS="414" WIDTH="23" HEIGHT="20" WC="0.95" CONTENT="af"/><SP WIDTH="13" VPOS="414" HPOS="669"/>
							<String ID="string_68" HPOS="682" VPOS="414" WIDTH="130" HEIGHT="26" WC="0.93" CONTENT="fullmäktige"/><SP WIDTH="17" VPOS="414" HPOS="812"/>
							<String ID="string_69" HPOS="829" VPOS="421" WIDTH="50" HEIGHT="20" WC="0.93" CONTENT="upp-"/>
						</TextLine>
						<TextLine ID="line_9" HPOS="131" VPOS="446" WIDTH="749" HEIGHT="28">
							<String ID="string_70" HPOS="131" VPOS="446" WIDTH="72" HEIGHT="27" WC="0.92" CONTENT="gifvet."/><SP WIDTH="32" VPOS="446" HPOS="203"/>
							<String ID="string_71" HPOS="235" VPOS="447" WIDTH="30" HEIGHT="19" WC="0.95" CONTENT="De"/><SP WIDTH="16" VPOS="447" HPOS="265"/>
							<String ID="string_72" HPOS="281" VPOS="447" WIDTH="56" HEIGHT="19" WC="0.96" CONTENT="finna"/><SP WIDTH="15" VPOS="447" HPOS="337"/>
							<String ID="string_73" HPOS="352" VPOS="447" WIDTH="36" HEIGHT="19" WC="0.95" CONTENT="det"/><SP WIDTH="16" VPOS="447" HPOS="388"/>
							<String ID="string_74" HPOS="404" VPOS="454" WIDTH="48" HEIGHT="12" WC="0.95" CONTENT="vara"/><SP WIDTH="15" VPOS="454" HPOS="452"/>
							<String ID="string_75" HPOS="467" VPOS="448" WIDTH="130" HEIGHT="26" WC="0.96" CONTENT="tillräckligt,"/><SP WIDTH="16" VPOS="448" HPOS="597"/>
							<String ID="string_76" HPOS="613" VPOS="448" WIDTH="27" HEIGHT="20" WC="0.96" CONTENT="då"/><SP WIDTH="15" VPOS="448" HPOS="640"/>
							<String ID="string_77" HPOS="655" VPOS="448" WIDTH="25" HEIGHT="20" WC="0.96" CONTENT="de"/><SP WIDTH="20" VPOS="448" HPOS="680"/>
							<String ID="string_78" HPOS="700" VPOS="449" WIDTH="30" HEIGHT="19" WC="0.96" CONTENT="uti"/><SP WIDTH="20" VPOS="449" HPOS="730"/>
							<String ID="string_79" HPOS="750" VPOS="450" WIDTH="26" HEIGHT="18" WC="0.96" CONTENT="de"/><SP WIDTH="16" VPOS="450" HPOS="776"/>
							<String ID="string_80" HPOS="792" VPOS="449" WIDTH="88" HEIGHT="20" WC="0.96" CONTENT="motiver"/>
						</TextLine>
						<TextLine ID="line_10" HPOS="131" VPOS="480" WIDTH="747" HEIGHT="29">
							<String ID="string_81" HPOS="131" VPOS="487" WIDTH="43" HEIGHT="13" WC="0.95" CONTENT="som"/><SP WIDTH="17" VPOS="487" HPOS="174"/>
							<String ID="string_82" HPOS="191" VPOS="480" WIDTH="73" HEIGHT="26" WC="0.92" CONTENT="åtfölja"/><SP WIDTH="16" VPOS="480" HPOS="264"/>
							<String ID="string_83" HPOS="280" VPOS="481" WIDTH="100" HEIGHT="27" WC="0.96" CONTENT="förslaget"/><SP WIDTH="16" VPOS="481" HPOS="380"/>
							<String ID="string_84" HPOS="396" VPOS="481" WIDTH="109" HEIGHT="20" WC="0.95" CONTENT="framhålla"/><SP WIDTH="15" VPOS="481" HPOS="505"/>
							<String ID="string_85" HPOS="520" VPOS="482" WIDTH="31" HEIGHT="19" WC="0.96" CONTENT="sin"/><SP WIDTH="17" VPOS="482" HPOS="551"/>
							<String ID="string_86" HPOS="568" VPOS="482" WIDTH="98" HEIGHT="20" WC="0.92" CONTENT="enskilda"/><SP WIDTH="14" VPOS="482" HPOS="666"/>
							<String ID="string_87" HPOS="680" VPOS="480" WIDTH="149" HEIGHT="29" WC="0.91" CONTENT="öfvertygelse,"/><SP WIDTH="16" VPOS="480" HPOS="829"/>
							<String ID="string_88" HPOS="845" VPOS="489" WIDTH="33" HEIGHT="13" WC="0.96" CONTENT="om"/>
						</TextLine>
						<TextLine ID="line_11" HPOS="132" VPOS="515" WIDTH="744" HEIGHT="27">
							<String ID="string_89" HPOS="132" VPOS="515" WIDTH="160" HEIGHT="26" WC="0.91" CONTENT="separationens"/><SP WIDTH="17" VPOS="515" HPOS="292"/>
							<String ID="string_90" HPOS="309" VPOS="515" WIDTH="129" HEIGHT="26" WC="0.92" CONTENT="behöflighet"/><SP WIDTH="18" VPOS="515" HPOS="438"/>
							<String ID="string_91" HPOS="456" VPOS="516" WIDTH="39" HEIGHT="19" WC="0.96" CONTENT="och"/><SP WIDTH="17" VPOS="516" HPOS="495"/>
							<String ID="string_92" HPOS="512" VPOS="516" WIDTH="25" HEIGHT="19" WC="0.96" CONTENT="de"/><SP WIDTH="18" VPOS="516" HPOS="537"/>
							<String ID="string_93" HPOS="555" VPOS="516" WIDTH="76" HEIGHT="26" WC="0.95" CONTENT="många"/><SP WIDTH="15" VPOS="516" HPOS="631"/>
							<String ID="string_94" HPOS="646" VPOS="516" WIDTH="90" HEIGHT="20" WC="0.95" CONTENT="fördelar"/><SP WIDTH="17" VPOS="516" HPOS="736"/>
							<String ID="string_95" HPOS="753" VPOS="516" WIDTH="82" HEIGHT="20" WC="0.93" CONTENT="banken"/><SP WIDTH="18" VPOS="516" HPOS="835"/>
							<String ID="string_96" HPOS="853" VPOS="528" WIDTH="23" HEIGHT="2" WC="0.80" CONTENT="-—"/>
						</TextLine>
						<TextLine ID="line_12" HPOS="131" VPOS="550" WIDTH="748" HEIGHT="27">
							<String ID="string_97" HPOS="131" VPOS="556" WIDTH="34" HEIGHT="13" WC="0.95" CONTENT="om"/><SP WIDTH="17" VPOS="556" HPOS="165"/>
							<String ID="string_98" HPOS="182" VPOS="550" WIDTH="133" HEIGHT="26" WC="0.95" CONTENT="Regeringen"/><SP WIDTH="25" VPOS="550" HPOS="315"/>
							<String ID="string_99" HPOS="340" VPOS="550" WIDTH="38" HEIGHT="19" WC="0.89" CONTENT="och"/><SP WIDTH="24" VPOS="550" HPOS="378"/>
							<String ID="string_100" HPOS="402" VPOS="550" WIDTH="221" HEIGHT="26" WC="0.89" CONTENT="finansförvaltningen"/><SP WIDTH="23" VPOS="550" HPOS="623"/>
							<String ID="string_101" HPOS="646" VPOS="553" WIDTH="23" HEIGHT="17" WC="0.96" CONTENT="är"/><SP WIDTH="22" VPOS="553" HPOS="669"/>
							<String ID="string_102" HPOS="691" VPOS="550" WIDTH="47" HEIGHT="20" WC="0.96" CONTENT="icke"/><SP WIDTH="18" VPOS="550" HPOS="738"/>
							<String ID="string_103" HPOS="756" VPOS="551" WIDTH="38" HEIGHT="19" WC="0.96" CONTENT="alls"/><SP WIDTH="16" VPOS="551" HPOS="794"/>
							<String ID="string_104" HPOS="810" VPOS="551" WIDTH="69" HEIGHT="26" WC="0.96" CONTENT="någon"/>
						</TextLine>
						<TextLine ID="line_13" HPOS="131" VPOS="583" WIDTH="749" HEIGHT="27">
							<String ID="string_105" HPOS="131" VPOS="584" WIDTH="58" HEIGHT="26" WC="0.93" CONTENT="fråga"/><SP WIDTH="20" VPOS="584" HPOS="189"/>
							<String ID="string_106" HPOS="209" VPOS="595" WIDTH="26" HEIGHT="3" WC="0.92" CONTENT="—"/><SP WIDTH="19" VPOS="595" HPOS="235"/>
							<String ID="string_107" HPOS="254" VPOS="584" WIDTH="122" HEIGHT="26" WC="0.92" CONTENT="derigenom"/><SP WIDTH="23" VPOS="584" HPOS="376"/>
							<String ID="string_108" HPOS="399" VPOS="583" WIDTH="68" HEIGHT="20" WC="0.93" CONTENT="skulle"/><SP WIDTH="22" VPOS="583" HPOS="467"/>
							<String ID="string_109" HPOS="489" VPOS="584" WIDTH="133" HEIGHT="26" WC="0.88" CONTENT="tillskyndas."/><SP WIDTH="31" VPOS="584" HPOS="622"/>
							<String ID="string_110" HPOS="653" VPOS="585" WIDTH="40" HEIGHT="19" WC="0.96" CONTENT="För"/><SP WIDTH="24" VPOS="585" HPOS="693"/>
							<String ID="string_111" HPOS="717" VPOS="585" WIDTH="40" HEIGHT="19" WC="0.96" CONTENT="min"/><SP WIDTH="25" VPOS="585" HPOS="757"/>
							<String ID="string_112" HPOS="782" VPOS="585" WIDTH="32" HEIGHT="19" WC="0.95" CONTENT="del"/><SP WIDTH="23" VPOS="585" HPOS="814"/>
							<String ID="string_113" HPOS="837" VPOS="587" WIDTH="43" HEIGHT="18" WC="0.95" CONTENT="tror"/>
						</TextLine>
						<TextLine ID="line_14" HPOS="129" VPOS="618" WIDTH="750" HEIGHT="27">
							<String ID="string_114" HPOS="129" VPOS="618" WIDTH="36" HEIGHT="26" WC="0.93" CONTENT="jag"/><SP WIDTH="15" VPOS="618" HPOS="165"/>
							<String ID="string_115" HPOS="180" VPOS="618" WIDTH="116" HEIGHT="19" WC="0.92" CONTENT="emellertid"/><SP WIDTH="18" VPOS="618" HPOS="296"/>
							<String ID="string_116" HPOS="314" VPOS="619" WIDTH="29" HEIGHT="18" WC="0.96" CONTENT="att"/><SP WIDTH="17" VPOS="619" HPOS="343"/>
							<String ID="string_117" HPOS="360" VPOS="624" WIDTH="46" HEIGHT="13" WC="0.91" CONTENT="man"/><SP WIDTH="17" VPOS="624" HPOS="406"/>
							<String ID="string_118" HPOS="423" VPOS="618" WIDTH="68" HEIGHT="19" WC="0.91" CONTENT="alltför"/><SP WIDTH="17" VPOS="618" HPOS="491"/>
							<String ID="string_119" HPOS="508" VPOS="618" WIDTH="51" HEIGHT="26" WC="0.92" CONTENT="högt"/><SP WIDTH="16" VPOS="618" HPOS="559"/>
							<String ID="string_120" HPOS="575" VPOS="618" WIDTH="119" HEIGHT="26" WC="0.92" CONTENT="uppskattat"/><SP WIDTH="15" VPOS="618" HPOS="694"/>
							<String ID="string_121" HPOS="709" VPOS="619" WIDTH="64" HEIGHT="26" WC="0.92" CONTENT="sagde"/><SP WIDTH="15" VPOS="619" HPOS="773"/>
							<String ID="string_122" HPOS="788" VPOS="618" WIDTH="91" HEIGHT="20" WC="0.91" CONTENT="fördelar"/>
						</TextLine>
						<TextLine ID="line_15" HPOS="130" VPOS="652" WIDTH="747" HEIGHT="27">
							<String ID="string_123" HPOS="130" VPOS="654" WIDTH="53" HEIGHT="17" WC="0.95" CONTENT="samt"/><SP WIDTH="24" VPOS="654" HPOS="183"/>
							<String ID="string_124" HPOS="207" VPOS="654" WIDTH="29" HEIGHT="17" WC="0.95" CONTENT="att"/><SP WIDTH="16" VPOS="654" HPOS="236"/>
							<String ID="string_125" HPOS="252" VPOS="652" WIDTH="25" HEIGHT="19" WC="0.93" CONTENT="de"/><SP WIDTH="18" VPOS="652" HPOS="277"/>
							<String ID="string_126" HPOS="295" VPOS="652" WIDTH="145" HEIGHT="26" WC="0.91" CONTENT="fullkomligen"/><SP WIDTH="25" VPOS="652" HPOS="440"/>
							<String ID="string_127" HPOS="465" VPOS="654" WIDTH="108" HEIGHT="24" WC="0.91" CONTENT="motvägas"/><SP WIDTH="16" VPOS="654" HPOS="573"/>
							<String ID="string_128" HPOS="589" VPOS="652" WIDTH="22" HEIGHT="20" WC="0.96" CONTENT="af"/><SP WIDTH="21" VPOS="652" HPOS="611"/>
							<String ID="string_129" HPOS="632" VPOS="652" WIDTH="26" HEIGHT="20" WC="0.93" CONTENT="de"/><SP WIDTH="16" VPOS="652" HPOS="658"/>
							<String ID="string_130" HPOS="674" VPOS="652" WIDTH="143" HEIGHT="27" WC="0.91" CONTENT="olägenheter,"/><SP WIDTH="16" VPOS="652" HPOS="817"/>
							<String ID="string_131" HPOS="833" VPOS="659" WIDTH="44" HEIGHT="13" WC="0.96" CONTENT="som"/>
						</TextLine>
						<TextLine ID="line_16" HPOS="130" VPOS="686" WIDTH="748" HEIGHT="26">
							<String ID="string_132" HPOS="130" VPOS="692" WIDTH="75" HEIGHT="20" WC="0.93" CONTENT="genom"/><SP WIDTH="12" VPOS="692" HPOS="205"/>
							<String ID="string_133" HPOS="217" VPOS="686" WIDTH="136" HEIGHT="26" WC="0.92" CONTENT="afskiljandet"/><SP WIDTH="11" VPOS="686" HPOS="353"/>
							<String ID="string_134" HPOS="364" VPOS="686" WIDTH="83" HEIGHT="20" WC="0.92" CONTENT="komme"/><SP WIDTH="9" VPOS="686" HPOS="447"/>
							<String ID="string_135" HPOS="456" VPOS="688" WIDTH="30" HEIGHT="18" WC="0.93" CONTENT="att"/><SP WIDTH="9" VPOS="688" HPOS="486"/>
							<String ID="string_136" HPOS="495" VPOS="686" WIDTH="74" HEIGHT="26" WC="0.87" CONTENT="uppstä"/><SP WIDTH="9" VPOS="686" HPOS="569"/>
							<String ID="string_137" HPOS="578" VPOS="686" WIDTH="31" HEIGHT="20" WC="0.93" CONTENT="för"/><SP WIDTH="8" VPOS="686" HPOS="609"/>
							<String ID="string_138" HPOS="617" VPOS="687" WIDTH="127" HEIGHT="19" WC="0.93" CONTENT="statsverket"/><SP WIDTH="11" VPOS="687" HPOS="744"/>
							<String ID="string_139" HPOS="755" VPOS="686" WIDTH="38" HEIGHT="20" WC="0.93" CONTENT="och"/><SP WIDTH="10" VPOS="686" HPOS="793"/>
							<String ID="string_140" HPOS="803" VPOS="686" WIDTH="75" HEIGHT="20" WC="0.92" CONTENT="finans-"/>
						</TextLine>
						<TextLine ID="line_17" HPOS="131" VPOS="720" WIDTH="747" HEIGHT="27">
							<String ID="string_141" HPOS="131" VPOS="720" WIDTH="162" HEIGHT="27" WC="0.91" CONTENT="förvaltningen."/><SP WIDTH="32" VPOS="720" HPOS="293"/>
							<String ID="string_142" HPOS="325" VPOS="720" WIDTH="93" HEIGHT="20" WC="0.93" CONTENT="Emedan"/><SP WIDTH="15" VPOS="720" HPOS="418"/>
							<String ID="string_143" HPOS="433" VPOS="720" WIDTH="164" HEIGHT="20" WC="0.92" CONTENT="Bankutskottet"/><SP WIDTH="18" VPOS="720" HPOS="597"/>
							<String ID="string_144" HPOS="615" VPOS="720" WIDTH="79" HEIGHT="26" WC="0.92" CONTENT="jemväl"/><SP WIDTH="16" VPOS="720" HPOS="694"/>
							<String ID="string_145" HPOS="710" VPOS="721" WIDTH="5" HEIGHT="19" WC="0.93" CONTENT="i"/><SP WIDTH="18" VPOS="721" HPOS="715"/>
							<String ID="string_146" HPOS="733" VPOS="720" WIDTH="145" HEIGHT="20" WC="0.91" CONTENT="hufvudsaken"/>
						</TextLine>
						<TextLine ID="line_18" HPOS="131" VPOS="754" WIDTH="749" HEIGHT="27">
							<String ID="string_147" HPOS="131" VPOS="755" WIDTH="60" HEIGHT="25" WC="0.91" CONTENT="gillat"/><SP WIDTH="19" VPOS="755" HPOS="191"/>
							<String ID="string_148" HPOS="210" VPOS="754" WIDTH="142" HEIGHT="26" WC="0.91" CONTENT="fullmäktiges"/><SP WIDTH="19" VPOS="754" HPOS="352"/>
							<String ID="string_149" HPOS="371" VPOS="754" WIDTH="119" HEIGHT="20" WC="0.96" CONTENT="förfarande"/><SP WIDTH="16" VPOS="754" HPOS="490"/>
							<String ID="string_150" HPOS="506" VPOS="755" WIDTH="39" HEIGHT="19" WC="0.93" CONTENT="och"/><SP WIDTH="16" VPOS="755" HPOS="545"/>
							<String ID="string_151" HPOS="561" VPOS="756" WIDTH="69" HEIGHT="18" WC="0.92" CONTENT="ansett"/><SP WIDTH="16" VPOS="756" HPOS="630"/>
							<String ID="string_152" HPOS="646" VPOS="755" WIDTH="124" HEIGHT="26" WC="0.92" CONTENT="stadgandet"/><SP WIDTH="15" VPOS="755" HPOS="770"/>
							<String ID="string_153" HPOS="785" VPOS="754" WIDTH="95" HEIGHT="26" WC="0.92" CONTENT="opätaldt"/>
						</TextLine>
						<TextLine ID="line_19" HPOS="131" VPOS="788" WIDTH="747" HEIGHT="27">
							<String ID="string_154" HPOS="131" VPOS="788" WIDTH="71" HEIGHT="20" WC="0.96" CONTENT="kunna"/><SP WIDTH="21" VPOS="788" HPOS="202"/>
							<String ID="string_155" HPOS="223" VPOS="788" WIDTH="46" HEIGHT="20" WC="0.96" CONTENT="med"/><SP WIDTH="20" VPOS="788" HPOS="269"/>
							<String ID="string_156" HPOS="289" VPOS="790" WIDTH="29" HEIGHT="18" WC="0.96" CONTENT="ett"/><SP WIDTH="20" VPOS="790" HPOS="318"/>
							<String ID="string_157" HPOS="338" VPOS="788" WIDTH="45" HEIGHT="20" WC="0.93" CONTENT="litet"/><SP WIDTH="20" VPOS="788" HPOS="383"/>
							<String ID="string_158" HPOS="403" VPOS="788" WIDTH="73" HEIGHT="26" WC="0.91" CONTENT="tillägg"/><SP WIDTH="19" VPOS="788" HPOS="476"/>
							<String ID="string_159" HPOS="495" VPOS="789" WIDTH="6" HEIGHT="19" WC="0.93" CONTENT="i"/><SP WIDTH="20" VPOS="789" HPOS="501"/>
							<String ID="string_160" HPOS="521" VPOS="789" WIDTH="140" HEIGHT="26" WC="0.92" CONTENT="reglementet"/><SP WIDTH="15" VPOS="789" HPOS="661"/>
							<String ID="string_161" HPOS="676" VPOS="788" WIDTH="90" HEIGHT="26" WC="0.91" CONTENT="gvarstä,"/><SP WIDTH="16" VPOS="788" HPOS="766"/>
							<String ID="string_162" HPOS="782" VPOS="794" WIDTH="46" HEIGHT="14" WC="0.96" CONTENT="men"/><SP WIDTH="13" VPOS="794" HPOS="828"/>
							<String ID="string_163" HPOS="841" VPOS="789" WIDTH="37" HEIGHT="25" WC="0.96" CONTENT="jag"/>
						</TextLine>
						<TextLine ID="line_20" HPOS="131" VPOS="822" WIDTH="748" HEIGHT="26">
							<String ID="string_164" HPOS="131" VPOS="823" WIDTH="30" HEIGHT="18" WC="0.96" CONTENT="för"/><SP WIDTH="11" VPOS="823" HPOS="161"/>
							<String ID="string_165" HPOS="172" VPOS="822" WIDTH="41" HEIGHT="19" WC="0.96" CONTENT="min"/><SP WIDTH="13" VPOS="822" HPOS="213"/>
							<String ID="string_166" HPOS="226" VPOS="822" WIDTH="33" HEIGHT="19" WC="0.93" CONTENT="del"/><SP WIDTH="17" VPOS="822" HPOS="259"/>
							<String ID="string_167" HPOS="276" VPOS="822" WIDTH="62" HEIGHT="25" WC="0.93" CONTENT="hyser"/><SP WIDTH="16" VPOS="822" HPOS="338"/>
							<String ID="string_168" HPOS="354" VPOS="822" WIDTH="147" HEIGHT="19" WC="0.92" CONTENT="allvarsamma"/><SP WIDTH="17" VPOS="822" HPOS="501"/>
							<String ID="string_169" HPOS="518" VPOS="822" WIDTH="169" HEIGHT="26" WC="0.92" CONTENT="betänkligheter"/><SP WIDTH="16" VPOS="822" HPOS="687"/>
							<String ID="string_170" HPOS="703" VPOS="822" WIDTH="54" HEIGHT="20" WC="0.93" CONTENT="bäde"/><SP WIDTH="15" VPOS="822" HPOS="757"/>
							<String ID="string_171" HPOS="772" VPOS="825" WIDTH="56" HEIGHT="16" WC="0.96" CONTENT="emot"/><SP WIDTH="15" VPOS="825" HPOS="828"/>
							<String ID="string_172" HPOS="843" VPOS="822" WIDTH="36" HEIGHT="19" WC="0.96" CONTENT="det"/>
						</TextLine>
						<TextLine ID="line_21" HPOS="131" VPOS="855" WIDTH="748" HEIGHT="27">
							<String ID="string_173" HPOS="131" VPOS="856" WIDTH="108" HEIGHT="26" WC="0.92" CONTENT="päyrkade"/><SP WIDTH="14" VPOS="856" HPOS="239"/>
							<String ID="string_174" HPOS="253" VPOS="855" WIDTH="136" HEIGHT="26" WC="0.91" CONTENT="afskiljandet"/><SP WIDTH="15" VPOS="855" HPOS="389"/>
							<String ID="string_175" HPOS="404" VPOS="856" WIDTH="39" HEIGHT="19" WC="0.96" CONTENT="och"/><SP WIDTH="16" VPOS="856" HPOS="443"/>
							<String ID="string_176" HPOS="459" VPOS="856" WIDTH="36" HEIGHT="19" WC="0.96" CONTENT="det"/><SP WIDTH="14" VPOS="856" HPOS="495"/>
							<String ID="string_177" HPOS="509" VPOS="858" WIDTH="42" HEIGHT="17" WC="0.96" CONTENT="sätt"/><SP WIDTH="15" VPOS="858" HPOS="551"/>
							<String ID="string_178" HPOS="566" VPOS="863" WIDTH="47" HEIGHT="12" WC="0.93" CONTENT="man"/><SP WIDTH="17" VPOS="863" HPOS="613"/>
							<String ID="string_179" HPOS="630" VPOS="856" WIDTH="42" HEIGHT="19" WC="0.93" CONTENT="valt"/><SP WIDTH="15" VPOS="856" HPOS="672"/>
							<String ID="string_180" HPOS="687" VPOS="856" WIDTH="32" HEIGHT="19" WC="0.96" CONTENT="för"/><SP WIDTH="15" VPOS="856" HPOS="719"/>
							<String ID="string_181" HPOS="734" VPOS="858" WIDTH="31" HEIGHT="17" WC="0.93" CONTENT="att"/><SP WIDTH="15" VPOS="858" HPOS="765"/>
							<String ID="string_182" HPOS="780" VPOS="855" WIDTH="99" HEIGHT="20" WC="0.92" CONTENT="förskaffa"/>
						</TextLine>
						<TextLine ID="line_22" HPOS="131" VPOS="889" WIDTH="747" HEIGHT="28">
							<String ID="string_183" HPOS="131" VPOS="890" WIDTH="125" HEIGHT="27" WC="0.89" CONTENT="stadgandet"/><SP WIDTH="18" VPOS="890" HPOS="256"/>
							<String ID="string_184" HPOS="274" VPOS="890" WIDTH="74" HEIGHT="19" WC="0.91" CONTENT="härom"/><SP WIDTH="18" VPOS="890" HPOS="348"/>
							<String ID="string_185" HPOS="366" VPOS="889" WIDTH="99" HEIGHT="27" WC="0.96" CONTENT="gällande"/><SP WIDTH="21" VPOS="889" HPOS="465"/>
							<String ID="string_186" HPOS="486" VPOS="889" WIDTH="61" HEIGHT="26" WC="0.96" CONTENT="kraft,"/><SP WIDTH="21" VPOS="889" HPOS="547"/>
							<String ID="string_187" HPOS="568" VPOS="892" WIDTH="52" HEIGHT="17" WC="0.96" CONTENT="samt"/><SP WIDTH="17" VPOS="892" HPOS="620"/>
							<String ID="string_188" HPOS="637" VPOS="891" WIDTH="37" HEIGHT="25" WC="0.93" CONTENT="jag"/><SP WIDTH="20" VPOS="891" HPOS="674"/>
							<String ID="string_189" HPOS="694" VPOS="889" WIDTH="46" HEIGHT="20" WC="0.89" CONTENT="icke"/><SP WIDTH="16" VPOS="889" HPOS="740"/>
							<String ID="string_190" HPOS="756" VPOS="889" WIDTH="66" HEIGHT="20" WC="0.96" CONTENT="heller"/><SP WIDTH="16" VPOS="889" HPOS="822"/>
							<String ID="string_191" HPOS="838" VPOS="889" WIDTH="40" HEIGHT="20" WC="0.97" CONTENT="kan"/>
						</TextLine>
						<TextLine ID="line_23" HPOS="131" VPOS="923" WIDTH="748" HEIGHT="27">
							<String ID="string_192" HPOS="131" VPOS="926" WIDTH="38" HEIGHT="24" WC="0.95" CONTENT="tro,"/><SP WIDTH="16" VPOS="926" HPOS="169"/>
							<String ID="string_193" HPOS="185" VPOS="926" WIDTH="30" HEIGHT="17" WC="0.92" CONTENT="att"/><SP WIDTH="22" VPOS="926" HPOS="215"/>
							<String ID="string_194" HPOS="237" VPOS="923" WIDTH="101" HEIGHT="27" WC="0.96" CONTENT="förslaget"/><SP WIDTH="19" VPOS="923" HPOS="338"/>
							<String ID="string_195" HPOS="357" VPOS="924" WIDTH="6" HEIGHT="19" WC="0.95" CONTENT="i"/><SP WIDTH="19" VPOS="924" HPOS="363"/>
							<String ID="string_196" HPOS="382" VPOS="923" WIDTH="69" HEIGHT="20" WC="0.96" CONTENT="denna"/><SP WIDTH="20" VPOS="923" HPOS="451"/>
							<String ID="string_197" HPOS="471" VPOS="924" WIDTH="33" HEIGHT="19" WC="0.96" CONTENT="del"/><SP WIDTH="25" VPOS="924" HPOS="504"/>
							<String ID="string_198" HPOS="529" VPOS="923" WIDTH="96" HEIGHT="20" WC="0.69" CONTENT="kommer"/><SP WIDTH="15" VPOS="923" HPOS="625"/>
							<String ID="string_199" HPOS="640" VPOS="924" WIDTH="12" HEIGHT="19" WC="0.90" CONTENT="å"/><SP WIDTH="16" VPOS="924" HPOS="652"/>
							<String ID="string_200" HPOS="668" VPOS="924" WIDTH="74" HEIGHT="26" WC="0.96" CONTENT="högsta"/><SP WIDTH="22" VPOS="924" HPOS="742"/>
							<String ID="string_201" HPOS="764" VPOS="925" WIDTH="33" HEIGHT="18" WC="0.96" CONTENT="ort"/><SP WIDTH="14" VPOS="925" HPOS="797"/>
							<String ID="string_202" HPOS="811" VPOS="925" WIDTH="30" HEIGHT="18" WC="0.96" CONTENT="att"/><SP WIDTH="15" VPOS="925" HPOS="841"/>
							<String ID="string_203" HPOS="856" VPOS="923" WIDTH="23" HEIGHT="20" WC="0.97" CONTENT="sä"/>
						</TextLine>
						<TextLine ID="line_24" HPOS="132" VPOS="957" WIDTH="746" HEIGHT="27">
							<String ID="string_204" HPOS="132" VPOS="960" WIDTH="47" HEIGHT="17" WC="0.96" CONTENT="utan"/><SP WIDTH="22" VPOS="960" HPOS="179"/>
							<String ID="string_205" HPOS="201" VPOS="958" WIDTH="37" HEIGHT="19" WC="0.95" CONTENT="allt"/><SP WIDTH="18" VPOS="958" HPOS="238"/>
							<String ID="string_206" HPOS="256" VPOS="957" WIDTH="73" HEIGHT="20" WC="0.93" CONTENT="vidare"/><SP WIDTH="21" VPOS="957" HPOS="329"/>
							<String ID="string_207" HPOS="350" VPOS="957" WIDTH="133" HEIGHT="20" WC="0.92" CONTENT="betänkande"/><SP WIDTH="16" VPOS="957" HPOS="483"/>
							<String ID="string_208" HPOS="499" VPOS="957" WIDTH="131" HEIGHT="27" WC="0.91" CONTENT="godkännas,"/><SP WIDTH="16" VPOS="957" HPOS="630"/>
							<String ID="string_209" HPOS="646" VPOS="957" WIDTH="67" HEIGHT="20" WC="0.92" CONTENT="finner"/><SP WIDTH="13" VPOS="957" HPOS="713"/>
							<String ID="string_210" HPOS="726" VPOS="958" WIDTH="36" HEIGHT="26" WC="0.96" CONTENT="jag"/><SP WIDTH="16" VPOS="958" HPOS="762"/>
							<String ID="string_211" HPOS="778" VPOS="957" WIDTH="42" HEIGHT="26" WC="0.93" CONTENT="mig"/><SP WIDTH="17" VPOS="957" HPOS="820"/>
							<String ID="string_212" HPOS="837" VPOS="963" WIDTH="41" HEIGHT="13" WC="0.92" CONTENT="ma-"/>
						</TextLine>
						<TextLine ID="line_25" HPOS="132" VPOS="990" WIDTH="746" HEIGHT="28">
							<String ID="string_213" HPOS="132" VPOS="992" WIDTH="39" HEIGHT="20" WC="0.96" CONTENT="nad"/><SP WIDTH="14" VPOS="992" HPOS="171"/>
							<String ID="string_214" HPOS="185" VPOS="994" WIDTH="31" HEIGHT="17" WC="0.96" CONTENT="att"/><SP WIDTH="15" VPOS="994" HPOS="216"/>
							<String ID="string_215" HPOS="231" VPOS="994" WIDTH="57" HEIGHT="17" WC="0.92" CONTENT="emot"/><SP WIDTH="16" VPOS="994" HPOS="288"/>
							<String ID="string_216" HPOS="304" VPOS="992" WIDTH="111" HEIGHT="19" WC="0.92" CONTENT="utskottets"/><SP WIDTH="16" VPOS="992" HPOS="415"/>
							<String ID="string_217" HPOS="431" VPOS="991" WIDTH="126" HEIGHT="27" WC="0.83" CONTENT="tillgörande"/><SP WIDTH="16" VPOS="991" HPOS="557"/>
							<String ID="string_218" HPOS="573" VPOS="991" WIDTH="128" HEIGHT="20" WC="0.91" CONTENT="härmedelst"/><SP WIDTH="15" VPOS="991" HPOS="701"/>
							<String ID="string_219" HPOS="716" VPOS="991" WIDTH="105" HEIGHT="26" WC="0.95" CONTENT="nedlägga"/><SP WIDTH="16" VPOS="991" HPOS="821"/>
							<String ID="string_220" HPOS="837" VPOS="990" WIDTH="41" HEIGHT="20" WC="0.96" CONTENT="min"/>
						</TextLine>
						<TextLine ID="line_26" HPOS="131" VPOS="1027" WIDTH="136" HEIGHT="20">
							<String ID="string_221" HPOS="131" VPOS="1027" WIDTH="136" HEIGHT="20" WC="0.96" CONTENT="reservation."/>
						</TextLine>
					</TextBlock>
					<TextBlock ID="block_2" HPOS="129" VPOS="1059" WIDTH="752" HEIGHT="402">
						<TextLine ID="line_27" HPOS="199" VPOS="1059" WIDTH="680" HEIGHT="27">
							<String ID="string_222" HPOS="199" VPOS="1061" WIDTH="41" HEIGHT="19" WC="0.96" CONTENT="Det"/><SP WIDTH="15" VPOS="1061" HPOS="240"/>
							<String ID="string_223" HPOS="255" VPOS="1063" WIDTH="23" HEIGHT="16" WC="0.96" CONTENT="är"/><SP WIDTH="16" VPOS="1063" HPOS="278"/>
							<String ID="string_224" HPOS="294" VPOS="1060" WIDTH="82" HEIGHT="26" WC="0.95" CONTENT="möjligt"/><SP WIDTH="18" VPOS="1060" HPOS="376"/>
							<String ID="string_225" HPOS="394" VPOS="1062" WIDTH="30" HEIGHT="17" WC="0.96" CONTENT="att"/><SP WIDTH="17" VPOS="1062" HPOS="424"/>
							<String ID="string_226" HPOS="441" VPOS="1060" WIDTH="37" HEIGHT="26" WC="0.96" CONTENT="jag"/><SP WIDTH="16" VPOS="1060" HPOS="478"/>
							<String ID="string_227" HPOS="494" VPOS="1060" WIDTH="6" HEIGHT="19" WC="0.96" CONTENT="i"/><SP WIDTH="16" VPOS="1060" HPOS="500"/>
							<String ID="string_228" HPOS="516" VPOS="1059" WIDTH="70" HEIGHT="20" WC="0.96" CONTENT="denna"/><SP WIDTH="16" VPOS="1059" HPOS="586"/>
							<String ID="string_229" HPOS="602" VPOS="1059" WIDTH="37" HEIGHT="20" WC="0.93" CONTENT="sak"/><SP WIDTH="18" VPOS="1059" HPOS="639"/>
							<String ID="string_230" HPOS="657" VPOS="1060" WIDTH="109" HEIGHT="26" WC="0.91" CONTENT="misstager"/><SP WIDTH="16" VPOS="1060" HPOS="766"/>
							<String ID="string_231" HPOS="782" VPOS="1060" WIDTH="43" HEIGHT="26" WC="0.96" CONTENT="mig"/><SP WIDTH="15" VPOS="1060" HPOS="825"/>
							<String ID="string_232" HPOS="840" VPOS="1060" WIDTH="39" HEIGHT="19" WC="0.97" CONTENT="och"/>
						</TextLine>
						<TextLine ID="line_28" HPOS="131" VPOS="1094" WIDTH="749" HEIGHT="27">
							<String ID="string_233" HPOS="131" VPOS="1095" WIDTH="68" HEIGHT="26" WC="0.96" CONTENT="hyllar"/><SP WIDTH="11" VPOS="1095" HPOS="199"/>
							<String ID="string_234" HPOS="210" VPOS="1101" WIDTH="25" HEIGHT="12" WC="0.93" CONTENT="en"/><SP WIDTH="13" VPOS="1101" HPOS="235"/>
							<String ID="string_235" HPOS="248" VPOS="1095" WIDTH="78" HEIGHT="25" WC="0.93" CONTENT="oriktig"/><SP WIDTH="12" VPOS="1095" HPOS="326"/>
							<String ID="string_236" HPOS="338" VPOS="1094" WIDTH="61" HEIGHT="26" WC="0.92" CONTENT="äsigt,"/><SP WIDTH="12" VPOS="1094" HPOS="399"/>
							<String ID="string_237" HPOS="411" VPOS="1101" WIDTH="46" HEIGHT="12" WC="0.93" CONTENT="men"/><SP WIDTH="16" VPOS="1101" HPOS="457"/>
							<String ID="string_238" HPOS="473" VPOS="1094" WIDTH="117" HEIGHT="26" WC="0.92" CONTENT="aktningen"/><SP WIDTH="12" VPOS="1094" HPOS="590"/>
							<String ID="string_239" HPOS="602" VPOS="1094" WIDTH="32" HEIGHT="19" WC="0.96" CONTENT="för"/><SP WIDTH="15" VPOS="1094" HPOS="634"/>
							<String ID="string_240" HPOS="649" VPOS="1094" WIDTH="40" HEIGHT="19" WC="0.96" CONTENT="den"/><SP WIDTH="17" VPOS="1094" HPOS="689"/>
							<String ID="string_241" HPOS="706" VPOS="1094" WIDTH="54" HEIGHT="25" WC="0.96" CONTENT="plats"/><SP WIDTH="12" VPOS="1094" HPOS="760"/>
							<String ID="string_242" HPOS="772" VPOS="1095" WIDTH="37" HEIGHT="24" WC="0.92" CONTENT="jag"/><SP WIDTH="15" VPOS="1095" HPOS="809"/>
							<String ID="string_243" HPOS="824" VPOS="1094" WIDTH="56" HEIGHT="19" WC="0.96" CONTENT="förut"/>
						</TextLine>
						<TextLine ID="line_29" HPOS="131" VPOS="1128" WIDTH="748" HEIGHT="27">
							<String ID="string_244" HPOS="131" VPOS="1129" WIDTH="109" HEIGHT="19" WC="0.71" CONTENT="haft-äran"/><SP WIDTH="22" VPOS="1129" HPOS="240"/>
							<String ID="string_245" HPOS="262" VPOS="1128" WIDTH="91" HEIGHT="20" WC="0.90" CONTENT="bekläda"/><SP WIDTH="20" VPOS="1128" HPOS="353"/>
							<String ID="string_246" HPOS="373" VPOS="1128" WIDTH="80" HEIGHT="19" WC="0.96" CONTENT="fordrar"/><SP WIDTH="20" VPOS="1128" HPOS="453"/>
							<String ID="string_247" HPOS="473" VPOS="1128" WIDTH="24" HEIGHT="19" WC="0.96" CONTENT="af"/><SP WIDTH="17" VPOS="1128" HPOS="497"/>
							<String ID="string_248" HPOS="514" VPOS="1129" WIDTH="49" HEIGHT="26" WC="0.96" CONTENT="mig,"/><SP WIDTH="16" VPOS="1129" HPOS="563"/>
							<String ID="string_249" HPOS="579" VPOS="1130" WIDTH="30" HEIGHT="18" WC="0.93" CONTENT="att"/><SP WIDTH="13" VPOS="1130" HPOS="609"/>
							<String ID="string_250" HPOS="622" VPOS="1128" WIDTH="78" HEIGHT="26" WC="0.91" CONTENT="jemväl"/><SP WIDTH="17" VPOS="1128" HPOS="700"/>
							<String ID="string_251" HPOS="717" VPOS="1128" WIDTH="34" HEIGHT="19" WC="0.97" CONTENT="vid"/><SP WIDTH="17" VPOS="1128" HPOS="751"/>
							<String ID="string_252" HPOS="768" VPOS="1128" WIDTH="56" HEIGHT="19" WC="0.93" CONTENT="detta"/><SP WIDTH="15" VPOS="1128" HPOS="824"/>
							<String ID="string_253" HPOS="839" VPOS="1128" WIDTH="40" HEIGHT="19" WC="0.87" CONTENT="till-"/>
						</TextLine>
						<TextLine ID="line_30" HPOS="130" VPOS="1162" WIDTH="750" HEIGHT="27">
							<String ID="string_254" HPOS="130" VPOS="1163" WIDTH="48" HEIGHT="19" WC="0.93" CONTENT="fälle"/><SP WIDTH="20" VPOS="1163" HPOS="178"/>
							<String ID="string_255" HPOS="198" VPOS="1164" WIDTH="64" HEIGHT="24" WC="0.93" CONTENT="öppet"/><SP WIDTH="18" VPOS="1164" HPOS="262"/>
							<String ID="string_256" HPOS="280" VPOS="1162" WIDTH="65" HEIGHT="19" WC="0.91" CONTENT="uttala"/><SP WIDTH="19" VPOS="1162" HPOS="345"/>
							<String ID="string_257" HPOS="364" VPOS="1162" WIDTH="41" HEIGHT="19" WC="0.96" CONTENT="min"/><SP WIDTH="22" VPOS="1162" HPOS="405"/>
							<String ID="string_258" HPOS="427" VPOS="1162" WIDTH="91" HEIGHT="27" WC="0.93" CONTENT="mening,"/><SP WIDTH="21" VPOS="1162" HPOS="518"/>
							<String ID="string_259" HPOS="539" VPOS="1162" WIDTH="85" HEIGHT="19" WC="0.92" CONTENT="hvilken"/><SP WIDTH="21" VPOS="1162" HPOS="624"/>
							<String ID="string_260" HPOS="645" VPOS="1162" WIDTH="44" HEIGHT="19" WC="0.91" CONTENT="äter"/><SP WIDTH="15" VPOS="1162" HPOS="689"/>
							<String ID="string_261" HPOS="704" VPOS="1164" WIDTH="32" HEIGHT="17" WC="0.96" CONTENT="är:"/><SP WIDTH="21" VPOS="1164" HPOS="736"/>
							<String ID="string_262" HPOS="757" VPOS="1163" WIDTH="30" HEIGHT="18" WC="0.96" CONTENT="att"/><SP WIDTH="14" VPOS="1163" HPOS="787"/>
							<String ID="string_263" HPOS="801" VPOS="1163" WIDTH="79" HEIGHT="18" WC="0.96" CONTENT="statens"/>
						</TextLine>
						<TextLine ID="line_31" HPOS="129" VPOS="1195" WIDTH="749" HEIGHT="27">
							<String ID="string_264" HPOS="129" VPOS="1197" WIDTH="39" HEIGHT="20" WC="0.91" CONTENT="och"/><SP WIDTH="21" VPOS="1197" HPOS="168"/>
							<String ID="string_265" HPOS="189" VPOS="1196" WIDTH="236" HEIGHT="26" WC="0.90" CONTENT="finansförvaltningens"/><SP WIDTH="20" VPOS="1196" HPOS="425"/>
							<String ID="string_266" HPOS="445" VPOS="1196" WIDTH="118" HEIGHT="26" WC="0.91" CONTENT="fordringar"/><SP WIDTH="21" VPOS="1196" HPOS="563"/>
							<String ID="string_267" HPOS="584" VPOS="1196" WIDTH="51" HEIGHT="19" WC="0.93" CONTENT="böra"/><SP WIDTH="15" VPOS="1196" HPOS="635"/>
							<String ID="string_268" HPOS="650" VPOS="1195" WIDTH="72" HEIGHT="20" WC="0.91" CONTENT="ställas"/><SP WIDTH="16" VPOS="1195" HPOS="722"/>
							<String ID="string_269" HPOS="738" VPOS="1195" WIDTH="85" HEIGHT="20" WC="0.90" CONTENT=".framför"/><SP WIDTH="15" VPOS="1195" HPOS="823"/>
							<String ID="string_270" HPOS="838" VPOS="1196" WIDTH="40" HEIGHT="19" WC="0.96" CONTENT="och"/>
						</TextLine>
						<TextLine ID="line_32" HPOS="131" VPOS="1229" WIDTH="748" HEIGHT="28">
							<String ID="string_271" HPOS="131" VPOS="1234" WIDTH="35" HEIGHT="17" WC="0.93" CONTENT="äro"/><SP WIDTH="21" VPOS="1234" HPOS="166"/>
							<String ID="string_272" HPOS="187" VPOS="1231" WIDTH="103" HEIGHT="26" WC="0.86" CONTENT="vigtigare"/><SP WIDTH="20" VPOS="1231" HPOS="290"/>
							<String ID="string_273" HPOS="310" VPOS="1233" WIDTH="26" HEIGHT="16" WC="0.93" CONTENT="än"/><SP WIDTH="22" VPOS="1233" HPOS="336"/>
							<String ID="string_274" HPOS="358" VPOS="1230" WIDTH="95" HEIGHT="19" WC="0.96" CONTENT="bankens"/><SP WIDTH="20" VPOS="1230" HPOS="453"/>
							<String ID="string_275" HPOS="473" VPOS="1230" WIDTH="98" HEIGHT="19" WC="0.93" CONTENT="enskilda"/><SP WIDTH="19" VPOS="1230" HPOS="571"/>
							<String ID="string_276" HPOS="590" VPOS="1229" WIDTH="73" HEIGHT="26" WC="0.96" CONTENT="fördel,"/><SP WIDTH="16" VPOS="1229" HPOS="663"/>
							<String ID="string_277" HPOS="679" VPOS="1231" WIDTH="54" HEIGHT="18" WC="0.96" CONTENT="samt"/><SP WIDTH="16" VPOS="1231" HPOS="733"/>
							<String ID="string_278" HPOS="749" VPOS="1231" WIDTH="29" HEIGHT="18" WC="0.97" CONTENT="att"/><SP WIDTH="16" VPOS="1231" HPOS="778"/>
							<String ID="string_279" HPOS="794" VPOS="1229" WIDTH="35" HEIGHT="20" WC="0.93" CONTENT="det"/><SP WIDTH="16" VPOS="1229" HPOS="829"/>
							<String ID="string_280" HPOS="845" VPOS="1229" WIDTH="34" HEIGHT="20" WC="0.93" CONTENT="be-"/>
						</TextLine>
						<TextLine ID="line_33" HPOS="130" VPOS="1263" WIDTH="749" HEIGHT="28">
							<String ID="string_281" HPOS="130" VPOS="1268" WIDTH="54" HEIGHT="21" WC="0.96" CONTENT="svär,"/><SP WIDTH="16" VPOS="1268" HPOS="184"/>
							<String ID="string_282" HPOS="200" VPOS="1271" WIDTH="45" HEIGHT="13" WC="0.96" CONTENT="som"/><SP WIDTH="15" VPOS="1271" HPOS="245"/>
							<String ID="string_283" HPOS="260" VPOS="1271" WIDTH="76" HEIGHT="20" WC="0.93" CONTENT="genom"/><SP WIDTH="20" VPOS="1271" HPOS="336"/>
							<String ID="string_284" HPOS="356" VPOS="1264" WIDTH="140" HEIGHT="24" WC="0.92" CONTENT="förvarandet,"/><SP WIDTH="17" VPOS="1264" HPOS="496"/>
							<String ID="string_285" HPOS="513" VPOS="1264" WIDTH="139" HEIGHT="26" WC="0.96" CONTENT="bokföringen"/><SP WIDTH="17" VPOS="1264" HPOS="652"/>
							<String ID="string_286" HPOS="669" VPOS="1264" WIDTH="39" HEIGHT="19" WC="0.96" CONTENT="och"/><SP WIDTH="16" VPOS="1264" HPOS="708"/>
							<String ID="string_287" HPOS="724" VPOS="1263" WIDTH="155" HEIGHT="26" WC="0.96" CONTENT="förvaltningen"/>
						</TextLine>
						<TextLine ID="line_34" HPOS="130" VPOS="1297" WIDTH="749" HEIGHT="26">
							<String ID="string_288" HPOS="130" VPOS="1299" WIDTH="23" HEIGHT="19" WC="0.92" CONTENT="af"/><SP WIDTH="13" VPOS="1299" HPOS="153"/>
							<String ID="string_289" HPOS="166" VPOS="1298" WIDTH="156" HEIGHT="20" WC="0.92" CONTENT="statsfonderna"/><SP WIDTH="18" VPOS="1298" HPOS="322"/>
							<String ID="string_290" HPOS="340" VPOS="1297" WIDTH="40" HEIGHT="20" WC="0.93" CONTENT="kan"/><SP WIDTH="18" VPOS="1297" HPOS="380"/>
							<String ID="string_291" HPOS="398" VPOS="1297" WIDTH="125" HEIGHT="26" WC="0.84" CONTENT="tillskyndas"/><SP WIDTH="18" VPOS="1297" HPOS="523"/>
							<String ID="string_292" HPOS="541" VPOS="1297" WIDTH="94" HEIGHT="20" WC="0.96" CONTENT="bankens"/><SP WIDTH="16" VPOS="1297" HPOS="635"/>
							<String ID="string_293" HPOS="651" VPOS="1297" WIDTH="95" HEIGHT="26" WC="0.95" CONTENT="styrelse,"/><SP WIDTH="16" VPOS="1297" HPOS="746"/>
							<String ID="string_294" HPOS="762" VPOS="1297" WIDTH="82" HEIGHT="20" WC="0.96" CONTENT="således"/><SP WIDTH="16" VPOS="1297" HPOS="844"/>
							<String ID="string_295" HPOS="860" VPOS="1298" WIDTH="19" HEIGHT="25" WC="0.96" CONTENT="ej"/>
						</TextLine>
						<TextLine ID="line_35" HPOS="131" VPOS="1331" WIDTH="749" HEIGHT="27">
							<String ID="string_296" HPOS="131" VPOS="1333" WIDTH="101" HEIGHT="19" WC="0.92" CONTENT="behöfver"/><SP WIDTH="23" VPOS="1333" HPOS="232"/>
							<String ID="string_297" HPOS="255" VPOS="1335" WIDTH="59" HEIGHT="23" WC="0.92" CONTENT="tagas"/><SP WIDTH="23" VPOS="1335" HPOS="314"/>
							<String ID="string_298" HPOS="337" VPOS="1333" WIDTH="7" HEIGHT="18" WC="0.91" CONTENT="i"/><SP WIDTH="24" VPOS="1333" HPOS="344"/>
							<String ID="string_299" HPOS="368" VPOS="1331" WIDTH="63" HEIGHT="27" WC="0.91" CONTENT="nägot"/><SP WIDTH="23" VPOS="1331" HPOS="431"/>
							<String ID="string_300" HPOS="454" VPOS="1331" WIDTH="145" HEIGHT="20" WC="0.91" CONTENT="betraktaude."/><SP WIDTH="36" VPOS="1331" HPOS="599"/>
							<String ID="string_301" HPOS="635" VPOS="1332" WIDTH="41" HEIGHT="19" WC="0.96" CONTENT="Det"/><SP WIDTH="22" VPOS="1332" HPOS="676"/>
							<String ID="string_302" HPOS="698" VPOS="1335" WIDTH="22" HEIGHT="16" WC="0.93" CONTENT="är"/><SP WIDTH="16" VPOS="1335" HPOS="720"/>
							<String ID="string_303" HPOS="736" VPOS="1331" WIDTH="36" HEIGHT="20" WC="0.93" CONTENT="illa"/><SP WIDTH="12" VPOS="1331" HPOS="772"/>
							<String ID="string_304" HPOS="784" VPOS="1331" WIDTH="96" HEIGHT="25" WC="0.91" CONTENT="bestäldt,"/>
						</TextLine>
						<TextLine ID="line_36" HPOS="129" VPOS="1365" WIDTH="751" HEIGHT="27">
							<String ID="string_305" HPOS="129" VPOS="1373" WIDTH="33" HEIGHT="14" WC="0.93" CONTENT="om"/><SP WIDTH="16" VPOS="1373" HPOS="162"/>
							<String ID="string_306" HPOS="178" VPOS="1367" WIDTH="7" HEIGHT="19" WC="0.91" CONTENT="i"/><SP WIDTH="17" VPOS="1367" HPOS="185"/>
							<String ID="string_307" HPOS="202" VPOS="1366" WIDTH="45" HEIGHT="19" WC="0.91" CONTENT="värt"/><SP WIDTH="15" VPOS="1366" HPOS="247"/>
							<String ID="string_308" HPOS="262" VPOS="1366" WIDTH="57" HEIGHT="25" WC="0.97" CONTENT="land,"/><SP WIDTH="16" VPOS="1366" HPOS="319"/>
							<String ID="string_309" HPOS="335" VPOS="1366" WIDTH="37" HEIGHT="19" WC="0.93" CONTENT="der"/><SP WIDTH="15" VPOS="1366" HPOS="372"/>
							<String ID="string_310" HPOS="387" VPOS="1366" WIDTH="106" HEIGHT="26" WC="0.92" CONTENT="splittring"/><SP WIDTH="19" VPOS="1366" HPOS="493"/>
							<String ID="string_311" HPOS="512" VPOS="1366" WIDTH="6" HEIGHT="19" WC="0.96" CONTENT="i"/><SP WIDTH="22" VPOS="1366" HPOS="518"/>
							<String ID="string_312" HPOS="540" VPOS="1365" WIDTH="162" HEIGHT="27" WC="0.96" CONTENT="förvaltningen,"/><SP WIDTH="16" VPOS="1365" HPOS="702"/>
							<String ID="string_313" HPOS="718" VPOS="1372" WIDTH="76" HEIGHT="19" WC="0.93" CONTENT="genom"/><SP WIDTH="17" VPOS="1372" HPOS="794"/>
							<String ID="string_314" HPOS="811" VPOS="1365" WIDTH="69" HEIGHT="19" WC="0.92" CONTENT="skilda"/>
						</TextLine>
						<TextLine ID="line_37" HPOS="129" VPOS="1399" WIDTH="751" HEIGHT="27">
							<String ID="string_315" HPOS="129" VPOS="1401" WIDTH="140" HEIGHT="25" WC="0.91" CONTENT="inrättningar"/><SP WIDTH="15" VPOS="1401" HPOS="269"/>
							<String ID="string_316" HPOS="284" VPOS="1400" WIDTH="40" HEIGHT="19" WC="0.93" CONTENT="och"/><SP WIDTH="16" VPOS="1400" HPOS="324"/>
							<String ID="string_317" HPOS="340" VPOS="1400" WIDTH="99" HEIGHT="19" WC="0.92" CONTENT="anstalter"/><SP WIDTH="17" VPOS="1400" HPOS="439"/>
							<String ID="string_318" HPOS="456" VPOS="1400" WIDTH="31" HEIGHT="19" WC="0.93" CONTENT="för"/><SP WIDTH="16" VPOS="1400" HPOS="487"/>
							<String ID="string_319" HPOS="503" VPOS="1400" WIDTH="104" HEIGHT="19" WC="0.90" CONTENT="likartade"/><SP WIDTH="16" VPOS="1400" HPOS="607"/>
							<String ID="string_320" HPOS="623" VPOS="1400" WIDTH="104" HEIGHT="23" WC="0.91" CONTENT="ändamäl,"/><SP WIDTH="12" VPOS="1400" HPOS="727"/>
							<String ID="string_321" HPOS="739" VPOS="1400" WIDTH="63" HEIGHT="19" WC="0.93" CONTENT="redan"/><SP WIDTH="17" VPOS="1400" HPOS="802"/>
							<String ID="string_322" HPOS="819" VPOS="1399" WIDTH="61" HEIGHT="26" WC="0.92" CONTENT="eljest"/>
						</TextLine>
						<TextLine ID="line_38" HPOS="131" VPOS="1433" WIDTH="750" HEIGHT="28">
							<String ID="string_323" HPOS="131" VPOS="1441" WIDTH="40" HEIGHT="20" WC="0.96" CONTENT="nog"/><SP WIDTH="20" VPOS="1441" HPOS="171"/>
							<String ID="string_324" HPOS="191" VPOS="1434" WIDTH="85" HEIGHT="27" WC="0.96" CONTENT="mycket"/><SP WIDTH="20" VPOS="1434" HPOS="276"/>
							<String ID="string_325" HPOS="296" VPOS="1441" WIDTH="50" HEIGHT="19" WC="0.96" CONTENT="eger"/><SP WIDTH="19" VPOS="1441" HPOS="346"/>
							<String ID="string_326" HPOS="365" VPOS="1441" WIDTH="52" HEIGHT="18" WC="0.96" CONTENT="rum,"/><SP WIDTH="17" VPOS="1441" HPOS="417"/>
							<String ID="string_327" HPOS="434" VPOS="1434" WIDTH="99" HEIGHT="20" WC="0.91" CONTENT="Finlands"/><SP WIDTH="20" VPOS="1434" HPOS="533"/>
							<String ID="string_328" HPOS="553" VPOS="1434" WIDTH="56" HEIGHT="20" WC="0.93" CONTENT="bank"/><SP WIDTH="19" VPOS="1434" HPOS="609"/>
							<String ID="string_329" HPOS="628" VPOS="1434" WIDTH="48" HEIGHT="20" WC="0.96" CONTENT="icke"/><SP WIDTH="16" VPOS="1434" HPOS="676"/>
							<String ID="string_330" HPOS="692" VPOS="1434" WIDTH="52" HEIGHT="19" WC="0.93" CONTENT="skall"/><SP WIDTH="17" VPOS="1434" HPOS="744"/>
							<String ID="string_331" HPOS="761" VPOS="1434" WIDTH="20" HEIGHT="19" WC="0.96" CONTENT="få"/><SP WIDTH="17" VPOS="1434" HPOS="781"/>
							<String ID="string_332" HPOS="798" VPOS="1433" WIDTH="30" HEIGHT="20" WC="0.93" CONTENT="till"/><SP WIDTH="17" VPOS="1433" HPOS="828"/>
							<String ID="string_333" HPOS="845" VPOS="1436" WIDTH="36" HEIGHT="17" WC="0.93" CONTENT="än-"/>
						</TextLine>
					</TextBlock>
				</ComposedBlock>
			</PrintSpace>
		</Page>
	</Layout>
</alto>
