1078 1692
797 127 31 17 251

101 189 57 19 såväl
175 188 25 20 de
216 188 154 27 skattskyldige
386 195 44 13 som
447 188 269 26 Bevillningskomitéerna
727 189 72 19 hunnit
810 190 39 20 för-

102 223 73 19 värfva
198 222 68 26 någon
289 229 53 13 vana
364 222 35 20 vid
424 223 39 19 den
481 228 43 20 nya
542 222 252 26 beskattningsgrundens
809 224 40 20 till-

102 256 114 26 lämpning.
247 256 121 20 Emellertid
386 256 102 20 stundade
504 259 57 16 ännu
577 256 49 20 vida
641 256 83 20 svårare
741 257 110 20 förhällan-

103 290 50 25 den;
177 297 47 13 men
241 290 41 20 den
299 290 120 26 minskning
435 290 177 20 inkomstskatten
631 290 25 19 då
671 290 41 26 led,
729 298 35 12 var
779 292 6 18 i
798 292 53 24 jem-

103 324 76 20 förelse
196 325 46 19 med
259 324 35 20 det
310 324 65 20 under
392 325 25 19 de
433 324 111 26 egentliga
560 324 92 19 nödåren
669 324 92 20 rådande
771 326 80 25 betryc-

105 358 35 20 ket
160 359 61 25 högst
238 358 117 26 obetydlig.
387 358 100 20 Deremot
503 361 22 16 är
543 358 36 19 det
595 358 107 26 verkligen
718 359 133 26 förvånande,

104 395 30 17 att
149 393 52 19 efter
218 393 25 19 de
260 393 118 19 sedermera
394 392 112 20 inträffade
522 392 118 26 lyckligare
656 392 57 26 åren,
725 393 71 20 hvilka
805 394 46 19 med

104 428 45 18 skäl
174 427 65 19 måste
262 434 62 12 anses
347 427 67 19 såsom
439 426 139 20 öfverhufvud
603 426 61 26 goda,
680 427 39 19 och
735 428 118 20 hvarunder

104 461 47 19 icke
175 461 89 20 allenast
289 461 107 25 betalning
420 461 21 19 af
455 463 56 17 stora
527 460 92 25 skulder,
636 465 48 15 utan
701 461 30 19 till
747 462 38 19 och
803 463 46 19 med

107 502 25 13 en
157 496 32 19 för
208 496 45 19 vårt
277 495 49 20 land
342 495 95 25 ovanligt
453 495 68 25 hastig
539 494 96 26 bildning
650 495 22 19 af
686 495 72 26 rörligt
772 496 79 26 kapital

106 530 116 26 försiggätt,
248 529 150 27 bevillningen,
421 529 26 26 pä
471 531 41 17 sätt
535 528 40 20 den
599 528 81 24 Nädiga
696 530 154 25 propositionen

105 563 84 25 utvisar,
214 564 77 19 lemnat
306 564 6 18 i
329 564 35 19 det
387 566 104 16 närmaste
514 562 46 20 lika
583 563 70 26 däliga
675 563 109 20 resultater
807 571 43 13 som

106 598 60 25 förut,
187 597 38 20 och
242 598 70 19 denna
327 597 154 27 omständighet
499 603 73 13 ensam
590 597 58 19 torde
665 597 69 19 kunna
750 598 55 26 gälla
820 598 31 20 sä-

105 638 43 14 som
173 634 29 18 ett
225 632 113 26 ojäfaktist
358 632 58 19 bevis
432 632 38 24 för,
486 633 29 17 att
532 631 35 19 det
583 631 65 26 ärliga
664 632 153 20 fastställandet
832 634 23 18 af

105 667 70 19 denna
198 666 56 20 skatt
268 666 48 20 icke
332 666 78 26 tillgätt
426 666 67 19 säsom
512 665 117 20 vederbort.
660 665 113 21 Skilnaden
790 668 61 19 emel-

106 701 33 19 lan
163 700 40 20 den
227 700 66 20 under
316 700 49 20 åren
389 700 51 19 1868
460 700 39 19 och
517 699 53 19 1869
588 700 121 19 uttaxerade
724 700 128 21 inkomstbe-

107 734 115 26 villningen
238 736 61 24 utgör
316 735 30 18 för
363 734 48 19 hela
426 733 69 20 landet
512 733 48 19 icke
577 733 46 19 fullt
638 734 76 24 20,000
730 734 65 26 mark,
811 736 39 19 och

107 769 53 19 dock
184 775 36 13 var
240 768 46 20 året
304 768 58 25 1867,
378 768 53 19 efter
447 768 62 19 hvars
525 774 52 13 rena
592 767 92 19 inkomst
702 769 51 19 1868
769 769 32 19 års
819 770 32 19 be-

107 803 90 26 villuing
220 802 80 27 utgick,
316 802 35 20 det
366 802 141 26 olyekligaste
526 802 3 19 i
548 802 153 26 mannaminne,
718 803 5 19 i
740 803 68 19 stället
823 807 30 16 att

107 838 45 19 året
176 838 60 23 1868,
260 837 62 18 hvars
346 836 145 20 beskaffenhet
515 836 46 19 bort
584 836 64 19 verka
670 836 27 25 pä
716 836 99 27 beloppet
833 838 23 19 af

110 871 52 20 1869
179 871 33 19 ärs
229 871 123 26 bevillning,
370 877 36 13 var
422 872 29 18 ett
466 871 31 18 för
513 872 76 17 största
605 870 59 19 delen
677 871 23 18 af
708 871 71 19 landet
789 877 64 14 ovan-

108 905 37 26 ligt
168 905 50 26 godt
240 905 28 19 år.
298 901 70 23 Äfven
392 905 50 19 åren
468 905 51 18 1869
544 904 39 19 och
601 905 53 18 1870
671 911 49 13 voro
738 905 115 20 skördarne

107 939 65 26 goda;
196 945 46 13 men
267 938 65 20 likväl
349 939 37 19 har
401 945 25 13 en
444 939 60 26 högst
520 939 61 25 ringa
597 939 93 26 stegring
707 939 22 19 af
743 939 109 20 bevillnin-

107 979 52 20 gens
183 973 76 26 belopp
283 973 49 19 åren
358 973 53 19 1870
435 973 38 20 och
497 973 49 19 1871
565 975 36 23 ägt
617 979 50 18 rum,
684 973 38 20 och
738 974 79 19 antalet
833 975 22 19 af

107 1007 54 25 dem,
185 1013 44 13 som
254 1007 68 20 betala
345 1007 123 26 bevillning,
488 1013 64 20 synes
568 1007 144 25 öfverhufvud,
728 1007 125 21 åtminstone

107 1040 27 26 på
157 1041 77 25 landet,
258 1047 49 14 vara
331 1041 6 19 i
358 1041 68 26 jemnt
449 1041 154 26 nedåtgående.
633 1041 41 19 Det
696 1043 59 18 torde
771 1042 82 20 således

108 1075 47 20 icke
171 1075 71 20 kunna
259 1075 109 25 bestridas,
384 1077 30 17 att
430 1077 61 18 sättet
507 1075 32 19 för
554 1075 124 26 taxeringen
689 1076 20 19 af
709 1075 144 28 bevillnings-

109 1109 83 20 skatten
209 1109 6 19 i
232 1110 113 19 allmänhet
362 1110 54 19 varit
431 1109 36 20 allt
483 1111 64 18 annat
563 1112 26 16 än
605 1108 198 21 tillfredsställande.

175 1140 143 23 Öfverhufvud
335 1144 37 19 har
388 1144 143 25 bevillningen
548 1144 6 19 i
570 1143 95 20 städerne
682 1143 78 20 lemnat
775 1146 30 17 ett
826 1145 27 19 vi-

107 1178 26 19 da
153 1178 163 26 fördelaktigare
333 1178 86 19 resultat
434 1181 25 16 än
477 1178 26 25 pä
519 1178 77 19 landet.
627 1178 62 19 Detta
705 1178 39 19 kan
763 1179 88 19 visserli-

106 1219 40 19 gen
162 1212 31 19 till
210 1212 67 26 någon
295 1212 33 19 del
345 1212 102 19 förklaras
463 1212 64 25 deraf,
545 1214 29 17 att
590 1212 39 19 den
646 1212 77 26 rörliga
734 1213 117 25 förmögen-

107 1247 62 19 heten
191 1246 148 20 företrädesvis
355 1248 155 24 representeras
527 1246 20 19 af
563 1246 103 19 städerna.
698 1246 46 20 Men
761 1247 39 19 den
817 1254 35 13 an-

108 1280 81 20 märkta
209 1280 107 20 olikheten
333 1283 22 16 är
372 1280 53 20 dock
442 1281 70 19 alltför
527 1282 50 23 stor,
594 1281 31 18 för
640 1282 30 17 att
685 1280 71 20 kunna
771 1277 81 35 derige.

107 1321 49 13 nom
180 1314 108 19 förklaras.
319 1314 51 20 Vårt
393 1314 58 20 lands
467 1314 77 25 städer,
561 1314 46 20 med
623 1315 31 19 sin
671 1314 47 20 icke
734 1317 56 17 ännu
805 1321 47 20 syn-

108 1349 77 24 nerligt
208 1348 125 20 utvecklade
356 1348 95 25 industri,
467 1349 66 24 torde,
553 1348 60 20 äfven
631 1355 32 12 om
681 1355 46 12 man
743 1349 110 26 ihogkom-

108 1389 50 18 mer,
174 1385 31 17 att
220 1382 90 19 kronans
327 1383 60 19 flesta
402 1383 108 26 löntagare
527 1385 36 17 äro
579 1382 107 19 derstädes
703 1382 88 26 bosatte,
805 1384 48 19 icke

107 1417 71 19 kunna
193 1417 6 19 i
215 1417 99 19 afseende
330 1417 12 19 å
358 1417 60 19 deras
441 1417 140 20 innevänares
601 1423 49 13 rena
666 1415 92 20 inkomst
774 1417 78 20 likstäl-

108 1451 29 20 las
154 1451 47 19 med
218 1450 174 27 landsbyggdens
408 1451 87 26 ungefär
511 1451 76 26 fjorton
603 1451 79 26 gånger
693 1452 66 17 större
771 1451 80 20 befolk-
