1078 1692
830 114 33 18 247

137 183 60 26 långt
212 183 89 20 derifrån
318 183 55 19 inom
394 182 63 20 finskt
480 182 86 20 område
591 183 89 26 belägna
702 183 184 19 undervattensref

138 217 113 26 uppfördes
267 224 24 13 en
309 217 145 19 motsvarande
471 217 38 26 fyr,
526 217 31 19 för
573 219 28 17 att
617 216 88 21 sålunda
722 223 76 21 genom
815 216 69 27 begge

138 252 96 25 fyrarnes
254 251 197 20 sammanställande
475 250 104 27 betrygga
597 251 131 26 seglationen
744 251 8 19 i
768 251 61 19 dessa
844 250 39 20 far-

138 288 78 22 vatten,
241 286 61 19 hafva
325 285 181 26 undersökningar
529 284 27 27 på
578 285 69 19 stället
670 285 68 19 blifvit
758 285 71 19 hållna
845 284 37 20 och

138 320 181 26 kostnadsförslag
341 320 107 26 uppgjorts
468 320 31 19 för
515 321 29 18 ett
559 319 80 27 fyrtorn
655 320 23 19 af
688 320 46 25 jern
751 319 27 26 på
793 319 91 20 nämnda

138 355 37 25 ref,
199 354 95 20 slutande
317 354 32 26 sig
365 354 12 19 å
394 354 89 25 345,000
507 353 70 26 mark;
601 354 53 19 dock
670 356 23 17 är
708 354 68 19 tillika
792 352 93 20 anmäldt

138 391 30 17 att
185 388 198 27 byggnadsplatsen,
400 394 43 14 som
461 390 84 24 utgöres
560 388 23 19 af
596 394 25 13 en
639 388 59 20 brant
713 387 102 26 stupande
833 387 50 19 min-

138 423 37 19 dre
198 422 120 27 granithäll,
334 422 26 26 på
376 422 41 20 alla
431 422 56 20 sidor
510 422 106 26 omgifven
638 422 22 20 af
673 424 69 24 öppna
758 421 71 20 hafvet
845 421 38 20 och

138 459 48 17 utan
203 456 68 27 skydd
288 457 32 19 vid
338 459 63 17 storm
422 456 51 20 eller
496 456 68 26 någon
589 456 109 26 möjlighet
721 457 31 19 för
774 455 110 20 båthamns

137 491 141 26 anläggande,
295 491 23 19 af
331 490 61 20 dessa
407 491 38 19 och
461 490 66 20 andra
542 490 86 20 orsaker
643 494 22 16 är
680 491 23 19 så
718 491 57 19 svårt
786 492 98 27 tillgäng-

137 526 36 26 lig,
189 528 30 17 att
234 525 91 20 arbetets
347 524 156 20 verkställande
524 524 69 20 blefve
611 525 23 19 af
654 525 152 27 tillfälligheter
826 526 57 20 bero-

138 560 61 25 ende,
223 559 96 20 hvarföre
342 558 247 27 kostnadsberäkningen
612 565 49 13 vore
682 561 30 18 att
730 566 60 13 anses
810 560 75 20 endast

138 593 69 20 såsom
232 593 160 27 approximativ.
433 593 32 20 Då
491 593 70 20 Hans
583 593 146 26 Kejserliga
751 594 133 26 Majestät,

139 628 34 20 vid
189 627 155 27 öfvervägande
360 627 22 20 af
396 627 26 20 de
443 627 29 19 till
493 627 65 19 saken
583 628 92 19 hörande
698 628 186 27 omständigheter,

139 662 32 20 väl
189 662 67 20 funnit
271 668 25 13 en
314 661 86 26 fyrbåks
416 661 130 26 uppförande
562 661 12 19 å
589 661 93 27 Bogskär
699 668 49 14 vara
764 662 116 20 önskvärdt

138 702 47 14 men
201 696 26 20 de
243 696 69 19 härtill
331 695 104 27 åtgående
456 695 141 20 kostnaderne
616 696 18 26 ej
656 696 70 20 kunna
746 696 101 20 bestridas
863 697 23 19 af

137 730 141 20 Statsverkets
298 729 104 20 ordinarie
422 729 123 26 inkomster,
557 730 39 19 och
612 729 126 21 Ständernas
756 730 127 20 medverkan

137 765 31 19 till
184 765 113 26 företagets
315 764 110 20 utförande
441 764 19 26 ej
477 764 66 20 heller
564 764 60 20 bordt
642 764 30 20 för
688 764 70 20 denna
775 764 57 27 gång
847 772 35 19 ge-

137 806 49 13 nom
210 799 54 20 skild
286 798 69 27 Nådig
377 798 130 26 proposition
530 798 101 26 påkallas,
654 801 50 17 enär
720 799 37 19 här
773 799 62 19 ofvan
852 800 32 19 för

136 834 66 19 andra
223 833 87 20 allmänt
329 833 81 26 nyttiga
433 832 97 19 ändamål
553 832 37 20 hos
613 832 117 20 Ständerna
745 833 70 19 äskats
832 833 47 20 icke

137 867 123 26 obetydliga
275 867 81 26 anslag,
371 867 37 19 har
424 866 69 19 Hans
510 866 151 27 Kejserliga
672 867 122 26 Majestät
809 867 75 20 endast

137 901 56 20 velat
217 901 53 20 fästa
294 900 128 21 Ständernas
444 900 185 27 uppmärksamhet
644 901 26 26 på
686 901 70 20 denna
770 901 66 26 fråga,
852 901 31 20 för

137 935 41 20 den
202 935 99 20 händelse
325 936 29 18 att
376 934 145 26 Ständerna,
515 930 14 34 i
543 935 136 20 betraktande
705 935 23 20 af
750 935 133 20 densammas

137 970 51 26 vigt,
211 969 64 20 likväl
302 969 63 20 funne
390 969 32 26 sig
437 969 6 18 i
459 969 82 19 tillfälle
565 971 29 17 att
615 969 95 20 befordra
726 969 47 20 dess
789 969 94 28 lösning;

137 1004 39 19 och
193 1003 85 20 komma
293 1003 6 19 i
315 1003 75 20 sådant
404 1003 100 20 afseende
515 1003 42 20 alla
570 1003 29 19 till
612 1003 86 20 ärendet
709 1003 93 20 hörande
819 1003 63 20 hand-

137 1038 68 26 lingar
220 1039 29 18 att
264 1037 127 20 Ständernas
406 1036 80 20 utskott
501 1037 175 20 tillhandahållas.

206 1105 70 20 Ehuru
292 1105 26 20 de
333 1105 23 20 af
376 1105 69 20 Hans
467 1105 156 26 Kejserliga
642 1106 138 25 Majestät
771 1101 14 34 i
798 1106 84 20 förestå-

137 1140 54 20 ende
214 1140 64 19 måtto
301 1139 78 20 äskade
399 1139 74 26 anslag
495 1139 48 20 icke
564 1139 64 20 blifva
643 1140 138 26 erforderliga
796 1140 6 19 i
816 1141 68 25 jemnt

137 1174 131 19 förhållande
291 1174 31 19 för
346 1174 72 25 hvarje
441 1173 22 20 år
485 1173 23 20 af
529 1173 139 20 instundande
690 1173 193 28 landtdagsperiod,

137 1210 48 17 utan
202 1208 84 19 komme
302 1210 31 17 att
349 1207 65 20 under
430 1207 25 20 de
471 1207 68 20 skilda
555 1208 49 19 åren
620 1208 49 26 utgå
685 1208 30 19 till
732 1207 57 20 olika
801 1208 82 27 belopp,

136 1249 64 20 synes
216 1242 64 19 likväl
296 1242 120 26 lämpligast
431 1244 30 17 att
477 1241 39 20 den
534 1241 122 27 bevillning,
672 1241 118 20 Ständerna
812 1241 71 20 kunna

136 1277 63 26 åtaga
221 1277 38 25 sig,
284 1276 103 19 beräknas
410 1276 93 25 sålunda,
529 1278 31 17 att
582 1276 121 19 densamma
725 1276 31 19 för
772 1275 73 26 hvarje
860 1276 22 19 år

136 1311 69 19 skulle
227 1310 99 26 inbringa
340 1317 25 12 en
382 1309 99 20 femtedel
497 1309 23 20 af
533 1310 111 26 anslagens
667 1309 171 26 ofvanupptåagna
853 1312 28 17 to-

136 1345 117 24 talsumma,
276 1344 111 25 4,203,810
411 1343 58 20 mark
485 1344 26 19 25
528 1344 70 25 penni,
615 1343 50 20 eller
688 1343 87 25 således,
792 1344 5 19 i
813 1343 69 20 afrun-

137 1378 50 19 dadt
203 1378 33 25 tal,
253 1378 90 25 840,000
360 1377 58 20 mark
434 1378 32 19 för
481 1377 52 20 året.
564 1378 32 20 Då
611 1377 115 20 emellertid
743 1377 98 20 behållna
851 1378 30 19 in-

136 1413 97 19 komsten
249 1412 23 19 af
286 1412 40 19 den
347 1419 27 12 nu
393 1411 104 26 utgående
518 1411 149 27 bevillningen,
683 1411 27 26 på
724 1413 42 18 sätt
780 1411 64 20 redan
860 1414 22 16 är

137 1446 92 25 nämndt,
245 1446 6 19 i
268 1445 99 20 medeltal
391 1446 77 25 utgjort
490 1445 75 20 endast
588 1445 97 26 omkring
708 1445 91 25 515,000
823 1445 57 19 mark
