1078 1692
698 112 7 7 *
794 114 32 17 271

215 186 48 14 nom
279 178 109 24 elektorer,
404 177 53 27 ifall
473 178 24 20 de
517 177 171 27 valberättigade
710 184 51 14 anse
783 177 80 21 sädant

214 213 80 20 valsätt
315 212 51 20 böra
389 211 114 27 begagnas.
536 211 74 21 Skulle
624 212 24 20 sä
664 211 99 27 inträfa,
780 213 32 19 att
829 212 35 20 till

216 247 40 20 den
270 246 88 28 pälysta
379 245 200 28 valförrättningen
598 246 70 26 några
683 245 180 27 röstberättigade

216 280 45 21 icke
281 280 92 27 infunne
391 280 40 27 sig,
450 286 49 21 eger
518 279 139 21 Guvernören
672 280 8 20 i
696 280 58 20 länet
775 280 89 20 omedel-

216 314 49 21 bart
281 316 47 18 utse
343 314 118 20 ledamöter
475 314 9 19 i
499 313 137 21 kommunens
652 313 211 27 bevillningskomite.

509 376 15 27 $
540 376 33 21 12.

286 416 89 20 Antalet
398 415 30 26 af
446 415 217 27 bevillningskomites
689 415 116 21 ledamöter
828 415 37 21 bör

217 456 54 14 vara
290 449 58 27 från
366 449 48 27 fem
437 449 35 21 till
494 450 43 24 nio,
561 449 87 21 hvarom
664 449 34 21 det
713 449 123 21 ankommer
851 450 13 20 å

218 484 139 20 Guvernören
373 485 33 19 att
421 482 54 28 efter
491 483 120 21 distriktets
626 483 80 21 storlek
720 485 102 19 närmare
833 483 33 21 be-

217 520 100 18 stämma.
350 516 99 22 Tillhöra
465 517 36 20 två
516 517 53 21 eller
579 517 60 27 flera
654 516 163 29 församlingar
833 518 33 20 di-

218 551 92 26 striktet,
336 551 58 21 skall
414 551 59 27 från
497 550 77 28 hvarje
594 551 136 27 församling
746 552 71 27 väljas
833 552 33 20 ät-

218 586 106 20 minstone
340 586 35 20 tvä
391 584 117 21 ledamöter
523 586 8 19 i
547 585 98 21 komiten.

291 619 42 21 Vid
358 626 82 13 samma
465 618 97 28 tillfälle,
585 619 29 21 dä
639 619 117 21 ledamöter
770 620 9 20 i
794 619 73 21 bevill-

219 653 159 28 ningskomiten
396 653 79 27 väljas,
499 652 38 21 bör
559 652 62 28 äfven
642 654 31 26 pä
692 653 115 21 enahanda
823 655 43 19 sätt

214 687 113 27 förrättas
352 687 35 21 val
412 686 30 27 af
463 687 139 27 suppleanter
627 687 34 21 till
686 690 28 18 ett
732 687 63 21 antal
813 690 54 18 mot-

218 721 109 21 svarande
341 721 66 20 minst
423 720 83 28 hälften
522 720 29 28 af
563 721 158 21 ledamöternes.

290 754 30 22 Sä
344 757 63 19 snart
432 755 35 21 val
488 754 130 28 försiggätt,
635 755 36 21 bör
696 755 171 27 valförrättaren

219 788 160 28 ofördröjligen
403 790 54 26 göra
483 789 104 21 anmälan
613 796 32 14 om
669 790 108 27 utgängen
802 790 70 26 deraf

219 823 38 20 hos
282 823 146 24 Guvernören,
451 830 44 13 som
518 830 49 20 eger
585 822 112 27 förordna
712 830 25 13 en
752 823 31 27 af
794 824 25 20 de
834 826 34 18 ut-

219 857 65 20 sedde
306 857 131 20 komiterade
458 859 32 18 att
511 857 37 20 vid
566 857 103 20 komitens
691 857 176 21 sammanträden

215 891 55 26 föra
286 891 67 24 ordet,
365 891 67 26 jemte
447 891 117 26 suppleant
573 890 42 27 för
631 891 81 20 honom.

299 924 42 21 Vid
376 924 216 28 —bevillningskomites
621 925 161 20 sammanträde
810 925 57 21 skall

219 958 218 27 Häradsskrifvaren
466 959 52 20 eller
547 959 40 20 den
617 959 138 20 Guvernören
780 959 8 20 i
813 959 55 21 hans

220 993 64 20 ställe
303 992 126 28 förordnar
453 994 98 19 närvara
571 993 42 27 för
638 995 32 18 att
695 993 69 21 lemna
787 993 81 28 nödiga

219 1027 163 27 upplysningar
410 1029 54 18 samt
495 1026 129 27 handhafva
646 1026 222 28 protokollsföringen

220 1061 38 20 och
283 1061 156 27 upprättandet
465 1060 30 27 af
516 1060 222 28 bevillningslängden
759 1060 108 28 äfvensom

215 1094 42 27 Jjör
282 1097 32 18 att
338 1095 37 20 vid
395 1094 170 28 förrättningen
590 1095 78 20 bevaka
693 1094 104 21 Kronans
817 1097 51 23 rätt,

220 1129 70 20 derest
310 1128 44 21 icke
375 1128 140 21 Guvernören
529 1128 76 27 finner
625 1129 99 27 lämpligt
739 1131 33 18 att
788 1129 8 20 i
810 1131 59 18 näst-

221 1163 93 20 nämnde
328 1162 102 27 afseende
439 1162 114 27 förordna
568 1163 105 20 särskildt
688 1162 161 22 Kronoombud.

515 1226 16 27 $
547 1227 33 20 13.

293 1264 226 28 Bevillningskomités
542 1265 134 27 ordförande
699 1265 37 21 och
752 1265 118 21 ledamöter

222 1299 85 21 erhålla
323 1300 52 19 intet
391 1299 79 20 arvode
485 1298 42 27 för
541 1300 34 19 sin
587 1299 148 28 förrättning.
765 1299 50 20 Men
831 1301 38 18 äro

222 1333 26 20 de
263 1333 22 27 ej
300 1333 84 20 bosatta
408 1333 8 19 i
440 1339 83 14 samma
547 1333 56 26 stad,
623 1333 51 21 eller
694 1333 14 21 å
722 1333 73 21 landet
809 1333 61 20 invid

222 1367 35 20 det
272 1367 71 24 ställe,
360 1367 38 20 der
420 1366 93 21 komitén
535 1367 181 26 sammanträder,
739 1367 89 27 åtnjuta
845 1367 25 20 de

216 1401 42 26 för
288 1407 59 14 resor
372 1400 63 27 fram
465 1401 38 20 och
529 1401 48 20 åter
603 1401 34 21 till
657 1401 213 27 förättningsstället

221 1435 121 27 skjutslega
360 1434 41 27 för
426 1441 25 14 en
474 1434 49 21 häst
539 1437 55 19 samt
610 1435 8 20 i
633 1435 188 28 dagtraktamente
837 1435 34 20 två
