1078 1692
799 124 34 17 155

106 188 39 19 och
162 188 132 26 handlingar,
318 194 43 13 som
384 188 32 20 till
439 188 190 26 tullexpeditionen
649 188 7 19 i
674 188 30 20 S:t
729 187 127 27 Petersburg

106 222 91 26 ingifvas
220 222 52 20 eller
294 222 91 19 derifrån
409 222 103 24 utfärdas;
535 222 108 20 äfvensom
663 222 144 26 ansökningar
822 228 33 13 om

107 256 121 20 erhållande
244 257 24 19 af
281 256 83 20 frisedel
382 256 30 19 till
428 256 95 26 lossning
539 256 51 20 eller
606 256 98 25 lastning.

175 290 55 20 26:0.
261 290 62 20 Bevis
339 290 58 20 öfver
413 290 145 20 hinderlöshet
574 290 31 20 till
619 290 125 26 äktenskap.

175 324 54 20 27:0.
260 324 106 20 Fullmakt
389 324 31 20 till
442 324 203 20 rekommenderade
669 324 54 20 brefs
744 324 113 26 uttagande

106 358 13 20 å
134 358 125 26 postkontor
274 361 54 17 samt
342 360 30 18 att
387 358 12 20 å
415 358 147 20 Landtränteri
578 358 52 20 eller
645 358 44 20 från
706 364 68 14 annan
795 358 63 20 kassa

107 392 54 26 lyfta
175 392 35 20 lön
226 392 52 20 eller
293 392 65 20 andra
373 392 76 20 medel.

177 426 54 20 28:0.
261 423 182 30 Öfversättningar
458 427 31 19 till
506 426 67 20 finska
589 426 91 27 språket,
695 426 128 20 verkställda
838 427 23 19 af

108 460 26 20 de
150 460 136 20 translatorer
301 461 102 26 allmogen
420 468 51 20 eger
485 461 32 19 för
533 461 74 19 sådant
622 460 96 20 ändamål
736 463 83 23 antaga.

178 495 46 19 29:0
255 495 175 19 Poliskammares
446 495 175 26 tillståndsbiljett
636 495 30 19 för
684 494 54 20 finsk
761 495 97 26 inföding

109 531 30 17 att
154 529 64 19 vistas
233 530 7 19 i
256 530 79 19 staden.

179 564 53 18 30:0.
262 563 217 20 Embetsskrifvelser.

178 597 54 21 31:0.
264 597 146 26 Tjenstemans
426 598 119 26 ansökning
561 604 32 13 om
610 597 160 27 handräckning
788 600 29 17 att
828 599 30 18 ui-

109 632 22 19 fä
147 632 76 19 honom
239 632 23 19 af
275 632 108 26 menighet
398 632 160 20 tillkommande
573 632 100 26 aflöning.

179 666 54 20 32:0.
264 666 65 20 Skrift
344 666 39 20 och
400 666 77 26 bilaga,
493 672 45 14 som
554 666 102 20 inlemnas
672 666 23 19 af
704 672 82 20 person,
798 666 62 20 hvars

111 700 109 26 fattigdom
238 703 22 17 är
276 700 99 26 antingen
392 700 87 20 allmänt
497 700 56 19 känd
572 700 51 20 eller
646 700 160 26 vederbörligen
829 700 31 20 in-

111 734 72 26 tygad,
203 734 23 20 sä
242 734 40 20 ock
293 734 129 26 expedition,
439 741 43 13 som
499 734 31 19 till
547 734 64 20 sådan
628 740 74 20 person
718 734 92 20 utfärdas
821 734 39 20 och

114 768 31 20 för
161 768 87 20 hvilken
265 768 18 26 ej
300 768 66 20 heller
382 769 57 19 lösen
455 774 51 21 eger
521 775 52 19 rum,
589 768 85 20 hvarom
690 768 68 27 tydlig
776 768 84 20 anteck-

111 802 51 26 ning
178 802 12 20 &
206 802 149 26 expeditionen
372 802 38 20 bör
426 802 43 20 ske.

180 836 54 19 33:0.
265 836 80 26 Utslag,
361 836 120 25 resolution,
499 836 72 19 ordres
591 838 54 17 samt
663 836 62 19 löftes
748 836 113 20 förbindel-

112 876 39 19 ser,
167 870 197 26 vederhäftighets-,
386 870 145 27 inteeknings-
554 871 39 19 och
617 873 63 16 annat
704 870 64 24 bevis,
790 877 44 13 som
850 871 12 19 &

112 905 55 18 förut
182 904 116 26 behörigen
315 904 97 19 karterad
428 905 71 25 inlaga
515 904 52 20 eller
583 904 100 26 handling
700 904 92 20 tecknas.

180 939 54 18 34:0.
264 938 49 19 Alla
328 938 177 26 undersöknings-
521 938 39 19 och
574 938 287 26 besigtningsinstrumenter,

112 972 211 25 kostnadsförslager,
347 972 148 26 beräkningar,
519 972 71 19 kartor
613 972 38 19 och
671 972 79 26 planer,
772 973 90 19 rörande

112 1006 129 26 sjöfällning,
257 1006 206 26 vattenuttappning,
479 1005 73 27 odling
568 1006 23 19 af
603 1005 49 20 kärr
663 1006 38 19 och
714 1013 85 18 mossar,
810 1009 53 16 samt

111 1046 34 13 om
161 1040 130 26 anläggning
306 1040 24 19 af
343 1040 71 25 kanal,
430 1039 58 26 sluss,
504 1039 78 20 allmän
598 1039 109 27 landsväg,
719 1040 43 26 bro,
773 1041 90 26 jernväg

113 1073 47 20 med
177 1080 58 13 mera
250 1073 75 27 dylikt.

181 1108 54 19 35:0.
265 1107 152 27 Ansökningar
433 1114 32 13 om
483 1107 177 21 utbekommande
676 1108 23 20 af
716 1108 145 27 begrafnings-

113 1141 57 26 hjelp
187 1141 53 20 efter
254 1141 78 20 afliden
349 1142 89 19 embets-
455 1142 40 19 och
510 1143 132 25 tjensteman.

183 1175 53 20 36:0.
266 1175 142 20 Afskedsbref
424 1175 31 20 för
473 1176 64 19 civila
560 1177 123 25 tjenstemän
708 1176 39 20 och
771 1177 92 25 betjente

113 1209 109 19 äfvensom
238 1209 123 20 underbefäl
378 1209 38 20 och
432 1209 130 27 gemenskap
580 1211 35 18 vid
631 1210 67 20 finska
714 1211 111 25 militären,
837 1211 27 20 dä

113 1243 98 19 afskedet
226 1243 89 19 erhålles
331 1246 49 17 utan
396 1250 53 19 egen
465 1243 126 27 ansökning,

183 1277 53 20 37:o.
266 1277 49 20 Alla
331 1277 91 26 skrifter,
438 1278 47 19 med
502 1278 106 26 undantag
631 1279 22 19 af
673 1279 189 26 tjensteansöknin-

113 1318 38 19 gar
175 1311 39 20 och
237 1311 32 20 till
292 1312 48 19 dem
364 1312 93 19 hörande
481 1312 88 26 bilagor,
592 1319 44 13 som
655 1313 29 19 till
701 1313 162 20 kronolänsman

113 1348 55 17 samt
190 1348 90 23 pastors-
304 1345 39 20 och
358 1345 267 27 kontraktsprosteembete
641 1347 96 26 ingifvas,
756 1347 108 21 äfvensom

114 1379 66 26 bevis,
196 1379 72 20 hvilka
283 1380 22 19 af
318 1380 62 20 dessa
394 1381 149 25 myndigheter
558 1381 98 20 utfärdas.

179 1413 53 20 38:0.
263 1413 49 20 Alla
328 1414 229 27 duppletthandlingar,
573 1421 44 14 som
633 1415 6 20 i
659 1415 164 26 rättegängsmäl
834 1416 30 19 till
