1078 1692
229 124 34 18 190

207 194 81 14 samma
317 188 73 20 rubrik
416 187 127 21 omnämnda
565 187 36 20 fall
625 188 51 20 böra
698 188 92 20 utfärdas
813 188 13 20 &
848 188 112 21 enahanda

207 222 114 26 siämpiadi
335 229 81 19 papper
430 229 46 13 sum
492 221 85 27 vaniiga
591 222 154 26 expeditioner.

277 256 8 20 I
301 256 69 20 stället
385 258 31 17 att
431 258 41 18 den
487 255 83 27 Nädiga
592 256 156 26 propositionen
775 256 117 21 innehäller
917 258 41 19 för-

207 290 45 27 slag
268 292 31 18 att
313 290 119 20 skattebref
445 290 13 19 å
473 289 86 20 rusthäll
575 290 38 19 och
631 290 96 20 hemman
744 290 61 21 skola
821 293 48 17 utan
886 291 71 20 ätskii-

208 324 39 20 nad
264 324 92 20 utfärdas
372 324 12 20 &
400 324 47 26 fyra
466 323 69 20 marks
553 324 177 26 stämpelpapper,
751 324 62 20 hafva
833 324 125 26 Ständerna,

208 359 46 19 med
272 358 100 20 afseende
391 358 12 19 &
423 357 124 20 rusthällens
563 358 6 18 i
585 358 115 20 allmänhet
719 360 66 18 större
804 359 105 19 förmäner
929 359 29 20 bi-

208 392 88 20 behällit
312 400 26 12 nu
358 392 99 26 gällande
480 392 123 26 stadgande,
627 394 30 18 att
678 392 120 20 skattebref
817 392 32 20 för
871 393 87 20 rusthäll

207 426 101 27 stämplas
323 426 47 20 med
386 426 47 26 fyra
448 426 39 20 och
503 426 31 19 för
550 426 97 20 hemman
664 426 47 20 med
728 426 34 20 tvä
779 427 65 20 mark.

276 461 48 19 Med
340 460 115 26 anledning
471 460 22 20 af
507 460 34 20 det
557 460 112 26 afböjande
684 461 99 26 yttrande
797 461 116 20 Ständerna
928 462 29 19 af-

207 496 62 26 gifvit
285 495 131 20 beträffande
432 494 100 26 förslaget
547 495 6 19 i
570 494 64 20 första
650 497 115 18 momentet
780 495 22 20 af
816 496 62 20 femte
890 496 67 26 punk-

208 532 33 17 ten
258 530 7 19 i
282 529 40 20 den
345 529 84 25 Nädiga
449 528 164 26 propositionen,
632 529 63 19 hafva
710 529 118 20 Ständerna
843 532 68 18 ansett
926 530 32 26 sig

208 564 50 19 böra
282 563 106 20 bibehälla
410 563 109 26 ingressen
542 562 31 20 till
597 564 2 22 $
616 564 11 18 6
643 563 5 19 i
665 563 41 19 den
722 570 27 13 nu
765 564 97 26 gällande
878 564 79 19 förord-

208 598 78 26 ningen
303 604 33 13 om
353 596 276 26 stämpelpappersafgiften,
653 597 107 20 äfvensom
784 598 123 25 Ständerna,
931 598 27 26 pä

207 638 81 13 samma
303 632 44 19 skäl
364 631 94 19 uteslutit
473 631 97 26 samtliga
585 631 26 19 de
630 632 65 19 under
710 634 10 21 $
737 632 11 19 6
764 632 47 19 Litt.
828 632 25 19 A.
869 634 87 24 upptag-

209 672 24 13 ne
249 666 131 26 stadganden
397 667 53 17 samt
465 665 46 19 lätit
527 665 184 27 bestämningarne
721 666 66 19 under
802 666 49 19 Litt.
862 666 30 25 B.,
906 668 49 17 utan

208 700 70 26 nägon
294 699 77 20 allmän
387 699 79 26 rubrik,
482 699 51 26 följa
555 699 131 20 omedelbart
705 700 52 19 efter
773 700 136 26 inledningen
927 700 29 19 till

207 734 121 26 åberopade
344 736 16 22 $.

276 768 40 19 Vid
334 768 26 20 de
376 767 104 20 derunder
495 767 93 26 följande
604 768 131 26 stadganden
756 768 63 19 hafva
841 767 117 21 Ständerna

207 803 56 25 gjort
278 802 93 26 följande
387 802 122 26 ändringar:

276 837 41 18 För
332 836 117 25 Certeparti
466 836 37 19 har
520 836 119 19 bibehällits
654 842 27 13 nu
697 836 99 25 gällande
805 836 107 19 föreskrift
928 838 30 17 att

207 870 187 27 stämpelafgiften,
417 871 48 18 utan
489 869 121 27 förhöjning
633 871 31 18 för
688 870 148 19 fraktsummor
862 870 94 19 öfversti-

207 905 70 26 gande
300 906 81 18 ettusen
406 903 65 25 mark,
487 903 60 27 utgår
563 904 47 19 med
627 903 43 20 lika
685 906 89 24 procent
789 905 31 18 för
836 904 40 19 alla
892 904 63 19 frakt-

207 939 84 26 belopp.

278 972 134 20 Beträffande
428 971 138 27 förskrifning
581 972 52 20 eller
648 972 123 20 skuldsedel
788 979 26 13 m.
831 979 26 13 m.
873 973 37 19 har
926 973 30 19 till

208 1009 96 17 närmare
326 1006 157 26 förtydligande
499 1013 24 12 en
540 1006 246 27 redaktionsförändring
807 1007 67 19 blifvit
889 1007 67 26 gjord,

207 1041 108 20 äfvensom
340 1041 117 20 Ständerna
481 1040 33 19 vid
537 1040 127 27 stadgandet
686 1041 112 26 angäende
813 1041 109 26 kartering
936 1041 23 20 af

207 1075 101 20 kontrakt
331 1082 32 13 om
388 1074 95 26 arrende,
499 1075 58 26 hyra,
573 1075 48 26 lega
643 1081 18 13 o.
678 1081 16 13 s.
712 1082 25 18 v.,
754 1075 31 19 för
808 1075 105 19 vinnande
936 1075 24 19 af

207 1109 145 26 likformighet
376 1109 47 19 med
443 1108 145 27 stadgandena
603 1109 89 19 rörande
709 1108 167 27 förskrifningar,
892 1109 63 26 köpe-

209 1144 47 19 bref
270 1150 26 13 m.
314 1150 33 18 m.,
370 1143 82 26 antagit
475 1143 39 19 den
538 1143 120 26 föreslagna
680 1143 122 26 stegringen
825 1143 22 19 af
860 1143 96 26 stämpel-

207 1184 91 19 pappers
316 1180 115 23 procenten
447 1179 30 17 att
492 1177 83 19 inträda
595 1177 51 19 först
661 1179 37 17 när
714 1177 158 26 hyressumman
888 1177 68 20 öfver-

207 1212 65 25 stiger
296 1214 80 17 ettusen
401 1211 66 26 mark,
491 1211 83 20 hvadan
598 1211 161 26 bestämningen
784 1211 72 20 härom
877 1211 79 26 jemväl

188 1245 130 27 eundergätt
335 1245 129 26 förändring.

275 1280 32 19 Då
322 1280 113 25 ovilkorlig
451 1279 108 26 kartering
575 1279 22 19 af
611 1279 25 20 de
652 1279 66 20 under
734 1281 10 22 $
760 1279 12 20 6
789 1279 47 19 Litt.
852 1279 24 20 A,
892 1279 6 19 i
916 1279 39 20 den

206 1314 84 26 Nädiga
312 1314 157 26 propositionen
494 1313 136 26 uppräknade
652 1313 150 26 afhandlingar
818 1313 39 20 och
872 1313 85 20 skrifter

205 1349 23 19 af
241 1348 120 21 Ständerna
376 1347 85 26 afböjts,
477 1347 36 20 har
529 1347 50 20 sista
595 1347 83 26 stycket
693 1347 23 20 af
729 1353 80 14 samma
824 1349 10 21 $
851 1347 37 19 fått
901 1347 55 26 utgå.

275 1383 40 19 För
334 1382 66 20 andra
423 1384 114 17 momeniei
553 1381 22 20 af
591 1383 6 22 $
616 1383 21 18 11
656 1382 64 19 hafva
734 1381 119 20 Siänderna
869 1381 28 19 till
915 1381 41 19 för-

206 1416 125 27 tydligande
358 1416 23 19 af
397 1416 44 19 deri
466 1415 171 20 förekommande
660 1416 116 25 stadgande
799 1415 74 20 ändrat
891 1415 65 26 lydel-

207 1457 34 13 sen
259 1451 6 18 i
282 1450 36 20 det
333 1450 65 20 orden
414 1450 19 19 ”i
449 1453 30 17 ett
495 1450 30 19 för
541 1450 49 19 allt”
607 1450 38 19 fått
660 1450 108 20 derstädes
783 1448 81 27 inflyta.
