1078 1692
801 115 35 17 585

105 179 100 26 jemfördt
221 179 47 19 med
280 178 86 28 Nådiga
381 179 151 26 förordningen
548 178 41 20 den
608 180 23 18 14
643 178 119 20 November
778 184 81 14 samma

109 213 29 25 år,
155 213 139 26 förfalskning
318 213 39 19 och
380 212 133 27 efterapning
529 212 22 20 af
565 212 36 20 det
616 212 133 26 nyinrättade
765 212 94 26 Wexel-,

108 247 57 20 låne-
181 248 38 19 och
232 247 252 27 depositions-contoirets
495 247 45 19 små
551 247 70 19 sedlar
637 246 110 20 förklarats
764 246 95 20 medföra

109 287 80 14 samma
204 288 82 19 ansvar,
302 288 44 13 som
363 281 31 19 för
410 280 90 21 svenska
513 280 139 21 bancosedlar
668 280 50 20 eller
734 280 124 27 assignatio-

109 322 37 13 ner
162 322 36 13 var
214 315 98 27 stadgadt
327 316 5 18 i
349 315 71 26 kongl.
435 315 174 26 förordningarne
626 315 22 19 af
661 315 40 19 den
718 316 12 18 2
746 315 40 25 Maj
805 315 52 19 1747

109 348 39 20 och
165 350 11 19 5
192 348 48 21 Juni
260 349 58 26 1792,
338 350 66 26 jemte
428 349 35 19 det
478 350 6 18 i
500 349 60 27 fråga
580 356 33 13 om
630 349 135 26 utprångling
782 350 22 18 af
818 349 41 19 för-

109 383 95 20 falskade
220 384 69 20 sedlar
302 384 79 26 jemväl
397 384 40 19 den
453 383 31 20 för
495 384 26 20 de
533 383 92 20 svenska
634 383 225 27 bankinrättningarne

110 417 108 21 utfärdade
235 418 130 26 lagstiftning
381 418 5 19 i
402 420 71 17 ämnet
488 418 68 20 skulle
572 418 111 26 tillämpas.

179 452 32 20 Då
226 452 116 20 emellertid
362 452 113 20 dödsstraff
491 452 31 20 för
537 452 200 26 sedelförfalskning
753 452 48 20 icke
817 452 42 20 kan

110 492 61 14 anses
187 486 186 20 öfverensstämma
385 486 46 20 med
442 486 26 20 de
484 486 141 27 grundsatser,
641 492 44 14 som
702 492 86 14 numera
803 486 57 26 gjort

111 521 32 26 sig
158 520 99 26 gällande
273 521 6 19 i
296 520 40 20 den
356 520 69 20 finska
447 520 267 26 kriminallagstiftningen-
724 520 39 20 och
780 520 27 20 dä
823 526 36 13 un-

111 554 157 27 dantagsforum
280 555 31 19 för
322 554 74 21 sådant
412 555 54 19 brott
482 554 103 20 måhända
600 554 48 20 icke
664 557 22 17 är
703 554 108 27 behöfligt,
822 554 38 20 har

110 588 108 21 Utskottet
236 590 68 18 ansett
324 591 30 17 att
373 588 114 20 tillsvidare
503 589 39 19 och
558 588 103 20 intilldess
677 588 41 20 den
734 595 42 19 nya
792 588 67 20 straff-

111 623 62 27 lagen
194 622 41 20 kan
255 622 85 20 komma
354 624 30 18 att
400 622 96 20 meddela
512 625 96 17 närmare
624 622 130 20 föreskrifter
769 622 90 20 rörande

112 657 55 20 brott
183 657 22 20 af
218 656 160 28 ifrågavarande
394 657 50 26 slag,
460 657 139 20 förevarande
615 656 60 27 fråga
690 656 71 20 kunde
776 656 84 20 enklast

111 691 55 20 lösas
182 691 130 27 derigenom,
328 693 30 18 att
374 690 262 28 straffbestämningarne
629 686 12 36 i
652 692 12 19 2
680 693 9 23 $
706 692 12 19 8
733 691 53 27 Kap.
798 691 61 20 M.B.

111 725 131 20 förklarades
258 726 5 19 i
280 726 36 26 thy
332 725 36 20 fall
383 725 128 27 tillämpliga
521 727 54 18 samt
586 725 31 20 fär
628 725 89 26 derföre,
728 725 67 21 under
810 725 50 21 &be-

111 760 94 26 ropande
220 760 24 19 af
257 759 55 20 hvad
330 760 22 19 11
370 762 10 22 $
396 760 6 18 i
418 759 83 27 Nädiga
520 759 150 27 förordningen
687 760 40 19 den
743 760 11 19 9
771 760 88 20 Decem-

111 793 38 20 ber
173 794 51 19 1867
249 793 91 27 stadgar,
364 793 129 20 beträffande
516 793 158 21 framställande
691 794 23 19 af
734 794 126 26 förslager
848 789 15 36 i

111 826 71 27 frägor
207 833 44 14 som
274 830 47 17 röra
341 827 99 20 Finlands
455 827 67 26 Bank,
542 828 31 19 till
591 827 103 20 Ständens
717 828 144 26 bepröfvande

111 861 107 20 vördsamt
234 861 135 26 öfverlemna,
385 867 32 14 om
435 861 49 20 icke
499 861 41 20 den
558 862 6 19 i
583 861 152 20 ofvanstäende
750 861 65 21 mätto
830 862 30 20 fö-

111 895 99 26 reslagna
224 895 150 27 förordningen
391 895 64 20 borde
471 895 80 20 erhälla
566 895 94 26 följande
678 895 84 27 tillägg:

249 928 104 28 Eftergör
368 929 52 20 eller
430 928 130 28 förfalskar
575 929 72 27 någon
663 929 108 21 Finlands
784 929 77 21 Banks

179 962 84 25 sedlar;
285 962 87 27 straffes
390 963 68 27 enligt
480 964 7 20 2
511 963 6 26 $
541 964 4 19 &
560 962 59 28 Kap.
640 962 28 21 M.
690 963 26 20 B.
751 963 109 28 Utpräng-

181 997 46 28 ling
249 997 30 26 af
296 993 71 24 sädan
381 996 132 27 förfalskad
533 997 56 20 sedel
604 1003 62 15 anses
682 997 47 21 med
744 997 116 22 enahanda

180 1031 71 26 straff,
268 1031 52 20 dock
335 1032 8 19 i
358 1031 89 28 ringare
462 1031 60 25 mäit,
539 1031 56 27 efter
610 1031 113 21 domarens
734 1031 116 28 pröfning.

198 1071 139 28 Helsingfors,
353 1072 40 20 den
411 1073 23 19 15
451 1072 40 26 Maj
510 1072 59 20 1872.

318 1175 110 20 Finlands
451 1174 117 21 Ständers
597 1173 163 27 underdäniga
787 1174 75 21 skrif-

248 1209 63 20 velse
333 1209 30 20 till
382 1209 48 20 Hans
447 1209 107 26 Kejserliga
571 1208 91 27 Majestät,
680 1208 98 26 angående
796 1208 66 21 förän-

249 1243 59 20 drade
328 1243 116 26 stadganden
463 1243 83 20 rörande
561 1243 88 20 Finlands
669 1243 63 20 Banks
750 1243 112 26 sedelutgif-

249 1277 99 26 ningsrätt.

112 1339 208 27 Stormäktigste,
332 1339 200 27 Allernädigste
543 1339 107 26 Kejsare
661 1339 39 20 och
710 1339 152 21 Storfurste!

180 1401 82 20 Genom
281 1401 83 27 Nädiga
383 1401 150 27 förordningen
549 1402 23 19 af
587 1402 41 19 den
647 1402 24 19 12
686 1401 50 20 Juni
753 1402 53 20 1860
822 1402 40 20 och

111 1435 142 28 kungörelsen
275 1435 40 20 den
336 1437 8 18 1
362 1435 60 26 April
443 1435 53 20 1863
512 1438 23 17 är
549 1435 102 21 Finlands
666 1435 60 21 Bank
742 1435 119 28 berättigad
