1078 1692
825 117 35 17 613

202 179 31 20 Då
256 179 118 21 Ständerna
396 181 70 18 ansett
494 180 36 20 det
555 179 111 21 anmärkta
691 180 196 21 missförhållandet

132 214 51 20 böra
199 213 116 26 behörigen
331 213 149 27 undanrödjas,
496 214 21 20 få
527 208 119 26 Ständerna
656 214 87 20 härmed
756 214 38 20 hos
804 214 80 20 Eders

131 247 154 27 Kejserliga
300 247 124 27 Majestät
439 248 152 26 underdånigst
606 248 93 20 anmäla:

270 281 34 21 det
321 281 131 25 Ständerna,
469 282 8 20 i
493 281 102 27 afseende
610 282 13 20 å
639 282 40 20 den
690 281 42 27 för
749 282 135 21 Ständernas

199 314 202 29 Bankfullmäktige
426 322 75 20 genom
527 316 90 27 Nädiga
640 315 142 28 kungörelsen
806 316 41 20 den
870 318 13 19 9

197 349 114 21 December
326 350 56 20 1867
402 349 119 27 utfärdade
537 349 140 26 instruktion,
688 349 81 27 funnit
784 356 26 14 en
826 350 56 21 änd-

197 384 51 26 ring
264 383 29 27 af
304 384 48 20 deri
366 384 32 20 uti
413 390 61 14 mom.
485 384 32 26 m)
531 384 106 27 ingäende
652 384 121 27 stadgande
788 384 94 21 rörande

196 418 90 20 arvodet
300 416 36 26 för
350 417 206 28 Bankfullmäktigs
571 418 116 26 suppleant
699 424 54 14 vara
768 417 30 26 af
809 418 72 27 behof-

195 454 33 18 vet
240 451 115 27 päkallad,
371 451 86 21 hvadan
481 451 127 21 Ständerna
628 452 9 20 i
651 451 176 28 underdänighet
843 459 38 14 an-

195 484 68 26 hålla,
280 485 35 21 det
330 485 80 21 täcktes
425 485 88 21 Eders
529 485 162 28 Kejserliga
701 485 132 28 Majestät
848 488 32 18 ut-

191 519 73 27 färda
278 519 74 28 Nådig
366 519 127 28 kungörelse
509 520 78 25 derom,
603 522 32 18 att
650 520 67 27 sagde
732 526 62 14 mom.
807 521 33 25 m)
855 520 30 27 af

195 553 119 27 åberopade
339 553 139 26 instruktion,
504 554 9 20 i
537 554 40 20 den
602 554 35 20 del
662 554 118 20 detsamma
808 554 72 27 angår

196 588 235 27 tjenstgöringsarvode
441 587 42 27 för
497 587 147 27 Fullmäktigs
659 588 121 26 suppleant,
799 587 81 22 komme

195 623 32 19 att
242 621 84 21 erhålla
336 621 103 28 följande
449 620 142 28 förändrade
605 621 91 28 lydelse:

262 655 136 28 ”Suppleant
417 655 95 21 erhåller
526 656 41 27 för
585 655 75 28 hvarje
679 656 199 28 tjenstgöringsdag

189 689 87 27 femton
298 690 68 25 mark,
383 696 32 15 om
431 690 44 20 han
495 692 26 18 är
544 690 9 20 i
574 689 142 28 Helsingfors
738 689 85 27 boende,
840 690 38 21 och

195 724 62 28 tjugu
279 724 62 21 mark
358 724 42 27 för
422 724 69 28 dagen
514 726 56 19 samt
593 724 36 21 tvä
648 724 88 20 hästars
751 724 77 28 skjuts,
845 731 33 15 om

194 758 44 21 han
261 758 38 20 bor
321 758 149 21 annorstädes.
505 758 115 28 Tjenstgör
642 758 117 27 suppleant
776 759 9 19 i
804 758 74 21 Bank-

188 792 143 28 Jullmäktigs
346 793 62 20 ställe
424 799 23 14 en
463 793 92 20 månads
570 793 32 20 tid
613 793 51 20 eller
675 792 132 27 derutöfver,
823 799 55 21 upp-

194 826 51 21 bäre
268 826 43 21 han
335 826 203 28 Bankfullmäktigs
561 826 48 21 hela
631 826 79 21 arvode
725 825 42 28 för
784 829 93 18 motsva-

193 860 68 21 rande
276 860 53 21 tid.”

261 894 100 21 Hvarhos
374 895 83 20 Eders
467 894 157 28 Kejserliga
634 894 128 28 Majestät
782 895 4 20 i
799 894 78 21 Näder

193 928 107 28 behagade
316 929 45 20 låta
376 929 9 20 i
399 928 151 28 Kungörelsen
565 929 59 27 ingå,
640 931 32 18 att
687 928 145 27 omförmälda
843 929 33 20 in-

192 963 109 20 struktion
316 963 9 20 i
340 962 75 28 öfriga
430 963 134 27 tillämpliga
583 963 63 20 delar
656 962 145 28 fortfarande
816 962 59 21 kom-

192 1004 44 13 mer
251 999 33 18 att
299 997 66 20 lända
381 997 35 20 till
430 996 149 27 efterrättelse.

192 1037 99 20 Finlands
307 1037 89 20 Ständer
410 1037 121 20 framhärda
546 1039 39 18 etc.

192 1077 138 27 Helsingfors,
346 1077 41 20 den
405 1077 24 20 13
444 1077 50 20 Juni
512 1077 60 20 1872.
