1078 1692
825 116 34 18 149

465 179 12 20 3
492 178 54 27 Kap.

241 231 145 27 Angäende
402 230 92 21 bruket
509 231 26 19 af
549 231 218 27 stämpelpapper.

481 290 10 22 $
507 284 22 33 7.

199 340 93 20 Skrifvas
314 340 6 19 &
335 346 80 13 samma
434 339 37 20 ark
490 339 53 20 flera
562 339 84 20 skrifter
663 340 51 19 eller
730 339 148 27 afhandlingar

129 375 23 19 af
165 374 64 20 sädan
251 374 146 20 beskaffenhet
419 376 30 17 att
468 374 26 19 de
513 374 52 19 hvar
583 373 31 20 för
630 374 38 25 sig,
684 374 53 19 efter
753 374 70 20 denna
839 374 38 20 för-

129 409 97 26 ordning,
249 412 35 16 äro
308 408 108 26 kartering
438 408 163 25 underkastade,
624 408 50 20 böra
692 408 26 20 de
736 408 95 20 karteras
847 409 31 19 sä-

130 449 44 13 som
191 449 31 13 om
240 449 25 13 en
282 442 50 20 hvar
348 442 23 19 af
385 442 46 20 dem
449 442 68 20 blifvit
533 442 93 20 skrifven
643 442 11 19 &
670 442 99 20 särskildt
784 442 44 20 ark.

479 500 10 23 s
500 499 25 24 8.

198 545 9 19 I
222 544 116 20 allmänhet
360 544 71 20 kunna
454 544 25 20 de
503 544 92 26 skrifter,
611 544 32 20 för
657 544 72 20 hvilka
747 544 109 26 kartering
871 545 6 19 i

129 579 70 20 denna
213 579 123 25 förordning
353 578 107 26 päbjudes,
476 579 101 26 antingen
594 578 89 20 skrifvas
699 579 12 19 ä
726 581 30 17 ett
774 579 51 19 eller
842 580 35 19 fle-

129 620 24 12 ra
169 612 37 20 ark
229 613 113 26 stämpladt
364 619 86 19 papper,
473 612 52 20 eller
548 613 40 19 ock
613 613 46 19 med
677 613 148 19 kartamärken
843 613 33 20 be-

129 648 79 26 läggas,
232 648 73 19 endast
328 647 146 26 karteringens
497 647 160 26 sammanlagda
679 648 63 19 värde
762 650 115 17 motsvarar

129 682 36 19 det
187 681 101 27 stadgade
312 681 105 26 beloppet.
446 677 31 23 Är
495 681 118 26 ansökning
633 681 83 20 försedd
732 682 47 19 med
798 681 22 20 sä
836 682 41 26 hög

129 716 60 19 karta
204 717 30 18 att
249 715 69 20 denna
333 715 68 20 tillika
417 721 70 13 svarar
503 717 57 17 emot
575 715 75 20 kartan
666 715 32 19 till
708 715 117 27 bilagorna,
843 715 33 21 be-

128 750 64 19 höfva
207 749 26 21 de
249 749 128 20 sistnämnda
393 748 47 20 icke
455 749 125 26 ytterligare
595 749 101 20 karteras.

479 808 10 22 $
505 806 20 20 9.

197 852 147 25 Embetsverk,
367 858 44 13 som
434 851 31 20 till
489 851 126 26 fullmakter,
641 851 185 26 konstitutorialer,
847 852 29 19 af-

128 887 72 19 skeds-
224 887 39 19 och
286 886 149 26 pensionsbref
456 886 46 19 med
528 886 50 20 flere
603 886 147 26 expeditioner
770 886 107 26 begagnar

128 920 83 26 tryckta
233 920 119 20 blanketter
374 920 23 19 af
418 920 126 26 ostämpladt
566 927 86 19 papper,
675 920 81 26 äligger
777 920 55 19 tillse
847 922 29 17 att

128 954 71 25 hvarje
215 954 64 19 sädan
296 954 129 26 expedition,
441 954 65 19 innan
523 955 40 19 den
583 955 31 19 till
634 954 158 20 vederbörande
815 954 61 26 utgif-

127 994 42 19 ves,
186 987 12 20 &
213 987 260 27 kartasigillata-kontoret
489 989 105 26 undergär
610 989 88 26 behörig
713 988 112 26 stämpling
845 988 30 19 till

126 1021 105 20 faststäldt
247 1021 82 26 belopp.

471 1082 10 21 $
499 1080 32 19 10.

194 1124 265 27 Kartasigillata-kontoret
475 1125 128 20 tillkommer
619 1127 35 23 att,
674 1125 46 20 med
739 1125 136 26 iakttagande

126 1159 23 19 af
161 1159 55 19 hvad
232 1159 48 19 dess
295 1159 130 26 reglemente
441 1159 39 20 och
496 1159 176 27 författningarne
687 1160 7 19 i
710 1159 64 27 öfrigt
794 1159 81 26 stadga,

127 1195 19 24 ej
163 1194 88 19 allenast
267 1193 113 19 verkställa
395 1193 40 20 den
451 1193 114 27 stämpling
581 1194 22 19 af
624 1193 126 26 fullmakter,
774 1193 100 20 konstitu-

127 1229 92 24 torialer,
243 1227 93 20 afskeds-
360 1227 39 20 och
422 1227 150 26 pensionsbref
593 1228 47 19 med
656 1227 50 20 flere
722 1227 152 26 expeditioner,

125 1269 44 13 som
193 1261 169 26 embetsverken,
382 1262 46 19 med
452 1261 47 20 stöd
521 1261 24 20 af
564 1261 112 20 tillätelsen
696 1262 3 19 i
718 1264 21 22 $$
761 1262 5 19 9
786 1262 38 19 och
849 1262 25 19 38

125 1296 95 25 åstunda,
244 1298 37 17 när
304 1291 53 24 slike
382 1296 148 25 expeditioner
549 1296 67 25 jemte
636 1296 50 19 fulla
701 1296 174 25 stämpelafgifter

125 1329 30 20 till
179 1329 99 20 kontoret
300 1329 98 20 insändas
422 1329 51 20 eller
495 1329 69 20 såsom
588 1329 237 27 kartasigillata-remiss
843 1330 29 19 till

123 1363 170 20 Landtränteriet
316 1363 84 19 komma
422 1366 30 17 att
474 1363 123 26 behandlas,
620 1366 49 17 utan
686 1363 46 25 ock,
749 1363 27 20 då
791 1363 83 20 enskild

123 1403 76 20 person
224 1397 62 26 begär
309 1397 113 26 stämpling
444 1397 23 19 af
480 1397 131 26 afhandling,
628 1397 127 20 förbindelse
771 1397 52 20 eller
837 1403 36 14 an-

124 1437 40 13 nan
181 1431 67 25 skrift,
265 1431 47 19 med
328 1431 102 20 Senatens
449 1431 215 26 Finansexpeditions
682 1431 96 26 vetskap,
800 1431 72 20 likale-
