1078 1692
812 129 34 17 443

114 196 30 18 att
167 194 133 20 tillbakavisa
319 194 80 19 sådana
418 193 74 20 vexlar
511 193 75 20 endast
601 193 32 20 för
652 193 214 25 tidsbestämningens

115 227 61 26 skull,
196 228 23 19 så
237 228 59 20 torde
316 228 36 19 det
370 234 49 13 vara
435 230 53 17 mest
503 227 231 20 öfverensstämmande
750 227 46 19 med
813 227 53 20 Ban-

115 262 52 19 kens
190 262 96 25 intresse,
308 264 31 18 att
358 262 78 20 sådana
456 262 76 26 frågor,
549 268 44 13 som
610 262 76 25 denna,
703 261 20 19 få
739 261 45 19 utaf
797 261 69 19 Bank-

115 296 141 27 fullmäktige,
279 296 26 26 på
328 296 77 26 förslag
427 296 23 19 af
466 296 147 26 Direktionen,
629 296 76 20 ordnas
721 296 39 19 och
777 295 88 21 bestäm-

115 336 50 20 mas,
182 330 6 19 i
203 330 95 26 enlighet
314 330 46 20 med
377 330 53 20 hvad
447 330 57 20 olika
520 330 189 20 tidsförhållanden
724 330 38 20 och
775 332 91 17 omstän-

115 364 97 26 digheter
228 364 71 20 kunna
314 364 104 26 påfordra.
448 364 101 20 Deremot
564 364 38 20 har
617 364 108 20 Utskottet
740 366 69 18 ansett
819 364 46 20 skä-

115 398 39 26 ligt
169 400 30 18 att
213 398 7 20 i
236 400 10 22 S
262 398 68 20 införa
346 404 25 14 en
389 398 143 27 begränsning
548 398 90 20 rörande
655 398 211 26 betalningsorterna,

116 432 85 20 hvilken
222 432 48 20 icke
286 439 36 13 var
337 433 6 19 i
359 432 102 27 förslaget
477 435 113 24 upptagen,
607 432 38 20 och
662 432 57 20 detta
734 432 23 20 af
769 432 52 26 skäl,
837 434 30 18 att

115 466 94 26 Banken,
226 467 47 19 med
290 467 100 20 afseende
405 467 12 19 å
432 467 36 19 det
484 469 51 17 nära
550 467 139 21 förhållande,
704 466 59 20 hvari
777 467 47 19 dess
835 469 29 17 ut-

114 500 90 20 ländska
220 501 140 19 vexelhandel
376 501 42 19 står
432 501 32 19 till
477 500 205 27 sedelutgifningens
693 500 172 26 säkerställande,

116 534 47 20 icke
179 534 37 20 bör
232 534 72 21 ikläda
319 536 32 25 sig
367 536 40 19 den
423 535 50 25 risk,
489 542 45 13 som
551 535 41 20 kan
609 541 50 13 vara
674 535 85 19 förenad
777 534 45 20 med
834 535 30 19 in-

115 569 42 26 köp
173 570 22 18 af
209 568 79 27 vexlar,
304 569 80 27 dragna
399 569 27 27 på
441 569 71 20 firmor
528 569 6 19 i
551 569 65 20 andra
632 568 136 26 verldsdelar,
784 572 25 16 än
823 569 40 19 Eu-

115 609 58 20 ropa,
193 603 90 20 hvarhos
299 603 87 20 Banken
400 603 78 26 jemväl
495 603 68 20 hellre
580 603 33 19 må
628 603 66 19 afvisa
710 605 74 17 trattor
799 603 65 20 betal-

116 637 49 19 bara
185 637 27 26 på
231 637 123 27 obetydliga
373 638 131 26 sidoplatser,
521 640 50 17 enär
587 637 79 19 sådana
681 639 84 17 trattors
781 637 84 26 indrag-

115 672 51 25 ning
181 674 23 16 är
220 672 86 19 förenad
323 672 46 19 med
385 672 118 26 omgångar
519 672 40 19 och
575 671 120 25 kostnader,
712 677 43 14 som
770 670 47 21 icke
828 671 36 19 all-

115 705 28 20 tid
161 706 71 19 kunna
248 705 26 27 på
290 705 87 20 förhand
394 705 70 20 säkert
480 705 111 20 beräknas.
623 705 103 27 Slutligen
738 705 38 20 bör
787 706 32 18 väl
830 705 34 19 vid

115 740 72 26 hvarje
204 739 120 27 utsökning,
340 740 56 19 talan
412 740 73 19 främst
500 739 79 20 väckas
594 742 56 17 emot
661 740 25 19 de
698 740 110 26 ansvariga
819 746 44 19 per-

115 780 68 20 soner,
199 780 44 13 som
260 774 72 19 kunna
347 774 67 19 finnas
429 774 56 19 inom
502 773 78 19 landet.

182 808 10 19 I
209 808 23 19 17
250 810 9 22 $
276 808 36 19 har
335 807 74 27 tillägg
431 808 66 26 gjorts
517 813 32 13 om
571 807 123 27 försäljning
713 808 18 25 ej
749 808 79 19 mindre
845 807 22 20 af

115 841 129 26 invisningar
267 841 51 20 eller
342 841 72 20 vexlar
430 841 11 20 &
456 841 121 26 rubelmynt
598 841 27 26 på
645 841 97 20 kontoret
758 841 6 20 i
780 841 29 20 S:t
827 841 37 20 Pe-

114 875 102 26 tersburg,
232 878 27 17 än
275 875 39 20 ock
331 875 23 20 af
367 875 112 20 utländska
494 875 74 20 vexlar
584 882 24 13 ur
624 875 91 26 portfölj,
732 875 85 20 hvilken
833 882 31 13 se-

113 916 50 13 nare
186 916 75 13 annars
284 910 70 20 kunde
374 916 60 14 anses
454 909 118 26 förbjuden,
592 910 64 19 ehuru
673 910 40 19 den
730 910 54 19 dock
799 913 23 16 är
837 917 26 12 en

114 944 127 27 fördelaktig
260 944 59 26 affär,
336 944 26 20 då
377 945 122 26 derigenom
517 945 27 19 de
560 944 112 20 utländska
687 944 114 20 ombudens
818 950 45 20 pro-

114 979 67 20 vision
198 979 122 26 inbesparas
333 979 65 26 jemte
414 979 35 19 det
465 979 74 19 härvid
556 979 99 26 vanligen
672 979 65 26 högre
753 981 60 17 ränta
824 978 40 20 kan

114 1013 103 27 betingas,
234 1017 25 16 än
275 1013 101 20 ombudet
392 1013 85 20 betalar.
501 1013 38 20 Att
554 1013 65 20 sådan
636 1013 123 27 försäljning
775 1020 23 13 ur
809 1015 55 24 port-

113 1047 36 26 följ
173 1048 47 19 icke
243 1047 112 20 utsträckts
378 1047 61 20 äfven
461 1047 31 20 till
514 1047 66 26 ryska
599 1047 79 26 vexlar,
698 1047 36 20 har
750 1048 31 19 sin
798 1047 66 26 grund

113 1082 44 19 deri
174 1084 30 17 att
219 1081 108 26 köparena
342 1082 66 26 enligt
423 1081 93 20 rådande
532 1088 62 13 usans
611 1081 97 26 vanligen
725 1081 111 26 föredraga
851 1082 12 18 å

113 1116 54 19 vista
183 1115 73 20 vexlar
272 1115 27 26 på
316 1115 109 27 Ryssland,
441 1115 98 20 hvarföre
555 1115 79 20 sådana
645 1121 89 20 pappers
746 1115 118 20 bevarande

113 1150 5 19 i
135 1149 84 26 portfölj
243 1150 23 19 så
289 1149 85 27 mycket
397 1149 80 20 mindre
497 1149 68 20 skulle
588 1150 47 19 löna
650 1150 38 26 sig,
704 1156 44 13 som
764 1149 100 20 Bankens

113 1183 137 26 trasseringar
273 1184 27 25 på
322 1184 36 19 sitt
380 1186 48 24 eget
451 1183 76 20 kontor
543 1184 6 19 i
566 1183 31 20 S:t
616 1183 124 27 Petersburg
761 1183 46 20 icke
827 1186 37 17 äro

113 1217 100 20 förenade
229 1217 47 20 med
293 1217 69 27 någon
378 1218 190 26 provisionsutgift.

182 1252 25 19 18
222 1253 10 22 $
248 1254 23 17 är
287 1252 103 19 utesluten
407 1252 23 19 af
443 1258 80 13 samma
539 1252 70 26 orsak,
625 1258 43 14 som
686 1252 34 19 vid
738 1253 24 19 15
777 1254 7 23 $
798 1252 65 20 finnes

112 1285 107 26 angifven.

131 1352 44 20 Om
195 1352 124 27 Bankeas
339 1352 83 27 inköp
442 1353 48 20 och
510 1352 167 27 försäljning
696 1353 28 19 af
741 1353 104 20 inrikes

307 1392 93 20 vexlar
420 1392 47 20 och
487 1393 183 25 invisningar.

178 1455 9 19 I
207 1455 22 19 19
246 1456 10 22 $
272 1454 38 20 har
332 1455 106 20 Utskottet
460 1455 144 26 omredigerat
627 1455 64 19 första
710 1455 91 25 stycket,
816 1454 45 20 dels
