1078 1692
234 130 35 18 442

212 200 51 14 vara
282 194 87 20 föremål
385 194 32 20 för
431 194 72 26 inköp,
519 195 6 19 i
542 194 68 20 likhet
625 194 47 20 med
689 194 26 20 de
731 194 112 20 utländska
858 198 102 22 myntsor-

212 229 66 18 terna.
309 228 87 20 Derföre
419 228 38 20 och
477 228 31 20 för
527 230 30 18 att
577 228 68 20 tillika
661 228 117 20 bortlemna
793 235 33 16 en,
842 228 68 20 såsom
926 236 34 20 sy-

212 268 43 19 nes,
279 262 107 27 obehöflig
409 262 131 27 detaljering,
564 263 37 19 har
626 264 21 18 11
669 265 28 22 $:s
717 268 74 14 senare
805 262 34 20 del
857 262 67 20 blifvit
940 264 23 18 af

212 295 108 21 Utskottet
334 296 154 27 omredigerad.

280 330 10 20 I
309 331 22 19 13
347 332 10 22 $
374 330 36 20 har
426 333 29 17 ett
470 331 86 26 misstag
571 332 6 18 i
594 331 155 27 hänvisningen
767 331 68 19 blifvit
850 331 82 20 rättadt.

280 364 33 20 Då
327 365 51 19 sista
394 365 111 26 meningen
521 365 6 19 i
545 366 25 18 14
586 367 10 22 $
611 365 102 20 innebure
729 372 24 12 en
770 367 57 18 emot
845 366 37 19 110
888 360 10 35 $
916 366 45 19 stri-

212 398 70 20 dande
302 398 39 20 och
361 398 69 20 tillika
449 398 80 28 onödig
544 399 160 27 inskränkning,
720 400 37 19 har
773 399 106 21 Utskottet
894 402 69 17 ansett

212 432 122 20 densamma
350 432 50 20 böra
416 433 105 21 uteslutas.

283 467 25 19 15
323 469 10 22 $
350 467 37 20 har
402 467 109 25 uteslutits,
527 467 88 20 emedan
631 474 79 14 samma
724 468 115 26 stadgande
850 468 112 20 återfinnes

213 501 26 25 på
259 500 123 27 lämpligare
398 501 59 20 ställe
473 502 7 19 i
496 502 25 20 85
538 504 10 22 $
564 502 39 20 och
620 502 107 20 Utskottet
742 502 7 19 i
764 502 114 20 allmänhet
893 504 69 18 ansett

213 535 150 26 upprepanden
380 535 51 20 böra
446 536 110 20 undvikas.

281 569 9 20 I
306 569 40 20 den
362 576 27 13 nu
406 570 91 24 följande
513 570 110 20 rubriken:

295 643 44 20 Om
359 643 123 20 Bankens
502 643 82 27 inköp
604 643 48 20 och
672 643 168 26 försäljning
859 643 27 20 af

454 683 145 20 utländska
618 683 106 25 vexlar,

212 740 36 19 har
265 739 106 21 Utskottet
386 740 63 20 infört
464 740 96 26 tillägget
575 740 23 19 af
611 740 73 20 orden:
700 739 80 28 ”ryska
795 739 56 26 och”,
865 742 50 17 enär
926 746 34 13 om

212 774 66 26 ryska
292 774 92 20 valutors
399 774 64 26 inköp
479 774 28 20 all
523 774 109 20 föreskrift
646 774 107 20 saknades
768 774 39 20 och
819 774 64 20 sådan
895 774 65 26 lämp-

213 808 57 26 ligen
287 808 64 20 hörde
367 808 31 20 till
414 808 97 27 reglorna
526 808 31 20 för
573 808 39 20 den
629 808 112 20 utländska
757 808 161 20 vexelhandeln.

282 841 9 20 I
311 843 22 18 16
349 844 10 22 $
376 841 113 21 återfinnes
509 841 58 20 detta
581 841 81 27 tillägg,
676 842 67 25 jemte
759 841 35 20 det
808 841 107 20 Utskottet
930 842 33 19 för

213 876 65 25 öfrigt
300 876 140 26 omredigerat
460 878 10 22 $
490 876 6 19 i
516 875 55 27 syfte
593 877 31 18 att
646 875 79 20 bereda
748 875 212 27 bankförvaltningen

212 912 68 17 större
298 910 64 19 frihet
376 910 7 19 i
399 910 83 19 formelt
497 909 120 20 hänseende
634 909 34 20 vid
684 910 124 26 pröfningen
825 909 23 20 af
861 910 103 26 erbjudna

214 944 84 20 vexlars
320 944 105 20 säkerhet.
455 943 38 20 Om
518 943 106 27 nemligen
647 943 90 26 säljaren
760 943 140 28 ovilkorligen
924 944 38 20 bör

214 984 50 13 vara
287 977 55 20 känd
366 978 32 19 för
420 978 113 20 redbarhet
552 978 39 19 och
611 977 177 27 vederhäftighet,
806 984 50 14 vore
874 978 86 20 Banken

213 1012 132 25 exempelvis
368 1012 120 20 förhindrad
511 1014 30 17 att
561 1012 80 26 inköpa
660 1011 62 20 säkra
738 1011 111 20 utländska
864 1012 98 27 bankers,

213 1046 31 19 till
260 1046 39 19 och
316 1046 45 19 med
379 1046 104 26 Englands
501 1046 66 19 banks
583 1046 78 25 vexlar,
678 1052 44 13 som
734 1046 23 19 af
765 1045 67 20 finska
843 1047 119 24 sjöfarande

213 1080 6 19 i
236 1080 95 26 betydlig
355 1080 75 26 mängd
450 1080 123 20 hemsändas
594 1080 38 19 och
649 1080 5 19 i
670 1079 76 20 sådant
765 1080 36 19 fall
817 1080 43 19 ofta
875 1081 30 19 till
922 1081 40 20 för-

213 1113 93 26 säljning
328 1113 96 26 utbjudas
443 1114 23 19 af
482 1120 106 19 personer,
605 1120 43 13 som
664 1116 36 17 äro
717 1113 93 20 hvarken
827 1113 69 20 kända
912 1115 51 19 eller

214 1147 153 26 vederhäftiga,
384 1154 47 13 men
448 1147 81 20 hvilkas
545 1147 90 20 endosso
652 1150 22 17 är
690 1147 23 20 af
726 1148 63 25 ingen
806 1147 109 27 betydelse
931 1149 31 19 för

214 1182 87 20 vexelus
323 1182 105 19 säkerhet.
461 1182 78 19 Vidare
562 1182 37 19 har
622 1181 107 20 Utskottet
751 1184 68 17 ansett
839 1188 25 13 en
884 1183 77 19 allmän

213 1216 130 26 författning,
366 1215 63 20 sådan
453 1215 57 20 detta
532 1215 130 27 reglemente
682 1215 53 20 skall
758 1215 70 26 blifva,
849 1216 46 19 icke
912 1216 51 20 böra

214 1251 68 19 fixera
296 1249 80 20 sådana
390 1250 95 26 detaljer,
501 1256 44 13 som
561 1251 29 18 att
607 1250 62 26 högst
684 1252 30 17 tre
731 1249 100 20 månader
847 1250 50 20 böra
908 1251 53 19 åter-

213 1284 32 19 stå
268 1284 31 19 till
322 1283 76 26 förfall,
420 1284 32 19 för
472 1286 29 17 att
521 1291 25 12 en
568 1284 61 19 vexel
646 1283 12 20 å
672 1283 109 20 utländskt
798 1287 58 23 mynt
871 1285 54 19 skall
942 1285 21 19 få

213 1318 73 25 köpas.
317 1318 32 25 Ty
372 1320 55 17 utom
451 1317 42 26 det,
512 1320 30 22 a&
561 1317 76 26 sjelfva
651 1318 70 19 denna
737 1317 140 28 begränsning
892 1321 23 17 är
930 1319 32 19 för

213 1351 69 27 trång,
302 1351 26 20 då
343 1353 13 18 t.
372 1358 34 13 ex.
426 1351 48 20 icke
493 1351 65 20 sällan
575 1351 31 20 till
623 1351 71 20 landet
709 1351 68 20 såsom
793 1351 121 27 fraktliqvid
931 1359 30 14 re-

213 1388 95 17 mitteras
327 1385 73 20 vexlar
420 1386 79 27 dragna
514 1385 46 21 från
576 1385 110 20 Östindien
702 1385 40 20 och
757 1385 66 20 andra
838 1388 124 18 transatlan-

213 1420 56 19 tiska
284 1422 56 17 orter
355 1419 27 26 på
397 1420 67 26 prima
479 1419 102 27 engelska
596 1419 45 26 hus,
656 1421 30 18 att
702 1419 81 20 betalas
799 1422 30 17 tre
842 1420 23 25 ja
880 1420 31 19 till
922 1421 40 19 och

214 1454 48 20 med
285 1460 37 13 sex
347 1453 99 20 månader
469 1453 56 27 efter
543 1453 151 27 uppvisandet,
715 1453 39 20 och
770 1453 45 20 skäl
832 1453 47 20 icke
895 1454 66 21 finnes
