<?xml version="1.0" encoding="UTF-8"?>
<alto xmlns="http://www.loc.gov/standards/alto/ns-v3#" xmlns:xlink="http://www.w3.org/1999/xlink" xmlns:xsi="http://www.w3.org/2001/XMLSchema-instance" xsi:schemaLocation="http://www.loc.gov/standards/alto/ns-v3# http://www.loc.gov/alto/v3/alto-3-0.xsd">
	<Description>
		<MeasurementUnit>pixel</MeasurementUnit>
		<sourceImageInformation>
			<fileName>/tmp/tess_rqjyk4lw_input.PNG</fileName>
		</sourceImageInformation>
		<OCRProcessing ID="OCR_0">
			<ocrProcessingStep>
				<processingSoftware>
					<softwareName>tesseract 5.3.4</softwareName>
				</processingSoftware>
			</ocrProcessingStep>
		</OCRProcessing>
	</Description>
	<Layout>
		<Page WIDTH="1078" HEIGHT="1692" PHYSICAL_IMG_NR="0" ID="page_0">
			<PrintSpace HPOS="0" VPOS="0" WIDTH="1078" HEIGHT="1692">
				<ComposedBlock ID="cblock_0" HPOS="811" VPOS="118" WIDTH="34" HEIGHT="18">
					<TextBlock ID="block_0" HPOS="811" VPOS="118" WIDTH="34" HEIGHT="18">
						<TextLine ID="line_0" HPOS="811" VPOS="118" WIDTH="34" HEIGHT="18">
							<String ID="string_0" HPOS="811" VPOS="118" WIDTH="34" HEIGHT="18" WC="0.96" CONTENT="445"/>
						</TextLine>
					</TextBlock>
				</ComposedBlock>
				<ComposedBlock ID="cblock_1" HPOS="115" VPOS="179" WIDTH="752" HEIGHT="813">
					<TextBlock ID="block_1" HPOS="117" VPOS="179" WIDTH="750" HEIGHT="131">
						<TextLine ID="line_1" HPOS="117" VPOS="179" WIDTH="750" HEIGHT="27">
							<String ID="string_1" HPOS="117" VPOS="179" WIDTH="98" HEIGHT="21" WC="0.93" CONTENT="Bankens"/><SP WIDTH="21" VPOS="179" HPOS="215"/>
							<String ID="string_2" HPOS="236" VPOS="180" WIDTH="132" HEIGHT="26" WC="0.91" CONTENT="invisningar"/><SP WIDTH="22" VPOS="180" HPOS="368"/>
							<String ID="string_3" HPOS="390" VPOS="180" WIDTH="61" HEIGHT="19" WC="0.96" CONTENT="äfven"/><SP WIDTH="24" VPOS="180" HPOS="451"/>
							<String ID="string_4" HPOS="475" VPOS="180" WIDTH="22" HEIGHT="19" WC="0.96" CONTENT="af"/><SP WIDTH="21" VPOS="180" HPOS="497"/>
							<String ID="string_5" HPOS="518" VPOS="180" WIDTH="76" HEIGHT="20" WC="0.96" CONTENT="kontor"/><SP WIDTH="20" VPOS="180" HPOS="594"/>
							<String ID="string_6" HPOS="614" VPOS="180" WIDTH="27" HEIGHT="26" WC="0.96" CONTENT="på"/><SP WIDTH="15" VPOS="180" HPOS="641"/>
							<String ID="string_7" HPOS="656" VPOS="186" WIDTH="69" HEIGHT="14" WC="0.96" CONTENT="annan"/><SP WIDTH="17" VPOS="186" HPOS="725"/>
							<String ID="string_8" HPOS="742" VPOS="183" WIDTH="38" HEIGHT="23" WC="0.94" CONTENT="ort,"/><SP WIDTH="16" VPOS="183" HPOS="780"/>
							<String ID="string_9" HPOS="796" VPOS="184" WIDTH="25" HEIGHT="16" WC="0.96" CONTENT="än"/><SP WIDTH="18" VPOS="184" HPOS="821"/>
							<String ID="string_10" HPOS="839" VPOS="182" WIDTH="28" HEIGHT="19" WC="0.96" CONTENT="uti"/>
						</TextLine>
						<TextLine ID="line_2" HPOS="117" VPOS="214" WIDTH="749" HEIGHT="28">
							<String ID="string_11" HPOS="117" VPOS="214" WIDTH="107" HEIGHT="20" WC="0.96" CONTENT="desamma"/><SP WIDTH="14" VPOS="214" HPOS="224"/>
							<String ID="string_12" HPOS="238" VPOS="216" WIDTH="23" HEIGHT="17" WC="0.93" CONTENT="är"/><SP WIDTH="16" VPOS="216" HPOS="261"/>
							<String ID="string_13" HPOS="277" VPOS="214" WIDTH="121" HEIGHT="26" WC="0.91" CONTENT="uppgifven,"/><SP WIDTH="16" VPOS="214" HPOS="398"/>
							<String ID="string_14" HPOS="414" VPOS="216" WIDTH="51" HEIGHT="18" WC="0.96" CONTENT="enär"/><SP WIDTH="15" VPOS="216" HPOS="465"/>
							<String ID="string_15" HPOS="480" VPOS="214" WIDTH="75" HEIGHT="20" WC="0.96" CONTENT="sådant"/><SP WIDTH="16" VPOS="214" HPOS="555"/>
							<String ID="string_16" HPOS="571" VPOS="214" WIDTH="40" HEIGHT="20" WC="0.96" CONTENT="blir"/><SP WIDTH="11" VPOS="214" HPOS="611"/>
							<String ID="string_17" HPOS="622" VPOS="214" WIDTH="31" HEIGHT="20" WC="0.96" CONTENT="för"/><SP WIDTH="11" VPOS="214" HPOS="653"/>
							<String ID="string_18" HPOS="664" VPOS="214" WIDTH="141" HEIGHT="21" WC="0.93" CONTENT="allmänheten"/><SP WIDTH="12" VPOS="214" HPOS="805"/>
							<String ID="string_19" HPOS="817" VPOS="222" WIDTH="49" HEIGHT="20" WC="0.92" CONTENT="gag-"/>
						</TextLine>
						<TextLine ID="line_3" HPOS="117" VPOS="248" WIDTH="750" HEIGHT="27">
							<String ID="string_20" HPOS="117" VPOS="248" WIDTH="72" HEIGHT="26" WC="0.90" CONTENT="neligt,"/><SP WIDTH="24" VPOS="248" HPOS="189"/>
							<String ID="string_21" HPOS="213" VPOS="251" WIDTH="47" HEIGHT="17" WC="0.96" CONTENT="utan"/><SP WIDTH="23" VPOS="251" HPOS="260"/>
							<String ID="string_22" HPOS="283" VPOS="250" WIDTH="31" HEIGHT="18" WC="0.95" CONTENT="att"/><SP WIDTH="22" VPOS="250" HPOS="314"/>
							<String ID="string_23" HPOS="336" VPOS="248" WIDTH="78" HEIGHT="20" WC="0.96" CONTENT="bereda"/><SP WIDTH="22" VPOS="248" HPOS="414"/>
							<String ID="string_24" HPOS="436" VPOS="248" WIDTH="87" HEIGHT="20" WC="0.95" CONTENT="Banken"/><SP WIDTH="25" VPOS="248" HPOS="523"/>
							<String ID="string_25" HPOS="548" VPOS="249" WIDTH="64" HEIGHT="26" WC="0.95" CONTENT="något"/><SP WIDTH="21" VPOS="249" HPOS="612"/>
							<String ID="string_26" HPOS="633" VPOS="255" WIDTH="55" HEIGHT="19" WC="0.95" CONTENT="men,"/><SP WIDTH="20" VPOS="255" HPOS="688"/>
							<String ID="string_27" HPOS="708" VPOS="249" WIDTH="36" HEIGHT="19" WC="0.96" CONTENT="har"/><SP WIDTH="16" VPOS="249" HPOS="744"/>
							<String ID="string_28" HPOS="760" VPOS="249" WIDTH="107" HEIGHT="20" WC="0.95" CONTENT="Utskottet"/>
						</TextLine>
						<TextLine ID="line_4" HPOS="117" VPOS="282" WIDTH="749" HEIGHT="28">
							<String ID="string_29" HPOS="117" VPOS="282" WIDTH="105" HEIGHT="20" WC="0.96" CONTENT="dessutom"/><SP WIDTH="16" VPOS="282" HPOS="222"/>
							<String ID="string_30" HPOS="238" VPOS="282" WIDTH="68" HEIGHT="20" WC="0.96" CONTENT="funnit"/><SP WIDTH="15" VPOS="282" HPOS="306"/>
							<String ID="string_31" HPOS="321" VPOS="282" WIDTH="33" HEIGHT="26" WC="0.93" CONTENT="sig"/><SP WIDTH="16" VPOS="282" HPOS="354"/>
							<String ID="string_32" HPOS="370" VPOS="282" WIDTH="112" HEIGHT="20" WC="0.91" CONTENT="föranlåtet"/><SP WIDTH="15" VPOS="282" HPOS="482"/>
							<String ID="string_33" HPOS="497" VPOS="285" WIDTH="29" HEIGHT="17" WC="0.96" CONTENT="att"/><SP WIDTH="11" VPOS="285" HPOS="526"/>
							<String ID="string_34" HPOS="537" VPOS="282" WIDTH="65" HEIGHT="27" WC="0.96" CONTENT="något"/><SP WIDTH="10" VPOS="282" HPOS="602"/>
							<String ID="string_35" HPOS="612" VPOS="282" WIDTH="66" HEIGHT="20" WC="0.93" CONTENT="ändra"/><SP WIDTH="10" VPOS="282" HPOS="678"/>
							<String ID="string_36" HPOS="688" VPOS="284" WIDTH="28" HEIGHT="22" WC="0.92" CONTENT="$:s"/><SP WIDTH="10" VPOS="284" HPOS="716"/>
							<String ID="string_37" HPOS="726" VPOS="283" WIDTH="140" HEIGHT="27" WC="0.95" CONTENT="ordalydelse."/>
						</TextLine>
					</TextBlock>
					<TextBlock ID="block_2" HPOS="120" VPOS="316" WIDTH="746" HEIGHT="58">
						<TextLine ID="line_5" HPOS="185" VPOS="316" WIDTH="681" HEIGHT="28">
							<String ID="string_38" HPOS="185" VPOS="317" WIDTH="26" HEIGHT="19" WC="0.91" CONTENT="22"/><SP WIDTH="15" VPOS="317" HPOS="211"/>
							<String ID="string_39" HPOS="226" VPOS="318" WIDTH="10" HEIGHT="22" WC="0.83" CONTENT="$"/><SP WIDTH="16" VPOS="318" HPOS="236"/>
							<String ID="string_40" HPOS="252" VPOS="316" WIDTH="115" HEIGHT="26" WC="0.95" CONTENT="bortfaller,"/><SP WIDTH="17" VPOS="316" HPOS="367"/>
							<String ID="string_41" HPOS="384" VPOS="316" WIDTH="88" HEIGHT="20" WC="0.95" CONTENT="emedan"/><SP WIDTH="17" VPOS="316" HPOS="472"/>
							<String ID="string_42" HPOS="489" VPOS="316" WIDTH="47" HEIGHT="20" WC="0.95" CONTENT="dess"/><SP WIDTH="17" VPOS="316" HPOS="536"/>
							<String ID="string_43" HPOS="553" VPOS="316" WIDTH="93" HEIGHT="20" WC="0.93" CONTENT="innehåll"/><SP WIDTH="16" VPOS="316" HPOS="646"/>
							<String ID="string_44" HPOS="662" VPOS="316" WIDTH="107" HEIGHT="21" WC="0.92" CONTENT="allaredan"/><SP WIDTH="16" VPOS="316" HPOS="769"/>
							<String ID="string_45" HPOS="785" VPOS="318" WIDTH="60" HEIGHT="26" WC="0.96" CONTENT="ingår"/><SP WIDTH="15" VPOS="318" HPOS="845"/>
							<String ID="string_46" HPOS="860" VPOS="318" WIDTH="6" HEIGHT="20" WC="0.96" CONTENT="i"/>
						</TextLine>
						<TextLine ID="line_6" HPOS="120" VPOS="350" WIDTH="165" HEIGHT="24">
							<String ID="string_47" HPOS="120" VPOS="351" WIDTH="21" HEIGHT="19" WC="0.96" CONTENT="17"/><SP WIDTH="18" VPOS="351" HPOS="141"/>
							<String ID="string_48" HPOS="159" VPOS="351" WIDTH="40" HEIGHT="19" WC="0.96" CONTENT="och"/><SP WIDTH="16" VPOS="351" HPOS="199"/>
							<String ID="string_49" HPOS="215" VPOS="350" WIDTH="23" HEIGHT="20" WC="0.95" CONTENT="21"/><SP WIDTH="19" VPOS="350" HPOS="238"/>
							<String ID="string_50" HPOS="257" VPOS="352" WIDTH="28" HEIGHT="22" WC="0.82" CONTENT="Ss."/>
						</TextLine>
					</TextBlock>
					<TextBlock ID="block_3" HPOS="117" VPOS="384" WIDTH="750" HEIGHT="130">
						<TextLine ID="line_7" HPOS="185" VPOS="384" WIDTH="681" HEIGHT="28">
							<String ID="string_51" HPOS="185" VPOS="385" WIDTH="26" HEIGHT="19" WC="0.85" CONTENT="23"/><SP WIDTH="16" VPOS="385" HPOS="211"/>
							<String ID="string_52" HPOS="227" VPOS="387" WIDTH="10" HEIGHT="22" WC="0.91" CONTENT="$"/><SP WIDTH="17" VPOS="387" HPOS="237"/>
							<String ID="string_53" HPOS="254" VPOS="385" WIDTH="99" HEIGHT="19" WC="0.92" CONTENT="uteslutes"/><SP WIDTH="13" VPOS="385" HPOS="353"/>
							<String ID="string_54" HPOS="366" VPOS="385" WIDTH="87" HEIGHT="26" WC="0.90" CONTENT="jemväl,"/><SP WIDTH="16" VPOS="385" HPOS="453"/>
							<String ID="string_55" HPOS="469" VPOS="384" WIDTH="26" HEIGHT="20" WC="0.93" CONTENT="dä"/><SP WIDTH="16" VPOS="384" HPOS="495"/>
							<String ID="string_56" HPOS="511" VPOS="384" WIDTH="134" HEIGHT="20" WC="0.96" CONTENT="föreskriften"/><SP WIDTH="12" VPOS="384" HPOS="645"/>
							<String ID="string_57" HPOS="657" VPOS="387" WIDTH="31" HEIGHT="17" WC="0.96" CONTENT="att"/><SP WIDTH="10" VPOS="387" HPOS="688"/>
							<String ID="string_58" HPOS="698" VPOS="385" WIDTH="105" HEIGHT="26" WC="0.93" CONTENT="provision"/><SP WIDTH="14" VPOS="385" HPOS="803"/>
							<String ID="string_59" HPOS="817" VPOS="392" WIDTH="49" HEIGHT="20" WC="0.91" CONTENT="upp-"/>
						</TextLine>
						<TextLine ID="line_8" HPOS="118" VPOS="418" WIDTH="749" HEIGHT="28">
							<String ID="string_60" HPOS="118" VPOS="420" WIDTH="60" HEIGHT="19" WC="0.92" CONTENT="bäres"/><SP WIDTH="21" VPOS="420" HPOS="178"/>
							<String ID="string_61" HPOS="199" VPOS="419" WIDTH="31" HEIGHT="19" WC="0.93" CONTENT="för"/><SP WIDTH="16" VPOS="419" HPOS="230"/>
							<String ID="string_62" HPOS="246" VPOS="419" WIDTH="223" HEIGHT="26" WC="0.91" CONTENT="postremissvexlarne"/><SP WIDTH="17" VPOS="419" HPOS="469"/>
							<String ID="string_63" HPOS="486" VPOS="419" WIDTH="69" HEIGHT="19" WC="0.92" CONTENT="blifvit"/><SP WIDTH="14" VPOS="419" HPOS="555"/>
							<String ID="string_64" HPOS="569" VPOS="418" WIDTH="69" HEIGHT="21" WC="0.92" CONTENT="införd"/><SP WIDTH="16" VPOS="418" HPOS="638"/>
							<String ID="string_65" HPOS="654" VPOS="419" WIDTH="6" HEIGHT="19" WC="0.95" CONTENT="i"/><SP WIDTH="17" VPOS="419" HPOS="660"/>
							<String ID="string_66" HPOS="677" VPOS="419" WIDTH="24" HEIGHT="20" WC="0.93" CONTENT="21"/><SP WIDTH="18" VPOS="419" HPOS="701"/>
							<String ID="string_67" HPOS="719" VPOS="421" WIDTH="9" HEIGHT="22" WC="0.93" CONTENT="$"/><SP WIDTH="17" VPOS="421" HPOS="728"/>
							<String ID="string_68" HPOS="745" VPOS="419" WIDTH="39" HEIGHT="20" WC="0.93" CONTENT="och"/><SP WIDTH="15" VPOS="419" HPOS="784"/>
							<String ID="string_69" HPOS="799" VPOS="420" WIDTH="68" HEIGHT="26" WC="0.92" CONTENT="öfriga"/>
						</TextLine>
						<TextLine ID="line_9" HPOS="117" VPOS="453" WIDTH="750" HEIGHT="27">
							<String ID="string_70" HPOS="117" VPOS="453" WIDTH="117" HEIGHT="20" WC="0.92" CONTENT="innehället"/><SP WIDTH="14" VPOS="453" HPOS="234"/>
							<String ID="string_71" HPOS="248" VPOS="454" WIDTH="23" HEIGHT="19" WC="0.96" CONTENT="af"/><SP WIDTH="13" VPOS="454" HPOS="271"/>
							<String ID="string_72" HPOS="284" VPOS="453" WIDTH="26" HEIGHT="20" WC="0.93" CONTENT="23"/><SP WIDTH="17" VPOS="453" HPOS="310"/>
							<String ID="string_73" HPOS="327" VPOS="455" WIDTH="17" HEIGHT="23" WC="0.92" CONTENT="$,"/><SP WIDTH="15" VPOS="455" HPOS="344"/>
							<String ID="string_74" HPOS="359" VPOS="454" WIDTH="6" HEIGHT="19" WC="0.96" CONTENT="i"/><SP WIDTH="17" VPOS="454" HPOS="365"/>
							<String ID="string_75" HPOS="382" VPOS="453" WIDTH="50" HEIGHT="26" WC="0.96" CONTENT="följd"/><SP WIDTH="17" VPOS="453" HPOS="432"/>
							<String ID="string_76" HPOS="449" VPOS="453" WIDTH="23" HEIGHT="20" WC="0.93" CONTENT="af"/><SP WIDTH="13" VPOS="453" HPOS="472"/>
							<String ID="string_77" HPOS="485" VPOS="453" WIDTH="54" HEIGHT="20" WC="0.92" CONTENT="hvad"/><SP WIDTH="17" VPOS="453" HPOS="539"/>
							<String ID="string_78" HPOS="556" VPOS="453" WIDTH="107" HEIGHT="20" WC="0.93" CONTENT="Utskottet"/><SP WIDTH="15" VPOS="453" HPOS="663"/>
							<String ID="string_79" HPOS="678" VPOS="453" WIDTH="68" HEIGHT="20" WC="0.91" CONTENT="anfört"/><SP WIDTH="16" VPOS="453" HPOS="746"/>
							<String ID="string_80" HPOS="762" VPOS="453" WIDTH="34" HEIGHT="20" WC="0.96" CONTENT="vid"/><SP WIDTH="18" VPOS="453" HPOS="796"/>
							<String ID="string_81" HPOS="814" VPOS="454" WIDTH="24" HEIGHT="20" WC="0.92" CONTENT="15"/><SP WIDTH="12" VPOS="454" HPOS="838"/>
							<String ID="string_82" HPOS="850" VPOS="456" WIDTH="17" HEIGHT="24" WC="0.92" CONTENT="$,"/>
						</TextLine>
						<TextLine ID="line_10" HPOS="117" VPOS="488" WIDTH="161" HEIGHT="26">
							<String ID="string_83" HPOS="117" VPOS="491" WIDTH="22" HEIGHT="17" WC="0.92" CONTENT="är"/><SP WIDTH="16" VPOS="491" HPOS="139"/>
							<String ID="string_84" HPOS="155" VPOS="488" WIDTH="123" HEIGHT="26" WC="0.90" CONTENT="obehöfligt."/>
						</TextLine>
					</TextBlock>
					<TextBlock ID="block_4" HPOS="117" VPOS="521" WIDTH="749" HEIGHT="89">
						<TextLine ID="line_11" HPOS="185" VPOS="521" WIDTH="681" HEIGHT="26">
							<String ID="string_85" HPOS="185" VPOS="522" WIDTH="26" HEIGHT="20" WC="0.92" CONTENT="24"/><SP WIDTH="15" VPOS="522" HPOS="211"/>
							<String ID="string_86" HPOS="226" VPOS="524" WIDTH="10" HEIGHT="22" WC="0.41" CONTENT="S"/><SP WIDTH="16" VPOS="524" HPOS="236"/>
							<String ID="string_87" HPOS="252" VPOS="522" WIDTH="44" HEIGHT="20" WC="0.96" CONTENT="åter"/><SP WIDTH="20" VPOS="522" HPOS="296"/>
							<String ID="string_88" HPOS="316" VPOS="521" WIDTH="88" HEIGHT="21" WC="0.96" CONTENT="föreslås"/><SP WIDTH="22" VPOS="521" HPOS="404"/>
							<String ID="string_89" HPOS="426" VPOS="522" WIDTH="30" HEIGHT="19" WC="0.93" CONTENT="till"/><SP WIDTH="17" VPOS="522" HPOS="456"/>
							<String ID="string_90" HPOS="473" VPOS="521" WIDTH="142" HEIGHT="26" WC="0.90" CONTENT="utlemnande,"/><SP WIDTH="16" VPOS="521" HPOS="615"/>
							<String ID="string_91" HPOS="631" VPOS="521" WIDTH="68" HEIGHT="20" WC="0.96" CONTENT="såsom"/><SP WIDTH="19" VPOS="521" HPOS="699"/>
							<String ID="string_92" HPOS="718" VPOS="522" WIDTH="148" HEIGHT="20" WC="0.96" CONTENT="innehållande"/>
						</TextLine>
						<TextLine ID="line_12" HPOS="117" VPOS="555" WIDTH="748" HEIGHT="27">
							<String ID="string_93" HPOS="117" VPOS="563" WIDTH="25" HEIGHT="13" WC="0.92" CONTENT="en"/><SP WIDTH="24" VPOS="563" HPOS="142"/>
							<String ID="string_94" HPOS="166" VPOS="556" WIDTH="110" HEIGHT="26" WC="0.95" CONTENT="obetydlig"/><SP WIDTH="22" VPOS="556" HPOS="276"/>
							<String ID="string_95" HPOS="298" VPOS="556" WIDTH="70" HEIGHT="26" WC="0.94" CONTENT="detalj,"/><SP WIDTH="21" VPOS="556" HPOS="368"/>
							<String ID="string_96" HPOS="389" VPOS="556" WIDTH="85" HEIGHT="20" WC="0.96" CONTENT="hvilken"/><SP WIDTH="21" VPOS="556" HPOS="474"/>
							<String ID="string_97" HPOS="495" VPOS="556" WIDTH="65" HEIGHT="20" WC="0.96" CONTENT="hellre"/><SP WIDTH="17" VPOS="556" HPOS="560"/>
							<String ID="string_98" HPOS="577" VPOS="555" WIDTH="33" HEIGHT="20" WC="0.93" CONTENT="mä"/><SP WIDTH="15" VPOS="555" HPOS="610"/>
							<String ID="string_99" HPOS="625" VPOS="556" WIDTH="49" HEIGHT="26" WC="0.96" CONTENT="ingå"/><SP WIDTH="16" VPOS="556" HPOS="674"/>
							<String ID="string_100" HPOS="690" VPOS="556" WIDTH="6" HEIGHT="19" WC="0.93" CONTENT="i"/><SP WIDTH="16" VPOS="556" HPOS="696"/>
							<String ID="string_101" HPOS="712" VPOS="556" WIDTH="153" HEIGHT="20" WC="0.96" CONTENT="instruktionen"/>
						</TextLine>
						<TextLine ID="line_13" HPOS="117" VPOS="590" WIDTH="156" HEIGHT="20">
							<String ID="string_102" HPOS="117" VPOS="590" WIDTH="31" HEIGHT="20" WC="0.96" CONTENT="för"/><SP WIDTH="15" VPOS="590" HPOS="148"/>
							<String ID="string_103" HPOS="163" VPOS="590" WIDTH="110" HEIGHT="20" WC="0.95" CONTENT="kontoren."/>
						</TextLine>
					</TextBlock>
					<TextBlock ID="block_5" HPOS="115" VPOS="624" WIDTH="752" HEIGHT="368">
						<TextLine ID="line_14" HPOS="184" VPOS="624" WIDTH="682" HEIGHT="27">
							<String ID="string_104" HPOS="184" VPOS="624" WIDTH="66" HEIGHT="20" WC="0.95" CONTENT="Den"/><SP WIDTH="-9" VPOS="624" HPOS="250"/>
							<String ID="string_105" HPOS="241" VPOS="620" WIDTH="14" HEIGHT="35" WC="0.96" CONTENT="i"/><SP WIDTH="16" VPOS="620" HPOS="255"/>
							<String ID="string_106" HPOS="271" VPOS="624" WIDTH="25" HEIGHT="20" WC="0.93" CONTENT="25"/><SP WIDTH="20" VPOS="624" HPOS="296"/>
							<String ID="string_107" HPOS="316" VPOS="626" WIDTH="10" HEIGHT="22" WC="0.92" CONTENT="$"/><SP WIDTH="20" VPOS="626" HPOS="326"/>
							<String ID="string_108" HPOS="346" VPOS="624" WIDTH="119" HEIGHT="26" WC="0.95" CONTENT="föreslagna"/><SP WIDTH="23" VPOS="624" HPOS="465"/>
							<String ID="string_109" HPOS="488" VPOS="624" WIDTH="171" HEIGHT="26" WC="0.95" CONTENT="begränsningen"/><SP WIDTH="23" VPOS="624" HPOS="659"/>
							<String ID="string_110" HPOS="682" VPOS="624" WIDTH="23" HEIGHT="20" WC="0.93" CONTENT="af"/><SP WIDTH="20" VPOS="624" HPOS="705"/>
							<String ID="string_111" HPOS="725" VPOS="624" WIDTH="141" HEIGHT="27" WC="0.91" CONTENT="invisningars"/>
						</TextLine>
						<TextLine ID="line_15" HPOS="117" VPOS="658" WIDTH="749" HEIGHT="27">
							<String ID="string_112" HPOS="117" VPOS="658" WIDTH="189" HEIGHT="27" WC="0.89" CONTENT="preskriptionstid,"/><SP WIDTH="16" VPOS="658" HPOS="306"/>
							<String ID="string_113" HPOS="322" VPOS="664" WIDTH="43" HEIGHT="14" WC="0.96" CONTENT="som"/><SP WIDTH="17" VPOS="664" HPOS="365"/>
							<String ID="string_114" HPOS="382" VPOS="660" WIDTH="61" HEIGHT="24" WC="0.96" CONTENT="utgör"/><SP WIDTH="15" VPOS="660" HPOS="443"/>
							<String ID="string_115" HPOS="458" VPOS="665" WIDTH="26" HEIGHT="13" WC="0.92" CONTENT="en"/><SP WIDTH="16" VPOS="665" HPOS="484"/>
							<String ID="string_116" HPOS="500" VPOS="658" WIDTH="103" HEIGHT="20" WC="0.92" CONTENT="afvikelse"/><SP WIDTH="16" VPOS="658" HPOS="603"/>
							<String ID="string_117" HPOS="619" VPOS="658" WIDTH="45" HEIGHT="20" WC="0.96" CONTENT="från"/><SP WIDTH="16" VPOS="658" HPOS="664"/>
							<String ID="string_118" HPOS="680" VPOS="658" WIDTH="78" HEIGHT="20" WC="0.95" CONTENT="allmän"/><SP WIDTH="16" VPOS="658" HPOS="758"/>
							<String ID="string_119" HPOS="774" VPOS="658" WIDTH="41" HEIGHT="26" WC="0.95" CONTENT="lag,"/><SP WIDTH="15" VPOS="658" HPOS="815"/>
							<String ID="string_120" HPOS="830" VPOS="659" WIDTH="36" HEIGHT="19" WC="0.95" CONTENT="har"/>
						</TextLine>
						<TextLine ID="line_16" HPOS="115" VPOS="692" WIDTH="750" HEIGHT="27">
							<String ID="string_121" HPOS="115" VPOS="693" WIDTH="108" HEIGHT="20" WC="0.96" CONTENT="Utskottet"/><SP WIDTH="21" VPOS="693" HPOS="223"/>
							<String ID="string_122" HPOS="244" VPOS="692" WIDTH="48" HEIGHT="20" WC="0.96" CONTENT="icke"/><SP WIDTH="23" VPOS="692" HPOS="292"/>
							<String ID="string_123" HPOS="315" VPOS="692" WIDTH="81" HEIGHT="20" WC="0.96" CONTENT="kunnat"/><SP WIDTH="23" VPOS="692" HPOS="396"/>
							<String ID="string_124" HPOS="419" VPOS="692" WIDTH="112" HEIGHT="27" WC="0.96" CONTENT="tillstyrka,"/><SP WIDTH="23" VPOS="692" HPOS="531"/>
							<String ID="string_125" HPOS="554" VPOS="696" WIDTH="50" HEIGHT="16" WC="0.96" CONTENT="enär"/><SP WIDTH="20" VPOS="696" HPOS="604"/>
							<String ID="string_126" HPOS="624" VPOS="693" WIDTH="130" HEIGHT="25" WC="0.96" CONTENT="densamma,"/><SP WIDTH="21" VPOS="693" HPOS="754"/>
							<String ID="string_127" HPOS="775" VPOS="699" WIDTH="33" HEIGHT="13" WC="0.96" CONTENT="om"/><SP WIDTH="17" VPOS="699" HPOS="808"/>
							<String ID="string_128" HPOS="825" VPOS="693" WIDTH="40" HEIGHT="20" WC="0.96" CONTENT="den"/>
						</TextLine>
						<TextLine ID="line_17" HPOS="117" VPOS="727" WIDTH="749" HEIGHT="27">
							<String ID="string_129" HPOS="117" VPOS="727" WIDTH="109" HEIGHT="27" WC="0.96" CONTENT="verkligen"/><SP WIDTH="26" VPOS="727" HPOS="226"/>
							<String ID="string_130" HPOS="252" VPOS="727" WIDTH="70" HEIGHT="19" WC="0.94" CONTENT="kunde"/><SP WIDTH="24" VPOS="727" HPOS="322"/>
							<String ID="string_131" HPOS="346" VPOS="727" WIDTH="111" HEIGHT="26" WC="0.94" CONTENT="tillämpas,"/><SP WIDTH="24" VPOS="727" HPOS="457"/>
							<String ID="string_132" HPOS="481" VPOS="727" WIDTH="68" HEIGHT="19" WC="0.96" CONTENT="skulle"/><SP WIDTH="24" VPOS="727" HPOS="549"/>
							<String ID="string_133" HPOS="573" VPOS="727" WIDTH="78" HEIGHT="20" WC="0.96" CONTENT="bereda"/><SP WIDTH="22" VPOS="727" HPOS="651"/>
							<String ID="string_134" HPOS="673" VPOS="727" WIDTH="87" HEIGHT="19" WC="0.96" CONTENT="Banken"/><SP WIDTH="24" VPOS="727" HPOS="760"/>
							<String ID="string_135" HPOS="784" VPOS="727" WIDTH="82" HEIGHT="26" WC="0.96" CONTENT="oskälig"/>
						</TextLine>
						<TextLine ID="line_18" HPOS="117" VPOS="761" WIDTH="747" HEIGHT="27">
							<String ID="string_136" HPOS="117" VPOS="762" WIDTH="55" HEIGHT="19" WC="0.96" CONTENT="vinst"/><SP WIDTH="22" VPOS="762" HPOS="172"/>
							<String ID="string_137" HPOS="194" VPOS="761" WIDTH="26" HEIGHT="26" WC="0.96" CONTENT="på"/><SP WIDTH="23" VPOS="761" HPOS="220"/>
							<String ID="string_138" HPOS="243" VPOS="761" WIDTH="117" HEIGHT="20" WC="0.96" CONTENT="bekostnad"/><SP WIDTH="24" VPOS="761" HPOS="360"/>
							<String ID="string_139" HPOS="384" VPOS="762" WIDTH="23" HEIGHT="19" WC="0.96" CONTENT="af"/><SP WIDTH="17" VPOS="762" HPOS="407"/>
							<String ID="string_140" HPOS="424" VPOS="768" WIDTH="100" HEIGHT="20" WC="0.96" CONTENT="personer"/><SP WIDTH="15" VPOS="768" HPOS="524"/>
							<String ID="string_141" HPOS="539" VPOS="768" WIDTH="52" HEIGHT="17" WC="0.96" CONTENT="som,"/><SP WIDTH="16" VPOS="768" HPOS="591"/>
							<String ID="string_142" HPOS="607" VPOS="761" WIDTH="23" HEIGHT="20" WC="0.96" CONTENT="af"/><SP WIDTH="13" VPOS="761" HPOS="630"/>
							<String ID="string_143" HPOS="643" VPOS="761" WIDTH="132" HEIGHT="27" WC="0.96" CONTENT="okunnighet"/><SP WIDTH="15" VPOS="761" HPOS="775"/>
							<String ID="string_144" HPOS="790" VPOS="768" WIDTH="33" HEIGHT="13" WC="0.95" CONTENT="om"/><SP WIDTH="17" VPOS="768" HPOS="823"/>
							<String ID="string_145" HPOS="840" VPOS="768" WIDTH="24" HEIGHT="13" WC="0.95" CONTENT="en"/>
						</TextLine>
						<TextLine ID="line_19" HPOS="115" VPOS="795" WIDTH="750" HEIGHT="27">
							<String ID="string_146" HPOS="115" VPOS="795" WIDTH="66" HEIGHT="20" WC="0.92" CONTENT="sådan"/><SP WIDTH="16" VPOS="795" HPOS="181"/>
							<String ID="string_147" HPOS="197" VPOS="795" WIDTH="198" HEIGHT="27" WC="0.90" CONTENT="undantagsförmån"/><SP WIDTH="18" VPOS="795" HPOS="395"/>
							<String ID="string_148" HPOS="413" VPOS="796" WIDTH="32" HEIGHT="19" WC="0.96" CONTENT="för"/><SP WIDTH="16" VPOS="796" HPOS="445"/>
							<String ID="string_149" HPOS="461" VPOS="795" WIDTH="85" HEIGHT="20" WC="0.95" CONTENT="Banken"/><SP WIDTH="17" VPOS="795" HPOS="546"/>
							<String ID="string_150" HPOS="563" VPOS="796" WIDTH="52" HEIGHT="19" WC="0.95" CONTENT="eller"/><SP WIDTH="15" VPOS="796" HPOS="615"/>
							<String ID="string_151" HPOS="630" VPOS="796" WIDTH="6" HEIGHT="19" WC="0.96" CONTENT="i"/><SP WIDTH="17" VPOS="796" HPOS="636"/>
							<String ID="string_152" HPOS="653" VPOS="795" WIDTH="51" HEIGHT="26" WC="0.96" CONTENT="följd"/><SP WIDTH="16" VPOS="795" HPOS="704"/>
							<String ID="string_153" HPOS="720" VPOS="796" WIDTH="23" HEIGHT="19" WC="0.96" CONTENT="af"/><SP WIDTH="13" VPOS="796" HPOS="743"/>
							<String ID="string_154" HPOS="756" VPOS="796" WIDTH="65" HEIGHT="20" WC="0.93" CONTENT="andra"/><SP WIDTH="14" VPOS="796" HPOS="821"/>
							<String ID="string_155" HPOS="835" VPOS="796" WIDTH="30" HEIGHT="19" WC="0.91" CONTENT="in-"/>
						</TextLine>
						<TextLine ID="line_20" HPOS="116" VPOS="829" WIDTH="749" HEIGHT="26">
							<String ID="string_156" HPOS="116" VPOS="830" WIDTH="89" HEIGHT="19" WC="0.96" CONTENT="träffade"/><SP WIDTH="15" VPOS="830" HPOS="205"/>
							<String ID="string_157" HPOS="220" VPOS="829" WIDTH="152" HEIGHT="26" WC="0.95" CONTENT="förhållanden,"/><SP WIDTH="16" VPOS="829" HPOS="372"/>
							<String ID="string_158" HPOS="388" VPOS="829" WIDTH="89" HEIGHT="20" WC="0.96" CONTENT="kommit"/><SP WIDTH="14" VPOS="829" HPOS="477"/>
							<String ID="string_159" HPOS="491" VPOS="832" WIDTH="30" HEIGHT="17" WC="0.96" CONTENT="att"/><SP WIDTH="16" VPOS="832" HPOS="521"/>
							<String ID="string_160" HPOS="537" VPOS="830" WIDTH="92" HEIGHT="25" WC="0.96" CONTENT="fördröja"/><SP WIDTH="16" VPOS="830" HPOS="629"/>
							<String ID="string_161" HPOS="645" VPOS="830" WIDTH="47" HEIGHT="19" WC="0.93" CONTENT="med"/><SP WIDTH="16" VPOS="830" HPOS="692"/>
							<String ID="string_162" HPOS="708" VPOS="830" WIDTH="117" HEIGHT="25" WC="0.90" CONTENT="invisnings"/><SP WIDTH="11" VPOS="830" HPOS="825"/>
							<String ID="string_163" HPOS="836" VPOS="830" WIDTH="29" HEIGHT="19" WC="0.93" CONTENT="fö-"/>
						</TextLine>
						<TextLine ID="line_21" HPOS="115" VPOS="863" WIDTH="750" HEIGHT="26">
							<String ID="string_164" HPOS="115" VPOS="863" WIDTH="100" HEIGHT="20" WC="0.92" CONTENT="reteende"/><SP WIDTH="20" VPOS="863" HPOS="215"/>
							<String ID="string_165" HPOS="235" VPOS="863" WIDTH="29" HEIGHT="20" WC="0.96" CONTENT="till"/><SP WIDTH="16" VPOS="863" HPOS="264"/>
							<String ID="string_166" HPOS="280" VPOS="863" WIDTH="92" HEIGHT="26" WC="0.96" CONTENT="inlösen;"/><SP WIDTH="15" VPOS="863" HPOS="372"/>
							<String ID="string_167" HPOS="387" VPOS="864" WIDTH="39" HEIGHT="19" WC="0.96" CONTENT="och"/><SP WIDTH="17" VPOS="864" HPOS="426"/>
							<String ID="string_168" HPOS="443" VPOS="864" WIDTH="37" HEIGHT="19" WC="0.91" CONTENT="har"/><SP WIDTH="15" VPOS="864" HPOS="480"/>
							<String ID="string_169" HPOS="495" VPOS="863" WIDTH="83" HEIGHT="20" WC="0.91" CONTENT="derföre"/><SP WIDTH="17" VPOS="863" HPOS="578"/>
							<String ID="string_170" HPOS="595" VPOS="863" WIDTH="64" HEIGHT="20" WC="0.96" CONTENT="första"/><SP WIDTH="16" VPOS="863" HPOS="659"/>
							<String ID="string_171" HPOS="675" VPOS="863" WIDTH="83" HEIGHT="26" WC="0.96" CONTENT="stycket"/><SP WIDTH="15" VPOS="863" HPOS="758"/>
							<String ID="string_172" HPOS="773" VPOS="863" WIDTH="6" HEIGHT="20" WC="0.93" CONTENT="i"/><SP WIDTH="17" VPOS="863" HPOS="779"/>
							<String ID="string_173" HPOS="796" VPOS="865" WIDTH="10" HEIGHT="22" WC="0.93" CONTENT="$"/><SP WIDTH="16" VPOS="865" HPOS="806"/>
							<String ID="string_174" HPOS="822" VPOS="866" WIDTH="43" HEIGHT="17" WC="0.90" CONTENT="ute-"/>
						</TextLine>
						<TextLine ID="line_22" HPOS="115" VPOS="897" WIDTH="751" HEIGHT="26">
							<String ID="string_175" HPOS="115" VPOS="898" WIDTH="74" HEIGHT="19" WC="0.92" CONTENT="slutits."/><SP WIDTH="24" VPOS="898" HPOS="189"/>
							<String ID="string_176" HPOS="213" VPOS="898" WIDTH="8" HEIGHT="19" WC="0.95" CONTENT="I"/><SP WIDTH="15" VPOS="898" HPOS="221"/>
							<String ID="string_177" HPOS="236" VPOS="898" WIDTH="66" HEIGHT="19" WC="0.96" CONTENT="andra"/><SP WIDTH="15" VPOS="898" HPOS="302"/>
							<String ID="string_178" HPOS="317" VPOS="897" WIDTH="83" HEIGHT="26" WC="0.96" CONTENT="stycket"/><SP WIDTH="16" VPOS="897" HPOS="400"/>
							<String ID="string_179" HPOS="416" VPOS="898" WIDTH="37" HEIGHT="19" WC="0.96" CONTENT="har"/><SP WIDTH="11" VPOS="898" HPOS="453"/>
							<String ID="string_180" HPOS="464" VPOS="898" WIDTH="59" HEIGHT="20" WC="0.93" CONTENT="ordet"/><SP WIDTH="10" VPOS="898" HPOS="523"/>
							<String ID="string_181" HPOS="533" VPOS="897" WIDTH="84" HEIGHT="21" WC="0.79" CONTENT="”skall”"/><SP WIDTH="12" VPOS="897" HPOS="617"/>
							<String ID="string_182" HPOS="629" VPOS="897" WIDTH="117" HEIGHT="20" WC="0.96" CONTENT="förändrats"/><SP WIDTH="12" VPOS="897" HPOS="746"/>
							<String ID="string_183" HPOS="758" VPOS="898" WIDTH="29" HEIGHT="19" WC="0.93" CONTENT="till"/><SP WIDTH="12" VPOS="898" HPOS="787"/>
							<String ID="string_184" HPOS="799" VPOS="898" WIDTH="67" HEIGHT="25" WC="0.80" CONTENT="”må”,"/>
						</TextLine>
						<TextLine ID="line_23" HPOS="116" VPOS="931" WIDTH="751" HEIGHT="32">
							<String ID="string_185" HPOS="116" VPOS="932" WIDTH="97" HEIGHT="19" WC="0.96" CONTENT="eftersom"/><SP WIDTH="24" VPOS="932" HPOS="213"/>
							<String ID="string_186" HPOS="237" VPOS="932" WIDTH="35" HEIGHT="19" WC="0.96" CONTENT="det"/><SP WIDTH="22" VPOS="932" HPOS="272"/>
							<String ID="string_187" HPOS="294" VPOS="932" WIDTH="60" HEIGHT="19" WC="0.96" CONTENT="torde"/><SP WIDTH="20" VPOS="932" HPOS="354"/>
							<String ID="string_188" HPOS="374" VPOS="931" WIDTH="21" HEIGHT="20" WC="0.93" CONTENT="få"/><SP WIDTH="20" VPOS="931" HPOS="395"/>
							<String ID="string_189" HPOS="415" VPOS="931" WIDTH="114" HEIGHT="20" WC="0.91" CONTENT="ankomma"/><SP WIDTH="15" VPOS="931" HPOS="529"/>
							<String ID="string_190" HPOS="544" VPOS="932" WIDTH="27" HEIGHT="26" WC="0.93" CONTENT="på"/><SP WIDTH="16" VPOS="932" HPOS="571"/>
							<String ID="string_191" HPOS="587" VPOS="938" WIDTH="88" HEIGHT="20" WC="0.91" CONTENT="egarens"/><SP WIDTH="16" VPOS="938" HPOS="675"/>
							<String ID="string_192" HPOS="691" VPOS="938" WIDTH="53" HEIGHT="19" WC="0.93" CONTENT="egen"/><SP WIDTH="18" VPOS="938" HPOS="744"/>
							<String ID="string_193" HPOS="762" VPOS="931" WIDTH="105" HEIGHT="32" WC="0.89" CONTENT="pröfning,"/>
						</TextLine>
						<TextLine ID="line_24" HPOS="116" VPOS="965" WIDTH="750" HEIGHT="27">
							<String ID="string_194" HPOS="116" VPOS="973" WIDTH="33" HEIGHT="13" WC="0.96" CONTENT="om"/><SP WIDTH="17" VPOS="973" HPOS="149"/>
							<String ID="string_195" HPOS="166" VPOS="966" WIDTH="41" HEIGHT="19" WC="0.96" CONTENT="han"/><SP WIDTH="16" VPOS="966" HPOS="207"/>
							<String ID="string_196" HPOS="223" VPOS="965" WIDTH="35" HEIGHT="20" WC="0.95" CONTENT="vill"/><SP WIDTH="16" VPOS="965" HPOS="258"/>
							<String ID="string_197" HPOS="274" VPOS="965" WIDTH="88" HEIGHT="20" WC="0.95" CONTENT="utverka"/><SP WIDTH="16" VPOS="965" HPOS="362"/>
							<String ID="string_198" HPOS="378" VPOS="965" WIDTH="97" HEIGHT="20" WC="0.96" CONTENT="dödande"/><SP WIDTH="15" VPOS="965" HPOS="475"/>
							<String ID="string_199" HPOS="490" VPOS="966" WIDTH="24" HEIGHT="19" WC="0.96" CONTENT="af"/><SP WIDTH="13" VPOS="966" HPOS="514"/>
							<String ID="string_200" HPOS="527" VPOS="965" WIDTH="92" HEIGHT="20" WC="0.93" CONTENT="förlorad"/><SP WIDTH="14" VPOS="965" HPOS="619"/>
							<String ID="string_201" HPOS="633" VPOS="965" WIDTH="107" HEIGHT="27" WC="0.91" CONTENT="invisning"/><SP WIDTH="11" VPOS="965" HPOS="740"/>
							<String ID="string_202" HPOS="751" VPOS="965" WIDTH="51" HEIGHT="20" WC="0.96" CONTENT="eller"/><SP WIDTH="11" VPOS="965" HPOS="802"/>
							<String ID="string_203" HPOS="813" VPOS="966" WIDTH="53" HEIGHT="19" WC="0.95" CONTENT="icke."/>
						</TextLine>
					</TextBlock>
				</ComposedBlock>
				<ComposedBlock ID="cblock_2" HPOS="324" VPOS="1039" WIDTH="336" HEIGHT="27">
					<TextBlock ID="block_6" HPOS="324" VPOS="1039" WIDTH="336" HEIGHT="27">
						<TextLine ID="line_25" HPOS="324" VPOS="1039" WIDTH="336" HEIGHT="27">
							<String ID="string_204" HPOS="324" VPOS="1039" WIDTH="42" HEIGHT="20" WC="0.96" CONTENT="Om"/><SP WIDTH="19" VPOS="1039" HPOS="366"/>
							<String ID="string_205" HPOS="385" VPOS="1039" WIDTH="123" HEIGHT="20" WC="0.96" CONTENT="Bankens"/><SP WIDTH="21" VPOS="1039" HPOS="508"/>
							<String ID="string_206" HPOS="529" VPOS="1039" WIDTH="131" HEIGHT="27" WC="0.96" CONTENT="utlåning."/>
						</TextLine>
					</TextBlock>
				</ComposedBlock>
				<ComposedBlock ID="cblock_3" HPOS="114" VPOS="1101" WIDTH="755" HEIGHT="369">
					<TextBlock ID="block_7" HPOS="115" VPOS="1101" WIDTH="754" HEIGHT="231">
						<TextLine ID="line_26" HPOS="185" VPOS="1101" WIDTH="681" HEIGHT="28">
							<String ID="string_207" HPOS="185" VPOS="1102" WIDTH="111" HEIGHT="27" WC="0.96" CONTENT="Utgående"/><SP WIDTH="17" VPOS="1102" HPOS="296"/>
							<String ID="string_208" HPOS="313" VPOS="1102" WIDTH="45" HEIGHT="19" WC="0.96" CONTENT="från"/><SP WIDTH="16" VPOS="1102" HPOS="358"/>
							<String ID="string_209" HPOS="374" VPOS="1102" WIDTH="41" HEIGHT="20" WC="0.96" CONTENT="den"/><SP WIDTH="16" VPOS="1102" HPOS="415"/>
							<String ID="string_210" HPOS="431" VPOS="1102" WIDTH="65" HEIGHT="20" WC="0.93" CONTENT="redan"/><SP WIDTH="16" VPOS="1102" HPOS="496"/>
							<String ID="string_211" HPOS="512" VPOS="1102" WIDTH="152" HEIGHT="27" WC="0.91" CONTENT="ofvanangifna"/><SP WIDTH="15" VPOS="1102" HPOS="664"/>
							<String ID="string_212" HPOS="679" VPOS="1101" WIDTH="142" HEIGHT="27" WC="0.96" CONTENT="synpunkten,"/><SP WIDTH="16" VPOS="1101" HPOS="821"/>
							<String ID="string_213" HPOS="837" VPOS="1104" WIDTH="29" HEIGHT="18" WC="0.96" CONTENT="att"/>
						</TextLine>
						<TextLine ID="line_27" HPOS="116" VPOS="1136" WIDTH="753" HEIGHT="27">
							<String ID="string_214" HPOS="116" VPOS="1137" WIDTH="160" HEIGHT="26" WC="0.96" CONTENT="bestämningen"/><SP WIDTH="23" VPOS="1137" HPOS="276"/>
							<String ID="string_215" HPOS="299" VPOS="1137" WIDTH="23" HEIGHT="19" WC="0.96" CONTENT="af"/><SP WIDTH="20" VPOS="1137" HPOS="322"/>
							<String ID="string_216" HPOS="342" VPOS="1136" WIDTH="26" HEIGHT="20" WC="0.93" CONTENT="de"/><SP WIDTH="23" VPOS="1136" HPOS="368"/>
							<String ID="string_217" HPOS="391" VPOS="1136" WIDTH="195" HEIGHT="24" WC="0.91" CONTENT="maximiterminer,"/><SP WIDTH="21" VPOS="1136" HPOS="586"/>
							<String ID="string_218" HPOS="607" VPOS="1136" WIDTH="26" HEIGHT="26" WC="0.96" CONTENT="på"/><SP WIDTH="19" VPOS="1136" HPOS="633"/>
							<String ID="string_219" HPOS="652" VPOS="1136" WIDTH="73" HEIGHT="19" WC="0.96" CONTENT="hvilka"/><SP WIDTH="20" VPOS="1136" HPOS="725"/>
							<String ID="string_220" HPOS="745" VPOS="1136" WIDTH="33" HEIGHT="19" WC="0.96" CONTENT="lån"/><SP WIDTH="21" VPOS="1136" HPOS="778"/>
							<String ID="string_221" HPOS="799" VPOS="1136" WIDTH="32" HEIGHT="20" WC="0.96" CONTENT="må"/><SP WIDTH="16" VPOS="1136" HPOS="831"/>
							<String ID="string_222" HPOS="847" VPOS="1136" WIDTH="22" HEIGHT="20" WC="0.96" CONTENT="af"/>
						</TextLine>
						<TextLine ID="line_28" HPOS="117" VPOS="1170" WIDTH="748" HEIGHT="27">
							<String ID="string_223" HPOS="117" VPOS="1171" WIDTH="86" HEIGHT="20" WC="0.93" CONTENT="Banken"/><SP WIDTH="23" VPOS="1171" HPOS="203"/>
							<String ID="string_224" HPOS="226" VPOS="1171" WIDTH="97" HEIGHT="26" WC="0.90" CONTENT="utgifvas,"/><SP WIDTH="21" VPOS="1171" HPOS="323"/>
							<String ID="string_225" HPOS="344" VPOS="1170" WIDTH="37" HEIGHT="20" WC="0.93" CONTENT="bör"/><SP WIDTH="20" VPOS="1170" HPOS="381"/>
							<String ID="string_226" HPOS="401" VPOS="1170" WIDTH="140" HEIGHT="20" WC="0.91" CONTENT="öfverlemnas"/><SP WIDTH="16" VPOS="1170" HPOS="541"/>
							<String ID="string_227" HPOS="557" VPOS="1170" WIDTH="20" HEIGHT="19" WC="0.96" CONTENT="åt"/><SP WIDTH="16" VPOS="1170" HPOS="577"/>
							<String ID="string_228" HPOS="593" VPOS="1170" WIDTH="99" HEIGHT="19" WC="0.96" CONTENT="Bankens"/><SP WIDTH="15" VPOS="1170" HPOS="692"/>
							<String ID="string_229" HPOS="707" VPOS="1170" WIDTH="96" HEIGHT="26" WC="0.96" CONTENT="styrelse,"/><SP WIDTH="17" VPOS="1170" HPOS="803"/>
							<String ID="string_230" HPOS="820" VPOS="1177" WIDTH="45" HEIGHT="12" WC="0.96" CONTENT="men"/>
						</TextLine>
						<TextLine ID="line_29" HPOS="115" VPOS="1204" WIDTH="747" HEIGHT="27">
							<String ID="string_231" HPOS="115" VPOS="1206" WIDTH="48" HEIGHT="19" WC="0.83" CONTENT="ieke"/><SP WIDTH="16" VPOS="1206" HPOS="163"/>
							<String ID="string_232" HPOS="179" VPOS="1205" WIDTH="83" HEIGHT="26" WC="0.95" CONTENT="engång"/><SP WIDTH="16" VPOS="1205" HPOS="262"/>
							<String ID="string_233" HPOS="278" VPOS="1205" WIDTH="32" HEIGHT="19" WC="0.96" CONTENT="för"/><SP WIDTH="15" VPOS="1205" HPOS="310"/>
							<String ID="string_234" HPOS="325" VPOS="1204" WIDTH="42" HEIGHT="20" WC="0.96" CONTENT="alla"/><SP WIDTH="16" VPOS="1204" HPOS="367"/>
							<String ID="string_235" HPOS="383" VPOS="1204" WIDTH="73" HEIGHT="20" WC="0.96" CONTENT="bindas"/><SP WIDTH="11" VPOS="1204" HPOS="456"/>
							<String ID="string_236" HPOS="467" VPOS="1204" WIDTH="34" HEIGHT="19" WC="0.96" CONTENT="vid"/><SP WIDTH="12" VPOS="1204" HPOS="501"/>
							<String ID="string_237" HPOS="513" VPOS="1204" WIDTH="58" HEIGHT="20" WC="0.96" CONTENT="detta"/><SP WIDTH="11" VPOS="1204" HPOS="571"/>
							<String ID="string_238" HPOS="582" VPOS="1204" WIDTH="137" HEIGHT="27" WC="0.95" CONTENT="reglemente,"/><SP WIDTH="11" VPOS="1204" HPOS="719"/>
							<String ID="string_239" HPOS="730" VPOS="1204" WIDTH="37" HEIGHT="20" WC="0.93" CONTENT="har"/><SP WIDTH="11" VPOS="1204" HPOS="767"/>
							<String ID="string_240" HPOS="778" VPOS="1204" WIDTH="84" HEIGHT="20" WC="0.93" CONTENT="Utskot-"/>
						</TextLine>
						<TextLine ID="line_30" HPOS="115" VPOS="1238" WIDTH="750" HEIGHT="27">
							<String ID="string_241" HPOS="115" VPOS="1242" WIDTH="30" HEIGHT="17" WC="0.95" CONTENT="tet"/><SP WIDTH="11" VPOS="1242" HPOS="145"/>
							<String ID="string_242" HPOS="156" VPOS="1240" WIDTH="7" HEIGHT="19" WC="0.95" CONTENT="i"/><SP WIDTH="10" VPOS="1240" HPOS="163"/>
							<String ID="string_243" HPOS="173" VPOS="1239" WIDTH="95" HEIGHT="26" WC="0.96" CONTENT="enlighet"/><SP WIDTH="14" VPOS="1239" HPOS="268"/>
							<String ID="string_244" HPOS="282" VPOS="1239" WIDTH="86" HEIGHT="19" WC="0.95" CONTENT="dermed"/><SP WIDTH="16" VPOS="1239" HPOS="368"/>
							<String ID="string_245" HPOS="384" VPOS="1238" WIDTH="40" HEIGHT="20" WC="0.96" CONTENT="och"/><SP WIDTH="16" VPOS="1238" HPOS="424"/>
							<String ID="string_246" HPOS="440" VPOS="1238" WIDTH="26" HEIGHT="20" WC="0.96" CONTENT="då"/><SP WIDTH="15" VPOS="1238" HPOS="466"/>
							<String ID="string_247" HPOS="481" VPOS="1238" WIDTH="134" HEIGHT="20" WC="0.96" CONTENT="föreskriften"/><SP WIDTH="16" VPOS="1238" HPOS="615"/>
							<String ID="string_248" HPOS="631" VPOS="1238" WIDTH="112" HEIGHT="26" WC="0.93" CONTENT="angående"/><SP WIDTH="17" VPOS="1238" HPOS="743"/>
							<String ID="string_249" HPOS="760" VPOS="1238" WIDTH="105" HEIGHT="21" WC="0.91" CONTENT="Fullmäk-"/>
						</TextLine>
						<TextLine ID="line_31" HPOS="115" VPOS="1272" WIDTH="752" HEIGHT="28">
							<String ID="string_250" HPOS="115" VPOS="1274" WIDTH="54" HEIGHT="26" WC="0.92" CONTENT="tiges"/><SP WIDTH="20" VPOS="1274" HPOS="169"/>
							<String ID="string_251" HPOS="189" VPOS="1273" WIDTH="128" HEIGHT="27" WC="0.96" CONTENT="befogenhet"/><SP WIDTH="14" VPOS="1273" HPOS="317"/>
							<String ID="string_252" HPOS="331" VPOS="1273" WIDTH="7" HEIGHT="19" WC="0.96" CONTENT="i"/><SP WIDTH="16" VPOS="1273" HPOS="338"/>
							<String ID="string_253" HPOS="354" VPOS="1273" WIDTH="58" HEIGHT="19" WC="0.96" CONTENT="detta"/><SP WIDTH="18" VPOS="1273" HPOS="412"/>
							<String ID="string_254" HPOS="430" VPOS="1272" WIDTH="35" HEIGHT="20" WC="0.93" CONTENT="fall"/><SP WIDTH="17" VPOS="1272" HPOS="465"/>
							<String ID="string_255" HPOS="482" VPOS="1272" WIDTH="119" HEIGHT="27" WC="0.92" CONTENT="igenfinnes"/><SP WIDTH="16" VPOS="1272" HPOS="601"/>
							<String ID="string_256" HPOS="617" VPOS="1272" WIDTH="65" HEIGHT="20" WC="0.90" CONTENT="under"/><SP WIDTH="16" VPOS="1272" HPOS="682"/>
							<String ID="string_257" HPOS="698" VPOS="1274" WIDTH="10" HEIGHT="22" WC="0.90" CONTENT="$"/><SP WIDTH="17" VPOS="1274" HPOS="708"/>
							<String ID="string_258" HPOS="725" VPOS="1273" WIDTH="33" HEIGHT="25" WC="0.93" CONTENT="70,"/><SP WIDTH="16" VPOS="1273" HPOS="758"/>
							<String ID="string_259" HPOS="774" VPOS="1273" WIDTH="93" HEIGHT="19" WC="0.96" CONTENT="uteslutit"/>
						</TextLine>
						<TextLine ID="line_32" HPOS="115" VPOS="1307" WIDTH="750" HEIGHT="25">
							<String ID="string_260" HPOS="115" VPOS="1309" WIDTH="26" HEIGHT="19" WC="0.92" CONTENT="26"/><SP WIDTH="17" VPOS="1309" HPOS="141"/>
							<String ID="string_261" HPOS="158" VPOS="1310" WIDTH="9" HEIGHT="22" WC="0.91" CONTENT="$"/><SP WIDTH="16" VPOS="1310" HPOS="167"/>
							<String ID="string_262" HPOS="183" VPOS="1308" WIDTH="39" HEIGHT="19" WC="0.93" CONTENT="och"/><SP WIDTH="16" VPOS="1308" HPOS="222"/>
							<String ID="string_263" HPOS="238" VPOS="1307" WIDTH="101" HEIGHT="20" WC="0.90" CONTENT="öfverfört"/><SP WIDTH="15" VPOS="1307" HPOS="339"/>
							<String ID="string_264" HPOS="354" VPOS="1307" WIDTH="35" HEIGHT="20" WC="0.96" CONTENT="det"/><SP WIDTH="15" VPOS="1307" HPOS="389"/>
							<String ID="string_265" HPOS="404" VPOS="1307" WIDTH="132" HEIGHT="20" WC="0.95" CONTENT="återstående"/><SP WIDTH="15" VPOS="1307" HPOS="536"/>
							<String ID="string_266" HPOS="551" VPOS="1307" WIDTH="24" HEIGHT="19" WC="0.96" CONTENT="af"/><SP WIDTH="14" VPOS="1307" HPOS="575"/>
							<String ID="string_267" HPOS="589" VPOS="1307" WIDTH="46" HEIGHT="20" WC="0.96" CONTENT="dess"/><SP WIDTH="17" VPOS="1307" HPOS="635"/>
							<String ID="string_268" HPOS="652" VPOS="1307" WIDTH="92" HEIGHT="20" WC="0.96" CONTENT="innehåll"/><SP WIDTH="17" VPOS="1307" HPOS="744"/>
							<String ID="string_269" HPOS="761" VPOS="1307" WIDTH="31" HEIGHT="19" WC="0.93" CONTENT="till"/><SP WIDTH="16" VPOS="1307" HPOS="792"/>
							<String ID="string_270" HPOS="808" VPOS="1309" WIDTH="9" HEIGHT="22" WC="0.89" CONTENT="$"/><SP WIDTH="16" VPOS="1309" HPOS="817"/>
							<String ID="string_271" HPOS="833" VPOS="1307" WIDTH="32" HEIGHT="20" WC="0.96" CONTENT="27."/>
						</TextLine>
					</TextBlock>
					<TextBlock ID="block_8" HPOS="114" VPOS="1341" WIDTH="753" HEIGHT="129">
						<TextLine ID="line_33" HPOS="183" VPOS="1341" WIDTH="681" HEIGHT="26">
							<String ID="string_272" HPOS="183" VPOS="1342" WIDTH="9" HEIGHT="19" WC="0.93" CONTENT="I"/><SP WIDTH="16" VPOS="1342" HPOS="192"/>
							<String ID="string_273" HPOS="208" VPOS="1341" WIDTH="138" HEIGHT="20" WC="0.91" CONTENT="nästnämnde"/><SP WIDTH="14" VPOS="1341" HPOS="346"/>
							<String ID="string_274" HPOS="360" VPOS="1343" WIDTH="11" HEIGHT="22" WC="0.92" CONTENT="$"/><SP WIDTH="16" VPOS="1343" HPOS="371"/>
							<String ID="string_275" HPOS="387" VPOS="1343" WIDTH="36" HEIGHT="18" WC="0.96" CONTENT="äro"/><SP WIDTH="23" VPOS="1343" HPOS="423"/>
							<String ID="string_276" HPOS="446" VPOS="1341" WIDTH="66" HEIGHT="26" WC="0.96" CONTENT="några"/><SP WIDTH="19" VPOS="1341" HPOS="512"/>
							<String ID="string_277" HPOS="531" VPOS="1341" WIDTH="115" HEIGHT="26" WC="0.96" CONTENT="ändringar"/><SP WIDTH="21" VPOS="1341" HPOS="646"/>
							<String ID="string_278" HPOS="667" VPOS="1341" WIDTH="126" HEIGHT="26" WC="0.93" CONTENT="föreslagna."/><SP WIDTH="32" VPOS="1341" HPOS="793"/>
							<String ID="string_279" HPOS="825" VPOS="1341" WIDTH="39" HEIGHT="20" WC="0.92" CONTENT="Un-"/>
						</TextLine>
						<TextLine ID="line_34" HPOS="115" VPOS="1375" WIDTH="749" HEIGHT="28">
							<String ID="string_280" HPOS="115" VPOS="1376" WIDTH="37" HEIGHT="20" WC="0.96" CONTENT="der"/><SP WIDTH="21" VPOS="1376" HPOS="152"/>
							<String ID="string_281" HPOS="173" VPOS="1381" WIDTH="61" HEIGHT="14" WC="0.93" CONTENT="mom."/><SP WIDTH="19" VPOS="1381" HPOS="234"/>
							<String ID="string_282" HPOS="253" VPOS="1375" WIDTH="22" HEIGHT="28" WC="0.89" CONTENT="b)"/><SP WIDTH="16" VPOS="1375" HPOS="275"/>
							<String ID="string_283" HPOS="291" VPOS="1375" WIDTH="7" HEIGHT="20" WC="0.96" CONTENT="i"/><SP WIDTH="15" VPOS="1375" HPOS="298"/>
							<String ID="string_284" HPOS="313" VPOS="1375" WIDTH="101" HEIGHT="27" WC="0.96" CONTENT="förslaget"/><SP WIDTH="15" VPOS="1375" HPOS="414"/>
							<String ID="string_285" HPOS="429" VPOS="1378" WIDTH="61" HEIGHT="24" WC="0.96" CONTENT="säges"/><SP WIDTH="15" VPOS="1378" HPOS="490"/>
							<String ID="string_286" HPOS="505" VPOS="1377" WIDTH="30" HEIGHT="18" WC="0.96" CONTENT="att"/><SP WIDTH="16" VPOS="1377" HPOS="535"/>
							<String ID="string_287" HPOS="551" VPOS="1377" WIDTH="133" HEIGHT="24" WC="0.96" CONTENT="statspapper"/><SP WIDTH="16" VPOS="1377" HPOS="684"/>
							<String ID="string_288" HPOS="700" VPOS="1375" WIDTH="39" HEIGHT="20" WC="0.93" CONTENT="och"/><SP WIDTH="16" VPOS="1375" HPOS="739"/>
							<String ID="string_289" HPOS="755" VPOS="1375" WIDTH="109" HEIGHT="27" WC="0.92" CONTENT="obligatio-"/>
						</TextLine>
						<TextLine ID="line_35" HPOS="115" VPOS="1409" WIDTH="751" HEIGHT="27">
							<String ID="string_290" HPOS="115" VPOS="1417" WIDTH="37" HEIGHT="13" WC="0.96" CONTENT="ner"/><SP WIDTH="16" VPOS="1417" HPOS="152"/>
							<String ID="string_291" HPOS="168" VPOS="1410" WIDTH="21" HEIGHT="19" WC="0.96" CONTENT="få"/><SP WIDTH="15" VPOS="1410" HPOS="189"/>
							<String ID="string_292" HPOS="204" VPOS="1409" WIDTH="68" HEIGHT="20" WC="0.93" CONTENT="såsom"/><SP WIDTH="16" VPOS="1409" HPOS="272"/>
							<String ID="string_293" HPOS="288" VPOS="1409" WIDTH="149" HEIGHT="20" WC="0.91" CONTENT="lånesäkerhet"/><SP WIDTH="14" VPOS="1409" HPOS="437"/>
							<String ID="string_294" HPOS="451" VPOS="1411" WIDTH="94" HEIGHT="24" WC="0.91" CONTENT="antagas,"/><SP WIDTH="15" VPOS="1411" HPOS="545"/>
							<String ID="string_295" HPOS="560" VPOS="1409" WIDTH="100" HEIGHT="20" WC="0.91" CONTENT="”såframt"/><SP WIDTH="10" VPOS="1409" HPOS="660"/>
							<String ID="string_296" HPOS="670" VPOS="1409" WIDTH="62" HEIGHT="20" WC="0.96" CONTENT="deras"/><SP WIDTH="11" VPOS="1409" HPOS="732"/>
							<String ID="string_297" HPOS="743" VPOS="1409" WIDTH="123" HEIGHT="27" WC="0.96" CONTENT="försäljning"/>
						</TextLine>
						<TextLine ID="line_36" HPOS="114" VPOS="1443" WIDTH="753" HEIGHT="27">
							<String ID="string_298" HPOS="114" VPOS="1445" WIDTH="56" HEIGHT="19" WC="0.96" CONTENT="inom"/><SP WIDTH="24" VPOS="1445" HPOS="170"/>
							<String ID="string_299" HPOS="194" VPOS="1444" WIDTH="76" HEIGHT="25" WC="0.94" CONTENT="landet,"/><SP WIDTH="16" VPOS="1444" HPOS="270"/>
							<String ID="string_300" HPOS="286" VPOS="1444" WIDTH="6" HEIGHT="19" WC="0.96" CONTENT="i"/><SP WIDTH="17" VPOS="1444" HPOS="292"/>
							<String ID="string_301" HPOS="309" VPOS="1444" WIDTH="36" HEIGHT="19" WC="0.95" CONTENT="fall"/><SP WIDTH="23" VPOS="1444" HPOS="345"/>
							<String ID="string_302" HPOS="368" VPOS="1443" WIDTH="23" HEIGHT="20" WC="0.93" CONTENT="af"/><SP WIDTH="21" VPOS="1443" HPOS="391"/>
							<String ID="string_303" HPOS="412" VPOS="1443" WIDTH="69" HEIGHT="26" WC="0.92" CONTENT="behof,"/><SP WIDTH="21" VPOS="1443" HPOS="481"/>
							<String ID="string_304" HPOS="502" VPOS="1444" WIDTH="41" HEIGHT="19" WC="0.93" CONTENT="kan"/><SP WIDTH="21" VPOS="1444" HPOS="543"/>
							<String ID="string_305" HPOS="564" VPOS="1443" WIDTH="124" HEIGHT="27" WC="0.90" CONTENT="päräknas”."/><SP WIDTH="30" VPOS="1443" HPOS="688"/>
							<String ID="string_306" HPOS="718" VPOS="1444" WIDTH="63" HEIGHT="19" WC="0.95" CONTENT="Detta"/><SP WIDTH="17" VPOS="1444" HPOS="781"/>
							<String ID="string_307" HPOS="798" VPOS="1444" WIDTH="69" HEIGHT="19" WC="0.96" CONTENT="vilkor"/>
						</TextLine>
					</TextBlock>
				</ComposedBlock>
				<GraphicalElement ID="cblock_4" HPOS="1074" VPOS="816" WIDTH="3" HEIGHT="838"></GraphicalElement >
			</PrintSpace>
		</Page>
	</Layout>
</alto>
