1078 1692
232 108 34 19 512

209 172 33 20 för
257 172 28 20 all
301 172 52 20 sund
370 172 144 26 bankrörelse,
534 174 55 18 samt
608 172 31 20 för
656 172 64 26 öfrigt
735 173 6 19 i
758 174 85 19 formelt
857 173 100 19 afseende

208 206 107 27 iakttager
330 206 39 20 den
394 206 104 27 tydlighet
521 206 38 20 och
579 206 160 27 följdriktighet,
758 209 29 17 att
803 207 67 26 någon
887 206 70 20 villrå-

208 241 74 26 dighet
297 240 34 20 vid
347 240 160 27 tillämpningen
523 241 19 25 ej
559 240 34 20 må
609 240 134 26 uppkomma,
757 242 65 25 jemte
838 241 34 20 det
888 241 68 19 tillika

207 276 22 20 åt
245 275 95 20 bankens
356 276 88 25 styrelse
460 275 37 19 och
515 275 128 26 förvaltning
662 276 114 25 inrymmes
792 275 114 26 tillräcklig
921 275 35 19 fri-

207 310 36 20 het
259 311 31 18 att
304 309 34 20 vid
355 309 114 26 ledningen
481 309 38 20 och
531 309 173 20 handhafvandet
719 310 22 19 af
755 310 152 26 inrättningens
920 316 35 13 an-

207 344 153 26 gelägenheter
382 345 49 25 taga
453 344 65 26 nödig
537 344 81 26 hänsyn
635 344 31 19 till
682 344 105 20 vexlande
803 344 153 26 konjunkturer

207 378 38 20 och
262 377 216 20 affärsförhållanden.

276 412 111 26 Utgående
408 411 44 20 från
473 412 61 20 dessa
549 411 78 27 åsigter
643 412 62 20 hafva
720 412 123 26 Ständerna,
859 418 44 14 som
920 412 34 20 vid

206 446 112 26 förslagets
338 446 131 26 granskning
488 446 99 20 särskildt
603 446 47 20 sökt
664 446 141 27 tillgodogöra
820 447 31 26 sig
867 446 39 20 den
923 453 31 13 er-

206 480 97 20 farenhet
318 480 6 19 i
340 480 100 20 afseende
456 480 12 20 å
483 480 98 20 Bankens
602 480 77 20 rörelse
695 480 39 20 och
751 480 134 26 förvaltning,
903 480 50 19 hvil-

206 514 41 20 ken
271 514 81 20 kunnat
374 514 81 20 hemtas
478 522 23 12 ur
515 514 206 27 Bankfullmäktiges
744 515 31 20 till
792 515 116 20 Ständerna
924 515 30 19 af-

205 548 59 27 gifna
287 548 111 20 berättelse
422 549 88 20 rörande
530 549 174 20 handhafvandet
719 549 23 20 af
760 549 60 20 deras
837 549 117 26 befattning

206 582 48 20 med
270 582 94 26 Banken,
380 582 46 20 låtit
441 583 5 19 i
463 583 140 26 reglementet
625 584 75 25 inflyta
718 583 107 26 åtskilliga
846 589 56 13 mera
917 589 35 20 ge-

205 617 153 27 nomgripande
381 617 146 27 förändringar
543 618 5 18 i
565 617 40 20 den
622 624 26 12 nu
665 617 114 21 bestående
795 617 157 27 lagstiftningen

205 652 6 18 i
226 653 83 23 ämnet;
325 651 127 26 utbedjande
471 652 32 25 sig
523 651 117 20 Ständerna
655 653 29 18 att
701 651 20 20 få
736 652 7 19 i
760 652 34 19 det
810 651 91 25 följande
917 657 36 13 un-

205 684 123 27 derdånigst
351 685 113 19 framställa
487 685 73 20 skälen
584 686 30 18 till
638 685 64 27 några
717 686 23 19 af
754 686 60 19 dessa
829 684 125 20 förändrade

205 719 139 26 stadganden,
368 719 109 19 hvaremot
496 719 67 26 öfriga
589 720 163 26 bestämningar,
774 720 67 20 delvis
856 720 61 19 äfven
934 719 23 19 af

206 753 80 20 mindre
311 753 44 25 vigt
378 753 51 20 elier
453 753 75 20 endast
558 754 30 19 till
611 754 80 20 formen
708 754 113 20 afvikande
838 754 44 19 från
899 754 54 19 hvad

205 788 103 19 härintills
324 788 55 18 varit
394 788 105 26 gällande,
511 788 66 25 torde,
588 790 49 17 utan
648 788 89 20 särskild
754 788 132 26 motivering,
898 788 57 19 finna

204 822 31 19 sin
259 822 117 25 förklaring
399 822 28 19 uti
451 822 26 19 de
499 822 132 25 synpunkter
646 822 119 20 Ständerna
786 822 109 19 ofvanföre
911 822 44 19 haft

203 855 74 20 Nåden
296 855 117 20 framhålla.

272 889 36 20 Uti
323 891 10 22 $
348 890 20 25 2,
384 896 43 13 som
443 889 121 27 uppräknar
575 890 98 19 Bankens
684 890 104 20 särskilda
799 889 153 20 verksamhets-

205 930 83 19 grenar,
299 926 22 17 är
337 923 44 20 från
394 923 61 20 dessa
466 923 98 20 uteslutet
575 923 36 20 det
623 923 87 20 Banken
727 923 104 20 härintills
847 923 107 26 medgifna

203 957 144 26 upptagandet
365 957 23 20 af
409 958 248 26 penningeinsätiningar
673 959 43 18 mot
730 959 66 18 ränta.
827 958 41 19 Det
883 957 71 20 kunde

203 991 131 27 visserligen,
355 991 57 20 säväl
433 992 31 19 för
485 992 107 19 allmänna
612 992 73 19 kassor
701 998 43 13 som
761 991 98 20 enskilda
873 991 80 26 kapita-

203 1026 57 19 lister
282 1026 38 19 och
341 1026 106 19 sannolikt
468 1026 61 20 äfven
547 1026 31 19 för
594 1026 65 19 andra
675 1026 217 26 kreditinrättningar,
910 1026 44 19 ofta

203 1066 41 20 nog
260 1060 50 19 falla
321 1060 31 27 sig
364 1060 96 26 lämpligt
471 1060 38 20 och
525 1060 144 26 fördelaktigt,
680 1062 30 17 att
721 1060 21 19 fä
757 1060 27 26 pä
799 1060 71 19 säkert
886 1060 67 25 ställe,

202 1094 68 20 säsom
295 1094 37 20 hos
347 1094 101 20 Finlands
464 1094 66 25 Bank,
554 1094 106 26 deponera
682 1094 119 26 penningar
825 1096 42 17 mot
885 1096 68 17 ränte-

201 1129 141 26 godtgörelse.
366 1129 55 19 .Men
439 1129 86 19 Banken
542 1128 51 26 sjelf
606 1128 41 20 kan
664 1128 61 20 deraf
739 1129 48 19 icke
802 1129 64 25 draga
884 1128 68 27 någon

201 1162 75 21 fördel.
306 1163 31 19 De
361 1163 134 25 deponerade
519 1163 84 19 medlen
624 1162 84 20 komme
730 1163 107 26 nemligen
858 1162 46 20 icke
924 1165 30 17 att

202 1199 74 24 utgöra
292 1197 64 26 något
371 1196 89 20 tillskott
480 1197 1 19 i
499 1196 98 20 Bankens
612 1197 168 26 rörelsekapital,
796 1196 26 20 då
837 1197 67 26 enligt
918 1197 35 19 det

201 1232 6 18 i
222 1231 128 20 Ständernas
367 1231 63 19 tanke
446 1231 78 26 riktiga
544 1231 40 20 och
601 1231 134 26 nödvändiga
751 1231 127 26 stadgandet
893 1231 6 18 i
916 1231 11 19 6
944 1233 9 21 $

201 1265 218 26 depositionsbevisen
435 1265 12 20 &
463 1265 26 20 de
513 1265 76 19 insatta
605 1271 120 14 summorna
748 1265 65 20 måste
837 1271 61 13 anses
914 1265 38 20 och

201 1299 77 20 räknas
294 1299 67 20 såsom
379 1299 126 26 utelöpande
520 1299 76 20 sedlar.
623 1299 33 20 All
674 1299 40 20 den
731 1301 68 23 ränta,
811 1305 44 14 som
866 1298 87 20 Banken

201 1333 67 20 skulle
292 1333 80 26 utgifva
394 1333 32 20 för
445 1334 147 25 insättningar,
613 1339 49 14 vore
678 1333 82 19 således
776 1339 26 13 en
819 1332 31 19 för
866 1332 87 20 Banken

200 1367 129 26 fullkomligt
352 1367 83 26 onyttig
458 1367 67 26 utgift,
543 1367 94 25 hvilken,
653 1366 62 20 äfven
739 1373 32 13 om
795 1368 73 17 räntan
885 1366 67 20 hölles

201 1401 41 27 låg,
258 1401 70 20 kunde
345 1401 53 26 stiga
414 1401 29 19 till
460 1401 111 26 betydliga
583 1401 84 26 belopp,
680 1401 108 19 hvarutom
801 1400 35 19 det
853 1400 62 19 äfven
931 1407 23 12 ur

201 1435 110 26 principiel
335 1435 108 26 synpunkt
463 1435 49 19 icke
536 1435 59 30 torde
611 1435 72 19 kunna
700 1435 94 19 förordas
809 1436 30 17 att
855 1440 25 13 en
897 1433 55 20 bank
