1078 1692
241 114 23 16 58

219 179 134 27 utbredning,
376 179 23 19 så
422 180 33 19 må
480 186 45 13 man
545 180 47 20 icke
608 180 79 26 hoppas
703 182 30 18 att
749 181 84 20 komma
848 181 31 19 till
899 182 69 26 någon

219 214 65 20 sådan
308 220 76 20 genom
408 214 66 19 andra
496 214 68 19 medel
588 217 26 16 än
631 221 76 19 genom
724 221 25 13 en
766 215 34 26 lag
816 222 33 12 om
865 214 101 27 obligato-

220 248 41 19 risk
278 248 110 26 skolgång.

288 282 41 19 Det
344 282 92 25 resultat,
453 282 34 20 vid
503 282 82 20 hvilket
600 282 101 20 utskottet
716 284 89 25 stannat,
822 283 104 26 nemligen
936 283 30 19 in-

218 316 158 26 skränkningen
401 316 23 19 af
444 316 200 20 skolunderstödens
666 317 55 19 antal
746 318 30 18 till
795 320 30 17 ett
844 318 30 19 för
895 317 71 25 hvarje

220 350 136 26 fyratusental
380 350 122 20 invånare
498 346 14 35 i
519 357 25 13 en
568 350 106 27 kommun,
698 354 22 16 är
739 352 64 19 också
822 352 6 19 i
845 352 41 19 min
902 351 64 20 tanke

219 384 87 26 mycket
321 384 109 26 olyckligt.
462 384 102 20 Behofvet
579 385 22 19 af
616 385 49 20 flere
682 386 51 19 eller
749 386 53 20 färre
821 386 70 19 skolor
909 386 56 19 inom

218 425 25 13 en
260 418 99 20 kommun
383 421 23 17 är
429 419 105 26 nemligen
557 419 106 20 beroende
679 420 22 19 af
714 420 86 26 mycket
815 421 63 18 annat
898 420 68 26 äfven,

218 455 25 16 än
260 452 23 19 af
297 452 182 20 folknumerären:
502 453 158 27 spräkdelning,
683 454 27 26 pä
733 460 40 14 ena
788 454 69 20 stället
872 460 25 13 en
912 454 54 26 glest

218 486 72 26 spridd
306 486 132 27 befolkning,
454 488 27 25 på
496 488 35 19 det
545 488 66 19 andra
627 494 25 13 en
668 488 37 20 här
722 488 51 20 eller
789 488 36 20 der
841 490 23 21 (t.
881 495 33 12 ex.
931 488 34 19 vid

219 520 53 20 bruk
296 520 51 20 eller
372 521 65 19 andra
459 521 130 20 industriella
609 522 149 26 inrättningar)
774 524 38 17 tätt
828 522 67 26 hopad
911 522 53 19 folk-

219 554 85 26 mängd,
320 561 18 13 o.
356 562 14 12 s.
388 562 26 18 v.,
430 555 41 19 kan
487 556 96 19 stundom
600 558 51 24 göra
667 556 49 20 flere
734 556 69 20 skolor
820 556 76 26 nödiga
912 556 5 19 i
938 562 26 13 en

218 589 82 19 mindre
324 589 99 19 kommun
447 592 25 16 än
496 590 5 18 i
525 596 24 13 en
574 591 71 18 större.
677 590 117 26 Dessutom,
817 596 25 13 en
862 590 61 19 skola
938 590 27 25 på

218 623 63 25 4,000
298 623 106 25 invånare,
421 623 35 20 det
472 626 22 17 är
509 630 25 13 en
551 624 61 19 skola
627 624 27 26 på
668 624 88 26 ungefär
773 624 39 20 500
830 624 49 19 barn
893 624 21 19 af
924 624 40 19 den

218 658 65 25 högre
299 657 131 20 folkskolans
447 658 63 25 ålder,
528 670 23 2 —
569 658 38 19 och
625 664 42 14 mer
684 661 24 16 än
727 658 25 20 60
768 658 20 19 få
804 658 66 26 enligt
885 658 79 26 gällan-

217 692 26 19 de
259 692 90 25 ordning
365 692 47 19 icke
429 692 121 19 undervisas
565 692 23 19 af
601 698 79 13 samma
696 692 67 19 lärare
782 692 52 20 eller
853 692 110 20 lärarinna.

286 725 37 19 Att
338 726 113 25 godkänna
468 725 110 21 utskottets
594 726 77 26 förslag
687 726 38 19 och
742 728 29 17 att
787 726 65 19 ändra
872 726 91 20 folksko-

218 759 172 27 leförfattningen
407 760 4 19 i
429 760 94 25 enlighet
538 760 93 25 dermed,
647 760 35 20 det
697 766 51 14 vore
758 762 30 18 att
798 760 107 26 neddraga
920 760 46 19 vårt

216 794 200 19 folkskoleväsende
431 794 46 19 från
493 794 39 19 den
550 794 78 26 höghet
643 794 6 19 i
665 794 83 26 åsigter,
764 794 80 26 hvarpå
859 794 35 19 det
904 794 58 26 lyck-

216 828 70 25 ligtvis
302 830 22 17 är
339 828 112 25 grundadt,
467 828 39 19 och
522 828 35 19 det
574 834 47 13 vore
633 830 29 16 att
672 828 48 19 icke
733 828 76 25 begära
821 828 68 25 någon
899 828 64 25 högre

216 861 124 27 utveckling
356 861 20 20 af
391 862 120 19 detsamma.
541 861 32 26 Ty
593 862 37 25 jag
653 861 40 20 kan
717 861 47 20 icke
788 868 65 19 gerna
872 862 92 25 invagga

217 896 41 25 mig
275 896 5 18 i
298 895 40 20 den
354 895 119 26 illusionen,
496 898 29 17 att
548 895 50 20 våra
621 895 184 20 landskommuner
821 896 5 19 i
843 896 45 19 hast
904 896 60 19 skola

216 929 84 20 komma
316 929 31 20 till
362 929 40 20 den
419 929 134 26 ståndpunkt,
569 931 29 18 att
616 929 32 24 de,
672 932 64 17 annat
758 933 26 16 än
807 930 156 25 undantagsvis,

216 966 48 17 utan
290 963 64 27 något
376 963 165 20 statsunderstöd
568 963 76 20 inrätta
666 963 65 26 högre
754 964 71 19 skolor
840 964 38 19 och
894 964 70 19 aflöna

216 998 86 26 duglige
318 998 67 19 lärare
403 998 33 19 vid
453 997 113 26 desamma,
583 997 27 20 då
623 998 36 25 jag
675 999 35 18 vet
725 999 28 18 att
764 998 7 19 i
782 998 74 25 sjelfva
866 998 96 26 England

216 1033 6 18 i
238 1032 70 19 denna
324 1032 40 26 dag
382 1032 71 25 hvarje
470 1032 64 25 högre
549 1031 106 20 folkskola
670 1032 90 26 åtnjuter
776 1032 125 27 statsbidrag
917 1034 46 22 (en-

217 1066 75 26 gelska
308 1066 156 26 statsbudgeten
482 1068 77 24 upptog
575 1066 63 19 redan
654 1066 32 19 för
702 1066 65 26 några
782 1066 22 19 år
820 1066 63 19 sedan
897 1067 6 18 1
919 1067 45 19 mil-

213 1101 36 25 jon
274 1100 34 26 pd.
332 1100 56 19 sterl.
412 1100 31 19 för
459 1099 239 27 folkundervisningen),
714 1100 39 19 och
769 1102 29 17 att
813 1100 32 19 till
860 1100 38 19 och
915 1101 48 19 med

214 1135 26 19 de
256 1134 203 20 nordamerikanska
475 1134 37 19 och
529 1133 137 20 schweiziska
682 1133 144 20 folkskolorna
841 1134 31 19 till
887 1134 75 26 betyd-

214 1169 29 26 lig
259 1169 34 19 del
309 1168 132 20 underhållas
457 1169 23 18 af
493 1170 97 17 staterna.
621 1168 42 19 Vill
682 1174 46 13 man
746 1168 130 19 folkskolans
899 1169 61 19 fram-

214 1203 56 26 gång
285 1203 7 19 i
308 1203 45 19 vårt
368 1203 56 24 land,
441 1203 34 18 må
490 1209 46 12 man
552 1202 48 20 icke
616 1202 115 26 småaktigt
746 1202 103 26 begränsa
860 1202 99 27 anslagen

215 1237 30 19 för
262 1237 128 19 densamma.
420 1237 41 18 För
484 1238 29 17 ett
537 1242 57 13 mera
616 1236 122 25 produktivt
754 1236 96 19 ändamål
866 1239 26 16 än
908 1236 53 20 folk-

215 1271 155 26 upplysningen
386 1271 42 19 kan
444 1270 47 20 icke
508 1272 66 17 staten
591 1270 96 19 använda
702 1270 47 19 sina
764 1270 75 20 medel.
870 1270 92 20 ”Endast

214 1307 29 18 ett
258 1305 86 26 upplyst
359 1305 44 19 folk
420 1305 41 19 kan
477 1305 117 26 producera
609 1304 85 26 mycket
704 1304 40 19 och
755 1304 32 19 väl
798 1304 97 19 använda
906 1305 55 19 hvad

213 1340 35 19 det
264 1339 123 26 derigenom
403 1339 118 25 förtjenar”.

282 1373 46 19 Mitt
343 1374 71 17 votum
431 1373 5 18 i
453 1373 64 18 saken
534 1375 22 16 är
572 1371 88 26 derföre,
683 1374 30 17 att
736 1372 34 19 det
792 1373 22 18 af
834 1372 125 27 regeringen

212 1407 79 20 äskade
307 1407 96 25 anslaget
418 1406 31 19 för
466 1406 143 20 folkskolorna
625 1406 33 19 må
675 1406 86 25 beviljas
