<?xml version="1.0" encoding="UTF-8"?>
<alto xmlns="http://www.loc.gov/standards/alto/ns-v3#" xmlns:xlink="http://www.w3.org/1999/xlink" xmlns:xsi="http://www.w3.org/2001/XMLSchema-instance" xsi:schemaLocation="http://www.loc.gov/standards/alto/ns-v3# http://www.loc.gov/alto/v3/alto-3-0.xsd">
	<Description>
		<MeasurementUnit>pixel</MeasurementUnit>
		<sourceImageInformation>
			<fileName>/tmp/tess_klohqoz1_input.PNG</fileName>
		</sourceImageInformation>
		<OCRProcessing ID="OCR_0">
			<ocrProcessingStep>
				<processingSoftware>
					<softwareName>tesseract 5.3.4</softwareName>
				</processingSoftware>
			</ocrProcessingStep>
		</OCRProcessing>
	</Description>
	<Layout>
		<Page WIDTH="1078" HEIGHT="1692" PHYSICAL_IMG_NR="0" ID="page_0">
			<PrintSpace HPOS="0" VPOS="0" WIDTH="1078" HEIGHT="1692">
				<ComposedBlock ID="cblock_0" HPOS="807" VPOS="122" WIDTH="34" HEIGHT="18">
					<TextBlock ID="block_0" HPOS="807" VPOS="122" WIDTH="34" HEIGHT="18">
						<TextLine ID="line_0" HPOS="807" VPOS="122" WIDTH="34" HEIGHT="18">
							<String ID="string_0" HPOS="807" VPOS="122" WIDTH="34" HEIGHT="18" WC="0.96" CONTENT="319"/>
						</TextLine>
					</TextBlock>
				</ComposedBlock>
				<ComposedBlock ID="cblock_1" HPOS="113" VPOS="183" WIDTH="754" HEIGHT="1118">
					<TextBlock ID="block_1" HPOS="113" VPOS="183" WIDTH="751" HEIGHT="402">
						<TextLine ID="line_1" HPOS="113" VPOS="183" WIDTH="749" HEIGHT="27">
							<String ID="string_1" HPOS="113" VPOS="184" WIDTH="36" HEIGHT="20" WC="0.93" CONTENT="det"/><SP WIDTH="18" VPOS="184" HPOS="149"/>
							<String ID="string_2" HPOS="167" VPOS="183" WIDTH="195" HEIGHT="20" WC="0.91" CONTENT="Bankdirektionen"/><SP WIDTH="16" VPOS="183" HPOS="362"/>
							<String ID="string_3" HPOS="378" VPOS="183" WIDTH="61" HEIGHT="27" WC="0.92" CONTENT="ålåge"/><SP WIDTH="16" VPOS="183" HPOS="439"/>
							<String ID="string_4" HPOS="455" VPOS="185" WIDTH="36" HEIGHT="24" WC="0.95" CONTENT="att,"/><SP WIDTH="18" VPOS="185" HPOS="491"/>
							<String ID="string_5" HPOS="509" VPOS="184" WIDTH="3" HEIGHT="19" WC="0.96" CONTENT="i"/><SP WIDTH="17" VPOS="184" HPOS="512"/>
							<String ID="string_6" HPOS="529" VPOS="184" WIDTH="100" HEIGHT="20" WC="0.96" CONTENT="händelse"/><SP WIDTH="19" VPOS="184" HPOS="629"/>
							<String ID="string_7" HPOS="648" VPOS="184" WIDTH="24" HEIGHT="20" WC="0.96" CONTENT="af"/><SP WIDTH="12" VPOS="184" HPOS="672"/>
							<String ID="string_8" HPOS="684" VPOS="184" WIDTH="127" HEIGHT="21" WC="0.93" CONTENT="fortfarande"/><SP WIDTH="18" VPOS="184" HPOS="811"/>
							<String ID="string_9" HPOS="829" VPOS="185" WIDTH="33" HEIGHT="20" WC="0.92" CONTENT="be-"/>
						</TextLine>
						<TextLine ID="line_2" HPOS="114" VPOS="217" WIDTH="750" HEIGHT="22">
							<String ID="string_10" HPOS="114" VPOS="218" WIDTH="38" HEIGHT="19" WC="0.92" CONTENT="hof"/><SP WIDTH="13" VPOS="218" HPOS="152"/>
							<String ID="string_11" HPOS="165" VPOS="217" WIDTH="24" HEIGHT="20" WC="0.96" CONTENT="af"/><SP WIDTH="14" VPOS="217" HPOS="189"/>
							<String ID="string_12" HPOS="203" VPOS="217" WIDTH="80" HEIGHT="20" WC="0.96" CONTENT="biträde"/><SP WIDTH="21" VPOS="217" HPOS="283"/>
							<String ID="string_13" HPOS="304" VPOS="217" WIDTH="32" HEIGHT="19" WC="0.93" CONTENT="för"/><SP WIDTH="21" VPOS="217" HPOS="336"/>
							<String ID="string_14" HPOS="357" VPOS="218" WIDTH="78" HEIGHT="19" WC="0.92" CONTENT="sedlars"/><SP WIDTH="24" VPOS="218" HPOS="435"/>
							<String ID="string_15" HPOS="459" VPOS="218" WIDTH="187" HEIGHT="20" WC="0.96" CONTENT="undertecknande"/><SP WIDTH="16" VPOS="218" HPOS="646"/>
							<String ID="string_16" HPOS="662" VPOS="218" WIDTH="99" HEIGHT="20" WC="0.96" CONTENT="särskildt"/><SP WIDTH="15" VPOS="218" HPOS="761"/>
							<String ID="string_17" HPOS="776" VPOS="219" WIDTH="88" HEIGHT="20" WC="0.96" CONTENT="utverka"/>
						</TextLine>
						<TextLine ID="line_3" HPOS="115" VPOS="251" WIDTH="747" HEIGHT="28">
							<String ID="string_18" HPOS="115" VPOS="252" WIDTH="32" HEIGHT="26" WC="0.96" CONTENT="sig"/><SP WIDTH="17" VPOS="252" HPOS="147"/>
							<String ID="string_19" HPOS="164" VPOS="251" WIDTH="97" HEIGHT="26" WC="0.96" CONTENT="behörigt"/><SP WIDTH="17" VPOS="251" HPOS="261"/>
							<String ID="string_20" HPOS="278" VPOS="251" WIDTH="169" HEIGHT="27" WC="0.95" CONTENT="bemyndigande"/><SP WIDTH="16" VPOS="251" HPOS="447"/>
							<String ID="string_21" HPOS="463" VPOS="252" WIDTH="31" HEIGHT="19" WC="0.95" CONTENT="till"/><SP WIDTH="16" VPOS="252" HPOS="494"/>
							<String ID="string_22" HPOS="510" VPOS="252" WIDTH="79" HEIGHT="20" WC="0.93" CONTENT="sådana"/><SP WIDTH="24" VPOS="252" HPOS="589"/>
							<String ID="string_23" HPOS="613" VPOS="252" WIDTH="106" HEIGHT="20" WC="0.91" CONTENT="biträdens"/><SP WIDTH="18" VPOS="252" HPOS="719"/>
							<String ID="string_24" HPOS="737" VPOS="254" WIDTH="125" HEIGHT="25" WC="0.96" CONTENT="antagande,"/>
						</TextLine>
						<TextLine ID="line_4" HPOS="114" VPOS="285" WIDTH="748" HEIGHT="27">
							<String ID="string_25" HPOS="114" VPOS="285" WIDTH="63" HEIGHT="20" WC="0.92" CONTENT="hafva"/><SP WIDTH="15" VPOS="285" HPOS="177"/>
							<String ID="string_26" HPOS="192" VPOS="285" WIDTH="193" HEIGHT="26" WC="0.91" CONTENT="Bankfullmäktige"/><SP WIDTH="16" VPOS="285" HPOS="385"/>
							<String ID="string_27" HPOS="401" VPOS="286" WIDTH="40" HEIGHT="19" WC="0.96" CONTENT="den"/><SP WIDTH="20" VPOS="286" HPOS="441"/>
							<String ID="string_28" HPOS="461" VPOS="286" WIDTH="23" HEIGHT="19" WC="0.91" CONTENT="19"/><SP WIDTH="17" VPOS="286" HPOS="484"/>
							<String ID="string_29" HPOS="501" VPOS="286" WIDTH="130" HEIGHT="26" WC="0.91" CONTENT="derpåföljde"/><SP WIDTH="14" VPOS="286" HPOS="631"/>
							<String ID="string_30" HPOS="645" VPOS="286" WIDTH="40" HEIGHT="26" WC="0.93" CONTENT="Maj"/><SP WIDTH="13" VPOS="286" HPOS="685"/>
							<String ID="string_31" HPOS="698" VPOS="287" WIDTH="82" HEIGHT="25" WC="0.92" CONTENT="pröfvat"/><SP WIDTH="15" VPOS="287" HPOS="780"/>
							<String ID="string_32" HPOS="795" VPOS="287" WIDTH="67" HEIGHT="20" WC="0.92" CONTENT="Bank-"/>
						</TextLine>
						<TextLine ID="line_5" HPOS="115" VPOS="318" WIDTH="747" HEIGHT="23">
							<String ID="string_33" HPOS="115" VPOS="319" WIDTH="146" HEIGHT="20" WC="0.92" CONTENT="direktionens"/><SP WIDTH="23" VPOS="319" HPOS="261"/>
							<String ID="string_34" HPOS="284" VPOS="319" WIDTH="121" HEIGHT="20" WC="0.91" CONTENT="förberörde"/><SP WIDTH="24" VPOS="319" HPOS="405"/>
							<String ID="string_35" HPOS="429" VPOS="320" WIDTH="98" HEIGHT="20" WC="0.96" CONTENT="anhållan"/><SP WIDTH="21" VPOS="320" HPOS="527"/>
							<String ID="string_36" HPOS="548" VPOS="318" WIDTH="43" HEIGHT="22" WC="0.93" CONTENT="och"/><SP WIDTH="23" VPOS="318" HPOS="591"/>
							<String ID="string_37" HPOS="614" VPOS="320" WIDTH="73" HEIGHT="20" WC="0.91" CONTENT="dervid"/><SP WIDTH="24" VPOS="320" HPOS="687"/>
							<String ID="string_38" HPOS="711" VPOS="324" WIDTH="68" HEIGHT="17" WC="0.93" CONTENT="ansett"/><SP WIDTH="15" VPOS="324" HPOS="779"/>
							<String ID="string_39" HPOS="794" VPOS="322" WIDTH="68" HEIGHT="19" WC="0.92" CONTENT="Bank-"/>
						</TextLine>
						<TextLine ID="line_6" HPOS="115" VPOS="354" WIDTH="749" HEIGHT="21">
							<String ID="string_40" HPOS="115" VPOS="354" WIDTH="146" HEIGHT="20" WC="0.92" CONTENT="direktionens"/><SP WIDTH="24" VPOS="354" HPOS="261"/>
							<String ID="string_41" HPOS="285" VPOS="354" WIDTH="136" HEIGHT="19" WC="0.95" CONTENT="medlemmar"/><SP WIDTH="22" VPOS="354" HPOS="421"/>
							<String ID="string_42" HPOS="443" VPOS="354" WIDTH="39" HEIGHT="20" WC="0.93" CONTENT="och"/><SP WIDTH="26" VPOS="354" HPOS="482"/>
							<String ID="string_43" HPOS="508" VPOS="354" WIDTH="94" HEIGHT="20" WC="0.90" CONTENT="bankens"/><SP WIDTH="16" VPOS="354" HPOS="602"/>
							<String ID="string_44" HPOS="618" VPOS="354" WIDTH="97" HEIGHT="20" WC="0.92" CONTENT="kassörer"/><SP WIDTH="15" VPOS="354" HPOS="715"/>
							<String ID="string_45" HPOS="730" VPOS="355" WIDTH="48" HEIGHT="20" WC="0.90" CONTENT="ieke"/><SP WIDTH="15" VPOS="355" HPOS="778"/>
							<String ID="string_46" HPOS="793" VPOS="355" WIDTH="71" HEIGHT="20" WC="0.96" CONTENT="kunna"/>
						</TextLine>
						<TextLine ID="line_7" HPOS="116" VPOS="387" WIDTH="747" HEIGHT="29">
							<String ID="string_47" HPOS="116" VPOS="388" WIDTH="66" HEIGHT="20" WC="0.89" CONTENT="under"/><SP WIDTH="23" VPOS="388" HPOS="182"/>
							<String ID="string_48" HPOS="205" VPOS="388" WIDTH="86" HEIGHT="26" WC="0.96" CONTENT="vanliga"/><SP WIDTH="21" VPOS="388" HPOS="291"/>
							<String ID="string_49" HPOS="312" VPOS="387" WIDTH="145" HEIGHT="21" WC="0.96" CONTENT="förhållanden"/><SP WIDTH="21" VPOS="387" HPOS="457"/>
							<String ID="string_50" HPOS="478" VPOS="388" WIDTH="77" HEIGHT="20" WC="0.95" CONTENT="befrias"/><SP WIDTH="15" VPOS="388" HPOS="555"/>
							<String ID="string_51" HPOS="570" VPOS="388" WIDTH="44" HEIGHT="20" WC="0.96" CONTENT="från"/><SP WIDTH="17" VPOS="388" HPOS="614"/>
							<String ID="string_52" HPOS="631" VPOS="389" WIDTH="40" HEIGHT="19" WC="0.96" CONTENT="den"/><SP WIDTH="17" VPOS="389" HPOS="671"/>
							<String ID="string_53" HPOS="688" VPOS="389" WIDTH="48" HEIGHT="19" WC="0.93" CONTENT="dem"/><SP WIDTH="16" VPOS="389" HPOS="736"/>
							<String ID="string_54" HPOS="752" VPOS="389" WIDTH="111" HEIGHT="27" WC="0.49" CONTENT="&amp;liggande"/>
						</TextLine>
						<TextLine ID="line_8" HPOS="116" VPOS="422" WIDTH="747" HEIGHT="27">
							<String ID="string_55" HPOS="116" VPOS="422" WIDTH="150" HEIGHT="27" WC="0.96" CONTENT="skyldigheten"/><SP WIDTH="16" VPOS="422" HPOS="266"/>
							<String ID="string_56" HPOS="282" VPOS="424" WIDTH="30" HEIGHT="18" WC="0.93" CONTENT="att"/><SP WIDTH="16" VPOS="424" HPOS="312"/>
							<String ID="string_57" HPOS="328" VPOS="422" WIDTH="145" HEIGHT="19" WC="0.91" CONTENT="underskrifva"/><SP WIDTH="23" VPOS="422" HPOS="473"/>
							<String ID="string_58" HPOS="496" VPOS="422" WIDTH="25" HEIGHT="20" WC="0.96" CONTENT="de"/><SP WIDTH="22" VPOS="422" HPOS="521"/>
							<String ID="string_59" HPOS="543" VPOS="428" WIDTH="42" HEIGHT="20" WC="0.93" CONTENT="nya"/><SP WIDTH="15" VPOS="428" HPOS="585"/>
							<String ID="string_60" HPOS="600" VPOS="422" WIDTH="75" HEIGHT="26" WC="0.91" CONTENT="sedlar,"/><SP WIDTH="16" VPOS="422" HPOS="675"/>
							<String ID="string_61" HPOS="691" VPOS="430" WIDTH="43" HEIGHT="13" WC="0.96" CONTENT="som"/><SP WIDTH="17" VPOS="430" HPOS="734"/>
							<String ID="string_62" HPOS="751" VPOS="424" WIDTH="31" HEIGHT="19" WC="0.93" CONTENT="för"/><SP WIDTH="16" VPOS="424" HPOS="782"/>
							<String ID="string_63" HPOS="798" VPOS="424" WIDTH="65" HEIGHT="20" WC="0.93" CONTENT="sedel-"/>
						</TextLine>
						<TextLine ID="line_9" HPOS="117" VPOS="456" WIDTH="747" HEIGHT="26">
							<String ID="string_64" HPOS="117" VPOS="456" WIDTH="99" HEIGHT="20" WC="0.90" CONTENT="stockens"/><SP WIDTH="23" VPOS="456" HPOS="216"/>
							<String ID="string_65" HPOS="239" VPOS="456" WIDTH="183" HEIGHT="26" WC="0.91" CONTENT="upprätthällande"/><SP WIDTH="23" VPOS="456" HPOS="422"/>
							<String ID="string_66" HPOS="445" VPOS="456" WIDTH="110" HEIGHT="26" WC="0.91" CONTENT="erfordras,"/><SP WIDTH="14" VPOS="456" HPOS="555"/>
							<String ID="string_67" HPOS="569" VPOS="457" WIDTH="65" HEIGHT="25" WC="0.92" CONTENT="jemte"/><SP WIDTH="16" VPOS="457" HPOS="634"/>
							<String ID="string_68" HPOS="650" VPOS="457" WIDTH="36" HEIGHT="20" WC="0.93" CONTENT="det"/><SP WIDTH="19" VPOS="457" HPOS="686"/>
							<String ID="string_69" HPOS="705" VPOS="457" WIDTH="159" HEIGHT="20" WC="0.92" CONTENT="Bankdirektio-"/>
						</TextLine>
						<TextLine ID="line_10" HPOS="118" VPOS="490" WIDTH="746" HEIGHT="28">
							<String ID="string_70" HPOS="118" VPOS="498" WIDTH="40" HEIGHT="12" WC="0.96" CONTENT="nen"/><SP WIDTH="24" VPOS="498" HPOS="158"/>
							<String ID="string_71" HPOS="182" VPOS="490" WIDTH="53" HEIGHT="20" WC="0.89" CONTENT="dock"/><SP WIDTH="27" VPOS="490" HPOS="235"/>
							<String ID="string_72" HPOS="262" VPOS="490" WIDTH="89" HEIGHT="20" WC="0.89" CONTENT="lemnats"/><SP WIDTH="25" VPOS="490" HPOS="351"/>
							<String ID="string_73" HPOS="376" VPOS="492" WIDTH="63" HEIGHT="24" WC="0.96" CONTENT="öppet"/><SP WIDTH="19" VPOS="492" HPOS="439"/>
							<String ID="string_74" HPOS="458" VPOS="493" WIDTH="36" HEIGHT="23" WC="0.81" CONTENT="att,"/><SP WIDTH="15" VPOS="493" HPOS="494"/>
							<String ID="string_75" HPOS="509" VPOS="491" WIDTH="7" HEIGHT="19" WC="0.81" CONTENT="i"/><SP WIDTH="17" VPOS="491" HPOS="516"/>
							<String ID="string_76" HPOS="533" VPOS="490" WIDTH="100" HEIGHT="20" WC="0.96" CONTENT="händelse"/><SP WIDTH="15" VPOS="490" HPOS="633"/>
							<String ID="string_77" HPOS="648" VPOS="492" WIDTH="23" HEIGHT="18" WC="0.93" CONTENT="af"/><SP WIDTH="14" VPOS="492" HPOS="671"/>
							<String ID="string_78" HPOS="685" VPOS="492" WIDTH="99" HEIGHT="26" WC="0.93" CONTENT="tillfälligt"/><SP WIDTH="15" VPOS="492" HPOS="784"/>
							<String ID="string_79" HPOS="799" VPOS="492" WIDTH="65" HEIGHT="20" WC="0.91" CONTENT="ound-"/>
						</TextLine>
						<TextLine ID="line_11" HPOS="116" VPOS="524" WIDTH="747" HEIGHT="28">
							<String ID="string_80" HPOS="116" VPOS="524" WIDTH="97" HEIGHT="27" WC="0.92" CONTENT="gängligt"/><SP WIDTH="23" VPOS="524" HPOS="213"/>
							<String ID="string_81" HPOS="236" VPOS="524" WIDTH="66" HEIGHT="20" WC="0.92" CONTENT="behof"/><SP WIDTH="20" VPOS="524" HPOS="302"/>
							<String ID="string_82" HPOS="322" VPOS="524" WIDTH="22" HEIGHT="19" WC="0.93" CONTENT="af"/><SP WIDTH="21" VPOS="524" HPOS="344"/>
							<String ID="string_83" HPOS="365" VPOS="524" WIDTH="81" HEIGHT="20" WC="0.91" CONTENT="biträde"/><SP WIDTH="23" VPOS="524" HPOS="446"/>
							<String ID="string_84" HPOS="469" VPOS="524" WIDTH="80" HEIGHT="26" WC="0.92" CONTENT="härvid,"/><SP WIDTH="23" VPOS="524" HPOS="549"/>
							<String ID="string_85" HPOS="572" VPOS="525" WIDTH="30" HEIGHT="19" WC="0.93" CONTENT="till"/><SP WIDTH="21" VPOS="525" HPOS="602"/>
							<String ID="string_86" HPOS="623" VPOS="525" WIDTH="194" HEIGHT="27" WC="0.91" CONTENT="Bankfullmäktige"/><SP WIDTH="16" VPOS="525" HPOS="817"/>
							<String ID="string_87" HPOS="833" VPOS="526" WIDTH="30" HEIGHT="19" WC="0.93" CONTENT="in-"/>
						</TextLine>
						<TextLine ID="line_12" HPOS="117" VPOS="558" WIDTH="564" HEIGHT="27">
							<String ID="string_88" HPOS="117" VPOS="559" WIDTH="79" HEIGHT="19" WC="0.89" CONTENT="komna"/><SP WIDTH="16" VPOS="559" HPOS="196"/>
							<String ID="string_89" HPOS="212" VPOS="558" WIDTH="46" HEIGHT="20" WC="0.95" CONTENT="med"/><SP WIDTH="16" VPOS="558" HPOS="258"/>
							<String ID="string_90" HPOS="274" VPOS="558" WIDTH="124" HEIGHT="26" WC="0.96" CONTENT="ytterligare"/><SP WIDTH="15" VPOS="558" HPOS="398"/>
							<String ID="string_91" HPOS="413" VPOS="558" WIDTH="153" HEIGHT="27" WC="0.96" CONTENT="framställning"/><SP WIDTH="16" VPOS="558" HPOS="566"/>
							<String ID="string_92" HPOS="582" VPOS="559" WIDTH="6" HEIGHT="19" WC="0.93" CONTENT="i"/><SP WIDTH="16" VPOS="559" HPOS="588"/>
							<String ID="string_93" HPOS="604" VPOS="562" WIDTH="77" HEIGHT="17" WC="0.92" CONTENT="ämnet."/>
						</TextLine>
					</TextBlock>
					<TextBlock ID="block_2" HPOS="116" VPOS="592" WIDTH="751" HEIGHT="635">
						<TextLine ID="line_13" HPOS="186" VPOS="592" WIDTH="678" HEIGHT="28">
							<String ID="string_94" HPOS="186" VPOS="593" WIDTH="9" HEIGHT="19" WC="0.93" CONTENT="I"/><SP WIDTH="16" VPOS="593" HPOS="195"/>
							<String ID="string_95" HPOS="211" VPOS="592" WIDTH="115" HEIGHT="26" WC="0.91" CONTENT="anledning"/><SP WIDTH="22" VPOS="592" HPOS="326"/>
							<String ID="string_96" HPOS="348" VPOS="592" WIDTH="61" HEIGHT="20" WC="0.91" CONTENT="häraf"/><SP WIDTH="21" VPOS="592" HPOS="409"/>
							<String ID="string_97" HPOS="430" VPOS="592" WIDTH="38" HEIGHT="20" WC="0.96" CONTENT="och"/><SP WIDTH="23" VPOS="592" HPOS="468"/>
							<String ID="string_98" HPOS="491" VPOS="592" WIDTH="64" HEIGHT="20" WC="0.96" CONTENT="sedan"/><SP WIDTH="20" VPOS="592" HPOS="555"/>
							<String ID="string_99" HPOS="575" VPOS="599" WIDTH="26" HEIGHT="13" WC="0.96" CONTENT="en"/><SP WIDTH="14" VPOS="599" HPOS="601"/>
							<String ID="string_100" HPOS="615" VPOS="594" WIDTH="124" HEIGHT="26" WC="0.93" CONTENT="ytterligare"/><SP WIDTH="16" VPOS="594" HPOS="739"/>
							<String ID="string_101" HPOS="755" VPOS="594" WIDTH="109" HEIGHT="20" WC="0.88" CONTENT="framställ-"/>
						</TextLine>
						<TextLine ID="line_14" HPOS="117" VPOS="626" WIDTH="747" HEIGHT="28">
							<String ID="string_102" HPOS="117" VPOS="628" WIDTH="51" HEIGHT="26" WC="0.95" CONTENT="ning"/><SP WIDTH="11" VPOS="628" HPOS="168"/>
							<String ID="string_103" HPOS="179" VPOS="627" WIDTH="23" HEIGHT="19" WC="0.93" CONTENT="af"/><SP WIDTH="9" VPOS="627" HPOS="202"/>
							<String ID="string_104" HPOS="211" VPOS="626" WIDTH="193" HEIGHT="20" WC="0.92" CONTENT="Bankdirektionen"/><SP WIDTH="15" VPOS="626" HPOS="404"/>
							<String ID="string_105" HPOS="419" VPOS="633" WIDTH="33" HEIGHT="13" WC="0.93" CONTENT="om"/><SP WIDTH="9" VPOS="633" HPOS="452"/>
							<String ID="string_106" HPOS="461" VPOS="626" WIDTH="93" HEIGHT="20" WC="0.91" CONTENT="tillständ"/><SP WIDTH="11" VPOS="626" HPOS="554"/>
							<String ID="string_107" HPOS="565" VPOS="629" WIDTH="30" HEIGHT="17" WC="0.93" CONTENT="att"/><SP WIDTH="11" VPOS="629" HPOS="595"/>
							<String ID="string_108" HPOS="606" VPOS="627" WIDTH="42" HEIGHT="20" WC="0.92" CONTENT="läta"/><SP WIDTH="11" VPOS="627" HPOS="648"/>
							<String ID="string_109" HPOS="659" VPOS="627" WIDTH="26" HEIGHT="20" WC="0.96" CONTENT="de"/><SP WIDTH="12" VPOS="627" HPOS="685"/>
							<String ID="string_110" HPOS="697" VPOS="628" WIDTH="31" HEIGHT="20" WC="0.93" CONTENT="för"/><SP WIDTH="9" VPOS="628" HPOS="728"/>
							<String ID="string_111" HPOS="737" VPOS="628" WIDTH="127" HEIGHT="20" WC="0.92" CONTENT="underskrif-"/>
						</TextLine>
						<TextLine ID="line_15" HPOS="118" VPOS="660" WIDTH="746" HEIGHT="28">
							<String ID="string_112" HPOS="118" VPOS="661" WIDTH="68" HEIGHT="20" WC="0.95" CONTENT="vande"/><SP WIDTH="16" VPOS="661" HPOS="186"/>
							<String ID="string_113" HPOS="202" VPOS="661" WIDTH="22" HEIGHT="19" WC="0.93" CONTENT="af"/><SP WIDTH="18" VPOS="661" HPOS="224"/>
							<String ID="string_114" HPOS="242" VPOS="660" WIDTH="94" HEIGHT="20" WC="0.96" CONTENT="bankens"/><SP WIDTH="23" VPOS="660" HPOS="336"/>
							<String ID="string_115" HPOS="359" VPOS="661" WIDTH="68" HEIGHT="19" WC="0.96" CONTENT="sedlar"/><SP WIDTH="22" VPOS="661" HPOS="427"/>
							<String ID="string_116" HPOS="449" VPOS="661" WIDTH="55" HEIGHT="19" WC="0.96" CONTENT="förut"/><SP WIDTH="16" VPOS="661" HPOS="504"/>
							<String ID="string_117" HPOS="520" VPOS="661" WIDTH="158" HEIGHT="20" WC="0.96" CONTENT="tillförordnade"/><SP WIDTH="16" VPOS="661" HPOS="678"/>
							<String ID="string_118" HPOS="694" VPOS="668" WIDTH="100" HEIGHT="20" WC="0.93" CONTENT="personer"/><SP WIDTH="15" VPOS="668" HPOS="794"/>
							<String ID="string_119" HPOS="809" VPOS="662" WIDTH="55" HEIGHT="26" WC="0.95" CONTENT="ånyo"/>
						</TextLine>
						<TextLine ID="line_16" HPOS="118" VPOS="695" WIDTH="745" HEIGHT="27">
							<String ID="string_120" HPOS="118" VPOS="696" WIDTH="85" HEIGHT="26" WC="0.96" CONTENT="vidtaga"/><SP WIDTH="16" VPOS="696" HPOS="203"/>
							<String ID="string_121" HPOS="219" VPOS="695" WIDTH="94" HEIGHT="25" WC="0.96" CONTENT="dermed,"/><SP WIDTH="16" VPOS="695" HPOS="313"/>
							<String ID="string_122" HPOS="329" VPOS="695" WIDTH="65" HEIGHT="26" WC="0.93" CONTENT="enligt"/><SP WIDTH="16" VPOS="695" HPOS="394"/>
							<String ID="string_123" HPOS="410" VPOS="695" WIDTH="204" HEIGHT="26" WC="0.86" CONTENT="Banktullmäktiges"/><SP WIDTH="17" VPOS="695" HPOS="614"/>
							<String ID="string_124" HPOS="631" VPOS="695" WIDTH="66" HEIGHT="20" WC="0.96" CONTENT="beslut"/><SP WIDTH="15" VPOS="695" HPOS="697"/>
							<String ID="string_125" HPOS="712" VPOS="696" WIDTH="21" HEIGHT="19" WC="0.96" CONTENT="af"/><SP WIDTH="16" VPOS="696" HPOS="733"/>
							<String ID="string_126" HPOS="749" VPOS="696" WIDTH="39" HEIGHT="20" WC="0.96" CONTENT="den"/><SP WIDTH="13" VPOS="696" HPOS="788"/>
							<String ID="string_127" HPOS="801" VPOS="696" WIDTH="11" HEIGHT="20" WC="0.93" CONTENT="8"/><SP WIDTH="12" VPOS="696" HPOS="812"/>
							<String ID="string_128" HPOS="824" VPOS="696" WIDTH="39" HEIGHT="20" WC="0.93" CONTENT="De-"/>
						</TextLine>
						<TextLine ID="line_17" HPOS="118" VPOS="729" WIDTH="749" HEIGHT="25">
							<String ID="string_129" HPOS="118" VPOS="730" WIDTH="85" HEIGHT="20" WC="0.69" CONTENT="cember"/><SP WIDTH="24" VPOS="730" HPOS="203"/>
							<String ID="string_130" HPOS="227" VPOS="730" WIDTH="51" HEIGHT="19" WC="0.93" CONTENT="1871"/><SP WIDTH="26" VPOS="730" HPOS="278"/>
							<String ID="string_131" HPOS="304" VPOS="729" WIDTH="92" HEIGHT="25" WC="0.93" CONTENT="förfallit,"/><SP WIDTH="24" VPOS="729" HPOS="396"/>
							<String ID="string_132" HPOS="420" VPOS="729" WIDTH="36" HEIGHT="19" WC="0.91" CONTENT="har"/><SP WIDTH="23" VPOS="729" HPOS="456"/>
							<String ID="string_133" HPOS="479" VPOS="729" WIDTH="195" HEIGHT="21" WC="0.91" CONTENT="Bankdirektionen"/><SP WIDTH="23" VPOS="729" HPOS="674"/>
							<String ID="string_134" HPOS="697" VPOS="730" WIDTH="7" HEIGHT="19" WC="0.92" CONTENT="i"/><SP WIDTH="16" VPOS="730" HPOS="704"/>
							<String ID="string_135" HPOS="720" VPOS="730" WIDTH="109" HEIGHT="20" WC="0.96" CONTENT="skrifvelse"/><SP WIDTH="15" VPOS="730" HPOS="829"/>
							<String ID="string_136" HPOS="844" VPOS="731" WIDTH="23" HEIGHT="19" WC="0.96" CONTENT="af"/>
						</TextLine>
						<TextLine ID="line_18" HPOS="117" VPOS="762" WIDTH="747" HEIGHT="28">
							<String ID="string_137" HPOS="117" VPOS="764" WIDTH="41" HEIGHT="20" WC="0.95" CONTENT="den"/><SP WIDTH="17" VPOS="764" HPOS="158"/>
							<String ID="string_138" HPOS="175" VPOS="764" WIDTH="24" HEIGHT="20" WC="0.93" CONTENT="21"/><SP WIDTH="18" VPOS="764" HPOS="199"/>
							<String ID="string_139" HPOS="217" VPOS="764" WIDTH="7" HEIGHT="19" WC="0.93" CONTENT="i"/><SP WIDTH="16" VPOS="764" HPOS="224"/>
							<String ID="string_140" HPOS="240" VPOS="763" WIDTH="64" HEIGHT="27" WC="0.91" CONTENT="sagde"/><SP WIDTH="16" VPOS="763" HPOS="304"/>
							<String ID="string_141" HPOS="320" VPOS="762" WIDTH="74" HEIGHT="20" WC="0.92" CONTENT="mänad"/><SP WIDTH="18" VPOS="762" HPOS="394"/>
							<String ID="string_142" HPOS="412" VPOS="766" WIDTH="95" HEIGHT="17" WC="0.92" CONTENT="närmare"/><SP WIDTH="15" VPOS="766" HPOS="507"/>
							<String ID="string_143" HPOS="522" VPOS="763" WIDTH="109" HEIGHT="27" WC="0.92" CONTENT="redogjort"/><SP WIDTH="14" VPOS="763" HPOS="631"/>
							<String ID="string_144" HPOS="645" VPOS="764" WIDTH="33" HEIGHT="19" WC="0.96" CONTENT="för"/><SP WIDTH="10" VPOS="764" HPOS="678"/>
							<String ID="string_145" HPOS="688" VPOS="764" WIDTH="36" HEIGHT="20" WC="0.97" CONTENT="det"/><SP WIDTH="10" VPOS="764" HPOS="724"/>
							<String ID="string_146" HPOS="734" VPOS="765" WIDTH="130" HEIGHT="20" WC="0.96" CONTENT="närvarande"/>
						</TextLine>
						<TextLine ID="line_19" HPOS="119" VPOS="797" WIDTH="746" HEIGHT="27">
							<String ID="string_147" HPOS="119" VPOS="798" WIDTH="99" HEIGHT="20" WC="0.92" CONTENT="behofvet"/><SP WIDTH="15" VPOS="798" HPOS="218"/>
							<String ID="string_148" HPOS="233" VPOS="798" WIDTH="22" HEIGHT="19" WC="0.96" CONTENT="af"/><SP WIDTH="14" VPOS="798" HPOS="255"/>
							<String ID="string_149" HPOS="269" VPOS="804" WIDTH="42" HEIGHT="20" WC="0.93" CONTENT="nya"/><SP WIDTH="15" VPOS="804" HPOS="311"/>
							<String ID="string_150" HPOS="326" VPOS="797" WIDTH="68" HEIGHT="20" WC="0.92" CONTENT="sedlar"/><SP WIDTH="16" VPOS="797" HPOS="394"/>
							<String ID="string_151" HPOS="410" VPOS="797" WIDTH="31" HEIGHT="20" WC="0.93" CONTENT="för"/><SP WIDTH="15" VPOS="797" HPOS="441"/>
							<String ID="string_152" HPOS="456" VPOS="798" WIDTH="165" HEIGHT="19" WC="0.92" CONTENT="cirkulationens"/><SP WIDTH="12" VPOS="798" HPOS="621"/>
							<String ID="string_153" HPOS="633" VPOS="798" WIDTH="181" HEIGHT="20" WC="0.92" CONTENT="tillfredställande"/><SP WIDTH="11" VPOS="798" HPOS="814"/>
							<String ID="string_154" HPOS="825" VPOS="799" WIDTH="40" HEIGHT="19" WC="0.96" CONTENT="och"/>
						</TextLine>
						<TextLine ID="line_20" HPOS="118" VPOS="832" WIDTH="748" HEIGHT="26">
							<String ID="string_155" HPOS="118" VPOS="832" WIDTH="185" HEIGHT="26" WC="0.92" CONTENT="nödvändigheten"/><SP WIDTH="12" VPOS="832" HPOS="303"/>
							<String ID="string_156" HPOS="315" VPOS="832" WIDTH="22" HEIGHT="19" WC="0.93" CONTENT="af"/><SP WIDTH="10" VPOS="832" HPOS="337"/>
							<String ID="string_157" HPOS="347" VPOS="832" WIDTH="79" HEIGHT="19" WC="0.92" CONTENT="biträde"/><SP WIDTH="15" VPOS="832" HPOS="426"/>
							<String ID="string_158" HPOS="441" VPOS="832" WIDTH="31" HEIGHT="19" WC="0.93" CONTENT="för"/><SP WIDTH="15" VPOS="832" HPOS="472"/>
							<String ID="string_159" HPOS="487" VPOS="832" WIDTH="126" HEIGHT="19" WC="0.92" CONTENT="detsammas"/><SP WIDTH="15" VPOS="832" HPOS="613"/>
							<String ID="string_160" HPOS="628" VPOS="832" WIDTH="105" HEIGHT="26" WC="0.92" CONTENT="fyllande;"/><SP WIDTH="15" VPOS="832" HPOS="733"/>
							<String ID="string_161" HPOS="748" VPOS="832" WIDTH="39" HEIGHT="20" WC="0.92" CONTENT="och"/><SP WIDTH="16" VPOS="832" HPOS="787"/>
							<String ID="string_162" HPOS="803" VPOS="832" WIDTH="63" HEIGHT="20" WC="0.92" CONTENT="hafva"/>
						</TextLine>
						<TextLine ID="line_21" HPOS="118" VPOS="865" WIDTH="747" HEIGHT="27">
							<String ID="string_163" HPOS="118" VPOS="865" WIDTH="194" HEIGHT="27" WC="0.92" CONTENT="Bankfullmäktige"/><SP WIDTH="18" VPOS="865" HPOS="312"/>
							<String ID="string_164" HPOS="330" VPOS="865" WIDTH="28" HEIGHT="26" WC="0.96" CONTENT="pä"/><SP WIDTH="18" VPOS="865" HPOS="358"/>
							<String ID="string_165" HPOS="376" VPOS="866" WIDTH="65" HEIGHT="26" WC="0.93" CONTENT="grund"/><SP WIDTH="24" VPOS="866" HPOS="441"/>
							<String ID="string_166" HPOS="465" VPOS="866" WIDTH="61" HEIGHT="19" WC="0.91" CONTENT="häraf"/><SP WIDTH="21" VPOS="866" HPOS="526"/>
							<String ID="string_167" HPOS="547" VPOS="866" WIDTH="68" HEIGHT="19" WC="0.91" CONTENT="funnit"/><SP WIDTH="14" VPOS="866" HPOS="615"/>
							<String ID="string_168" HPOS="629" VPOS="866" WIDTH="32" HEIGHT="26" WC="0.93" CONTENT="sig"/><SP WIDTH="16" VPOS="866" HPOS="661"/>
							<String ID="string_169" HPOS="677" VPOS="866" WIDTH="122" HEIGHT="20" WC="0.92" CONTENT="nödsakade"/><SP WIDTH="15" VPOS="866" HPOS="799"/>
							<String ID="string_170" HPOS="814" VPOS="868" WIDTH="30" HEIGHT="18" WC="0.96" CONTENT="att"/><SP WIDTH="15" VPOS="868" HPOS="844"/>
							<String ID="string_171" HPOS="859" VPOS="867" WIDTH="6" HEIGHT="19" WC="0.96" CONTENT="i"/>
						</TextLine>
						<TextLine ID="line_22" HPOS="118" VPOS="899" WIDTH="747" HEIGHT="30">
							<String ID="string_172" HPOS="118" VPOS="900" WIDTH="132" HEIGHT="26" WC="0.89" CONTENT="underdänig"/><SP WIDTH="23" VPOS="900" HPOS="250"/>
							<String ID="string_173" HPOS="273" VPOS="899" WIDTH="110" HEIGHT="20" WC="0.89" CONTENT="skrifvelse"/><SP WIDTH="23" VPOS="899" HPOS="383"/>
							<String ID="string_174" HPOS="406" VPOS="900" WIDTH="23" HEIGHT="19" WC="0.96" CONTENT="af"/><SP WIDTH="20" VPOS="900" HPOS="429"/>
							<String ID="string_175" HPOS="449" VPOS="900" WIDTH="40" HEIGHT="19" WC="0.96" CONTENT="den"/><SP WIDTH="21" VPOS="900" HPOS="489"/>
							<String ID="string_176" HPOS="510" VPOS="900" WIDTH="26" HEIGHT="19" WC="0.96" CONTENT="30"/><SP WIDTH="16" VPOS="900" HPOS="536"/>
							<String ID="string_177" HPOS="552" VPOS="900" WIDTH="7" HEIGHT="19" WC="0.96" CONTENT="i"/><SP WIDTH="16" VPOS="900" HPOS="559"/>
							<String ID="string_178" HPOS="575" VPOS="906" WIDTH="80" HEIGHT="13" WC="0.93" CONTENT="samma"/><SP WIDTH="16" VPOS="906" HPOS="655"/>
							<String ID="string_179" HPOS="671" VPOS="900" WIDTH="75" HEIGHT="29" WC="0.92" CONTENT="mänad"/><SP WIDTH="16" VPOS="900" HPOS="746"/>
							<String ID="string_180" HPOS="762" VPOS="901" WIDTH="31" HEIGHT="19" WC="0.96" CONTENT="till"/><SP WIDTH="15" VPOS="901" HPOS="793"/>
							<String ID="string_181" HPOS="808" VPOS="901" WIDTH="57" HEIGHT="19" WC="0.96" CONTENT="Hans"/>
						</TextLine>
						<TextLine ID="line_23" HPOS="117" VPOS="933" WIDTH="747" HEIGHT="28">
							<String ID="string_182" HPOS="117" VPOS="935" WIDTH="120" HEIGHT="26" WC="0.95" CONTENT="Kejserliga"/><SP WIDTH="16" VPOS="935" HPOS="237"/>
							<String ID="string_183" HPOS="253" VPOS="935" WIDTH="96" HEIGHT="25" WC="0.93" CONTENT="Majestät"/><SP WIDTH="22" VPOS="935" HPOS="349"/>
							<String ID="string_184" HPOS="371" VPOS="934" WIDTH="110" HEIGHT="19" WC="0.82" CONTENT="hemställa"/><SP WIDTH="16" VPOS="934" HPOS="481"/>
							<String ID="string_185" HPOS="497" VPOS="940" WIDTH="33" HEIGHT="13" WC="0.91" CONTENT="om"/><SP WIDTH="17" VPOS="940" HPOS="530"/>
							<String ID="string_186" HPOS="547" VPOS="933" WIDTH="93" HEIGHT="20" WC="0.96" CONTENT="tillstånd"/><SP WIDTH="17" VPOS="933" HPOS="640"/>
							<String ID="string_187" HPOS="657" VPOS="934" WIDTH="32" HEIGHT="19" WC="0.93" CONTENT="för"/><SP WIDTH="15" VPOS="934" HPOS="689"/>
							<String ID="string_188" HPOS="704" VPOS="934" WIDTH="160" HEIGHT="20" WC="0.92" CONTENT="Bankdirektio-"/>
						</TextLine>
						<TextLine ID="line_24" HPOS="119" VPOS="968" WIDTH="747" HEIGHT="26">
							<String ID="string_189" HPOS="119" VPOS="975" WIDTH="39" HEIGHT="13" WC="0.96" CONTENT="nen"/><SP WIDTH="17" VPOS="975" HPOS="158"/>
							<String ID="string_190" HPOS="175" VPOS="971" WIDTH="30" HEIGHT="17" WC="0.96" CONTENT="att"/><SP WIDTH="15" VPOS="971" HPOS="205"/>
							<String ID="string_191" HPOS="220" VPOS="969" WIDTH="31" HEIGHT="18" WC="0.93" CONTENT="till"/><SP WIDTH="18" VPOS="969" HPOS="251"/>
							<String ID="string_192" HPOS="269" VPOS="968" WIDTH="188" HEIGHT="19" WC="0.91" CONTENT="underskrifvande"/><SP WIDTH="23" VPOS="968" HPOS="457"/>
							<String ID="string_193" HPOS="480" VPOS="968" WIDTH="23" HEIGHT="19" WC="0.92" CONTENT="af"/><SP WIDTH="23" VPOS="968" HPOS="503"/>
							<String ID="string_194" HPOS="526" VPOS="968" WIDTH="88" HEIGHT="25" WC="0.92" CONTENT="100,000"/><SP WIDTH="19" VPOS="968" HPOS="614"/>
							<String ID="string_195" HPOS="633" VPOS="968" WIDTH="90" HEIGHT="26" WC="0.78" CONTENT="stveken"/><SP WIDTH="17" VPOS="968" HPOS="723"/>
							<String ID="string_196" HPOS="740" VPOS="975" WIDTH="41" HEIGHT="19" WC="0.92" CONTENT="nya"/><SP WIDTH="15" VPOS="975" HPOS="781"/>
							<String ID="string_197" HPOS="796" VPOS="968" WIDTH="70" HEIGHT="20" WC="0.96" CONTENT="sedlar"/>
						</TextLine>
						<TextLine ID="line_25" HPOS="117" VPOS="1001" WIDTH="748" HEIGHT="27">
							<String ID="string_198" HPOS="117" VPOS="1003" WIDTH="66" HEIGHT="20" WC="0.93" CONTENT="anlita"/><SP WIDTH="16" VPOS="1003" HPOS="183"/>
							<String ID="string_199" HPOS="199" VPOS="1002" WIDTH="80" HEIGHT="20" WC="0.92" CONTENT="biträde"/><SP WIDTH="16" VPOS="1002" HPOS="279"/>
							<String ID="string_200" HPOS="295" VPOS="1002" WIDTH="23" HEIGHT="19" WC="0.93" CONTENT="af"/><SP WIDTH="14" VPOS="1002" HPOS="318"/>
							<String ID="string_201" HPOS="332" VPOS="1001" WIDTH="69" HEIGHT="21" WC="0.92" CONTENT="dertill"/><SP WIDTH="17" VPOS="1001" HPOS="401"/>
							<String ID="string_202" HPOS="418" VPOS="1002" WIDTH="45" HEIGHT="19" WC="0.91" CONTENT="utaf"/><SP WIDTH="21" VPOS="1002" HPOS="463"/>
							<String ID="string_203" HPOS="484" VPOS="1001" WIDTH="194" HEIGHT="20" WC="0.91" CONTENT="Bankdirektionen"/><SP WIDTH="25" VPOS="1001" HPOS="678"/>
							<String ID="string_204" HPOS="703" VPOS="1002" WIDTH="117" HEIGHT="26" WC="0.90" CONTENT="föreslagne"/><SP WIDTH="16" VPOS="1002" HPOS="820"/>
							<String ID="string_205" HPOS="836" VPOS="1002" WIDTH="29" HEIGHT="19" WC="0.92" CONTENT="af-"/>
						</TextLine>
						<TextLine ID="line_26" HPOS="117" VPOS="1035" WIDTH="747" HEIGHT="27">
							<String ID="string_206" HPOS="117" VPOS="1036" WIDTH="94" HEIGHT="20" WC="0.91" CONTENT="skedade"/><SP WIDTH="30" VPOS="1036" HPOS="211"/>
							<String ID="string_207" HPOS="241" VPOS="1035" WIDTH="226" HEIGHT="26" WC="0.90" CONTENT="Bankodirektörerne,"/><SP WIDTH="27" VPOS="1035" HPOS="467"/>
							<String ID="string_208" HPOS="494" VPOS="1035" WIDTH="116" HEIGHT="21" WC="0.90" CONTENT="Statsrädet"/><SP WIDTH="25" VPOS="1035" HPOS="610"/>
							<String ID="string_209" HPOS="635" VPOS="1036" WIDTH="49" HEIGHT="19" WC="0.96" CONTENT="Lars"/><SP WIDTH="25" VPOS="1036" HPOS="684"/>
							<String ID="string_210" HPOS="709" VPOS="1035" WIDTH="155" HEIGHT="27" WC="0.96" CONTENT="Langenskiöld"/>
						</TextLine>
						<TextLine ID="line_27" HPOS="117" VPOS="1069" WIDTH="748" HEIGHT="27">
							<String ID="string_211" HPOS="117" VPOS="1071" WIDTH="40" HEIGHT="20" WC="0.96" CONTENT="och"/><SP WIDTH="16" VPOS="1071" HPOS="157"/>
							<String ID="string_212" HPOS="173" VPOS="1070" WIDTH="55" HEIGHT="20" WC="0.96" CONTENT="Axel"/><SP WIDTH="16" VPOS="1070" HPOS="228"/>
							<String ID="string_213" HPOS="244" VPOS="1070" WIDTH="66" HEIGHT="25" WC="0.96" CONTENT="Boije,"/><SP WIDTH="16" VPOS="1070" HPOS="310"/>
							<String ID="string_214" HPOS="326" VPOS="1070" WIDTH="6" HEIGHT="19" WC="0.93" CONTENT="i"/><SP WIDTH="16" VPOS="1070" HPOS="332"/>
							<String ID="string_215" HPOS="348" VPOS="1070" WIDTH="107" HEIGHT="26" WC="0.92" CONTENT="egenskap"/><SP WIDTH="16" VPOS="1070" HPOS="455"/>
							<String ID="string_216" HPOS="471" VPOS="1070" WIDTH="23" HEIGHT="19" WC="0.93" CONTENT="af"/><SP WIDTH="14" VPOS="1070" HPOS="494"/>
							<String ID="string_217" HPOS="508" VPOS="1070" WIDTH="124" HEIGHT="25" WC="0.90" CONTENT="direktörer,"/><SP WIDTH="16" VPOS="1070" HPOS="632"/>
							<String ID="string_218" HPOS="648" VPOS="1072" WIDTH="51" HEIGHT="17" WC="0.93" CONTENT="samt"/><SP WIDTH="16" VPOS="1072" HPOS="699"/>
							<String ID="string_219" HPOS="715" VPOS="1069" WIDTH="99" HEIGHT="20" WC="0.92" CONTENT="Notarien"/><SP WIDTH="17" VPOS="1069" HPOS="814"/>
							<String ID="string_220" HPOS="831" VPOS="1070" WIDTH="34" HEIGHT="19" WC="0.96" CONTENT="vid"/>
						</TextLine>
						<TextLine ID="line_28" HPOS="118" VPOS="1103" WIDTH="747" HEIGHT="27">
							<String ID="string_221" HPOS="118" VPOS="1104" WIDTH="215" HEIGHT="26" WC="0.91" CONTENT="Skolöfverstyrelsen"/><SP WIDTH="24" VPOS="1104" HPOS="333"/>
							<String ID="string_222" HPOS="357" VPOS="1104" WIDTH="99" HEIGHT="26" WC="0.94" CONTENT="Magister"/><SP WIDTH="23" VPOS="1104" HPOS="456"/>
							<String ID="string_223" HPOS="479" VPOS="1104" WIDTH="77" HEIGHT="19" WC="0.94" CONTENT="Gustaf"/><SP WIDTH="21" VPOS="1104" HPOS="556"/>
							<String ID="string_224" HPOS="577" VPOS="1103" WIDTH="100" HEIGHT="20" WC="0.96" CONTENT="Rancken"/><SP WIDTH="21" VPOS="1103" HPOS="677"/>
							<String ID="string_225" HPOS="698" VPOS="1104" WIDTH="39" HEIGHT="19" WC="0.93" CONTENT="och"/><SP WIDTH="16" VPOS="1104" HPOS="737"/>
							<String ID="string_226" HPOS="753" VPOS="1104" WIDTH="112" HEIGHT="19" WC="0.91" CONTENT="Senatsko-"/>
						</TextLine>
						<TextLine ID="line_29" HPOS="117" VPOS="1137" WIDTH="749" HEIGHT="28">
							<String ID="string_227" HPOS="117" VPOS="1139" WIDTH="68" HEIGHT="26" WC="0.92" CONTENT="pisten"/><SP WIDTH="18" VPOS="1139" HPOS="185"/>
							<String ID="string_228" HPOS="203" VPOS="1138" WIDTH="71" HEIGHT="26" WC="0.93" CONTENT="Georg"/><SP WIDTH="15" VPOS="1138" HPOS="274"/>
							<String ID="string_229" HPOS="289" VPOS="1137" WIDTH="147" HEIGHT="26" WC="0.88" CONTENT="Christierson,"/><SP WIDTH="17" VPOS="1137" HPOS="436"/>
							<String ID="string_230" HPOS="453" VPOS="1137" WIDTH="67" HEIGHT="21" WC="0.92" CONTENT="säsom"/><SP WIDTH="24" VPOS="1137" HPOS="520"/>
							<String ID="string_231" HPOS="544" VPOS="1137" WIDTH="103" HEIGHT="26" WC="0.90" CONTENT="kassörer,"/><SP WIDTH="17" VPOS="1137" HPOS="647"/>
							<String ID="string_232" HPOS="664" VPOS="1139" WIDTH="56" HEIGHT="18" WC="0.93" CONTENT="emot"/><SP WIDTH="15" VPOS="1139" HPOS="720"/>
							<String ID="string_233" HPOS="735" VPOS="1137" WIDTH="84" HEIGHT="26" WC="0.92" CONTENT="arvode,"/><SP WIDTH="17" VPOS="1137" HPOS="819"/>
							<String ID="string_234" HPOS="836" VPOS="1140" WIDTH="30" HEIGHT="17" WC="0.93" CONTENT="ut-"/>
						</TextLine>
						<TextLine ID="line_30" HPOS="117" VPOS="1172" WIDTH="749" HEIGHT="27">
							<String ID="string_235" HPOS="117" VPOS="1173" WIDTH="95" HEIGHT="26" WC="0.90" CONTENT="görande"/><SP WIDTH="22" VPOS="1173" HPOS="212"/>
							<String ID="string_236" HPOS="234" VPOS="1172" WIDTH="32" HEIGHT="20" WC="0.96" CONTENT="för"/><SP WIDTH="22" VPOS="1172" HPOS="266"/>
							<String ID="string_237" HPOS="288" VPOS="1172" WIDTH="26" HEIGHT="20" WC="0.91" CONTENT="de"/><SP WIDTH="23" VPOS="1172" HPOS="314"/>
							<String ID="string_238" HPOS="337" VPOS="1172" WIDTH="54" HEIGHT="20" WC="0.91" CONTENT="förre"/><SP WIDTH="23" VPOS="1172" HPOS="391"/>
							<String ID="string_239" HPOS="414" VPOS="1173" WIDTH="31" HEIGHT="25" WC="0.96" CONTENT="sju"/><SP WIDTH="23" VPOS="1173" HPOS="445"/>
							<String ID="string_240" HPOS="468" VPOS="1172" WIDTH="39" HEIGHT="20" WC="0.95" CONTENT="och"/><SP WIDTH="21" VPOS="1172" HPOS="507"/>
							<String ID="string_241" HPOS="528" VPOS="1172" WIDTH="32" HEIGHT="20" WC="0.96" CONTENT="för"/><SP WIDTH="16" VPOS="1172" HPOS="560"/>
							<String ID="string_242" HPOS="576" VPOS="1172" WIDTH="25" HEIGHT="20" WC="0.96" CONTENT="de"/><SP WIDTH="16" VPOS="1172" HPOS="601"/>
							<String ID="string_243" HPOS="617" VPOS="1178" WIDTH="75" HEIGHT="14" WC="0.96" CONTENT="senare"/><SP WIDTH="16" VPOS="1178" HPOS="692"/>
							<String ID="string_244" HPOS="708" VPOS="1179" WIDTH="37" HEIGHT="13" WC="0.96" CONTENT="sex"/><SP WIDTH="16" VPOS="1179" HPOS="745"/>
							<String ID="string_245" HPOS="761" VPOS="1172" WIDTH="58" HEIGHT="21" WC="0.96" CONTENT="mark"/><SP WIDTH="16" VPOS="1172" HPOS="819"/>
							<String ID="string_246" HPOS="835" VPOS="1173" WIDTH="31" HEIGHT="19" WC="0.96" CONTENT="för"/>
						</TextLine>
						<TextLine ID="line_31" HPOS="116" VPOS="1206" WIDTH="174" HEIGHT="21">
							<String ID="string_247" HPOS="116" VPOS="1209" WIDTH="82" HEIGHT="18" WC="0.92" CONTENT="ettusen"/><SP WIDTH="17" VPOS="1209" HPOS="198"/>
							<String ID="string_248" HPOS="215" VPOS="1206" WIDTH="75" HEIGHT="20" WC="0.92" CONTENT="sedlar."/>
						</TextLine>
					</TextBlock>
					<TextBlock ID="block_3" HPOS="117" VPOS="1239" WIDTH="749" HEIGHT="62">
						<TextLine ID="line_32" HPOS="185" VPOS="1239" WIDTH="681" HEIGHT="27">
							<String ID="string_249" HPOS="185" VPOS="1240" WIDTH="97" HEIGHT="21" WC="0.90" CONTENT="Nämnde"/><SP WIDTH="23" VPOS="1240" HPOS="282"/>
							<String ID="string_250" HPOS="305" VPOS="1240" WIDTH="78" HEIGHT="20" WC="0.90" CONTENT="ärende"/><SP WIDTH="16" VPOS="1240" HPOS="383"/>
							<String ID="string_251" HPOS="399" VPOS="1243" WIDTH="23" HEIGHT="16" WC="0.96" CONTENT="är"/><SP WIDTH="15" VPOS="1243" HPOS="422"/>
							<String ID="string_252" HPOS="437" VPOS="1240" WIDTH="32" HEIGHT="19" WC="0.96" CONTENT="för"/><SP WIDTH="15" VPOS="1240" HPOS="469"/>
							<String ID="string_253" HPOS="484" VPOS="1240" WIDTH="132" HEIGHT="20" WC="0.96" CONTENT="närvarande"/><SP WIDTH="18" VPOS="1240" HPOS="616"/>
							<String ID="string_254" HPOS="634" VPOS="1239" WIDTH="28" HEIGHT="27" WC="0.96" CONTENT="pä"/><SP WIDTH="14" VPOS="1239" HPOS="662"/>
							<String ID="string_255" HPOS="676" VPOS="1240" WIDTH="58" HEIGHT="20" WC="0.93" CONTENT="Hans"/><SP WIDTH="15" VPOS="1240" HPOS="734"/>
							<String ID="string_256" HPOS="749" VPOS="1240" WIDTH="117" HEIGHT="26" WC="0.93" CONTENT="Kejserliga"/>
						</TextLine>
						<TextLine ID="line_33" HPOS="117" VPOS="1274" WIDTH="446" HEIGHT="27">
							<String ID="string_257" HPOS="117" VPOS="1275" WIDTH="107" HEIGHT="26" WC="0.92" CONTENT="Majestäts"/><SP WIDTH="15" VPOS="1275" HPOS="224"/>
							<String ID="string_258" HPOS="239" VPOS="1275" WIDTH="83" HEIGHT="26" WC="0.92" CONTENT="Nädiga"/><SP WIDTH="15" VPOS="1275" HPOS="322"/>
							<String ID="string_259" HPOS="337" VPOS="1275" WIDTH="97" HEIGHT="26" WC="0.91" CONTENT="pröfning"/><SP WIDTH="17" VPOS="1275" HPOS="434"/>
							<String ID="string_260" HPOS="451" VPOS="1274" WIDTH="112" HEIGHT="20" WC="0.91" CONTENT="beroende."/>
						</TextLine>
					</TextBlock>
				</ComposedBlock>
				<ComposedBlock ID="cblock_2" HPOS="117" VPOS="1337" WIDTH="748" HEIGHT="134">
					<TextBlock ID="block_4" HPOS="117" VPOS="1337" WIDTH="748" HEIGHT="134">
						<TextLine ID="line_34" HPOS="473" VPOS="1337" WIDTH="44" HEIGHT="24">
							<String ID="string_261" HPOS="473" VPOS="1339" WIDTH="9" HEIGHT="22" WC="0.91" CONTENT="$"/><SP WIDTH="16" VPOS="1339" HPOS="482"/>
							<String ID="string_262" HPOS="498" VPOS="1337" WIDTH="19" HEIGHT="19" WC="0.70" CONTENT="2."/>
						</TextLine>
						<TextLine ID="line_35" HPOS="186" VPOS="1376" WIDTH="679" HEIGHT="24">
							<String ID="string_263" HPOS="186" VPOS="1377" WIDTH="62" HEIGHT="20" WC="0.91" CONTENT="Utom"/><SP WIDTH="21" VPOS="1377" HPOS="248"/>
							<String ID="string_264" HPOS="269" VPOS="1377" WIDTH="36" HEIGHT="20" WC="0.96" CONTENT="det"/><SP WIDTH="19" VPOS="1377" HPOS="305"/>
							<String ID="string_265" HPOS="324" VPOS="1376" WIDTH="67" HEIGHT="20" WC="0.92" CONTENT="under"/><SP WIDTH="15" VPOS="1376" HPOS="391"/>
							<String ID="string_266" HPOS="406" VPOS="1378" WIDTH="10" HEIGHT="22" WC="0.90" CONTENT="$"/><SP WIDTH="22" VPOS="1378" HPOS="416"/>
							<String ID="string_267" HPOS="438" VPOS="1377" WIDTH="4" HEIGHT="18" WC="0.96" CONTENT="1"/><SP WIDTH="18" VPOS="1377" HPOS="442"/>
							<String ID="string_268" HPOS="460" VPOS="1382" WIDTH="61" HEIGHT="14" WC="0.96" CONTENT="mom."/><SP WIDTH="20" VPOS="1382" HPOS="521"/>
							<String ID="string_269" HPOS="541" VPOS="1377" WIDTH="12" HEIGHT="18" WC="0.96" CONTENT="4"/><SP WIDTH="16" VPOS="1377" HPOS="553"/>
							<String ID="string_270" HPOS="569" VPOS="1376" WIDTH="64" HEIGHT="20" WC="0.93" CONTENT="redan"/><SP WIDTH="16" VPOS="1376" HPOS="633"/>
							<String ID="string_271" HPOS="649" VPOS="1376" WIDTH="127" HEIGHT="20" WC="0.92" CONTENT="omnämnda"/><SP WIDTH="15" VPOS="1376" HPOS="776"/>
							<String ID="string_272" HPOS="791" VPOS="1376" WIDTH="74" HEIGHT="21" WC="0.92" CONTENT="under-"/>
						</TextLine>
						<TextLine ID="line_36" HPOS="118" VPOS="1409" WIDTH="746" HEIGHT="28">
							<String ID="string_273" HPOS="118" VPOS="1411" WIDTH="78" HEIGHT="26" WC="0.89" CONTENT="däniga"/><SP WIDTH="23" VPOS="1411" HPOS="196"/>
							<String ID="string_274" HPOS="219" VPOS="1410" WIDTH="115" HEIGHT="26" WC="0.91" CONTENT="utlätande,"/><SP WIDTH="22" VPOS="1410" HPOS="334"/>
							<String ID="string_275" HPOS="356" VPOS="1410" WIDTH="62" HEIGHT="19" WC="0.92" CONTENT="hafva"/><SP WIDTH="15" VPOS="1410" HPOS="418"/>
							<String ID="string_276" HPOS="433" VPOS="1410" WIDTH="22" HEIGHT="19" WC="0.96" CONTENT="af"/><SP WIDTH="13" VPOS="1410" HPOS="455"/>
							<String ID="string_277" HPOS="468" VPOS="1410" WIDTH="57" HEIGHT="19" WC="0.93" CONTENT="Hans"/><SP WIDTH="19" VPOS="1410" HPOS="525"/>
							<String ID="string_278" HPOS="544" VPOS="1409" WIDTH="120" HEIGHT="27" WC="0.90" CONTENT="Kejserliga"/><SP WIDTH="22" VPOS="1409" HPOS="664"/>
							<String ID="string_279" HPOS="686" VPOS="1410" WIDTH="95" HEIGHT="26" WC="0.90" CONTENT="Majestät"/><SP WIDTH="22" VPOS="1410" HPOS="781"/>
							<String ID="string_280" HPOS="803" VPOS="1411" WIDTH="61" HEIGHT="19" WC="0.91" CONTENT="infor-"/>
						</TextLine>
						<TextLine ID="line_37" HPOS="117" VPOS="1443" WIDTH="557" HEIGHT="28">
							<String ID="string_281" HPOS="117" VPOS="1445" WIDTH="65" HEIGHT="20" WC="0.90" CONTENT="drade"/><SP WIDTH="15" VPOS="1445" HPOS="182"/>
							<String ID="string_282" HPOS="197" VPOS="1445" WIDTH="112" HEIGHT="26" WC="0.91" CONTENT="yttranden"/><SP WIDTH="17" VPOS="1445" HPOS="309"/>
							<String ID="string_283" HPOS="326" VPOS="1444" WIDTH="23" HEIGHT="20" WC="0.93" CONTENT="af"/><SP WIDTH="13" VPOS="1444" HPOS="349"/>
							<String ID="string_284" HPOS="362" VPOS="1443" WIDTH="193" HEIGHT="27" WC="0.92" CONTENT="Bankfullmäktige"/><SP WIDTH="16" VPOS="1443" HPOS="555"/>
							<String ID="string_285" HPOS="571" VPOS="1443" WIDTH="103" HEIGHT="27" WC="0.92" CONTENT="afgifvits:"/>
						</TextLine>
					</TextBlock>
				</ComposedBlock>
				<GraphicalElement ID="cblock_3" HPOS="1073" VPOS="815" WIDTH="5" HEIGHT="495"></GraphicalElement >
				<GraphicalElement ID="cblock_4" HPOS="1072" VPOS="815" WIDTH="6" HEIGHT="827"></GraphicalElement >
			</PrintSpace>
		</Page>
	</Layout>
</alto>
