1078 1692
831 102 33 17 167

139 164 60 20 faller
219 164 204 20 Landskamreraren
447 164 39 20 och
509 164 219 20 Landträntmästaren
752 164 30 20 till
808 165 78 19 hälften

139 198 109 20 hvardera.

209 232 74 20 Denna
302 232 122 27 förordning
444 232 73 20 länder
533 232 30 20 till
579 232 141 21 efterrättelse
735 233 52 19 ifrån
805 233 40 20 den
864 246 23 2 —

320 290 72 23 Enligt
408 290 67 20 Hans
491 290 148 26 Kejserliga
654 290 137 26 Majestäts
805 290 83 27 Nädiga

790 319 17 12 26
816 318 62 14 Januari

277 324 121 26 befallning,
422 324 71 26 gifven
512 324 6 19 i
538 324 30 20 S:t
586 324 124 26 Petersburg
726 324 40 20 den
782 336 100 18 =frebroi

277 358 61 20 1872.

415 402 67 21 ALEX.
497 402 118 21 ARMFELT.

595 464 36 22 Ch.
646 465 47 21 Em.
708 466 123 21 Frosterus.

347 641 284 26 Bevillningsutskottets
655 642 151 20 betänkande
823 642 30 20 N:o
871 642 15 25 1,

276 675 6 19 i
298 676 103 26 anledning
419 676 22 20 af
456 676 55 20 Hans
530 676 135 26 Kejserliga
682 676 120 26 Majestäts
818 676 70 26 Nädiga

276 710 120 26 proposition
411 710 97 26 angående
519 716 24 20 ny
555 710 112 26 förordning
675 716 29 14 om
716 710 171 26 ståmpelpappers-

276 744 79 26 afgiften
370 744 6 20 i
393 744 83 20 Finland.

208 812 96 20 Nämnda
323 812 84 26 Nådiga
425 812 129 26 proposition
575 812 36 20 har
631 818 76 20 genom
723 812 165 26 Ridderskapets

140 847 38 19 och
196 846 79 20 Adelns
291 848 54 17 samt
360 846 80 19 Preste-
456 846 39 19 och
511 846 173 20 Bondeståndens
699 846 142 26 likstämmiga
853 846 34 20 be-

140 882 41 19 slut
196 881 148 19 öfverlemnats
360 880 31 19 till
408 880 129 26 behandling
548 880 22 20 af
579 880 248 26 Bevillnings-utskottet,
843 887 43 13 som

140 915 101 26 derjemte
266 914 84 19 erhållit
369 914 34 19 del
424 914 23 19 af
463 914 127 26 protokollet
610 915 58 19 öfver
687 921 25 13 en
730 915 7 18 i
753 914 135 20 sistbemälda

139 949 60 19 stånd
216 948 109 20 förefallen
342 948 118 19 diskussion
476 948 7 19 i
499 948 82 26 frågan;
604 949 39 19 och
659 949 64 19 ehuru
739 948 147 27 Borgarestån-

140 983 36 19 det
191 984 83 18 stannat
288 982 6 19 i
311 982 35 19 det
362 982 123 27 skiljaktiga
501 982 73 27 beslut,
590 985 30 17 att
635 982 112 25 hänskjuta
761 982 70 20 denna
841 989 46 20 pro-

140 1016 90 27 position
240 1016 31 19 till
282 1016 158 27 handläggning
449 1017 23 19 af
481 1019 138 18 sammansatt
627 1017 63 20 Stats-
700 1016 39 20 och
748 1012 139 30 Bevillnings-

141 1051 85 25 utskott,
247 1050 37 19 har
302 1050 102 20 utskottet
423 1050 47 20 icke
488 1051 62 19 deraf
567 1053 68 18 ansett
652 1051 32 26 sig
702 1050 132 20 förhindradt
852 1052 36 24 att,

140 1085 6 19 i
163 1084 217 20 öfverensstämmelse
398 1085 46 19 med
461 1085 26 19 de
503 1085 68 26 öfriga
592 1085 104 20 Ståndens
711 1083 113 26 föreskrift,
840 1086 48 25 taga

140 1118 87 20 ärendet
242 1119 6 18 i
264 1118 163 27 öfvervägande.

208 1152 41 19 Det
264 1152 118 19 Ständerna
397 1152 108 27 förelagda
521 1153 99 26 förslaget
636 1152 29 19 till
683 1159 28 19 ny
723 1151 123 27 förordning
855 1158 32 13 om

139 1187 181 26 stämpelpappers
336 1186 88 26 afgiften
439 1189 22 16 är
477 1186 30 20 till
524 1189 75 17 största
615 1187 59 19 delen
687 1186 95 19 affattadt
797 1186 6 19 i
819 1186 67 19 öfver-

140 1220 158 20 ensstämmelse
315 1220 45 20 med
378 1220 41 20 den
441 1221 23 19 af
488 1220 118 20 Ständerna
625 1220 34 20 vid
680 1222 82 18 senaste
788 1219 99 27 landtdag

139 1257 92 23 antagna
256 1254 40 19 och
321 1254 23 19 af
366 1254 58 20 Hans
441 1254 119 27 Kejserliga
575 1255 96 25 Majestät
686 1254 40 19 den
743 1254 11 19 9
771 1253 117 20 December

142 1289 52 19 1867
211 1288 108 20 utfärdade
336 1288 122 27 förordning
473 1289 6 18 i
496 1290 82 23 ämnet;
599 1295 46 12 men
664 1288 6 19 i
686 1288 40 19 den
742 1287 83 26 Nådiga
840 1294 46 19 pro-

140 1323 116 26 positionen
280 1323 62 19 hafva
364 1323 71 24 likväl,
456 1322 45 20 med
529 1323 114 26 anledning
669 1321 61 21 deraf
743 1323 30 18 att
789 1321 98 20 behållna

139 1357 120 19 inkomsten
278 1356 13 19 å
310 1356 70 20 denna
402 1357 115 19 skattetitel
542 1357 65 19 under
626 1357 72 25 hvarje
718 1356 22 19 af
756 1356 50 19 åren
827 1356 59 25 1867,

141 1391 53 19 1868
211 1390 38 20 och
270 1390 53 19 1869
344 1390 67 20 skulle
427 1391 6 19 i
449 1390 99 20 medeltal
567 1391 78 26 utgjort
661 1389 87 27 ungefär
763 1389 123 20 trettioåtta-

139 1427 59 18 tusen
215 1424 59 19 mark
292 1424 80 20 mindre
388 1427 26 17 än
431 1424 22 20 år
468 1424 63 27 1864,
547 1425 46 20 med
611 1424 79 20 hvilket
701 1424 22 19 år
734 1423 151 27 kartasigillata
