1078 1692
217 123 35 18 624

264 186 8 21 i
282 186 49 28 fall
349 186 80 21 sådant
448 186 92 28 pröfvas
563 186 107 29 behöfligt,
692 188 67 21 sedan
775 189 8 20 i
799 188 147 28 byggnadsvä-

264 220 74 22 sendet
348 220 109 28 förfarne
469 228 106 20 personer
591 220 71 27 blifvit
680 221 124 22 tillkallade
820 216 41 28 och
873 222 71 26 hörde,

261 256 33 26 på
311 255 101 27 lämpligt
420 256 44 20 sätt
480 254 101 28 anskaffa
591 255 115 27 definitiva
718 256 111 28 ritningar
840 257 38 21 och
888 257 57 21 kost-

263 289 145 27 nadsförslag
433 289 36 21 till
490 289 67 26 huset,
576 290 48 20 med
646 290 142 28 iakttagande
806 290 30 28 af
845 291 35 21 det
896 291 53 27 utaf

266 318 191 32 Öfverdirektören
484 323 114 21 Dalström
624 324 32 20 uti
680 324 55 21 hans
755 324 91 29 förslag
872 325 72 29 följda

264 357 119 28 brandfria
403 357 37 21 och
462 358 66 20 säkra
548 358 196 28 byggnadssystem,
763 360 34 20 uti
811 359 79 22 hvilket
904 360 41 21 hus

264 392 66 27 nödig
345 391 59 21 lokal
414 391 43 27 för
471 392 140 20 statsverkets
622 392 84 27 fonder
721 392 38 22 och
774 393 63 21 deras
848 394 96 26 förvalt-

264 427 54 27 ning
333 426 65 26 äfven
415 425 65 21 borde
491 426 89 27 finnas;
602 426 68 21 hvarå
684 426 47 22 .och
750 428 67 20 sedan
832 428 112 21 Fullmäk-

265 461 43 27 tige
322 460 103 28 slutliger
443 460 88 21 bestämt
546 460 34 28 sig
597 460 42 28 för
661 468 25 14 en
709 462 42 20 viss
775 462 170 28 byggnadsplan,

264 494 26 22 de
305 494 51 28 egde
372 495 8 20 i
396 494 217 26 öfverensstämmelse
631 495 48 21 med
692 495 171 29 föreskrifterna
878 497 8 21 i
901 500 44 18 sta-

264 528 52 22 dens
341 528 207 28 byggnadsordning
575 529 87 21 utverka
687 530 142 28 vederbörligt
850 531 96 27 godkän-

263 563 71 21 nande
350 562 30 28 af
390 563 131 25 densamma,
536 566 56 18 samt
607 564 28 27 gå
652 564 7 20 i
669 564 142 28 författning
831 572 32 14 om
878 565 65 28 bygg-

262 597 83 21 nadens
362 596 143 28 uppförande,
521 598 69 20 under
605 598 77 27 speciel
697 599 75 27 tillsyn
788 598 29 28 af
826 599 118 21 sakkunni-

262 638 25 21 ge
299 638 116 20 personer;
434 631 54 21 dock
505 632 48 20 med
572 632 41 20 den
633 632 158 28 inskränkning
809 636 33 18 att
857 634 86 20 kostna-

262 666 76 25 derna,
359 665 144 21 inberäknadt
522 668 53 18 tomt
593 666 38 20 och
648 666 73 21 andra
738 667 97 27 utgifter,
857 667 43 21 icke
918 668 24 25 få

260 700 76 28 uppgå
351 700 35 20 till
407 706 45 14 mer
471 702 28 18 än
517 700 99 27 omkring
635 700 134 27 femhundra
792 704 61 18 tusen
875 701 67 26 mark,

261 736 33 18 att
310 734 136 20 utanordnas
462 734 13 20 å
490 734 125 27 disponibla
630 734 66 21 medel
711 735 8 20 i
734 735 109 21 Finlands
858 736 70 20 Bank.

261 779 139 27 Helsingfors,
417 780 40 20 den
475 780 25 20 26
517 780 41 26 Maj
577 780 60 20 1872.

399 905 113 20 Finlands
537 905 117 20 Ständers
678 905 137 21 skrifvelse
834 906 30 21 till
879 907 62 20 Bank-

327 939 121 26 fullmäktige
464 945 30 14 om
508 939 119 27 uppförande
643 940 21 20 af
676 942 28 18 ett
718 940 93 21 bankhus.

259 1003 43 20 Till
325 1003 134 26 fullgörande
482 1003 23 20 af
526 1003 35 20 det
584 1003 95 26 uppdrag
702 1003 82 20 landets
802 1003 89 21 Ständer
906 1005 34 19 vid

192 1038 53 20 1867
262 1037 33 20 års
311 1037 102 27 landtdag
427 1037 98 20 lemnade
541 1037 47 20 sina
608 1037 119 20 dåvarande
742 1037 200 28 Bankfullmäktige,

190 1075 31 17 att
235 1073 66 19 innan
318 1074 60 17 nästa
392 1071 102 27 landtdag
512 1071 43 20 låta
575 1074 95 24 uppgöra
685 1072 77 26 ritning
778 1072 40 20 och
833 1072 107 20 kostnads-

191 1106 80 27 förslag
290 1106 31 20 till
342 1108 30 18 ett
392 1106 109 26 tidsenligt
523 1106 104 26 bankhus,
643 1105 71 21 hvilka
733 1106 127 27 handlingar
877 1107 63 20 sedan

190 1140 66 21 borde
272 1140 31 20 till
320 1140 117 20 Ständerna
457 1140 142 20 öfverlemnas
619 1140 67 20 tillika
706 1140 47 20 med
770 1141 118 26 utredning,
904 1141 36 19 hu-

189 1174 76 20 ruvida
280 1174 88 27 lämplig
384 1177 51 17 tomt
451 1175 32 19 för
499 1175 36 20 det
555 1174 107 21 blifvande
682 1174 118 21 bankhuset
819 1175 75 20 funnes
912 1177 30 18 att

189 1208 67 27 tillgå,
272 1209 108 20 äfvensom
397 1215 33 13 om
445 1209 38 19 och
500 1211 37 17 när
557 1209 88 20 Banken
664 1209 70 19 kunde
750 1215 40 20 'ega
805 1208 89 27 tillgång
909 1209 31 19 till

190 1243 135 20 bestridande
346 1243 22 20 af
390 1243 26 20 de
439 1243 47 20 med
511 1243 91 20 nämnde
626 1243 193 26 byggnadsföretag
842 1243 98 20 förenade

188 1277 122 26 kostnader,
331 1277 63 20 hafva
415 1277 97 20 bemälde
534 1276 142 27 Fullmäktige
693 1277 29 19 uti
737 1277 111 20 skrifvelse
863 1277 23 20 af
900 1277 39 20 den

189 1312 24 19 31
232 1311 96 20 sistlidne
350 1311 87 20 Januari
461 1311 37 20 hos
521 1311 118 20 Ständerna
660 1311 86 26 anmält,
762 1313 30 18 att
811 1311 55 20 hvad
889 1311 51 20 först

188 1346 93 26 anginge
298 1347 52 18 tomt
366 1345 31 20 för
416 1345 35 20 det
470 1345 106 20 tilltänkta
602 1345 123 26 bankhuset,
748 1351 50 14 vore
821 1345 41 20 den
885 1348 55 17 öster

188 1386 34 13 om
238 1379 178 26 Grekisk-Ryska
434 1379 163 27 församlingens
617 1379 71 27 gamla
703 1379 70 26 kyrka
788 1379 39 20 och
843 1386 47 13 norr
906 1386 32 13 om

187 1413 171 26 Nikolaikyrkan
379 1413 92 27 belägna
488 1416 71 24 öppna
579 1413 62 27 plats,
656 1420 44 13 som
717 1413 47 20 icke
780 1416 23 17 är
819 1413 31 20 till
865 1415 75 18 tomter

188 1448 92 25 indelad,
297 1454 47 13 men
361 1447 22 20 af
397 1448 74 19 staden
488 1449 31 18 för
535 1447 131 21 närvarande
683 1448 30 19 till
725 1454 25 14 en
763 1448 33 20 del
811 1447 129 27 disponeras,
