<?xml version="1.0" encoding="UTF-8"?>
<alto xmlns="http://www.loc.gov/standards/alto/ns-v3#" xmlns:xlink="http://www.w3.org/1999/xlink" xmlns:xsi="http://www.w3.org/2001/XMLSchema-instance" xsi:schemaLocation="http://www.loc.gov/standards/alto/ns-v3# http://www.loc.gov/alto/v3/alto-3-0.xsd">
	<Description>
		<MeasurementUnit>pixel</MeasurementUnit>
		<sourceImageInformation>
			<fileName>/tmp/tess_bmaro9w4_input.PNG</fileName>
		</sourceImageInformation>
		<OCRProcessing ID="OCR_0">
			<ocrProcessingStep>
				<processingSoftware>
					<softwareName>tesseract 5.3.4</softwareName>
				</processingSoftware>
			</ocrProcessingStep>
		</OCRProcessing>
	</Description>
	<Layout>
		<Page WIDTH="1078" HEIGHT="1692" PHYSICAL_IMG_NR="0" ID="page_0">
			<PrintSpace HPOS="0" VPOS="0" WIDTH="1078" HEIGHT="1692">
				<GraphicalElement ID="cblock_0" HPOS="0" VPOS="1139" WIDTH="4" HEIGHT="493"></GraphicalElement >
				<ComposedBlock ID="cblock_1" HPOS="224" VPOS="121" WIDTH="33" HEIGHT="17">
					<TextBlock ID="block_0" HPOS="224" VPOS="121" WIDTH="33" HEIGHT="17">
						<TextLine ID="line_0" HPOS="224" VPOS="121" WIDTH="33" HEIGHT="17">
							<String ID="string_0" HPOS="224" VPOS="121" WIDTH="33" HEIGHT="17" WC="0.93" CONTENT="394"/>
						</TextLine>
					</TextBlock>
				</ComposedBlock>
				<ComposedBlock ID="cblock_2" HPOS="201" VPOS="178" WIDTH="753" HEIGHT="165">
					<TextBlock ID="block_1" HPOS="201" VPOS="178" WIDTH="753" HEIGHT="95">
						<TextLine ID="line_1" HPOS="202" VPOS="178" WIDTH="752" HEIGHT="27">
							<String ID="string_1" HPOS="202" VPOS="178" WIDTH="112" HEIGHT="26" WC="0.96" CONTENT="hänskjuta"/><SP WIDTH="15" VPOS="178" HPOS="314"/>
							<String ID="string_2" HPOS="329" VPOS="178" WIDTH="65" HEIGHT="20" WC="0.96" CONTENT="saken"/><SP WIDTH="17" VPOS="178" HPOS="394"/>
							<String ID="string_3" HPOS="411" VPOS="178" WIDTH="30" HEIGHT="20" WC="0.93" CONTENT="till"/><SP WIDTH="13" VPOS="178" HPOS="441"/>
							<String ID="string_4" HPOS="454" VPOS="178" WIDTH="148" HEIGHT="20" WC="0.92" CONTENT="Direktionens"/><SP WIDTH="12" VPOS="178" HPOS="602"/>
							<String ID="string_5" HPOS="614" VPOS="178" WIDTH="100" HEIGHT="26" WC="0.91" CONTENT="pröfning"/><SP WIDTH="12" VPOS="178" HPOS="714"/>
							<String ID="string_6" HPOS="726" VPOS="179" WIDTH="39" HEIGHT="20" WC="0.93" CONTENT="och"/><SP WIDTH="11" VPOS="179" HPOS="765"/>
							<String ID="string_7" HPOS="776" VPOS="178" WIDTH="115" HEIGHT="27" WC="0.92" CONTENT="afgörande"/><SP WIDTH="9" VPOS="178" HPOS="891"/>
							<String ID="string_8" HPOS="900" VPOS="181" WIDTH="54" HEIGHT="17" WC="0.96" CONTENT="samt"/>
						</TextLine>
						<TextLine ID="line_2" HPOS="201" VPOS="212" WIDTH="752" HEIGHT="27">
							<String ID="string_9" HPOS="201" VPOS="213" WIDTH="6" HEIGHT="19" WC="0.96" CONTENT="i"/><SP WIDTH="17" VPOS="213" HPOS="207"/>
							<String ID="string_10" HPOS="224" VPOS="212" WIDTH="75" HEIGHT="20" WC="0.94" CONTENT="sådant"/><SP WIDTH="15" VPOS="212" HPOS="299"/>
							<String ID="string_11" HPOS="314" VPOS="212" WIDTH="100" HEIGHT="20" WC="0.96" CONTENT="afseende"/><SP WIDTH="16" VPOS="212" HPOS="414"/>
							<String ID="string_12" HPOS="430" VPOS="212" WIDTH="29" HEIGHT="20" WC="0.96" CONTENT="dit"/><SP WIDTH="16" VPOS="212" HPOS="459"/>
							<String ID="string_13" HPOS="475" VPOS="213" WIDTH="88" HEIGHT="19" WC="0.95" CONTENT="insända"/><SP WIDTH="14" VPOS="213" HPOS="563"/>
							<String ID="string_14" HPOS="577" VPOS="213" WIDTH="42" HEIGHT="19" WC="0.95" CONTENT="alla"/><SP WIDTH="10" VPOS="213" HPOS="619"/>
							<String ID="string_15" HPOS="629" VPOS="213" WIDTH="26" HEIGHT="19" WC="0.95" CONTENT="de"/><SP WIDTH="12" VPOS="213" HPOS="655"/>
							<String ID="string_16" HPOS="667" VPOS="213" WIDTH="33" HEIGHT="19" WC="0.96" CONTENT="till"/><SP WIDTH="12" VPOS="213" HPOS="700"/>
							<String ID="string_17" HPOS="712" VPOS="213" WIDTH="76" HEIGHT="21" WC="0.93" CONTENT="honom"/><SP WIDTH="12" VPOS="213" HPOS="788"/>
							<String ID="string_18" HPOS="800" VPOS="214" WIDTH="80" HEIGHT="25" WC="0.92" CONTENT="ingifna"/><SP WIDTH="8" VPOS="214" HPOS="880"/>
							<String ID="string_19" HPOS="888" VPOS="213" WIDTH="65" HEIGHT="19" WC="0.91" CONTENT="hand-"/>
						</TextLine>
						<TextLine ID="line_3" HPOS="203" VPOS="247" WIDTH="368" HEIGHT="26">
							<String ID="string_20" HPOS="203" VPOS="247" WIDTH="95" HEIGHT="25" WC="0.91" CONTENT="lingarne"/><SP WIDTH="13" VPOS="247" HPOS="298"/>
							<String ID="string_21" HPOS="311" VPOS="248" WIDTH="67" HEIGHT="24" WC="0.96" CONTENT="jemte"/><SP WIDTH="16" VPOS="248" HPOS="378"/>
							<String ID="string_22" HPOS="394" VPOS="249" WIDTH="48" HEIGHT="24" WC="0.95" CONTENT="eget"/><SP WIDTH="16" VPOS="249" HPOS="442"/>
							<String ID="string_23" HPOS="458" VPOS="247" WIDTH="113" HEIGHT="19" WC="0.95" CONTENT="utlåtande."/>
						</TextLine>
					</TextBlock>
					<TextBlock ID="block_2" HPOS="201" VPOS="280" WIDTH="751" HEIGHT="63">
						<TextLine ID="line_4" HPOS="270" VPOS="280" WIDTH="682" HEIGHT="28">
							<String ID="string_24" HPOS="270" VPOS="280" WIDTH="137" HEIGHT="26" WC="0.90" CONTENT="Ofvansagda"/><SP WIDTH="15" VPOS="280" HPOS="407"/>
							<String ID="string_25" HPOS="422" VPOS="280" WIDTH="99" HEIGHT="20" WC="0.96" CONTENT="kontrakt"/><SP WIDTH="15" VPOS="280" HPOS="521"/>
							<String ID="string_26" HPOS="536" VPOS="280" WIDTH="54" HEIGHT="20" WC="0.96" CONTENT="skall"/><SP WIDTH="17" VPOS="280" HPOS="590"/>
							<String ID="string_27" HPOS="607" VPOS="281" WIDTH="39" HEIGHT="19" WC="0.96" CONTENT="ock"/><SP WIDTH="15" VPOS="281" HPOS="646"/>
							<String ID="string_28" HPOS="661" VPOS="282" WIDTH="110" HEIGHT="20" WC="0.96" CONTENT="innehålla"/><SP WIDTH="11" VPOS="282" HPOS="771"/>
							<String ID="string_29" HPOS="782" VPOS="289" WIDTH="125" HEIGHT="19" WC="0.89" CONTENT="noggranna"/><SP WIDTH="13" VPOS="289" HPOS="907"/>
							<String ID="string_30" HPOS="920" VPOS="284" WIDTH="32" HEIGHT="19" WC="0.89" CONTENT="be-"/>
						</TextLine>
						<TextLine ID="line_5" HPOS="201" VPOS="315" WIDTH="704" HEIGHT="28">
							<String ID="string_31" HPOS="201" VPOS="315" WIDTH="130" HEIGHT="26" WC="0.95" CONTENT="stämningar"/><SP WIDTH="16" VPOS="315" HPOS="331"/>
							<String ID="string_32" HPOS="347" VPOS="321" WIDTH="33" HEIGHT="13" WC="0.93" CONTENT="om"/><SP WIDTH="18" VPOS="321" HPOS="380"/>
							<String ID="string_33" HPOS="398" VPOS="315" WIDTH="107" HEIGHT="26" WC="0.92" CONTENT="Agentens"/><SP WIDTH="16" VPOS="315" HPOS="505"/>
							<String ID="string_34" HPOS="521" VPOS="315" WIDTH="93" HEIGHT="26" WC="0.96" CONTENT="göromål"/><SP WIDTH="17" VPOS="315" HPOS="614"/>
							<String ID="string_35" HPOS="631" VPOS="316" WIDTH="39" HEIGHT="19" WC="0.96" CONTENT="och"/><SP WIDTH="16" VPOS="316" HPOS="670"/>
							<String ID="string_36" HPOS="686" VPOS="316" WIDTH="71" HEIGHT="26" WC="0.96" CONTENT="öfriga"/><SP WIDTH="15" VPOS="316" HPOS="757"/>
							<String ID="string_37" HPOS="772" VPOS="316" WIDTH="133" HEIGHT="27" WC="0.95" CONTENT="åligganden."/>
						</TextLine>
					</TextBlock>
				</ComposedBlock>
				<ComposedBlock ID="cblock_3" HPOS="200" VPOS="372" WIDTH="754" HEIGHT="440">
					<TextBlock ID="block_3" HPOS="542" VPOS="372" WIDTH="73" HEIGHT="23">
						<TextLine ID="line_6" HPOS="542" VPOS="372" WIDTH="73" HEIGHT="23">
							<String ID="string_38" HPOS="542" VPOS="374" WIDTH="9" HEIGHT="21" WC="0.91" CONTENT="$"/><SP WIDTH="20" VPOS="374" HPOS="551"/>
							<String ID="string_39" HPOS="571" VPOS="372" WIDTH="44" HEIGHT="19" WC="0.93" CONTENT="124."/>
						</TextLine>
					</TextBlock>
					<TextBlock ID="block_4" HPOS="200" VPOS="412" WIDTH="754" HEIGHT="400">
						<TextLine ID="line_7" HPOS="270" VPOS="412" WIDTH="684" HEIGHT="28">
							<String ID="string_40" HPOS="270" VPOS="412" WIDTH="98" HEIGHT="26" WC="0.90" CONTENT="Agenten"/><SP WIDTH="24" VPOS="412" HPOS="368"/>
							<String ID="string_41" HPOS="392" VPOS="412" WIDTH="90" HEIGHT="25" WC="0.95" CONTENT="åtnjuter"/><SP WIDTH="19" VPOS="412" HPOS="482"/>
							<String ID="string_42" HPOS="501" VPOS="412" WIDTH="62" HEIGHT="26" WC="0.95" CONTENT="årligt"/><SP WIDTH="20" VPOS="412" HPOS="563"/>
							<String ID="string_43" HPOS="583" VPOS="412" WIDTH="84" HEIGHT="25" WC="0.96" CONTENT="arvode,"/><SP WIDTH="17" VPOS="412" HPOS="667"/>
							<String ID="string_44" HPOS="684" VPOS="412" WIDTH="63" HEIGHT="20" WC="0.95" CONTENT="hvars"/><SP WIDTH="17" VPOS="412" HPOS="747"/>
							<String ID="string_45" HPOS="764" VPOS="414" WIDTH="75" HEIGHT="26" WC="0.96" CONTENT="belopp"/><SP WIDTH="18" VPOS="414" HPOS="839"/>
							<String ID="string_46" HPOS="857" VPOS="414" WIDTH="60" HEIGHT="20" WC="0.96" CONTENT="beror"/><SP WIDTH="15" VPOS="414" HPOS="917"/>
							<String ID="string_47" HPOS="932" VPOS="415" WIDTH="22" HEIGHT="19" WC="0.94" CONTENT="af"/>
						</TextLine>
						<TextLine ID="line_8" HPOS="201" VPOS="445" WIDTH="750" HEIGHT="27">
							<String ID="string_48" HPOS="201" VPOS="446" WIDTH="215" HEIGHT="20" WC="0.83" CONTENT="öfverenskommelse"/><SP WIDTH="21" VPOS="446" HPOS="416"/>
							<String ID="string_49" HPOS="437" VPOS="446" WIDTH="89" HEIGHT="19" WC="0.93" CONTENT="emellan"/><SP WIDTH="21" VPOS="446" HPOS="526"/>
							<String ID="string_50" HPOS="547" VPOS="445" WIDTH="195" HEIGHT="21" WC="0.92" CONTENT="Bankdirektionen"/><SP WIDTH="21" VPOS="445" HPOS="742"/>
							<String ID="string_51" HPOS="763" VPOS="448" WIDTH="39" HEIGHT="19" WC="0.96" CONTENT="och"/><SP WIDTH="19" VPOS="448" HPOS="802"/>
							<String ID="string_52" HPOS="821" VPOS="448" WIDTH="83" HEIGHT="24" WC="0.89" CONTENT="hunom,"/><SP WIDTH="16" VPOS="448" HPOS="904"/>
							<String ID="string_53" HPOS="920" VPOS="455" WIDTH="31" HEIGHT="12" WC="0.92" CONTENT="se-"/>
						</TextLine>
						<TextLine ID="line_9" HPOS="202" VPOS="480" WIDTH="749" HEIGHT="27">
							<String ID="string_54" HPOS="202" VPOS="480" WIDTH="39" HEIGHT="19" WC="0.95" CONTENT="dan"/><SP WIDTH="21" VPOS="480" HPOS="241"/>
							<String ID="string_55" HPOS="262" VPOS="480" WIDTH="138" HEIGHT="20" WC="0.93" CONTENT="Direktionen"/><SP WIDTH="18" VPOS="480" HPOS="400"/>
							<String ID="string_56" HPOS="418" VPOS="480" WIDTH="95" HEIGHT="19" WC="0.91" CONTENT="utverkat"/><SP WIDTH="15" VPOS="480" HPOS="513"/>
							<String ID="string_57" HPOS="528" VPOS="480" WIDTH="206" HEIGHT="27" WC="0.90" CONTENT="Bankfullmäktiges"/><SP WIDTH="16" VPOS="480" HPOS="734"/>
							<String ID="string_58" HPOS="750" VPOS="482" WIDTH="156" HEIGHT="25" WC="0.63" CONTENT="godkännande"/><SP WIDTH="15" VPOS="482" HPOS="906"/>
							<String ID="string_59" HPOS="921" VPOS="483" WIDTH="30" HEIGHT="19" WC="0.92" CONTENT="äf-"/>
						</TextLine>
						<TextLine ID="line_10" HPOS="202" VPOS="514" WIDTH="750" HEIGHT="27">
							<String ID="string_60" HPOS="202" VPOS="520" WIDTH="39" HEIGHT="13" WC="0.96" CONTENT="ven"/><SP WIDTH="17" VPOS="520" HPOS="241"/>
							<String ID="string_61" HPOS="258" VPOS="514" WIDTH="6" HEIGHT="19" WC="0.95" CONTENT="i"/><SP WIDTH="17" VPOS="514" HPOS="264"/>
							<String ID="string_62" HPOS="281" VPOS="514" WIDTH="70" HEIGHT="20" WC="0.96" CONTENT="denna"/><SP WIDTH="21" VPOS="514" HPOS="351"/>
							<String ID="string_63" HPOS="372" VPOS="514" WIDTH="40" HEIGHT="19" WC="0.94" CONTENT="del."/><SP WIDTH="30" VPOS="514" HPOS="412"/>
							<String ID="string_64" HPOS="442" VPOS="514" WIDTH="31" HEIGHT="19" WC="0.95" CONTENT="Af"/><SP WIDTH="19" VPOS="514" HPOS="473"/>
							<String ID="string_65" HPOS="492" VPOS="514" WIDTH="151" HEIGHT="26" WC="0.93" CONTENT="Fullmäktiges"/><SP WIDTH="19" VPOS="514" HPOS="643"/>
							<String ID="string_66" HPOS="662" VPOS="515" WIDTH="100" HEIGHT="26" WC="0.90" CONTENT="pröfning"/><SP WIDTH="20" VPOS="515" HPOS="762"/>
							<String ID="string_67" HPOS="782" VPOS="516" WIDTH="61" HEIGHT="19" WC="0.95" CONTENT="beror"/><SP WIDTH="18" VPOS="516" HPOS="843"/>
							<String ID="string_68" HPOS="861" VPOS="516" WIDTH="39" HEIGHT="19" WC="0.93" CONTENT="ock"/><SP WIDTH="18" VPOS="516" HPOS="900"/>
							<String ID="string_69" HPOS="918" VPOS="516" WIDTH="34" HEIGHT="20" WC="0.93" CONTENT="be-"/>
						</TextLine>
						<TextLine ID="line_11" HPOS="202" VPOS="548" WIDTH="750" HEIGHT="26">
							<String ID="string_70" HPOS="202" VPOS="548" WIDTH="72" HEIGHT="26" WC="0.96" CONTENT="loppet"/><SP WIDTH="15" VPOS="548" HPOS="274"/>
							<String ID="string_71" HPOS="289" VPOS="549" WIDTH="23" HEIGHT="19" WC="0.96" CONTENT="af"/><SP WIDTH="13" VPOS="549" HPOS="312"/>
							<String ID="string_72" HPOS="325" VPOS="548" WIDTH="40" HEIGHT="20" WC="0.96" CONTENT="den"/><SP WIDTH="17" VPOS="548" HPOS="365"/>
							<String ID="string_73" HPOS="382" VPOS="548" WIDTH="105" HEIGHT="26" WC="0.96" CONTENT="säkerhet,"/><SP WIDTH="16" VPOS="548" HPOS="487"/>
							<String ID="string_74" HPOS="503" VPOS="554" WIDTH="43" HEIGHT="14" WC="0.92" CONTENT="som"/><SP WIDTH="17" VPOS="554" HPOS="546"/>
							<String ID="string_75" HPOS="563" VPOS="548" WIDTH="97" HEIGHT="26" WC="0.90" CONTENT="Agenten"/><SP WIDTH="19" VPOS="548" HPOS="660"/>
							<String ID="string_76" HPOS="679" VPOS="549" WIDTH="38" HEIGHT="19" WC="0.96" CONTENT="bör"/><SP WIDTH="15" VPOS="549" HPOS="717"/>
							<String ID="string_77" HPOS="732" VPOS="550" WIDTH="61" HEIGHT="19" WC="0.96" CONTENT="ställa"/><SP WIDTH="16" VPOS="550" HPOS="793"/>
							<String ID="string_78" HPOS="809" VPOS="550" WIDTH="31" HEIGHT="20" WC="0.96" CONTENT="för"/><SP WIDTH="13" VPOS="550" HPOS="840"/>
							<String ID="string_79" HPOS="853" VPOS="550" WIDTH="99" HEIGHT="20" WC="0.96" CONTENT="Bankens"/>
						</TextLine>
						<TextLine ID="line_12" HPOS="201" VPOS="582" WIDTH="751" HEIGHT="25">
							<String ID="string_80" HPOS="201" VPOS="583" WIDTH="22" HEIGHT="19" WC="0.95" CONTENT="af"/><SP WIDTH="22" VPOS="583" HPOS="223"/>
							<String ID="string_81" HPOS="245" VPOS="583" WIDTH="76" HEIGHT="19" WC="0.93" CONTENT="honom"/><SP WIDTH="21" VPOS="583" HPOS="321"/>
							<String ID="string_82" HPOS="342" VPOS="582" WIDTH="223" HEIGHT="20" WC="0.91" CONTENT="omhänderhafvande"/><SP WIDTH="17" VPOS="582" HPOS="565"/>
							<String ID="string_83" HPOS="582" VPOS="582" WIDTH="77" HEIGHT="25" WC="0.96" CONTENT="medel:"/><SP WIDTH="17" VPOS="582" HPOS="659"/>
							<String ID="string_84" HPOS="676" VPOS="583" WIDTH="40" HEIGHT="19" WC="0.96" CONTENT="och"/><SP WIDTH="17" VPOS="583" HPOS="716"/>
							<String ID="string_85" HPOS="733" VPOS="583" WIDTH="61" HEIGHT="20" WC="0.96" CONTENT="skola"/><SP WIDTH="14" VPOS="583" HPOS="794"/>
							<String ID="string_86" HPOS="808" VPOS="584" WIDTH="58" HEIGHT="20" WC="0.96" CONTENT="såväl"/><SP WIDTH="16" VPOS="584" HPOS="866"/>
							<String ID="string_87" HPOS="882" VPOS="585" WIDTH="70" HEIGHT="19" WC="0.95" CONTENT="denna"/>
						</TextLine>
						<TextLine ID="line_13" HPOS="201" VPOS="613" WIDTH="749" HEIGHT="29">
							<String ID="string_88" HPOS="201" VPOS="616" WIDTH="99" HEIGHT="20" WC="0.96" CONTENT="säkerhet"/><SP WIDTH="17" VPOS="616" HPOS="300"/>
							<String ID="string_89" HPOS="317" VPOS="617" WIDTH="65" HEIGHT="25" WC="0.96" CONTENT="jemte"/><SP WIDTH="21" VPOS="617" HPOS="382"/>
							<String ID="string_90" HPOS="403" VPOS="616" WIDTH="67" HEIGHT="26" WC="0.96" CONTENT="öfriga"/><SP WIDTH="16" VPOS="616" HPOS="470"/>
							<String ID="string_91" HPOS="486" VPOS="616" WIDTH="136" HEIGHT="26" WC="0.96" CONTENT="iakttagelser"/><SP WIDTH="16" VPOS="616" HPOS="622"/>
							<String ID="string_92" HPOS="638" VPOS="617" WIDTH="6" HEIGHT="18" WC="0.96" CONTENT="i"/><SP WIDTH="16" VPOS="617" HPOS="644"/>
							<String ID="string_93" HPOS="660" VPOS="617" WIDTH="102" HEIGHT="20" WC="0.92" CONTENT="afseende"/><SP WIDTH="12" VPOS="617" HPOS="762"/>
							<String ID="string_94" HPOS="774" VPOS="613" WIDTH="16" HEIGHT="23" WC="0.91" CONTENT="å"/><SP WIDTH="15" VPOS="613" HPOS="790"/>
							<String ID="string_95" HPOS="805" VPOS="618" WIDTH="98" HEIGHT="20" WC="0.93" CONTENT="Bankens"/><SP WIDTH="16" VPOS="618" HPOS="903"/>
							<String ID="string_96" HPOS="919" VPOS="622" WIDTH="31" HEIGHT="16" WC="0.93" CONTENT="sä-"/>
						</TextLine>
						<TextLine ID="line_14" HPOS="201" VPOS="650" WIDTH="750" HEIGHT="27">
							<String ID="string_97" HPOS="201" VPOS="650" WIDTH="150" HEIGHT="23" WC="0.90" CONTENT="kerställande,"/><SP WIDTH="23" VPOS="650" HPOS="351"/>
							<String ID="string_98" HPOS="374" VPOS="657" WIDTH="43" HEIGHT="13" WC="0.96" CONTENT="som"/><SP WIDTH="24" VPOS="657" HPOS="417"/>
							<String ID="string_99" HPOS="441" VPOS="650" WIDTH="72" HEIGHT="20" WC="0.93" CONTENT="kunna"/><SP WIDTH="22" VPOS="650" HPOS="513"/>
							<String ID="string_100" HPOS="535" VPOS="650" WIDTH="97" HEIGHT="26" WC="0.90" CONTENT="Agenten"/><SP WIDTH="19" VPOS="650" HPOS="632"/>
							<String ID="string_101" HPOS="651" VPOS="651" WIDTH="127" HEIGHT="26" WC="0.92" CONTENT="föreläggas,"/><SP WIDTH="16" VPOS="651" HPOS="778"/>
							<String ID="string_102" HPOS="794" VPOS="658" WIDTH="43" HEIGHT="13" WC="0.92" CONTENT="som"/><SP WIDTH="17" VPOS="658" HPOS="837"/>
							<String ID="string_103" HPOS="854" VPOS="653" WIDTH="97" HEIGHT="19" WC="0.89" CONTENT="arvodets"/>
						</TextLine>
						<TextLine ID="line_15" HPOS="203" VPOS="684" WIDTH="747" HEIGHT="28">
							<String ID="string_104" HPOS="203" VPOS="684" WIDTH="75" HEIGHT="26" WC="0.96" CONTENT="belopp"/><SP WIDTH="24" VPOS="684" HPOS="278"/>
							<String ID="string_105" HPOS="302" VPOS="684" WIDTH="38" HEIGHT="20" WC="0.96" CONTENT="och"/><SP WIDTH="24" VPOS="684" HPOS="340"/>
							<String ID="string_106" HPOS="364" VPOS="687" WIDTH="37" HEIGHT="17" WC="0.96" CONTENT="när"/><SP WIDTH="23" VPOS="687" HPOS="401"/>
							<String ID="string_107" HPOS="424" VPOS="684" WIDTH="115" HEIGHT="20" WC="0.96" CONTENT="detsamma"/><SP WIDTH="23" VPOS="684" HPOS="539"/>
							<String ID="string_108" HPOS="562" VPOS="684" WIDTH="31" HEIGHT="19" WC="0.92" CONTENT="får"/><SP WIDTH="23" VPOS="684" HPOS="593"/>
							<String ID="string_109" HPOS="616" VPOS="684" WIDTH="112" HEIGHT="26" WC="0.92" CONTENT="uppbäras,"/><SP WIDTH="22" VPOS="684" HPOS="728"/>
							<String ID="string_110" HPOS="750" VPOS="688" WIDTH="101" HEIGHT="24" WC="0.96" CONTENT="upptagas"/><SP WIDTH="20" VPOS="688" HPOS="851"/>
							<String ID="string_111" HPOS="871" VPOS="687" WIDTH="5" HEIGHT="19" WC="0.93" CONTENT="i"/><SP WIDTH="22" VPOS="687" HPOS="876"/>
							<String ID="string_112" HPOS="898" VPOS="687" WIDTH="52" HEIGHT="19" WC="0.92" CONTENT="före-"/>
						</TextLine>
						<TextLine ID="line_16" HPOS="202" VPOS="718" WIDTH="749" HEIGHT="26">
							<String ID="string_113" HPOS="202" VPOS="719" WIDTH="91" HEIGHT="19" WC="0.96" CONTENT="nämnda"/><SP WIDTH="22" VPOS="719" HPOS="293"/>
							<String ID="string_114" HPOS="315" VPOS="718" WIDTH="106" HEIGHT="20" WC="0.92" CONTENT="kontrakt."/><SP WIDTH="24" VPOS="718" HPOS="421"/>
							<String ID="string_115" HPOS="445" VPOS="718" WIDTH="86" HEIGHT="26" WC="0.95" CONTENT="hvilket,"/><SP WIDTH="20" VPOS="718" HPOS="531"/>
							<String ID="string_116" HPOS="551" VPOS="718" WIDTH="30" HEIGHT="19" WC="0.96" CONTENT="till"/><SP WIDTH="21" VPOS="718" HPOS="581"/>
							<String ID="string_117" HPOS="602" VPOS="718" WIDTH="25" HEIGHT="19" WC="0.96" CONTENT="de"/><SP WIDTH="17" VPOS="718" HPOS="627"/>
							<String ID="string_118" HPOS="644" VPOS="718" WIDTH="58" HEIGHT="20" WC="0.96" CONTENT="delar"/><SP WIDTH="17" VPOS="718" HPOS="702"/>
							<String ID="string_119" HPOS="719" VPOS="719" WIDTH="118" HEIGHT="20" WC="0.96" CONTENT="kännedom"/><SP WIDTH="17" VPOS="719" HPOS="837"/>
							<String ID="string_120" HPOS="854" VPOS="727" WIDTH="33" HEIGHT="13" WC="0.94" CONTENT="om"/><SP WIDTH="17" VPOS="727" HPOS="887"/>
							<String ID="string_121" HPOS="904" VPOS="721" WIDTH="47" HEIGHT="19" WC="0.94" CONTENT="dess"/>
						</TextLine>
						<TextLine ID="line_17" HPOS="200" VPOS="752" WIDTH="750" HEIGHT="27">
							<String ID="string_122" HPOS="200" VPOS="752" WIDTH="93" HEIGHT="20" WC="0.96" CONTENT="innehåll"/><SP WIDTH="21" VPOS="752" HPOS="293"/>
							<String ID="string_123" HPOS="314" VPOS="755" WIDTH="22" HEIGHT="17" WC="0.96" CONTENT="är"/><SP WIDTH="19" VPOS="755" HPOS="336"/>
							<String ID="string_124" HPOS="355" VPOS="753" WIDTH="31" HEIGHT="18" WC="0.96" CONTENT="för"/><SP WIDTH="15" VPOS="753" HPOS="386"/>
							<String ID="string_125" HPOS="401" VPOS="752" WIDTH="140" HEIGHT="20" WC="0.96" CONTENT="allmänheten"/><SP WIDTH="17" VPOS="752" HPOS="541"/>
							<String ID="string_126" HPOS="558" VPOS="752" WIDTH="130" HEIGHT="26" WC="0.96" CONTENT="erforderlig,"/><SP WIDTH="18" VPOS="752" HPOS="688"/>
							<String ID="string_127" HPOS="706" VPOS="752" WIDTH="61" HEIGHT="23" WC="0.96" CONTENT="skall,"/><SP WIDTH="17" VPOS="752" HPOS="767"/>
							<String ID="string_128" HPOS="784" VPOS="760" WIDTH="75" HEIGHT="19" WC="0.93" CONTENT="genom"/><SP WIDTH="17" VPOS="760" HPOS="859"/>
							<String ID="string_129" HPOS="876" VPOS="754" WIDTH="74" HEIGHT="20" WC="0.91" CONTENT="Direk-"/>
						</TextLine>
						<TextLine ID="line_18" HPOS="201" VPOS="786" WIDTH="570" HEIGHT="26">
							<String ID="string_130" HPOS="201" VPOS="787" WIDTH="82" HEIGHT="19" WC="0.88" CONTENT="tionens"/><SP WIDTH="15" VPOS="787" HPOS="283"/>
							<String ID="string_131" HPOS="298" VPOS="786" WIDTH="172" HEIGHT="22" WC="0.90" CONTENT="föranstaltande,"/><SP WIDTH="17" VPOS="786" HPOS="470"/>
							<String ID="string_132" HPOS="487" VPOS="786" WIDTH="104" HEIGHT="26" WC="0.92" CONTENT="kungöras"/><SP WIDTH="16" VPOS="786" HPOS="591"/>
							<String ID="string_133" HPOS="607" VPOS="787" WIDTH="6" HEIGHT="18" WC="0.93" CONTENT="i"/><SP WIDTH="16" VPOS="787" HPOS="613"/>
							<String ID="string_134" HPOS="629" VPOS="786" WIDTH="142" HEIGHT="26" WC="0.92" CONTENT="tidningarne."/>
						</TextLine>
					</TextBlock>
				</ComposedBlock>
				<ComposedBlock ID="cblock_4" HPOS="199" VPOS="848" WIDTH="752" HEIGHT="253">
					<TextBlock ID="block_5" HPOS="539" VPOS="848" WIDTH="73" HEIGHT="24">
						<TextLine ID="line_19" HPOS="539" VPOS="848" WIDTH="73" HEIGHT="24">
							<String ID="string_135" HPOS="539" VPOS="851" WIDTH="10" HEIGHT="21" WC="0.81" CONTENT="s"/><SP WIDTH="18" VPOS="851" HPOS="549"/>
							<String ID="string_136" HPOS="567" VPOS="848" WIDTH="45" HEIGHT="20" WC="0.93" CONTENT="125."/>
						</TextLine>
					</TextBlock>
					<TextBlock ID="block_6" HPOS="200" VPOS="887" WIDTH="751" HEIGHT="97">
						<TextLine ID="line_20" HPOS="268" VPOS="887" WIDTH="683" HEIGHT="27">
							<String ID="string_137" HPOS="268" VPOS="889" WIDTH="56" HEIGHT="19" WC="0.95" CONTENT="Huru"/><SP WIDTH="25" VPOS="889" HPOS="324"/>
							<String ID="string_138" HPOS="349" VPOS="889" WIDTH="63" HEIGHT="19" WC="0.93" CONTENT="redan"/><SP WIDTH="24" VPOS="889" HPOS="412"/>
							<String ID="string_139" HPOS="436" VPOS="887" WIDTH="113" HEIGHT="20" WC="0.92" CONTENT="bestäende"/><SP WIDTH="24" VPOS="887" HPOS="549"/>
							<String ID="string_140" HPOS="573" VPOS="887" WIDTH="119" HEIGHT="27" WC="0.91" CONTENT="Agenturer"/><SP WIDTH="20" VPOS="887" HPOS="692"/>
							<String ID="string_141" HPOS="712" VPOS="889" WIDTH="56" HEIGHT="19" WC="0.96" CONTENT="inom"/><SP WIDTH="23" VPOS="889" HPOS="768"/>
							<String ID="string_142" HPOS="791" VPOS="889" WIDTH="69" HEIGHT="20" WC="0.94" CONTENT="landet"/><SP WIDTH="20" VPOS="889" HPOS="860"/>
							<String ID="string_143" HPOS="880" VPOS="891" WIDTH="71" HEIGHT="19" WC="0.96" CONTENT="kunna"/>
						</TextLine>
						<TextLine ID="line_21" HPOS="200" VPOS="922" WIDTH="750" HEIGHT="28">
							<String ID="string_144" HPOS="200" VPOS="924" WIDTH="109" HEIGHT="19" WC="0.92" CONTENT="förändras"/><SP WIDTH="16" VPOS="924" HPOS="309"/>
							<String ID="string_145" HPOS="325" VPOS="923" WIDTH="51" HEIGHT="19" WC="0.93" CONTENT="eller"/><SP WIDTH="15" VPOS="923" HPOS="376"/>
							<String ID="string_146" HPOS="391" VPOS="923" WIDTH="97" HEIGHT="25" WC="0.92" CONTENT="indragas"/><SP WIDTH="16" VPOS="923" HPOS="488"/>
							<String ID="string_147" HPOS="504" VPOS="922" WIDTH="39" HEIGHT="20" WC="0.92" CONTENT="och"/><SP WIDTH="17" VPOS="922" HPOS="543"/>
							<String ID="string_148" HPOS="560" VPOS="922" WIDTH="51" HEIGHT="19" WC="0.96" CONTENT="huru"/><SP WIDTH="17" VPOS="922" HPOS="611"/>
							<String ID="string_149" HPOS="628" VPOS="929" WIDTH="41" HEIGHT="19" WC="0.93" CONTENT="nya"/><SP WIDTH="15" VPOS="929" HPOS="669"/>
							<String ID="string_150" HPOS="684" VPOS="923" WIDTH="81" HEIGHT="20" WC="0.91" CONTENT="sädana"/><SP WIDTH="11" VPOS="923" HPOS="765"/>
							<String ID="string_151" HPOS="776" VPOS="923" WIDTH="71" HEIGHT="20" WC="0.96" CONTENT="kunna"/><SP WIDTH="11" VPOS="923" HPOS="847"/>
							<String ID="string_152" HPOS="858" VPOS="925" WIDTH="92" HEIGHT="25" WC="0.96" CONTENT="inrättas,"/>
						</TextLine>
						<TextLine ID="line_22" HPOS="200" VPOS="957" WIDTH="182" HEIGHT="27">
							<String ID="string_153" HPOS="200" VPOS="958" WIDTH="85" HEIGHT="26" WC="0.92" CONTENT="stadgas"/><SP WIDTH="15" VPOS="958" HPOS="285"/>
							<String ID="string_154" HPOS="300" VPOS="957" WIDTH="6" HEIGHT="19" WC="0.96" CONTENT="i"/><SP WIDTH="17" VPOS="957" HPOS="306"/>
							<String ID="string_155" HPOS="323" VPOS="957" WIDTH="26" HEIGHT="20" WC="0.93" CONTENT="69"/><SP WIDTH="16" VPOS="957" HPOS="349"/>
							<String ID="string_156" HPOS="365" VPOS="959" WIDTH="17" HEIGHT="22" WC="0.92" CONTENT="$."/>
						</TextLine>
					</TextBlock>
					<TextBlock ID="block_7" HPOS="539" VPOS="1001" WIDTH="73" HEIGHT="24">
						<TextLine ID="line_23" HPOS="539" VPOS="1001" WIDTH="73" HEIGHT="24">
							<String ID="string_157" HPOS="539" VPOS="1003" WIDTH="10" HEIGHT="22" WC="0.83" CONTENT="S"/><SP WIDTH="18" VPOS="1003" HPOS="549"/>
							<String ID="string_158" HPOS="567" VPOS="1001" WIDTH="45" HEIGHT="20" WC="0.93" CONTENT="126."/>
						</TextLine>
					</TextBlock>
					<TextBlock ID="block_8" HPOS="269" VPOS="1041" WIDTH="681" HEIGHT="29">
						<TextLine ID="line_24" HPOS="269" VPOS="1041" WIDTH="681" HEIGHT="29">
							<String ID="string_159" HPOS="269" VPOS="1042" WIDTH="117" HEIGHT="27" WC="0.91" CONTENT="Angäende"/><SP WIDTH="16" VPOS="1042" HPOS="386"/>
							<String ID="string_160" HPOS="402" VPOS="1041" WIDTH="98" HEIGHT="20" WC="0.91" CONTENT="Bankens"/><SP WIDTH="16" VPOS="1041" HPOS="500"/>
							<String ID="string_161" HPOS="516" VPOS="1041" WIDTH="120" HEIGHT="26" WC="0.92" CONTENT="Agenturer"/><SP WIDTH="14" VPOS="1041" HPOS="636"/>
							<String ID="string_162" HPOS="650" VPOS="1041" WIDTH="28" HEIGHT="26" WC="0.93" CONTENT="pä"/><SP WIDTH="16" VPOS="1041" HPOS="678"/>
							<String ID="string_163" HPOS="694" VPOS="1041" WIDTH="80" HEIGHT="21" WC="0.93" CONTENT="utrikes"/><SP WIDTH="15" VPOS="1041" HPOS="774"/>
							<String ID="string_164" HPOS="789" VPOS="1045" WIDTH="38" HEIGHT="24" WC="0.93" CONTENT="ort,"/><SP WIDTH="17" VPOS="1045" HPOS="827"/>
							<String ID="string_165" HPOS="844" VPOS="1043" WIDTH="84" HEIGHT="27" WC="0.87" CONTENT="stadgas"/><SP WIDTH="16" VPOS="1043" HPOS="928"/>
							<String ID="string_166" HPOS="944" VPOS="1045" WIDTH="6" HEIGHT="18" WC="0.96" CONTENT="i"/>
						</TextLine>
					</TextBlock>
					<TextBlock ID="block_9" HPOS="199" VPOS="1078" WIDTH="59" HEIGHT="23">
						<TextLine ID="line_25" HPOS="199" VPOS="1078" WIDTH="59" HEIGHT="23">
							<String ID="string_167" HPOS="199" VPOS="1078" WIDTH="27" HEIGHT="19" WC="0.90" CONTENT="70"/><SP WIDTH="16" VPOS="1078" HPOS="226"/>
							<String ID="string_168" HPOS="242" VPOS="1079" WIDTH="16" HEIGHT="22" WC="0.71" CONTENT="S."/>
						</TextLine>
					</TextBlock>
				</ComposedBlock>
				<ComposedBlock ID="cblock_5" HPOS="210" VPOS="1127" WIDTH="730" HEIGHT="66">
					<TextBlock ID="block_10" HPOS="210" VPOS="1127" WIDTH="730" HEIGHT="66">
						<TextLine ID="line_26" HPOS="210" VPOS="1127" WIDTH="730" HEIGHT="21">
							<String ID="string_169" HPOS="210" VPOS="1128" WIDTH="42" HEIGHT="19" WC="0.92" CONTENT="Om"/><SP WIDTH="23" VPOS="1128" HPOS="252"/>
							<String ID="string_170" HPOS="275" VPOS="1127" WIDTH="99" HEIGHT="20" WC="0.96" CONTENT="vården"/><SP WIDTH="20" VPOS="1127" HPOS="374"/>
							<String ID="string_171" HPOS="394" VPOS="1127" WIDTH="27" HEIGHT="20" WC="0.93" CONTENT="af"/><SP WIDTH="18" VPOS="1127" HPOS="421"/>
							<String ID="string_172" HPOS="439" VPOS="1127" WIDTH="124" HEIGHT="20" WC="0.93" CONTENT="Bankens"/><SP WIDTH="21" VPOS="1127" HPOS="563"/>
							<String ID="string_173" HPOS="584" VPOS="1127" WIDTH="181" HEIGHT="20" WC="0.91" CONTENT="redbarheter"/><SP WIDTH="15" VPOS="1127" HPOS="765"/>
							<String ID="string_174" HPOS="780" VPOS="1130" WIDTH="67" HEIGHT="17" WC="0.93" CONTENT="samt"/><SP WIDTH="17" VPOS="1130" HPOS="847"/>
							<String ID="string_175" HPOS="864" VPOS="1129" WIDTH="76" HEIGHT="19" WC="0.92" CONTENT="redo-"/>
						</TextLine>
						<TextLine ID="line_27" HPOS="292" VPOS="1167" WIDTH="563" HEIGHT="26">
							<String ID="string_176" HPOS="292" VPOS="1167" WIDTH="143" HEIGHT="26" WC="0.96" CONTENT="visningen"/><SP WIDTH="21" VPOS="1167" HPOS="435"/>
							<String ID="string_177" HPOS="456" VPOS="1167" WIDTH="47" HEIGHT="20" WC="0.93" CONTENT="och"/><SP WIDTH="20" VPOS="1167" HPOS="503"/>
							<String ID="string_178" HPOS="523" VPOS="1167" WIDTH="215" HEIGHT="26" WC="0.92" CONTENT="ansvarigheten"/><SP WIDTH="21" VPOS="1167" HPOS="738"/>
							<String ID="string_179" HPOS="759" VPOS="1167" WIDTH="96" HEIGHT="20" WC="0.96" CONTENT="derför."/>
						</TextLine>
					</TextBlock>
				</ComposedBlock>
				<ComposedBlock ID="cblock_6" HPOS="539" VPOS="1229" WIDTH="74" HEIGHT="24">
					<TextBlock ID="block_11" HPOS="539" VPOS="1229" WIDTH="74" HEIGHT="24">
						<TextLine ID="line_28" HPOS="539" VPOS="1229" WIDTH="74" HEIGHT="24">
							<String ID="string_180" HPOS="539" VPOS="1232" WIDTH="10" HEIGHT="21" WC="0.90" CONTENT="$"/><SP WIDTH="19" VPOS="1232" HPOS="549"/>
							<String ID="string_181" HPOS="568" VPOS="1229" WIDTH="45" HEIGHT="20" WC="0.94" CONTENT="127."/>
						</TextLine>
					</TextBlock>
				</ComposedBlock>
				<ComposedBlock ID="cblock_7" HPOS="198" VPOS="1269" WIDTH="754" HEIGHT="197">
					<TextBlock ID="block_12" HPOS="198" VPOS="1269" WIDTH="754" HEIGHT="197">
						<TextLine ID="line_29" HPOS="267" VPOS="1269" WIDTH="683" HEIGHT="27">
							<String ID="string_182" HPOS="267" VPOS="1270" WIDTH="60" HEIGHT="19" WC="0.95" CONTENT="Hvad"/><SP WIDTH="23" VPOS="1270" HPOS="327"/>
							<String ID="string_183" HPOS="350" VPOS="1269" WIDTH="100" HEIGHT="20" WC="0.96" CONTENT="Finlands"/><SP WIDTH="21" VPOS="1269" HPOS="450"/>
							<String ID="string_184" HPOS="471" VPOS="1269" WIDTH="58" HEIGHT="20" WC="0.93" CONTENT="Bank"/><SP WIDTH="20" VPOS="1269" HPOS="529"/>
							<String ID="string_185" HPOS="549" VPOS="1275" WIDTH="50" HEIGHT="20" WC="0.96" CONTENT="eger"/><SP WIDTH="15" VPOS="1275" HPOS="599"/>
							<String ID="string_186" HPOS="614" VPOS="1269" WIDTH="6" HEIGHT="19" WC="0.96" CONTENT="i"/><SP WIDTH="17" VPOS="1269" HPOS="620"/>
							<String ID="string_187" HPOS="637" VPOS="1269" WIDTH="50" HEIGHT="26" WC="0.96" CONTENT="guld"/><SP WIDTH="17" VPOS="1269" HPOS="687"/>
							<String ID="string_188" HPOS="704" VPOS="1269" WIDTH="40" HEIGHT="20" WC="0.93" CONTENT="och"/><SP WIDTH="16" VPOS="1269" HPOS="744"/>
							<String ID="string_189" HPOS="760" VPOS="1269" WIDTH="78" HEIGHT="26" WC="0.92" CONTENT="silfver,"/><SP WIDTH="17" VPOS="1269" HPOS="838"/>
							<String ID="string_190" HPOS="855" VPOS="1271" WIDTH="95" HEIGHT="25" WC="0.84" CONTENT="myntadt"/>
						</TextLine>
						<TextLine ID="line_30" HPOS="199" VPOS="1303" WIDTH="750" HEIGHT="28">
							<String ID="string_191" HPOS="199" VPOS="1305" WIDTH="38" HEIGHT="19" WC="0.92" CONTENT="och"/><SP WIDTH="24" VPOS="1305" HPOS="237"/>
							<String ID="string_192" HPOS="261" VPOS="1303" WIDTH="117" HEIGHT="27" WC="0.89" CONTENT="omyntadt,"/><SP WIDTH="24" VPOS="1303" HPOS="378"/>
							<String ID="string_193" HPOS="402" VPOS="1303" WIDTH="149" HEIGHT="26" WC="0.96" CONTENT="kopparmynt,"/><SP WIDTH="20" VPOS="1303" HPOS="551"/>
							<String ID="string_194" HPOS="571" VPOS="1303" WIDTH="75" HEIGHT="25" WC="0.96" CONTENT="sedlar,"/><SP WIDTH="20" VPOS="1303" HPOS="646"/>
							<String ID="string_195" HPOS="666" VPOS="1305" WIDTH="132" HEIGHT="24" WC="0.96" CONTENT="statspapper"/><SP WIDTH="16" VPOS="1305" HPOS="798"/>
							<String ID="string_196" HPOS="814" VPOS="1304" WIDTH="38" HEIGHT="19" WC="0.93" CONTENT="och"/><SP WIDTH="17" VPOS="1304" HPOS="852"/>
							<String ID="string_197" HPOS="869" VPOS="1305" WIDTH="80" HEIGHT="26" WC="0.92" CONTENT="obliga-"/>
						</TextLine>
						<TextLine ID="line_31" HPOS="199" VPOS="1337" WIDTH="749" HEIGHT="27">
							<String ID="string_198" HPOS="199" VPOS="1339" WIDTH="73" HEIGHT="24" WC="0.96" CONTENT="tioner,"/><SP WIDTH="17" VPOS="1339" HPOS="272"/>
							<String ID="string_199" HPOS="289" VPOS="1338" WIDTH="61" HEIGHT="25" WC="0.93" CONTENT="skall,"/><SP WIDTH="16" VPOS="1338" HPOS="350"/>
							<String ID="string_200" HPOS="366" VPOS="1337" WIDTH="68" HEIGHT="20" WC="0.92" CONTENT="såvidt"/><SP WIDTH="16" VPOS="1337" HPOS="434"/>
							<String ID="string_201" HPOS="450" VPOS="1337" WIDTH="36" HEIGHT="20" WC="0.96" CONTENT="det"/><SP WIDTH="15" VPOS="1337" HPOS="486"/>
							<String ID="string_202" HPOS="501" VPOS="1337" WIDTH="47" HEIGHT="20" WC="0.93" CONTENT="icke"/><SP WIDTH="17" VPOS="1337" HPOS="548"/>
							<String ID="string_203" HPOS="565" VPOS="1337" WIDTH="101" HEIGHT="20" WC="0.91" CONTENT="behöfves"/><SP WIDTH="16" VPOS="1337" HPOS="666"/>
							<String ID="string_204" HPOS="682" VPOS="1337" WIDTH="6" HEIGHT="19" WC="0.96" CONTENT="i"/><SP WIDTH="16" VPOS="1337" HPOS="688"/>
							<String ID="string_205" HPOS="704" VPOS="1337" WIDTH="41" HEIGHT="20" WC="0.96" CONTENT="den"/><SP WIDTH="17" VPOS="1337" HPOS="745"/>
							<String ID="string_206" HPOS="762" VPOS="1337" WIDTH="85" HEIGHT="27" WC="0.93" CONTENT="dagliga"/><SP WIDTH="10" VPOS="1337" HPOS="847"/>
							<String ID="string_207" HPOS="857" VPOS="1339" WIDTH="91" HEIGHT="19" WC="0.89" CONTENT="rörelseu"/>
						</TextLine>
						<TextLine ID="line_32" HPOS="198" VPOS="1371" WIDTH="750" HEIGHT="26">
							<String ID="string_208" HPOS="198" VPOS="1373" WIDTH="52" HEIGHT="20" WC="0.96" CONTENT="eller"/><SP WIDTH="15" VPOS="1373" HPOS="250"/>
							<String ID="string_209" HPOS="265" VPOS="1372" WIDTH="47" HEIGHT="20" WC="0.96" CONTENT="icke"/><SP WIDTH="17" VPOS="1372" HPOS="312"/>
							<String ID="string_210" HPOS="329" VPOS="1372" WIDTH="67" HEIGHT="19" WC="0.96" CONTENT="finnes"/><SP WIDTH="16" VPOS="1372" HPOS="396"/>
							<String ID="string_211" HPOS="412" VPOS="1371" WIDTH="25" HEIGHT="26" WC="0.96" CONTENT="pä"/><SP WIDTH="16" VPOS="1371" HPOS="437"/>
							<String ID="string_212" HPOS="453" VPOS="1378" WIDTH="69" HEIGHT="13" WC="0.96" CONTENT="annan"/><SP WIDTH="17" VPOS="1378" HPOS="522"/>
							<String ID="string_213" HPOS="539" VPOS="1374" WIDTH="39" HEIGHT="22" WC="0.96" CONTENT="ort,"/><SP WIDTH="16" VPOS="1374" HPOS="578"/>
							<String ID="string_214" HPOS="594" VPOS="1371" WIDTH="94" HEIGHT="20" WC="0.96" CONTENT="förvaras"/><SP WIDTH="16" VPOS="1371" HPOS="688"/>
							<String ID="string_215" HPOS="704" VPOS="1372" WIDTH="56" HEIGHT="19" WC="0.96" CONTENT="inom"/><SP WIDTH="17" VPOS="1372" HPOS="760"/>
							<String ID="string_216" HPOS="777" VPOS="1371" WIDTH="97" HEIGHT="20" WC="0.91" CONTENT="Rankens"/><SP WIDTH="17" VPOS="1371" HPOS="874"/>
							<String ID="string_217" HPOS="891" VPOS="1373" WIDTH="37" HEIGHT="19" WC="0.96" CONTENT="hus"/><SP WIDTH="16" VPOS="1373" HPOS="928"/>
							<String ID="string_218" HPOS="944" VPOS="1373" WIDTH="4" HEIGHT="18" WC="0.96" CONTENT="i"/>
						</TextLine>
						<TextLine ID="line_33" HPOS="200" VPOS="1405" WIDTH="752" HEIGHT="27">
							<String ID="string_219" HPOS="200" VPOS="1407" WIDTH="106" HEIGHT="19" WC="0.88" CONTENT="brandfria"/><SP WIDTH="23" VPOS="1407" HPOS="306"/>
							<String ID="string_220" HPOS="329" VPOS="1406" WIDTH="122" HEIGHT="19" WC="0.89" CONTENT="kassahvalf"/><SP WIDTH="21" VPOS="1406" HPOS="451"/>
							<String ID="string_221" HPOS="472" VPOS="1406" WIDTH="39" HEIGHT="19" WC="0.96" CONTENT="och"/><SP WIDTH="24" VPOS="1406" HPOS="511"/>
							<String ID="string_222" HPOS="535" VPOS="1406" WIDTH="36" HEIGHT="19" WC="0.96" CONTENT="der"/><SP WIDTH="24" VPOS="1406" HPOS="571"/>
							<String ID="string_223" HPOS="595" VPOS="1405" WIDTH="119" HEIGHT="26" WC="0.96" CONTENT="uppställda"/><SP WIDTH="19" VPOS="1405" HPOS="714"/>
							<String ID="string_224" HPOS="733" VPOS="1405" WIDTH="52" HEIGHT="26" WC="0.95" CONTENT="skåp"/><SP WIDTH="20" VPOS="1405" HPOS="785"/>
							<String ID="string_225" HPOS="805" VPOS="1405" WIDTH="52" HEIGHT="20" WC="0.96" CONTENT="eller"/><SP WIDTH="20" VPOS="1405" HPOS="857"/>
							<String ID="string_226" HPOS="877" VPOS="1406" WIDTH="75" HEIGHT="26" WC="0.96" CONTENT="kistor,"/>
						</TextLine>
						<TextLine ID="line_34" HPOS="198" VPOS="1439" WIDTH="752" HEIGHT="27">
							<String ID="string_227" HPOS="198" VPOS="1441" WIDTH="105" HEIGHT="25" WC="0.96" CONTENT="försedda,"/><SP WIDTH="24" VPOS="1441" HPOS="303"/>
							<String ID="string_228" HPOS="327" VPOS="1440" WIDTH="87" HEIGHT="19" WC="0.89" CONTENT="likasom"/><SP WIDTH="22" VPOS="1440" HPOS="414"/>
							<String ID="string_229" HPOS="436" VPOS="1440" WIDTH="109" HEIGHT="19" WC="0.92" CONTENT="hvalfvens"/><SP WIDTH="21" VPOS="1440" HPOS="545"/>
							<String ID="string_230" HPOS="566" VPOS="1440" WIDTH="79" HEIGHT="25" WC="0.96" CONTENT="dörrar,"/><SP WIDTH="16" VPOS="1440" HPOS="645"/>
							<String ID="string_231" HPOS="661" VPOS="1440" WIDTH="46" HEIGHT="19" WC="0.96" CONTENT="med"/><SP WIDTH="18" VPOS="1440" HPOS="707"/>
							<String ID="string_232" HPOS="725" VPOS="1442" WIDTH="31" HEIGHT="17" WC="0.96" CONTENT="tre"/><SP WIDTH="16" VPOS="1442" HPOS="756"/>
							<String ID="string_233" HPOS="772" VPOS="1439" WIDTH="52" HEIGHT="20" WC="0.88" CONTENT="olika"/><SP WIDTH="12" VPOS="1439" HPOS="824"/>
							<String ID="string_234" HPOS="836" VPOS="1439" WIDTH="45" HEIGHT="26" WC="0.73" CONTENT="&quot;lås,"/><SP WIDTH="17" VPOS="1439" HPOS="881"/>
							<String ID="string_235" HPOS="898" VPOS="1440" WIDTH="52" HEIGHT="19" WC="0.92" CONTENT="hvil-"/>
						</TextLine>
					</TextBlock>
				</ComposedBlock>
			</PrintSpace>
		</Page>
	</Layout>
</alto>
