<?xml version="1.0" encoding="UTF-8"?>
<alto xmlns="http://www.loc.gov/standards/alto/ns-v3#" xmlns:xlink="http://www.w3.org/1999/xlink" xmlns:xsi="http://www.w3.org/2001/XMLSchema-instance" xsi:schemaLocation="http://www.loc.gov/standards/alto/ns-v3# http://www.loc.gov/alto/v3/alto-3-0.xsd">
	<Description>
		<MeasurementUnit>pixel</MeasurementUnit>
		<sourceImageInformation>
			<fileName>/tmp/tess_awbivr1s_input.PNG</fileName>
		</sourceImageInformation>
		<OCRProcessing ID="OCR_0">
			<ocrProcessingStep>
				<processingSoftware>
					<softwareName>tesseract 5.3.4</softwareName>
				</processingSoftware>
			</ocrProcessingStep>
		</OCRProcessing>
	</Description>
	<Layout>
		<Page WIDTH="1078" HEIGHT="1692" PHYSICAL_IMG_NR="0" ID="page_0">
			<PrintSpace HPOS="0" VPOS="0" WIDTH="1078" HEIGHT="1692">
				<ComposedBlock ID="cblock_0" HPOS="830" VPOS="146" WIDTH="34" HEIGHT="18">
					<TextBlock ID="block_0" HPOS="830" VPOS="146" WIDTH="34" HEIGHT="18">
						<TextLine ID="line_0" HPOS="830" VPOS="146" WIDTH="34" HEIGHT="18">
							<String ID="string_0" HPOS="830" VPOS="146" WIDTH="34" HEIGHT="18" WC="0.90" CONTENT="627"/>
						</TextLine>
					</TextBlock>
				</ComposedBlock>
				<ComposedBlock ID="cblock_1" HPOS="138" VPOS="209" WIDTH="754" HEIGHT="1288">
					<TextBlock ID="block_1" HPOS="139" VPOS="209" WIDTH="748" HEIGHT="95">
						<TextLine ID="line_1" HPOS="139" VPOS="209" WIDTH="748" HEIGHT="27">
							<String ID="string_1" HPOS="139" VPOS="210" WIDTH="99" HEIGHT="26" WC="0.96" CONTENT="gällande"/><SP WIDTH="16" VPOS="210" HPOS="238"/>
							<String ID="string_2" HPOS="254" VPOS="211" WIDTH="30" HEIGHT="18" WC="0.96" CONTENT="att"/><SP WIDTH="15" VPOS="211" HPOS="284"/>
							<String ID="string_3" HPOS="299" VPOS="211" WIDTH="29" HEIGHT="18" WC="0.95" CONTENT="ett"/><SP WIDTH="16" VPOS="211" HPOS="328"/>
							<String ID="string_4" HPOS="344" VPOS="209" WIDTH="109" HEIGHT="26" WC="0.96" CONTENT="tidsenligt"/><SP WIDTH="16" VPOS="209" HPOS="453"/>
							<String ID="string_5" HPOS="469" VPOS="209" WIDTH="39" HEIGHT="19" WC="0.96" CONTENT="och"/><SP WIDTH="20" VPOS="209" HPOS="508"/>
							<String ID="string_6" HPOS="528" VPOS="209" WIDTH="120" HEIGHT="19" WC="0.96" CONTENT="ändamålet"/><SP WIDTH="23" VPOS="209" HPOS="648"/>
							<String ID="string_7" HPOS="671" VPOS="210" WIDTH="46" HEIGHT="19" WC="0.96" CONTENT="fullt"/><SP WIDTH="23" VPOS="210" HPOS="717"/>
							<String ID="string_8" HPOS="740" VPOS="210" WIDTH="147" HEIGHT="20" WC="0.96" CONTENT="motsvarande"/>
						</TextLine>
						<TextLine ID="line_2" HPOS="139" VPOS="243" WIDTH="748" HEIGHT="27">
							<String ID="string_9" HPOS="139" VPOS="244" WIDTH="95" HEIGHT="19" WC="0.89" CONTENT="bankhus"/><SP WIDTH="22" VPOS="244" HPOS="234"/>
							<String ID="string_10" HPOS="256" VPOS="243" WIDTH="63" HEIGHT="20" WC="0.96" CONTENT="borde"/><SP WIDTH="21" VPOS="243" HPOS="319"/>
							<String ID="string_11" HPOS="340" VPOS="243" WIDTH="72" HEIGHT="19" WC="0.96" CONTENT="kunna"/><SP WIDTH="18" VPOS="243" HPOS="412"/>
							<String ID="string_12" HPOS="430" VPOS="243" WIDTH="155" HEIGHT="19" WC="0.95" CONTENT="åstadkommas"/><SP WIDTH="21" VPOS="243" HPOS="585"/>
							<String ID="string_13" HPOS="606" VPOS="244" WIDTH="31" HEIGHT="18" WC="0.96" CONTENT="för"/><SP WIDTH="15" VPOS="244" HPOS="637"/>
							<String ID="string_14" HPOS="652" VPOS="250" WIDTH="26" HEIGHT="13" WC="0.96" CONTENT="en"/><SP WIDTH="17" VPOS="250" HPOS="678"/>
							<String ID="string_15" HPOS="695" VPOS="244" WIDTH="49" HEIGHT="20" WC="0.95" CONTENT="vida"/><SP WIDTH="15" VPOS="244" HPOS="744"/>
							<String ID="string_16" HPOS="759" VPOS="244" WIDTH="58" HEIGHT="26" WC="0.93" CONTENT="lägre"/><SP WIDTH="16" VPOS="244" HPOS="817"/>
							<String ID="string_17" HPOS="833" VPOS="250" WIDTH="54" HEIGHT="14" WC="0.92" CONTENT="sum-"/>
						</TextLine>
						<TextLine ID="line_3" HPOS="141" VPOS="276" WIDTH="746" HEIGHT="28">
							<String ID="string_18" HPOS="141" VPOS="284" WIDTH="39" HEIGHT="18" WC="0.96" CONTENT="ma,"/><SP WIDTH="15" VPOS="284" HPOS="180"/>
							<String ID="string_19" HPOS="195" VPOS="278" WIDTH="62" HEIGHT="19" WC="0.93" CONTENT="hafva"/><SP WIDTH="16" VPOS="278" HPOS="257"/>
							<String ID="string_20" HPOS="273" VPOS="277" WIDTH="116" HEIGHT="20" WC="0.92" CONTENT="Ständerna"/><SP WIDTH="15" VPOS="277" HPOS="389"/>
							<String ID="string_21" HPOS="404" VPOS="276" WIDTH="47" HEIGHT="20" WC="0.96" CONTENT="icke"/><SP WIDTH="16" VPOS="276" HPOS="451"/>
							<String ID="string_22" HPOS="467" VPOS="276" WIDTH="56" HEIGHT="20" WC="0.96" CONTENT="velat"/><SP WIDTH="14" VPOS="276" HPOS="523"/>
							<String ID="string_23" HPOS="537" VPOS="279" WIDTH="78" HEIGHT="24" WC="0.96" CONTENT="antaga"/><SP WIDTH="15" VPOS="279" HPOS="615"/>
							<String ID="string_24" HPOS="630" VPOS="277" WIDTH="160" HEIGHT="27" WC="0.96" CONTENT="ifrågavarande"/><SP WIDTH="13" VPOS="277" HPOS="790"/>
							<String ID="string_25" HPOS="803" VPOS="278" WIDTH="84" HEIGHT="26" WC="0.96" CONTENT="förslag."/>
						</TextLine>
					</TextBlock>
					<TextBlock ID="block_2" HPOS="138" VPOS="311" WIDTH="754" HEIGHT="1186">
						<TextLine ID="line_4" HPOS="207" VPOS="311" WIDTH="680" HEIGHT="27">
							<String ID="string_26" HPOS="207" VPOS="312" WIDTH="32" HEIGHT="19" WC="0.93" CONTENT="Då"/><SP WIDTH="15" VPOS="312" HPOS="239"/>
							<String ID="string_27" HPOS="254" VPOS="311" WIDTH="117" HEIGHT="20" WC="0.91" CONTENT="Ständerna"/><SP WIDTH="15" VPOS="311" HPOS="371"/>
							<String ID="string_28" HPOS="386" VPOS="311" WIDTH="116" HEIGHT="20" WC="0.95" CONTENT="emellertid"/><SP WIDTH="16" VPOS="311" HPOS="502"/>
							<String ID="string_29" HPOS="518" VPOS="314" WIDTH="36" HEIGHT="16" WC="0.96" CONTENT="äro"/><SP WIDTH="16" VPOS="314" HPOS="554"/>
							<String ID="string_30" HPOS="570" VPOS="311" WIDTH="46" HEIGHT="20" WC="0.93" CONTENT="med"/><SP WIDTH="17" VPOS="311" HPOS="616"/>
							<String ID="string_31" HPOS="633" VPOS="312" WIDTH="194" HEIGHT="26" WC="0.91" CONTENT="Bankfullmäktige"/><SP WIDTH="11" VPOS="312" HPOS="827"/>
							<String ID="string_32" HPOS="838" VPOS="319" WIDTH="49" HEIGHT="13" WC="0.96" CONTENT="ense"/>
						</TextLine>
						<TextLine ID="line_5" HPOS="139" VPOS="345" WIDTH="747" HEIGHT="27">
							<String ID="string_33" HPOS="139" VPOS="346" WIDTH="78" HEIGHT="25" WC="0.95" CONTENT="derom,"/><SP WIDTH="17" VPOS="346" HPOS="217"/>
							<String ID="string_34" HPOS="234" VPOS="347" WIDTH="30" HEIGHT="18" WC="0.96" CONTENT="att"/><SP WIDTH="16" VPOS="347" HPOS="264"/>
							<String ID="string_35" HPOS="280" VPOS="345" WIDTH="155" HEIGHT="27" WC="0.96" CONTENT="uppbyggande"/><SP WIDTH="21" VPOS="345" HPOS="435"/>
							<String ID="string_36" HPOS="456" VPOS="346" WIDTH="21" HEIGHT="19" WC="0.93" CONTENT="at"/><SP WIDTH="22" VPOS="346" HPOS="477"/>
							<String ID="string_37" HPOS="499" VPOS="348" WIDTH="29" HEIGHT="16" WC="0.96" CONTENT="ett"/><SP WIDTH="18" VPOS="348" HPOS="528"/>
							<String ID="string_38" HPOS="546" VPOS="346" WIDTH="108" HEIGHT="26" WC="0.92" CONTENT="tidsenligt"/><SP WIDTH="20" VPOS="346" HPOS="654"/>
							<String ID="string_39" HPOS="674" VPOS="346" WIDTH="96" HEIGHT="20" WC="0.92" CONTENT="bankhus"/><SP WIDTH="16" VPOS="346" HPOS="770"/>
							<String ID="string_40" HPOS="786" VPOS="349" WIDTH="22" HEIGHT="17" WC="0.92" CONTENT="är"/><SP WIDTH="16" VPOS="349" HPOS="808"/>
							<String ID="string_41" HPOS="824" VPOS="346" WIDTH="62" HEIGHT="26" WC="0.92" CONTENT="höge-"/>
						</TextLine>
						<TextLine ID="line_6" HPOS="139" VPOS="379" WIDTH="748" HEIGHT="27">
							<String ID="string_42" HPOS="139" VPOS="380" WIDTH="56" HEIGHT="26" WC="0.96" CONTENT="ligen"/><SP WIDTH="17" VPOS="380" HPOS="195"/>
							<String ID="string_43" HPOS="212" VPOS="380" WIDTH="137" HEIGHT="26" WC="0.96" CONTENT="nödvändigt,"/><SP WIDTH="21" VPOS="380" HPOS="349"/>
							<String ID="string_44" HPOS="370" VPOS="380" WIDTH="48" HEIGHT="19" WC="0.95" CONTENT="icke"/><SP WIDTH="20" VPOS="380" HPOS="418"/>
							<String ID="string_45" HPOS="438" VPOS="380" WIDTH="52" HEIGHT="19" WC="0.96" CONTENT="blott"/><SP WIDTH="15" VPOS="380" HPOS="490"/>
							<String ID="string_46" HPOS="505" VPOS="380" WIDTH="30" HEIGHT="19" WC="0.96" CONTENT="för"/><SP WIDTH="16" VPOS="380" HPOS="535"/>
							<String ID="string_47" HPOS="551" VPOS="379" WIDTH="98" HEIGHT="20" WC="0.96" CONTENT="Bankens"/><SP WIDTH="19" VPOS="379" HPOS="649"/>
							<String ID="string_48" HPOS="668" VPOS="380" WIDTH="105" HEIGHT="23" WC="0.96" CONTENT="säkerhet,"/><SP WIDTH="21" VPOS="380" HPOS="773"/>
							<String ID="string_49" HPOS="794" VPOS="382" WIDTH="47" HEIGHT="17" WC="0.93" CONTENT="utan"/><SP WIDTH="17" VPOS="382" HPOS="841"/>
							<String ID="string_50" HPOS="858" VPOS="380" WIDTH="29" HEIGHT="19" WC="0.92" CONTENT="äf-"/>
						</TextLine>
						<TextLine ID="line_7" HPOS="139" VPOS="414" WIDTH="748" HEIGHT="26">
							<String ID="string_51" HPOS="139" VPOS="420" WIDTH="39" HEIGHT="13" WC="0.94" CONTENT="ven"/><SP WIDTH="24" VPOS="420" HPOS="178"/>
							<String ID="string_52" HPOS="202" VPOS="414" WIDTH="31" HEIGHT="19" WC="0.94" CONTENT="för"/><SP WIDTH="24" VPOS="414" HPOS="233"/>
							<String ID="string_53" HPOS="257" VPOS="414" WIDTH="141" HEIGHT="26" WC="0.96" CONTENT="befrämjande"/><SP WIDTH="24" VPOS="414" HPOS="398"/>
							<String ID="string_54" HPOS="422" VPOS="414" WIDTH="22" HEIGHT="19" WC="0.96" CONTENT="af"/><SP WIDTH="21" VPOS="414" HPOS="444"/>
							<String ID="string_55" HPOS="465" VPOS="414" WIDTH="46" HEIGHT="20" WC="0.96" CONTENT="dess"/><SP WIDTH="20" VPOS="414" HPOS="511"/>
							<String ID="string_56" HPOS="531" VPOS="414" WIDTH="205" HEIGHT="22" WC="0.93" CONTENT="affärsverksamhet,"/><SP WIDTH="19" VPOS="414" HPOS="736"/>
							<String ID="string_57" HPOS="755" VPOS="414" WIDTH="132" HEIGHT="20" WC="0.90" CONTENT="alldenstund"/>
						</TextLine>
						<TextLine ID="line_8" HPOS="139" VPOS="448" WIDTH="748" HEIGHT="26">
							<String ID="string_58" HPOS="139" VPOS="448" WIDTH="40" HEIGHT="20" WC="0.96" CONTENT="den"/><SP WIDTH="24" VPOS="448" HPOS="179"/>
							<String ID="string_59" HPOS="203" VPOS="448" WIDTH="63" HEIGHT="25" WC="0.95" CONTENT="lokal,"/><SP WIDTH="24" VPOS="448" HPOS="266"/>
							<String ID="string_60" HPOS="290" VPOS="448" WIDTH="84" HEIGHT="20" WC="0.95" CONTENT="Banken"/><SP WIDTH="24" VPOS="448" HPOS="374"/>
							<String ID="string_61" HPOS="398" VPOS="448" WIDTH="32" HEIGHT="19" WC="0.95" CONTENT="för"/><SP WIDTH="23" VPOS="448" HPOS="430"/>
							<String ID="string_62" HPOS="453" VPOS="448" WIDTH="130" HEIGHT="20" WC="0.94" CONTENT="närvarande"/><SP WIDTH="18" VPOS="448" HPOS="583"/>
							<String ID="string_63" HPOS="601" VPOS="448" WIDTH="106" HEIGHT="26" WC="0.96" CONTENT="begagnar"/><SP WIDTH="16" VPOS="448" HPOS="707"/>
							<String ID="string_64" HPOS="723" VPOS="448" WIDTH="6" HEIGHT="19" WC="0.93" CONTENT="i"/><SP WIDTH="16" VPOS="448" HPOS="729"/>
							<String ID="string_65" HPOS="745" VPOS="448" WIDTH="142" HEIGHT="24" WC="0.91" CONTENT="Senatshuset,"/>
						</TextLine>
						<TextLine ID="line_9" HPOS="138" VPOS="482" WIDTH="750" HEIGHT="26">
							<String ID="string_66" HPOS="138" VPOS="482" WIDTH="47" HEIGHT="20" WC="0.88" CONTENT="icke"/><SP WIDTH="22" VPOS="482" HPOS="185"/>
							<String ID="string_67" HPOS="207" VPOS="482" WIDTH="98" HEIGHT="26" WC="0.96" CONTENT="erbjuder"/><SP WIDTH="16" VPOS="482" HPOS="305"/>
							<String ID="string_68" HPOS="321" VPOS="482" WIDTH="64" HEIGHT="26" WC="0.96" CONTENT="nödig"/><SP WIDTH="20" VPOS="482" HPOS="385"/>
							<String ID="string_69" HPOS="405" VPOS="482" WIDTH="98" HEIGHT="20" WC="0.93" CONTENT="säkerhet"/><SP WIDTH="14" VPOS="482" HPOS="503"/>
							<String ID="string_70" HPOS="517" VPOS="482" WIDTH="94" HEIGHT="20" WC="0.92" CONTENT="hvarken"/><SP WIDTH="18" VPOS="482" HPOS="611"/>
							<String ID="string_71" HPOS="629" VPOS="484" WIDTH="42" HEIGHT="18" WC="0.96" CONTENT="mot"/><SP WIDTH="16" VPOS="484" HPOS="671"/>
							<String ID="string_72" HPOS="687" VPOS="482" WIDTH="33" HEIGHT="20" WC="0.95" CONTENT="eld"/><SP WIDTH="16" VPOS="482" HPOS="720"/>
							<String ID="string_73" HPOS="736" VPOS="482" WIDTH="52" HEIGHT="20" WC="0.95" CONTENT="eller"/><SP WIDTH="15" VPOS="482" HPOS="788"/>
							<String ID="string_74" HPOS="803" VPOS="482" WIDTH="85" HEIGHT="25" WC="0.96" CONTENT="inbrott,"/>
						</TextLine>
						<TextLine ID="line_10" HPOS="139" VPOS="516" WIDTH="749" HEIGHT="29">
							<String ID="string_75" HPOS="139" VPOS="517" WIDTH="50" HEIGHT="20" WC="0.96" CONTENT="eller"/><SP WIDTH="24" VPOS="517" HPOS="189"/>
							<String ID="string_76" HPOS="213" VPOS="517" WIDTH="31" HEIGHT="19" WC="0.96" CONTENT="för"/><SP WIDTH="18" VPOS="517" HPOS="244"/>
							<String ID="string_77" HPOS="262" VPOS="516" WIDTH="63" HEIGHT="27" WC="0.92" CONTENT="öfrigt"/><SP WIDTH="24" VPOS="516" HPOS="325"/>
							<String ID="string_78" HPOS="349" VPOS="519" WIDTH="115" HEIGHT="26" WC="0.91" CONTENT="motgvarar"/><SP WIDTH="23" VPOS="519" HPOS="464"/>
							<String ID="string_79" HPOS="487" VPOS="516" WIDTH="24" HEIGHT="20" WC="0.94" CONTENT="de"/><SP WIDTH="25" VPOS="516" HPOS="511"/>
							<String ID="string_80" HPOS="536" VPOS="516" WIDTH="105" HEIGHT="26" WC="0.94" CONTENT="billigaste"/><SP WIDTH="23" VPOS="516" HPOS="641"/>
							<String ID="string_81" HPOS="664" VPOS="516" WIDTH="118" HEIGHT="26" WC="0.96" CONTENT="fordringar"/><SP WIDTH="22" VPOS="516" HPOS="782"/>
							<String ID="string_82" HPOS="804" VPOS="516" WIDTH="27" HEIGHT="26" WC="0.93" CONTENT="på"/><SP WIDTH="23" VPOS="516" HPOS="831"/>
							<String ID="string_83" HPOS="854" VPOS="516" WIDTH="34" HEIGHT="20" WC="0.89" CONTENT="be-"/>
						</TextLine>
						<TextLine ID="line_11" HPOS="139" VPOS="550" WIDTH="748" HEIGHT="27">
							<String ID="string_84" HPOS="139" VPOS="551" WIDTH="129" HEIGHT="26" WC="0.76" CONTENT="qvämlighet"/><SP WIDTH="24" VPOS="551" HPOS="268"/>
							<String ID="string_85" HPOS="292" VPOS="551" WIDTH="38" HEIGHT="19" WC="0.96" CONTENT="och"/><SP WIDTH="23" VPOS="551" HPOS="330"/>
							<String ID="string_86" HPOS="353" VPOS="550" WIDTH="167" HEIGHT="26" WC="0.96" CONTENT="ändamålsenlig"/><SP WIDTH="16" VPOS="550" HPOS="520"/>
							<String ID="string_87" HPOS="536" VPOS="550" WIDTH="119" HEIGHT="26" WC="0.95" CONTENT="inredning,"/><SP WIDTH="21" VPOS="550" HPOS="655"/>
							<String ID="string_88" HPOS="676" VPOS="553" WIDTH="54" HEIGHT="17" WC="0.96" CONTENT="samt"/><SP WIDTH="16" VPOS="553" HPOS="730"/>
							<String ID="string_89" HPOS="746" VPOS="554" WIDTH="50" HEIGHT="16" WC="0.97" CONTENT="enär"/><SP WIDTH="15" VPOS="554" HPOS="796"/>
							<String ID="string_90" HPOS="811" VPOS="551" WIDTH="6" HEIGHT="19" WC="0.93" CONTENT="i"/><SP WIDTH="18" VPOS="551" HPOS="817"/>
							<String ID="string_91" HPOS="835" VPOS="550" WIDTH="52" HEIGHT="20" WC="0.92" CONTENT="Ban-"/>
						</TextLine>
						<TextLine ID="line_12" HPOS="139" VPOS="584" WIDTH="748" HEIGHT="21">
							<String ID="string_92" HPOS="139" VPOS="586" WIDTH="40" HEIGHT="18" WC="0.96" CONTENT="ken"/><SP WIDTH="19" VPOS="586" HPOS="179"/>
							<String ID="string_93" HPOS="198" VPOS="585" WIDTH="30" HEIGHT="19" WC="0.96" CONTENT="för"/><SP WIDTH="16" VPOS="585" HPOS="228"/>
							<String ID="string_94" HPOS="244" VPOS="585" WIDTH="36" HEIGHT="19" WC="0.96" CONTENT="det"/><SP WIDTH="18" VPOS="585" HPOS="280"/>
							<String ID="string_95" HPOS="298" VPOS="585" WIDTH="130" HEIGHT="20" WC="0.96" CONTENT="närvarande"/><SP WIDTH="24" VPOS="585" HPOS="428"/>
							<String ID="string_96" HPOS="452" VPOS="585" WIDTH="65" HEIGHT="19" WC="0.96" CONTENT="finnas"/><SP WIDTH="24" VPOS="585" HPOS="517"/>
							<String ID="string_97" HPOS="541" VPOS="584" WIDTH="32" HEIGHT="20" WC="0.95" CONTENT="för"/><SP WIDTH="26" VPOS="584" HPOS="573"/>
							<String ID="string_98" HPOS="599" VPOS="585" WIDTH="57" HEIGHT="19" WC="0.95" CONTENT="detta"/><SP WIDTH="22" VPOS="585" HPOS="656"/>
							<String ID="string_99" HPOS="678" VPOS="585" WIDTH="97" HEIGHT="19" WC="0.92" CONTENT="ändamål"/><SP WIDTH="21" VPOS="585" HPOS="775"/>
							<String ID="string_100" HPOS="796" VPOS="584" WIDTH="91" HEIGHT="20" WC="0.92" CONTENT="tillräck-"/>
						</TextLine>
						<TextLine ID="line_13" HPOS="138" VPOS="618" WIDTH="747" HEIGHT="27">
							<String ID="string_101" HPOS="138" VPOS="619" WIDTH="47" HEIGHT="26" WC="0.93" CONTENT="liga,"/><SP WIDTH="24" VPOS="619" HPOS="185"/>
							<String ID="string_102" HPOS="209" VPOS="619" WIDTH="152" HEIGHT="26" WC="0.91" CONTENT="odisponerade"/><SP WIDTH="26" VPOS="619" HPOS="361"/>
							<String ID="string_103" HPOS="387" VPOS="619" WIDTH="74" HEIGHT="25" WC="0.95" CONTENT="medel,"/><SP WIDTH="23" VPOS="619" HPOS="461"/>
							<String ID="string_104" HPOS="484" VPOS="619" WIDTH="72" HEIGHT="20" WC="0.96" CONTENT="hvilka"/><SP WIDTH="25" VPOS="619" HPOS="556"/>
							<String ID="string_105" HPOS="581" VPOS="621" WIDTH="49" HEIGHT="17" WC="0.93" CONTENT="utan"/><SP WIDTH="22" VPOS="621" HPOS="630"/>
							<String ID="string_106" HPOS="652" VPOS="619" WIDTH="103" HEIGHT="20" WC="0.90" CONTENT="afsaknad"/><SP WIDTH="25" VPOS="619" HPOS="755"/>
							<String ID="string_107" HPOS="780" VPOS="619" WIDTH="31" HEIGHT="19" WC="0.90" CONTENT="för"/><SP WIDTH="22" VPOS="619" HPOS="811"/>
							<String ID="string_108" HPOS="833" VPOS="618" WIDTH="52" HEIGHT="20" WC="0.90" CONTENT="Ban-"/>
						</TextLine>
						<TextLine ID="line_14" HPOS="139" VPOS="653" WIDTH="748" HEIGHT="27">
							<String ID="string_109" HPOS="139" VPOS="654" WIDTH="51" HEIGHT="19" WC="0.96" CONTENT="kens"/><SP WIDTH="14" VPOS="654" HPOS="190"/>
							<String ID="string_110" HPOS="204" VPOS="653" WIDTH="78" HEIGHT="20" WC="0.96" CONTENT="rörelse"/><SP WIDTH="13" VPOS="653" HPOS="282"/>
							<String ID="string_111" HPOS="295" VPOS="653" WIDTH="70" HEIGHT="19" WC="0.96" CONTENT="kunna"/><SP WIDTH="12" VPOS="653" HPOS="365"/>
							<String ID="string_112" HPOS="377" VPOS="654" WIDTH="5" HEIGHT="18" WC="0.93" CONTENT="i"/><SP WIDTH="14" VPOS="654" HPOS="382"/>
							<String ID="string_113" HPOS="396" VPOS="653" WIDTH="74" HEIGHT="26" WC="0.92" CONTENT="antydt"/><SP WIDTH="12" VPOS="653" HPOS="470"/>
							<String ID="string_114" HPOS="482" VPOS="654" WIDTH="54" HEIGHT="25" WC="0.96" CONTENT="syfte"/><SP WIDTH="15" VPOS="654" HPOS="536"/>
							<String ID="string_115" HPOS="551" VPOS="653" WIDTH="113" HEIGHT="25" WC="0.95" CONTENT="användas,"/><SP WIDTH="14" VPOS="653" HPOS="664"/>
							<String ID="string_116" HPOS="678" VPOS="654" WIDTH="38" HEIGHT="20" WC="0.96" CONTENT="och"/><SP WIDTH="14" VPOS="654" HPOS="716"/>
							<String ID="string_117" HPOS="730" VPOS="653" WIDTH="69" HEIGHT="27" WC="0.92" CONTENT="någon"/><SP WIDTH="12" VPOS="653" HPOS="799"/>
							<String ID="string_118" HPOS="811" VPOS="653" WIDTH="76" HEIGHT="19" WC="0.92" CONTENT="fördel-"/>
						</TextLine>
						<TextLine ID="line_15" HPOS="138" VPOS="687" WIDTH="749" HEIGHT="27">
							<String ID="string_119" HPOS="138" VPOS="688" WIDTH="95" HEIGHT="26" WC="0.91" CONTENT="aktigare"/><SP WIDTH="15" VPOS="688" HPOS="233"/>
							<String ID="string_120" HPOS="248" VPOS="689" WIDTH="52" HEIGHT="17" WC="0.96" CONTENT="tomt"/><SP WIDTH="15" VPOS="689" HPOS="300"/>
							<String ID="string_121" HPOS="315" VPOS="688" WIDTH="47" HEIGHT="18" WC="0.95" CONTENT="icke"/><SP WIDTH="12" VPOS="688" HPOS="362"/>
							<String ID="string_122" HPOS="374" VPOS="690" WIDTH="22" HEIGHT="17" WC="0.94" CONTENT="är"/><SP WIDTH="11" VPOS="690" HPOS="396"/>
							<String ID="string_123" HPOS="407" VPOS="689" WIDTH="30" HEIGHT="18" WC="0.96" CONTENT="att"/><SP WIDTH="10" VPOS="689" HPOS="437"/>
							<String ID="string_124" HPOS="447" VPOS="687" WIDTH="64" HEIGHT="27" WC="0.96" CONTENT="tillgå,"/><SP WIDTH="12" VPOS="687" HPOS="511"/>
							<String ID="string_125" HPOS="523" VPOS="690" WIDTH="25" HEIGHT="17" WC="0.96" CONTENT="än"/><SP WIDTH="13" VPOS="690" HPOS="548"/>
							<String ID="string_126" HPOS="561" VPOS="687" WIDTH="40" HEIGHT="20" WC="0.96" CONTENT="den"/><SP WIDTH="12" VPOS="687" HPOS="601"/>
							<String ID="string_127" HPOS="613" VPOS="688" WIDTH="22" HEIGHT="19" WC="0.93" CONTENT="af"/><SP WIDTH="9" VPOS="688" HPOS="635"/>
							<String ID="string_128" HPOS="644" VPOS="688" WIDTH="192" HEIGHT="26" WC="0.91" CONTENT="Bankfullmäktige"/><SP WIDTH="11" VPOS="688" HPOS="836"/>
							<String ID="string_129" HPOS="847" VPOS="687" WIDTH="40" HEIGHT="20" WC="0.93" CONTENT="för-"/>
						</TextLine>
						<TextLine ID="line_16" HPOS="139" VPOS="721" WIDTH="747" HEIGHT="27">
							<String ID="string_130" HPOS="139" VPOS="721" WIDTH="85" HEIGHT="25" WC="0.91" CONTENT="ordade,"/><SP WIDTH="18" VPOS="721" HPOS="224"/>
							<String ID="string_131" HPOS="242" VPOS="722" WIDTH="62" HEIGHT="19" WC="0.93" CONTENT="hafva"/><SP WIDTH="15" VPOS="722" HPOS="304"/>
							<String ID="string_132" HPOS="319" VPOS="721" WIDTH="124" HEIGHT="26" WC="0.90" CONTENT="Ständerna,"/><SP WIDTH="18" VPOS="721" HPOS="443"/>
							<String ID="string_133" HPOS="461" VPOS="722" WIDTH="31" HEIGHT="19" WC="0.95" CONTENT="till"/><SP WIDTH="21" VPOS="722" HPOS="492"/>
							<String ID="string_134" HPOS="513" VPOS="722" WIDTH="60" HEIGHT="19" WC="0.94" CONTENT="hvars"/><SP WIDTH="17" VPOS="722" HPOS="573"/>
							<String ID="string_135" HPOS="590" VPOS="722" WIDTH="132" HEIGHT="26" WC="0.96" CONTENT="granskning"/><SP WIDTH="15" VPOS="722" HPOS="722"/>
							<String ID="string_136" HPOS="737" VPOS="722" WIDTH="66" HEIGHT="20" WC="0.91" CONTENT="under"/><SP WIDTH="16" VPOS="722" HPOS="803"/>
							<String ID="string_137" HPOS="819" VPOS="722" WIDTH="67" HEIGHT="19" WC="0.91" CONTENT="landt-"/>
						</TextLine>
						<TextLine ID="line_17" HPOS="140" VPOS="752" WIDTH="747" HEIGHT="30">
							<String ID="string_138" HPOS="140" VPOS="756" WIDTH="79" HEIGHT="26" WC="0.92" CONTENT="dagens"/><SP WIDTH="23" VPOS="756" HPOS="219"/>
							<String ID="string_139" HPOS="242" VPOS="756" WIDTH="96" HEIGHT="26" WC="0.91" CONTENT="fortgång"/><SP WIDTH="24" VPOS="756" HPOS="338"/>
							<String ID="string_140" HPOS="362" VPOS="756" WIDTH="148" HEIGHT="19" WC="0.91" CONTENT="öfverlemnats"/><SP WIDTH="23" VPOS="756" HPOS="510"/>
							<String ID="string_141" HPOS="533" VPOS="762" WIDTH="25" HEIGHT="13" WC="0.96" CONTENT="en"/><SP WIDTH="25" VPOS="762" HPOS="558"/>
							<String ID="string_142" HPOS="583" VPOS="756" WIDTH="22" HEIGHT="19" WC="0.93" CONTENT="af"/><SP WIDTH="22" VPOS="756" HPOS="605"/>
							<String ID="string_143" HPOS="627" VPOS="752" WIDTH="187" HEIGHT="23" WC="0.91" CONTENT="Öfverdirektören"/><SP WIDTH="26" VPOS="752" HPOS="814"/>
							<String ID="string_144" HPOS="840" VPOS="756" WIDTH="47" HEIGHT="19" WC="0.91" CONTENT="Dal-"/>
						</TextLine>
						<TextLine ID="line_18" HPOS="140" VPOS="790" WIDTH="748" HEIGHT="26">
							<String ID="string_145" HPOS="140" VPOS="792" WIDTH="63" HEIGHT="17" WC="0.96" CONTENT="ström"/><SP WIDTH="17" VPOS="792" HPOS="203"/>
							<String ID="string_146" HPOS="220" VPOS="790" WIDTH="104" HEIGHT="26" WC="0.96" CONTENT="uppgjord"/><SP WIDTH="17" VPOS="790" HPOS="324"/>
							<String ID="string_147" HPOS="341" VPOS="796" WIDTH="26" HEIGHT="20" WC="0.95" CONTENT="ny"/><SP WIDTH="17" VPOS="796" HPOS="367"/>
							<String ID="string_148" HPOS="384" VPOS="790" WIDTH="78" HEIGHT="26" WC="0.95" CONTENT="ritning"/><SP WIDTH="16" VPOS="790" HPOS="462"/>
							<String ID="string_149" HPOS="478" VPOS="790" WIDTH="5" HEIGHT="19" WC="0.96" CONTENT="i"/><SP WIDTH="17" VPOS="790" HPOS="483"/>
							<String ID="string_150" HPOS="500" VPOS="790" WIDTH="75" HEIGHT="25" WC="0.95" CONTENT="utkast,"/><SP WIDTH="20" VPOS="790" HPOS="575"/>
							<String ID="string_151" HPOS="595" VPOS="790" WIDTH="66" HEIGHT="26" WC="0.96" CONTENT="enligt"/><SP WIDTH="23" VPOS="790" HPOS="661"/>
							<String ID="string_152" HPOS="684" VPOS="790" WIDTH="93" HEIGHT="24" WC="0.95" CONTENT="hvilken,"/><SP WIDTH="18" VPOS="790" HPOS="777"/>
							<String ID="string_153" HPOS="795" VPOS="790" WIDTH="45" HEIGHT="19" WC="0.91" CONTENT="med"/><SP WIDTH="19" VPOS="790" HPOS="840"/>
							<String ID="string_154" HPOS="859" VPOS="790" WIDTH="29" HEIGHT="19" WC="0.91" CONTENT="bi-"/>
						</TextLine>
						<TextLine ID="line_19" HPOS="141" VPOS="823" WIDTH="747" HEIGHT="27">
							<String ID="string_155" HPOS="141" VPOS="823" WIDTH="125" HEIGHT="20" WC="0.92" CONTENT="behållande"/><SP WIDTH="16" VPOS="823" HPOS="266"/>
							<String ID="string_156" HPOS="282" VPOS="824" WIDTH="22" HEIGHT="19" WC="0.96" CONTENT="af"/><SP WIDTH="14" VPOS="824" HPOS="304"/>
							<String ID="string_157" HPOS="318" VPOS="824" WIDTH="34" HEIGHT="19" WC="0.96" CONTENT="det"/><SP WIDTH="17" VPOS="824" HPOS="352"/>
							<String ID="string_158" HPOS="369" VPOS="824" WIDTH="146" HEIGHT="26" WC="0.91" CONTENT="ursprungliga"/><SP WIDTH="16" VPOS="824" HPOS="515"/>
							<String ID="string_159" HPOS="531" VPOS="824" WIDTH="107" HEIGHT="19" WC="0.91" CONTENT="brandfria"/><SP WIDTH="14" VPOS="824" HPOS="638"/>
							<String ID="string_160" HPOS="652" VPOS="826" WIDTH="103" HEIGHT="23" WC="0.96" CONTENT="systemet"/><SP WIDTH="14" VPOS="826" HPOS="755"/>
							<String ID="string_161" HPOS="769" VPOS="824" WIDTH="40" HEIGHT="19" WC="0.96" CONTENT="och"/><SP WIDTH="11" VPOS="824" HPOS="809"/>
							<String ID="string_162" HPOS="820" VPOS="823" WIDTH="68" HEIGHT="26" WC="0.96" CONTENT="någon"/>
						</TextLine>
						<TextLine ID="line_20" HPOS="140" VPOS="857" WIDTH="748" HEIGHT="27">
							<String ID="string_163" HPOS="140" VPOS="857" WIDTH="122" HEIGHT="26" WC="0.96" CONTENT="förändring"/><SP WIDTH="11" VPOS="857" HPOS="262"/>
							<String ID="string_164" HPOS="273" VPOS="857" WIDTH="23" HEIGHT="20" WC="0.95" CONTENT="af"/><SP WIDTH="8" VPOS="857" HPOS="296"/>
							<String ID="string_165" HPOS="304" VPOS="857" WIDTH="139" HEIGHT="27" WC="0.96" CONTENT="inredningen"/><SP WIDTH="17" VPOS="857" HPOS="443"/>
							<String ID="string_166" HPOS="460" VPOS="858" WIDTH="6" HEIGHT="18" WC="0.96" CONTENT="i"/><SP WIDTH="17" VPOS="858" HPOS="466"/>
							<String ID="string_167" HPOS="483" VPOS="857" WIDTH="118" HEIGHT="26" WC="0.93" CONTENT="ungefärlig"/><SP WIDTH="11" VPOS="857" HPOS="601"/>
							<String ID="string_168" HPOS="612" VPOS="857" WIDTH="217" HEIGHT="20" WC="0.91" CONTENT="öfverensstämmelse"/><SP WIDTH="14" VPOS="857" HPOS="829"/>
							<String ID="string_169" HPOS="843" VPOS="857" WIDTH="45" HEIGHT="20" WC="0.96" CONTENT="med"/>
						</TextLine>
						<TextLine ID="line_21" HPOS="140" VPOS="891" WIDTH="750" HEIGHT="27">
							<String ID="string_170" HPOS="140" VPOS="891" WIDTH="154" HEIGHT="20" WC="0.92" CONTENT="ofvanberörda"/><SP WIDTH="34" VPOS="891" HPOS="294"/>
							<String ID="string_171" HPOS="328" VPOS="891" WIDTH="171" HEIGHT="26" WC="0.73" CONTENT="anmärkningar,"/><SP WIDTH="35" VPOS="891" HPOS="499"/>
							<String ID="string_172" HPOS="534" VPOS="891" WIDTH="218" HEIGHT="27" WC="0.91" CONTENT="hufvudbyggnadens"/><SP WIDTH="32" VPOS="891" HPOS="752"/>
							<String ID="string_173" HPOS="784" VPOS="891" WIDTH="106" HEIGHT="26" WC="0.90" CONTENT="grundyta"/>
						</TextLine>
						<TextLine ID="line_22" HPOS="141" VPOS="925" WIDTH="747" HEIGHT="26">
							<String ID="string_174" HPOS="141" VPOS="925" WIDTH="68" HEIGHT="20" WC="0.91" CONTENT="blifvit"/><SP WIDTH="22" VPOS="925" HPOS="209"/>
							<String ID="string_175" HPOS="231" VPOS="925" WIDTH="129" HEIGHT="20" WC="0.91" CONTENT="förminskad"/><SP WIDTH="25" VPOS="925" HPOS="360"/>
							<String ID="string_176" HPOS="385" VPOS="925" WIDTH="43" HEIGHT="20" WC="0.92" CONTENT="från"/><SP WIDTH="18" VPOS="925" HPOS="428"/>
							<String ID="string_177" HPOS="446" VPOS="926" WIDTH="61" HEIGHT="25" WC="0.91" CONTENT="3,240"/><SP WIDTH="17" VPOS="926" HPOS="507"/>
							<String ID="string_178" HPOS="524" VPOS="925" WIDTH="30" HEIGHT="20" WC="0.93" CONTENT="till"/><SP WIDTH="16" VPOS="925" HPOS="554"/>
							<String ID="string_179" HPOS="570" VPOS="926" WIDTH="62" HEIGHT="25" WC="0.91" CONTENT="2,409"/><SP WIDTH="17" VPOS="926" HPOS="632"/>
							<String ID="string_180" HPOS="649" VPOS="925" WIDTH="155" HEIGHT="26" WC="0.92" CONTENT="qvadratalnar,"/><SP WIDTH="17" VPOS="925" HPOS="804"/>
							<String ID="string_181" HPOS="821" VPOS="925" WIDTH="67" HEIGHT="20" WC="0.92" CONTENT="hvari-"/>
						</TextLine>
						<TextLine ID="line_23" HPOS="138" VPOS="959" WIDTH="749" HEIGHT="27">
							<String ID="string_182" HPOS="138" VPOS="965" WIDTH="83" HEIGHT="21" WC="0.96" CONTENT="genom,"/><SP WIDTH="17" VPOS="965" HPOS="221"/>
							<String ID="string_183" HPOS="238" VPOS="960" WIDTH="66" HEIGHT="26" WC="0.93" CONTENT="enligt"/><SP WIDTH="16" VPOS="960" HPOS="304"/>
							<String ID="string_184" HPOS="320" VPOS="960" WIDTH="168" HEIGHT="25" WC="0.90" CONTENT="approximativa"/><SP WIDTH="17" VPOS="960" HPOS="488"/>
							<String ID="string_185" HPOS="505" VPOS="959" WIDTH="147" HEIGHT="27" WC="0.96" CONTENT="beräkningar,"/><SP WIDTH="13" VPOS="959" HPOS="652"/>
							<String ID="string_186" HPOS="665" VPOS="960" WIDTH="149" HEIGHT="25" WC="0.93" CONTENT="kostnaderna,"/><SP WIDTH="17" VPOS="960" HPOS="814"/>
							<String ID="string_187" HPOS="831" VPOS="959" WIDTH="56" HEIGHT="20" WC="0.90" CONTENT="inbe-"/>
						</TextLine>
						<TextLine ID="line_24" HPOS="140" VPOS="993" WIDTH="750" HEIGHT="27">
							<String ID="string_188" HPOS="140" VPOS="993" WIDTH="90" HEIGHT="20" WC="0.91" CONTENT="räknadt"/><SP WIDTH="17" VPOS="993" HPOS="230"/>
							<String ID="string_189" HPOS="247" VPOS="993" WIDTH="150" HEIGHT="27" WC="0.91" CONTENT="bibyggnaden"/><SP WIDTH="21" VPOS="993" HPOS="397"/>
							<String ID="string_190" HPOS="418" VPOS="994" WIDTH="37" HEIGHT="19" WC="0.96" CONTENT="och"/><SP WIDTH="21" VPOS="994" HPOS="455"/>
							<String ID="string_191" HPOS="476" VPOS="993" WIDTH="91" HEIGHT="20" WC="0.93" CONTENT="staketet"/><SP WIDTH="16" VPOS="993" HPOS="567"/>
							<String ID="string_192" HPOS="583" VPOS="1000" WIDTH="25" HEIGHT="13" WC="0.88" CONTENT="m."/><SP WIDTH="17" VPOS="1000" HPOS="608"/>
							<String ID="string_193" HPOS="625" VPOS="1001" WIDTH="33" HEIGHT="18" WC="0.91" CONTENT="m.,"/><SP WIDTH="18" VPOS="1001" HPOS="658"/>
							<String ID="string_194" HPOS="676" VPOS="993" WIDTH="68" HEIGHT="20" WC="0.96" CONTENT="skulle"/><SP WIDTH="16" VPOS="993" HPOS="744"/>
							<String ID="string_195" HPOS="760" VPOS="993" WIDTH="85" HEIGHT="20" WC="0.96" CONTENT="komma"/><SP WIDTH="15" VPOS="993" HPOS="845"/>
							<String ID="string_196" HPOS="860" VPOS="995" WIDTH="30" HEIGHT="18" WC="0.96" CONTENT="att"/>
						</TextLine>
						<TextLine ID="line_25" HPOS="140" VPOS="1027" WIDTH="750" HEIGHT="27">
							<String ID="string_197" HPOS="140" VPOS="1027" WIDTH="70" HEIGHT="27" WC="0.96" CONTENT="uppgå"/><SP WIDTH="26" VPOS="1027" HPOS="210"/>
							<String ID="string_198" HPOS="236" VPOS="1028" WIDTH="30" HEIGHT="19" WC="0.93" CONTENT="till"/><SP WIDTH="30" VPOS="1028" HPOS="266"/>
							<String ID="string_199" HPOS="296" VPOS="1028" WIDTH="90" HEIGHT="25" WC="0.92" CONTENT="489,665"/><SP WIDTH="26" VPOS="1028" HPOS="386"/>
							<String ID="string_200" HPOS="412" VPOS="1027" WIDTH="65" HEIGHT="25" WC="0.79" CONTENT="mark,"/><SP WIDTH="24" VPOS="1027" HPOS="477"/>
							<String ID="string_201" HPOS="501" VPOS="1027" WIDTH="85" HEIGHT="20" WC="0.92" CONTENT="beslutit"/><SP WIDTH="22" VPOS="1027" HPOS="586"/>
							<String ID="string_202" HPOS="608" VPOS="1028" WIDTH="30" HEIGHT="19" WC="0.96" CONTENT="till"/><SP WIDTH="25" VPOS="1028" HPOS="638"/>
							<String ID="string_203" HPOS="663" VPOS="1028" WIDTH="131" HEIGHT="25" WC="0.96" CONTENT="uppförande"/><SP WIDTH="23" VPOS="1028" HPOS="794"/>
							<String ID="string_204" HPOS="817" VPOS="1028" WIDTH="22" HEIGHT="19" WC="0.96" CONTENT="af"/><SP WIDTH="23" VPOS="1028" HPOS="839"/>
							<String ID="string_205" HPOS="862" VPOS="1030" WIDTH="28" HEIGHT="17" WC="0.96" CONTENT="ett"/>
						</TextLine>
						<TextLine ID="line_26" HPOS="141" VPOS="1061" WIDTH="749" HEIGHT="26">
							<String ID="string_206" HPOS="141" VPOS="1061" WIDTH="95" HEIGHT="20" WC="0.91" CONTENT="bankhus"/><SP WIDTH="24" VPOS="1061" HPOS="236"/>
							<String ID="string_207" HPOS="260" VPOS="1062" WIDTH="26" HEIGHT="25" WC="0.95" CONTENT="pä"/><SP WIDTH="24" VPOS="1062" HPOS="286"/>
							<String ID="string_208" HPOS="310" VPOS="1062" WIDTH="40" HEIGHT="19" WC="0.96" CONTENT="den"/><SP WIDTH="22" VPOS="1062" HPOS="350"/>
							<String ID="string_209" HPOS="372" VPOS="1062" WIDTH="23" HEIGHT="19" WC="0.93" CONTENT="af"/><SP WIDTH="16" VPOS="1062" HPOS="395"/>
							<String ID="string_210" HPOS="411" VPOS="1061" WIDTH="193" HEIGHT="26" WC="0.91" CONTENT="Bankfullmäktige"/><SP WIDTH="23" VPOS="1061" HPOS="604"/>
							<String ID="string_211" HPOS="627" VPOS="1061" WIDTH="121" HEIGHT="26" WC="0.90" CONTENT="föreslagna"/><SP WIDTH="23" VPOS="1061" HPOS="748"/>
							<String ID="string_212" HPOS="771" VPOS="1063" WIDTH="58" HEIGHT="23" WC="0.90" CONTENT="tomt,"/><SP WIDTH="22" VPOS="1063" HPOS="829"/>
							<String ID="string_213" HPOS="851" VPOS="1062" WIDTH="39" HEIGHT="19" WC="0.96" CONTENT="och"/>
						</TextLine>
						<TextLine ID="line_27" HPOS="141" VPOS="1095" WIDTH="749" HEIGHT="27">
							<String ID="string_214" HPOS="141" VPOS="1096" WIDTH="21" HEIGHT="19" WC="0.92" CONTENT="åt"/><SP WIDTH="24" VPOS="1096" HPOS="162"/>
							<String ID="string_215" HPOS="186" VPOS="1095" WIDTH="192" HEIGHT="27" WC="0.87" CONTENT="Bankfullmäktige"/><SP WIDTH="26" VPOS="1095" HPOS="378"/>
							<String ID="string_216" HPOS="404" VPOS="1096" WIDTH="139" HEIGHT="19" WC="0.85" CONTENT="öfverlemnat"/><SP WIDTH="27" VPOS="1096" HPOS="543"/>
							<String ID="string_217" HPOS="570" VPOS="1097" WIDTH="36" HEIGHT="23" WC="0.95" CONTENT="att,"/><SP WIDTH="26" VPOS="1097" HPOS="606"/>
							<String ID="string_218" HPOS="632" VPOS="1096" WIDTH="53" HEIGHT="19" WC="0.89" CONTENT="efter"/><SP WIDTH="29" VPOS="1096" HPOS="685"/>
							<String ID="string_219" HPOS="714" VPOS="1102" WIDTH="121" HEIGHT="19" WC="0.93" CONTENT="gemensam"/><SP WIDTH="26" VPOS="1102" HPOS="835"/>
							<String ID="string_220" HPOS="861" VPOS="1096" WIDTH="29" HEIGHT="19" WC="0.85" CONTENT="öf-"/>
						</TextLine>
						<TextLine ID="line_28" HPOS="142" VPOS="1129" WIDTH="748" HEIGHT="27">
							<String ID="string_221" HPOS="142" VPOS="1129" WIDTH="139" HEIGHT="27" WC="0.89" CONTENT="verläggning"/><SP WIDTH="23" VPOS="1129" HPOS="281"/>
							<String ID="string_222" HPOS="304" VPOS="1130" WIDTH="46" HEIGHT="19" WC="0.87" CONTENT="med"/><SP WIDTH="26" VPOS="1130" HPOS="350"/>
							<String ID="string_223" HPOS="376" VPOS="1129" WIDTH="193" HEIGHT="20" WC="0.87" CONTENT="Bankdirektionen"/><SP WIDTH="24" VPOS="1129" HPOS="569"/>
							<String ID="string_224" HPOS="593" VPOS="1131" WIDTH="59" HEIGHT="24" WC="0.93" CONTENT="samt,"/><SP WIDTH="23" VPOS="1131" HPOS="652"/>
							<String ID="string_225" HPOS="675" VPOS="1129" WIDTH="44" HEIGHT="20" WC="0.96" CONTENT="ifall"/><SP WIDTH="21" VPOS="1129" HPOS="719"/>
							<String ID="string_226" HPOS="740" VPOS="1129" WIDTH="73" HEIGHT="20" WC="0.89" CONTENT="sådant"/><SP WIDTH="24" VPOS="1129" HPOS="813"/>
							<String ID="string_227" HPOS="837" VPOS="1130" WIDTH="53" HEIGHT="25" WC="0.92" CONTENT="pröf-"/>
						</TextLine>
						<TextLine ID="line_29" HPOS="142" VPOS="1163" WIDTH="748" HEIGHT="27">
							<String ID="string_228" HPOS="142" VPOS="1170" WIDTH="35" HEIGHT="13" WC="0.93" CONTENT="vas"/><SP WIDTH="24" VPOS="1170" HPOS="177"/>
							<String ID="string_229" HPOS="201" VPOS="1163" WIDTH="107" HEIGHT="27" WC="0.90" CONTENT="behöfligt,"/><SP WIDTH="25" VPOS="1163" HPOS="308"/>
							<String ID="string_230" HPOS="333" VPOS="1164" WIDTH="64" HEIGHT="19" WC="0.96" CONTENT="sedan"/><SP WIDTH="20" VPOS="1164" HPOS="397"/>
							<String ID="string_231" HPOS="417" VPOS="1164" WIDTH="6" HEIGHT="19" WC="0.93" CONTENT="i"/><SP WIDTH="16" VPOS="1164" HPOS="423"/>
							<String ID="string_232" HPOS="439" VPOS="1163" WIDTH="215" HEIGHT="27" WC="0.91" CONTENT="byggnadsväsendet"/><SP WIDTH="23" VPOS="1163" HPOS="654"/>
							<String ID="string_233" HPOS="677" VPOS="1164" WIDTH="91" HEIGHT="19" WC="0.93" CONTENT="förfarne"/><SP WIDTH="24" VPOS="1164" HPOS="768"/>
							<String ID="string_234" HPOS="792" VPOS="1170" WIDTH="98" HEIGHT="19" WC="0.96" CONTENT="personer"/>
						</TextLine>
						<TextLine ID="line_30" HPOS="140" VPOS="1197" WIDTH="751" HEIGHT="27">
							<String ID="string_235" HPOS="140" VPOS="1198" WIDTH="69" HEIGHT="20" WC="0.88" CONTENT="blifvit"/><SP WIDTH="23" VPOS="1198" HPOS="209"/>
							<String ID="string_236" HPOS="232" VPOS="1198" WIDTH="118" HEIGHT="20" WC="0.88" CONTENT="tillkallade"/><SP WIDTH="25" VPOS="1198" HPOS="350"/>
							<String ID="string_237" HPOS="375" VPOS="1198" WIDTH="39" HEIGHT="20" WC="0.95" CONTENT="och"/><SP WIDTH="24" VPOS="1198" HPOS="414"/>
							<String ID="string_238" HPOS="438" VPOS="1198" WIDTH="71" HEIGHT="24" WC="0.93" CONTENT="hörde,"/><SP WIDTH="23" VPOS="1198" HPOS="509"/>
							<String ID="string_239" HPOS="532" VPOS="1197" WIDTH="93" HEIGHT="27" WC="0.91" CONTENT="granska"/><SP WIDTH="20" VPOS="1197" HPOS="625"/>
							<String ID="string_240" HPOS="645" VPOS="1198" WIDTH="26" HEIGHT="19" WC="0.97" CONTENT="de"/><SP WIDTH="21" VPOS="1198" HPOS="671"/>
							<String ID="string_241" HPOS="692" VPOS="1198" WIDTH="64" HEIGHT="19" WC="0.93" CONTENT="redan"/><SP WIDTH="18" VPOS="1198" HPOS="756"/>
							<String ID="string_242" HPOS="774" VPOS="1197" WIDTH="117" HEIGHT="26" WC="0.91" CONTENT="uppgjorda"/>
						</TextLine>
						<TextLine ID="line_31" HPOS="141" VPOS="1231" WIDTH="750" HEIGHT="27">
							<String ID="string_243" HPOS="141" VPOS="1232" WIDTH="52" HEIGHT="20" WC="0.95" CONTENT="eller"/><SP WIDTH="16" VPOS="1232" HPOS="193"/>
							<String ID="string_244" HPOS="209" VPOS="1232" WIDTH="26" HEIGHT="26" WC="0.96" CONTENT="pä"/><SP WIDTH="16" VPOS="1232" HPOS="235"/>
							<String ID="string_245" HPOS="251" VPOS="1232" WIDTH="97" HEIGHT="26" WC="0.96" CONTENT="lämpligt"/><SP WIDTH="22" VPOS="1232" HPOS="348"/>
							<String ID="string_246" HPOS="370" VPOS="1235" WIDTH="40" HEIGHT="17" WC="0.93" CONTENT="sätt"/><SP WIDTH="22" VPOS="1235" HPOS="410"/>
							<String ID="string_247" HPOS="432" VPOS="1232" WIDTH="96" HEIGHT="20" WC="0.90" CONTENT="anskaffa"/><SP WIDTH="18" VPOS="1232" HPOS="528"/>
							<String ID="string_248" HPOS="546" VPOS="1239" WIDTH="43" HEIGHT="19" WC="0.93" CONTENT="nya"/><SP WIDTH="15" VPOS="1239" HPOS="589"/>
							<String ID="string_249" HPOS="604" VPOS="1232" WIDTH="104" HEIGHT="26" WC="0.93" CONTENT="ritningar"/><SP WIDTH="16" VPOS="1232" HPOS="708"/>
							<String ID="string_250" HPOS="724" VPOS="1231" WIDTH="30" HEIGHT="20" WC="0.93" CONTENT="till"/><SP WIDTH="17" VPOS="1231" HPOS="754"/>
							<String ID="string_251" HPOS="771" VPOS="1232" WIDTH="65" HEIGHT="24" WC="0.93" CONTENT="huset,"/><SP WIDTH="17" VPOS="1232" HPOS="836"/>
							<String ID="string_252" HPOS="853" VPOS="1232" WIDTH="38" HEIGHT="20" WC="0.96" CONTENT="och"/>
						</TextLine>
						<TextLine ID="line_32" HPOS="140" VPOS="1265" WIDTH="751" HEIGHT="27">
							<String ID="string_253" HPOS="140" VPOS="1267" WIDTH="64" HEIGHT="19" WC="0.93" CONTENT="sedan"/><SP WIDTH="17" VPOS="1267" HPOS="204"/>
							<String ID="string_254" HPOS="221" VPOS="1266" WIDTH="69" HEIGHT="26" WC="0.90" CONTENT="nägon"/><SP WIDTH="16" VPOS="1266" HPOS="290"/>
							<String ID="string_255" HPOS="306" VPOS="1267" WIDTH="24" HEIGHT="19" WC="0.97" CONTENT="af"/><SP WIDTH="16" VPOS="1267" HPOS="330"/>
							<String ID="string_256" HPOS="346" VPOS="1267" WIDTH="61" HEIGHT="19" WC="0.92" CONTENT="dessa"/><SP WIDTH="21" VPOS="1267" HPOS="407"/>
							<String ID="string_257" HPOS="428" VPOS="1266" WIDTH="68" HEIGHT="20" WC="0.92" CONTENT="blifvit"/><SP WIDTH="22" VPOS="1266" HPOS="496"/>
							<String ID="string_258" HPOS="518" VPOS="1269" WIDTH="90" HEIGHT="23" WC="0.89" CONTENT="antagen"/><SP WIDTH="25" VPOS="1269" HPOS="608"/>
							<String ID="string_259" HPOS="633" VPOS="1266" WIDTH="39" HEIGHT="19" WC="0.96" CONTENT="och"/><SP WIDTH="23" VPOS="1266" HPOS="672"/>
							<String ID="string_260" HPOS="695" VPOS="1265" WIDTH="27" HEIGHT="26" WC="0.96" CONTENT="pä"/><SP WIDTH="22" VPOS="1265" HPOS="722"/>
							<String ID="string_261" HPOS="744" VPOS="1268" WIDTH="42" HEIGHT="17" WC="0.96" CONTENT="sätt"/><SP WIDTH="21" VPOS="1268" HPOS="786"/>
							<String ID="string_262" HPOS="807" VPOS="1265" WIDTH="84" HEIGHT="20" WC="0.96" CONTENT="stadens"/>
						</TextLine>
						<TextLine ID="line_33" HPOS="142" VPOS="1299" WIDTH="748" HEIGHT="28">
							<String ID="string_263" HPOS="142" VPOS="1300" WIDTH="202" HEIGHT="27" WC="0.54" CONTENT="byggnadsordning"/><SP WIDTH="23" VPOS="1300" HPOS="344"/>
							<String ID="string_264" HPOS="367" VPOS="1300" WIDTH="142" HEIGHT="25" WC="0.90" CONTENT="föreskrifver,"/><SP WIDTH="18" VPOS="1300" HPOS="509"/>
							<String ID="string_265" HPOS="527" VPOS="1300" WIDTH="32" HEIGHT="19" WC="0.93" CONTENT="till"/><SP WIDTH="16" VPOS="1300" HPOS="559"/>
							<String ID="string_266" HPOS="575" VPOS="1299" WIDTH="143" HEIGHT="26" WC="0.95" CONTENT="vederbörligt"/><SP WIDTH="15" VPOS="1299" HPOS="718"/>
							<String ID="string_267" HPOS="733" VPOS="1299" WIDTH="157" HEIGHT="26" WC="0.96" CONTENT="godkännande"/>
						</TextLine>
						<TextLine ID="line_34" HPOS="140" VPOS="1333" WIDTH="750" HEIGHT="27">
							<String ID="string_268" HPOS="140" VPOS="1334" WIDTH="93" HEIGHT="25" WC="0.96" CONTENT="anmäld,"/><SP WIDTH="20" VPOS="1334" HPOS="233"/>
							<String ID="string_269" HPOS="253" VPOS="1334" WIDTH="27" HEIGHT="26" WC="0.96" CONTENT="gå"/><SP WIDTH="14" VPOS="1334" HPOS="280"/>
							<String ID="string_270" HPOS="294" VPOS="1335" WIDTH="7" HEIGHT="18" WC="0.86" CONTENT="i"/><SP WIDTH="16" VPOS="1335" HPOS="301"/>
							<String ID="string_271" HPOS="317" VPOS="1334" WIDTH="123" HEIGHT="26" WC="0.96" CONTENT="författning"/><SP WIDTH="19" VPOS="1334" HPOS="440"/>
							<String ID="string_272" HPOS="459" VPOS="1340" WIDTH="33" HEIGHT="13" WC="0.93" CONTENT="om"/><SP WIDTH="22" VPOS="1340" HPOS="492"/>
							<String ID="string_273" HPOS="514" VPOS="1334" WIDTH="138" HEIGHT="26" WC="0.95" CONTENT="byggnadens"/><SP WIDTH="24" VPOS="1334" HPOS="652"/>
							<String ID="string_274" HPOS="676" VPOS="1333" WIDTH="137" HEIGHT="26" WC="0.93" CONTENT="uppförande,"/><SP WIDTH="16" VPOS="1333" HPOS="813"/>
							<String ID="string_275" HPOS="829" VPOS="1333" WIDTH="61" HEIGHT="20" WC="0.92" CONTENT="hvar-"/>
						</TextLine>
						<TextLine ID="line_35" HPOS="142" VPOS="1367" WIDTH="750" HEIGHT="27">
							<String ID="string_276" HPOS="142" VPOS="1369" WIDTH="33" HEIGHT="19" WC="0.96" CONTENT="vid"/><SP WIDTH="24" VPOS="1369" HPOS="175"/>
							<String ID="string_277" HPOS="199" VPOS="1367" WIDTH="141" HEIGHT="27" WC="0.93" CONTENT="Fullmäktige"/><SP WIDTH="24" VPOS="1367" HPOS="340"/>
							<String ID="string_278" HPOS="364" VPOS="1368" WIDTH="54" HEIGHT="26" WC="0.92" CONTENT="egde"/><SP WIDTH="22" VPOS="1368" HPOS="418"/>
							<String ID="string_279" HPOS="440" VPOS="1370" WIDTH="77" HEIGHT="24" WC="0.93" CONTENT="antaga"/><SP WIDTH="22" VPOS="1370" HPOS="517"/>
							<String ID="string_280" HPOS="539" VPOS="1367" WIDTH="134" HEIGHT="26" WC="0.91" CONTENT="sakkunnige"/><SP WIDTH="19" VPOS="1367" HPOS="673"/>
							<String ID="string_281" HPOS="692" VPOS="1373" WIDTH="107" HEIGHT="20" WC="0.96" CONTENT="personer,"/><SP WIDTH="16" VPOS="1373" HPOS="799"/>
							<String ID="string_282" HPOS="815" VPOS="1367" WIDTH="32" HEIGHT="20" WC="0.96" CONTENT="för"/><SP WIDTH="15" VPOS="1367" HPOS="847"/>
							<String ID="string_283" HPOS="862" VPOS="1369" WIDTH="30" HEIGHT="18" WC="0.96" CONTENT="att"/>
						</TextLine>
						<TextLine ID="line_36" HPOS="142" VPOS="1401" WIDTH="748" HEIGHT="26">
							<String ID="string_284" HPOS="142" VPOS="1402" WIDTH="119" HEIGHT="21" WC="0.91" CONTENT="handhafva"/><SP WIDTH="16" VPOS="1402" HPOS="261"/>
							<String ID="string_285" HPOS="277" VPOS="1402" WIDTH="41" HEIGHT="19" WC="0.96" CONTENT="den"/><SP WIDTH="18" VPOS="1402" HPOS="318"/>
							<String ID="string_286" HPOS="336" VPOS="1405" WIDTH="95" HEIGHT="16" WC="0.95" CONTENT="närmare"/><SP WIDTH="16" VPOS="1405" HPOS="431"/>
							<String ID="string_287" HPOS="447" VPOS="1402" WIDTH="98" HEIGHT="25" WC="0.96" CONTENT="tillsynen"/><SP WIDTH="17" VPOS="1402" HPOS="545"/>
							<String ID="string_288" HPOS="562" VPOS="1401" WIDTH="59" HEIGHT="20" WC="0.96" CONTENT="öfver"/><SP WIDTH="16" VPOS="1401" HPOS="621"/>
							<String ID="string_289" HPOS="637" VPOS="1401" WIDTH="91" HEIGHT="20" WC="0.91" CONTENT="arbetets"/><SP WIDTH="17" VPOS="1401" HPOS="728"/>
							<String ID="string_290" HPOS="745" VPOS="1401" WIDTH="145" HEIGHT="19" WC="0.91" CONTENT="ändamålsen-"/>
						</TextLine>
						<TextLine ID="line_37" HPOS="140" VPOS="1435" WIDTH="752" HEIGHT="28">
							<String ID="string_291" HPOS="140" VPOS="1437" WIDTH="44" HEIGHT="26" WC="0.96" CONTENT="liga"/><SP WIDTH="15" VPOS="1437" HPOS="184"/>
							<String ID="string_292" HPOS="199" VPOS="1436" WIDTH="117" HEIGHT="25" WC="0.93" CONTENT="utförande,"/><SP WIDTH="16" VPOS="1436" HPOS="316"/>
							<String ID="string_293" HPOS="332" VPOS="1436" WIDTH="84" HEIGHT="19" WC="0.91" CONTENT="hvartill"/><SP WIDTH="23" VPOS="1436" HPOS="416"/>
							<String ID="string_294" HPOS="439" VPOS="1436" WIDTH="47" HEIGHT="19" WC="0.96" CONTENT="med"/><SP WIDTH="24" VPOS="1436" HPOS="486"/>
							<String ID="string_295" HPOS="510" VPOS="1436" WIDTH="80" HEIGHT="25" WC="0.95" CONTENT="hänsyn"/><SP WIDTH="25" VPOS="1436" HPOS="590"/>
							<String ID="string_296" HPOS="615" VPOS="1435" WIDTH="29" HEIGHT="20" WC="0.95" CONTENT="till"/><SP WIDTH="20" VPOS="1435" HPOS="644"/>
							<String ID="string_297" HPOS="664" VPOS="1435" WIDTH="41" HEIGHT="20" WC="0.95" CONTENT="den"/><SP WIDTH="22" VPOS="1435" HPOS="705"/>
							<String ID="string_298" HPOS="727" VPOS="1435" WIDTH="165" HEIGHT="25" WC="0.95" CONTENT="approximativt"/>
						</TextLine>
						<TextLine ID="line_38" HPOS="140" VPOS="1468" WIDTH="748" HEIGHT="29">
							<String ID="string_299" HPOS="140" VPOS="1470" WIDTH="86" HEIGHT="27" WC="0.90" CONTENT="angifna"/><SP WIDTH="16" VPOS="1470" HPOS="226"/>
							<String ID="string_300" HPOS="242" VPOS="1470" WIDTH="89" HEIGHT="19" WC="0.95" CONTENT="kostnad"/><SP WIDTH="17" VPOS="1470" HPOS="331"/>
							<String ID="string_301" HPOS="348" VPOS="1470" WIDTH="31" HEIGHT="19" WC="0.96" CONTENT="för"/><SP WIDTH="16" VPOS="1470" HPOS="379"/>
							<String ID="string_302" HPOS="395" VPOS="1472" WIDTH="29" HEIGHT="17" WC="0.93" CONTENT="ett"/><SP WIDTH="16" VPOS="1472" HPOS="424"/>
							<String ID="string_303" HPOS="440" VPOS="1469" WIDTH="95" HEIGHT="20" WC="0.92" CONTENT="bankhus"/><SP WIDTH="22" VPOS="1469" HPOS="535"/>
							<String ID="string_304" HPOS="557" VPOS="1469" WIDTH="68" HEIGHT="26" WC="0.93" CONTENT="enligt"/><SP WIDTH="22" VPOS="1469" HPOS="625"/>
							<String ID="string_305" HPOS="647" VPOS="1468" WIDTH="141" HEIGHT="21" WC="0.91" CONTENT="omförmälda"/><SP WIDTH="22" VPOS="1468" HPOS="788"/>
							<String ID="string_306" HPOS="810" VPOS="1469" WIDTH="78" HEIGHT="19" WC="0.91" CONTENT="utkast-"/>
						</TextLine>
					</TextBlock>
				</ComposedBlock>
				<GraphicalElement ID="cblock_2" HPOS="1073" VPOS="976" WIDTH="5" HEIGHT="448"></GraphicalElement >
			</PrintSpace>
		</Page>
	</Layout>
</alto>
