1078 1692
222 117 34 17 606

269 182 39 18 äro
334 180 114 21 tillstädes.
479 180 16 21 I
506 181 41 20 den
563 180 90 28 dagliga
676 180 153 22 bankrörelsen
847 181 109 27 förekom-

268 214 79 21 mande
368 214 85 21 mindre
476 214 94 21 ärenden
590 215 35 20 mä
646 214 67 22 likväl
728 214 64 28 äfven
807 215 31 27 af
849 216 35 21 tvä
899 215 57 21 med-

270 248 89 21 lemmar
374 248 97 28 afgöras,
487 248 53 28 ifall
555 248 26 21 de
596 250 39 20 äro
651 256 33 14 om
700 248 89 22 beslutet
804 256 62 19 ense;
888 256 47 14 men
950 250 8 19 i

269 289 75 14 annan
366 282 109 26 händelse,
498 283 71 21 säsom
591 282 38 21 ock
643 283 9 20 i
667 283 95 21 ärenden
786 283 29 27 af
833 290 75 14 annan
924 283 32 20 be-

268 315 120 28 skaffenhet
398 318 30 19 än
441 323 52 21 nyss
509 317 110 25 nämndes,
635 316 58 21 skall
707 317 77 21 sakens
796 316 106 28 pröfning
918 324 39 13 an-

269 350 35 20 stä
319 350 108 21 intilldess
443 350 116 27 beslutfört
578 351 63 21 antal
659 351 139 21 medlemmar
812 353 27 19 är
853 352 9 19 i
876 350 80 21 Direk-

270 384 72 21 tionen
357 384 145 21 närvarande.

340 420 34 26 Är
391 424 158 28 Ordföranden
558 424 76 28 jäfvig
652 425 52 21 eller
722 425 62 27 eljest
801 424 101 27 hindrad,
919 424 38 28 fö-

269 466 35 14 res
322 459 62 21 ordet
404 458 29 28 af
445 460 41 20 den
501 460 8 20 i
525 460 90 26 tjensten
639 459 69 21 äldste
731 459 132 26 ledamoten;
886 458 70 21 likaså

270 493 29 20 dä
315 492 286 28 ordförandebefattningen
617 496 26 18 är
659 494 62 26 ledig.

338 528 56 20 Sista
409 535 62 13 mom.
487 528 142 20 oförändradt.

581 590 15 27 $
608 591 35 20 80.

337 630 71 21 Jemte
423 630 26 20 de
463 630 42 27 för
523 630 99 28 samtlige
644 630 138 21 medlemmar
796 630 8 20 i
819 630 137 21 Bankdirek-

271 665 71 20 tionen
364 671 157 21 gemensamma
544 664 104 27 ätgärder
670 664 37 20 och
731 664 138 27 äligganden,
888 664 68 21 som
942 660 18 36 i

270 698 34 21 det
322 698 134 28 föregående
479 698 144 27 omförmälts,
648 698 52 20 böra
722 698 154 21 Direktionens
901 698 56 21 med-

271 732 94 26 lemmar,
382 732 54 21 hvar
447 732 42 27 för
503 732 40 28 sig,
558 732 106 21 särskildt
680 733 74 25 utöfva
770 732 41 21 den
827 733 75 27 tillsyn
918 732 38 21 och

271 766 88 28 ledning
374 766 31 27 af
414 766 132 26 göromälen,
562 773 45 13 som
623 766 43 20 kan
682 766 66 20 lända
760 766 36 20 till
808 766 149 28 befrämjande

270 800 30 27 af
309 800 43 28 god
367 800 94 28 ordning
478 800 37 20 och
531 800 107 27 tillbörlig
658 800 151 28 skyndsamhet
824 800 9 20 i
848 800 107 27 handhaf-

270 834 77 20 vandet
362 834 30 27 af
403 834 102 20 Bankens
521 833 185 28 angelägenheter.

338 874 50 21 Den
406 876 102 19 närmare
521 873 159 28 fördelningen
696 873 29 28 af
734 874 125 27 göromälen
873 874 9 21 i
896 874 59 21 detta

271 907 119 22 hänseende
406 908 131 20 ankommer?
541 908 32 27 pä
588 907 143 21 Direktionen
746 907 56 28 sjelf
817 910 32 18 att
867 907 88 22 bestäm-

269 949 48 18 ma;
332 941 53 21 dock
400 941 38 21 bör
453 942 76 20 dervid
545 941 140 28 ovilkorligen
707 941 118 28 iakttagas,
840 944 32 18 att
888 949 25 13 en
928 941 30 27 af

270 975 154 21 Direktionens
440 976 116 20 ledamöter
572 975 121 28 beständigt
709 975 38 21 bör
762 975 67 27 hafva
840 976 114 27 uppsigten

270 1009 61 28 öfver
353 1009 102 21 Bankens
477 1009 133 28 kassahvalf
621 1009 36 21 och
674 1009 166 28 ansvarigheten
851 1009 41 27 för
908 1010 47 20 deri

266 1044 122 27 förvarade
403 1043 138 21 redbarheter
556 1044 33 27 sig
605 1043 122 21 ombetrodd
742 1044 74 20 samti
825 1044 82 21 sådant
920 1043 36 28 af-

270 1078 76 21 seende
361 1079 20 26 ej
396 1078 85 21 mindre
499 1077 118 26 innehafva
636 1085 26 13 en
680 1077 30 27 af
730 1077 118 28 nucklarne
868 1078 35 21 till
924 1077 32 21 be-

270 1112 68 21 rörda
360 1111 69 28 hvalf,
451 1114 30 19 än
496 1111 38 21 ock
549 1111 115 28 öfvervaka
687 1111 138 21 kassörernes
845 1113 111 26 tjenstegö-

270 1147 76 20 romål.

581 1198 15 27 $
611 1199 35 20 83.

345 1237 182 28 Tjenstemännen
541 1238 8 20 i
564 1237 92 21 Banken
671 1239 51 19 äro:
737 1244 25 13 en
780 1237 140 26 Sekreterare,
930 1244 25 14 en

272 1272 152 26 Ombudsman,
440 1279 25 13 en
483 1272 78 21 Förste
576 1271 140 26 Kamrerare,
732 1278 25 13 en
772 1271 75 21 Andre
862 1271 92 21 Kamre-

271 1313 57 18 rare,
344 1313 26 14 en
388 1306 80 27 Tredje
475 1305 142 26 Kamrerare,
633 1313 26 13 en
676 1305 80 27 Fjerde
772 1305 138 25 Kamrerare,
927 1312 25 13 en

271 1340 76 21 Förste
369 1340 92 25 Kassör,
477 1347 25 14 en
520 1340 75 21 Andre
620 1339 89 26 Kassör,
726 1346 25 13 en
770 1339 77 28 Tredje
863 1339 91 26 Kassör,

270 1381 26 14 en
316 1374 148 25 Vezelkassör,
480 1381 25 14 en
521 1374 97 25 Notarie,
641 1381 26 13 en
689 1373 137 28 Registrator
851 1373 38 21 och
907 1373 48 27 fem

270 1407 144 27 Bokhållare;
430 1408 109 27 äfvensom
551 1409 32 26 på
598 1411 62 18 extra
672 1409 44 19 stat
727 1414 25 14 en
764 1407 128 21 biträdande
906 1407 49 21 Om-

271 1442 110 26 budsman,
398 1444 32 19 tre
445 1442 207 27 Kontorsskrifvare
668 1441 38 21 och
721 1442 36 20 två
771 1441 131 21 Kanslister.
