1078 1692
284 193 35 21 lar
334 193 38 21 och
388 193 73 20 andra
476 192 161 28 kreditpapper,
652 199 45 14 som
714 193 7 20 i
735 192 92 22 Banken
840 193 66 27 köpas
917 193 53 21 eller

285 227 35 21 till
335 227 150 27 diskonteriny
501 229 106 25 antagas;

352 261 20 27 e)
389 260 115 22 bestämma
520 260 125 28 räntefoten
654 260 41 28 för
710 261 38 20 lån
764 268 27 13 ur
805 261 92 21 Banken
912 264 56 18 samt

285 296 87 26 längsta
388 295 108 21 lånetiden
516 294 109 28 äfvensom
644 295 76 27 högsta
738 295 152 28 lånebeloppet,
906 296 64 20 hvar-

286 330 34 20 till
338 329 26 21 de
379 330 9 20 i
401 330 29 20 20
445 330 15 26 $
477 331 111 26 upptagna
610 329 111 21 särskilda
744 330 48 27 slag
807 333 27 23 aj
848 329 122 21 säkerheter

285 364 35 20 mä
336 364 99 25 belänas;

348 397 26 27 f)
385 398 119 26 fastställa
529 398 88 27 längsta
633 398 59 20 tiden
701 397 42 27 för
758 398 212 21 kassakreditivkon-

286 432 59 20 trakt
370 434 56 18 samt
451 432 26 20 de
499 434 166 24 procentsatser,
686 431 57 27 efter
765 432 74 20 hvilka
864 432 107 20 inträdes-

286 466 68 28 afgift
370 466 38 20 och
423 468 66 18 ränta
504 466 13 20 å
533 466 93 20 kreditiv
643 465 117 27 beräknas;
776 468 55 18 samt

353 500 25 28 9)
395 500 7 20 i
417 500 102 27 afseende
534 500 13 20 å
563 500 101 20 Bankens
681 500 149 20 länerörelse
823 495 11 37 i
844 499 125 25 allmänhet,

282 534 112 27 förordna
410 534 36 21 till
461 534 26 20 de
505 534 189 28 inskränkningar
712 534 52 20 eller
779 534 130 28 ändringar,
925 541 44 13 som

286 569 47 20 med
358 568 84 28 hänsyn
467 568 36 21 till
523 568 245 28 penningeställningen
790 569 6 19 i
816 569 73 20 landet
914 570 56 19 samt

286 602 102 21 Bankens
406 602 78 27 fördel
506 602 39 21 och
567 602 105 25 säkerhet,
688 602 74 21 kunna
779 610 52 13 vara
847 602 28 27 af
880 602 89 27 förhäl-

287 636 94 21 landena
393 636 126 28 päkallade.

597 700 15 27 $
627 700 34 20 57.

354 740 34 20 På
413 738 203 28 Bankfullmäktige
641 739 124 21 ankommer
790 739 38 21 ock
853 741 38 23 att,
915 739 55 26 efter

282 774 171 26 framställning
469 773 37 21 och
517 773 90 28 förslag
623 773 29 27 af
662 772 207 25 Bankdirektionen,

354 808 25 27 a)
396 808 96 20 meddela
507 810 102 18 närmare
629 807 160 27 bestämningar
804 806 37 22 och
851 806 121 28 föreskrif-

288 844 31 18 ter
334 842 111 27 angående
459 843 65 19 sättet
534 841 41 27 för
591 841 163 28 tillverkningen
767 841 38 20 och
811 840 160 28 förfärdigan-

287 876 35 21 det
337 876 29 27 af
380 876 101 21 Bankens
496 876 83 25 sedlar;

354 911 22 26 b)
396 911 121 25 bestämma,
536 909 55 28 efter
611 909 84 21 hvilken
712 909 75 28 grund
801 909 113 27 provision
933 909 38 20 bör

287 945 105 22 beräknas
408 944 36 25 för
458 944 103 21 Bankens
577 945 138 26 invisningar
721 951 6 18 ;

357 980 21 26 e)
388 979 118 28 fastställa
524 979 41 20 den
581 978 61 27 tarif,
658 977 110 28 hvarefter
782 972 90 26 Banken
888 977 74 21 beräk-

288 1022 41 14 nar
342 1015 34 27 sig
388 1014 113 27 provision
511 1013 42 27 för
563 1012 147 28 Jörvarandet
726 1011 29 27 af
766 1011 85 21 nedsatt
865 1012 65 27 gods;

358 1049 24 27 d)
392 1048 117 28 förordna,
526 1054 33 14 om
579 1047 38 20 och
636 1045 85 22 hvilken
740 1046 80 27 åtgärd
835 1045 62 26 skall,
913 1046 8 20 i
937 1046 34 20 det

288 1085 8 19 i
311 1085 30 20 52
356 1084 14 27 $
386 1083 96 21 nämnda
492 1081 53 28 fall,
557 1081 99 28 vidtagas
666 1080 47 21 med
723 1080 60 27 gods,
792 1080 85 21 nedsatt
888 1081 8 20 i
907 1081 62 20 Ban-

287 1118 39 21 ken
342 1117 35 21 till
388 1117 91 27 förvar;

356 1152 21 27 €)
394 1152 7 20 i
416 1150 99 28 afseende
531 1151 12 19 å
563 1149 185 27 äterbetalningen
770 1147 29 28 af
816 1147 88 28 utgifna
927 1149 44 24 län,

288 1186 54 27 efter
353 1185 105 28 företedd
474 1183 131 28 erforderlig
621 1182 123 27 utredning,
760 1181 76 28 bevilja
852 1182 24 20 de
892 1182 80 21 lättna-

288 1221 38 20 der
351 1219 37 22 och
412 1218 129 28 eftergifter,
565 1224 46 15 som
635 1217 79 24 kunna,
731 1217 8 19 i
754 1215 57 28 syfte
833 1219 31 18 att
887 1216 85 27 skydda

289 1254 93 21 Banken
405 1255 42 19 mot
469 1254 69 19 större
551 1251 92 28 förlust,
660 1257 53 14 vara
729 1249 30 28 af
769 1249 99 22 rädande
883 1250 88 27 sakför-

288 1288 119 21 hällanden
418 1286 133 29 påkallade;

352 1322 25 27 J)
393 1321 46 21 med
455 1321 88 27 ledning
558 1319 29 28 af
599 1319 88 28 bifogad
696 1317 138 28 fullständig
849 1318 123 27 utredning,

286 1356 80 28 pröfva
382 1354 179 28 ackordsförslag
575 1353 29 28 af
615 1353 105 21 Bankens
738 1351 142 28 gäldenärer
869 1347 15 41 ;

356 1391 24 26 g)
391 1389 111 28 förordna
525 1389 34 20 till
581 1386 137 29 afskrifning
740 1386 29 27 af
782 1385 133 28 fordringar
935 1385 38 21 och

290 1424 259 27 kostnadsersättningar,
569 1429 50 18 som,
636 1422 67 26 enligt
722 1420 112 21 meddelad
858 1420 114 27 utredning

289 1461 21 27 ej
324 1460 84 20 kunnat
422 1458 38 21 hos
477 1456 159 23 vederbörande
650 1450 74 31 utfäs,
734 1454 107 25 äfvensom
853 1453 29 27 af
888 1454 84 21 sädana
