1078 1692
803 117 34 17 557

489 179 14 27 $
518 180 34 20 91.

246 218 251 22 Bankkommissarierne
512 220 117 19 utnämnas
645 218 29 28 af
686 218 103 22 Senatens
803 219 59 21 Eko-

177 253 69 20 nomie
269 252 161 27 Departement.
464 252 16 21 I
496 252 80 21 sådant
599 252 100 27 afseende
722 252 76 21 tillhör
820 254 41 24 det,

177 287 36 20 vid
228 286 110 27 inträffad
354 286 97 28 ledighet,
468 286 199 21 Bankdirektionen
684 289 32 18 att
731 287 46 21 låta
792 288 9 19 i
810 294 51 14 van-

178 321 31 27 lig
228 320 94 28 ordning
338 321 62 20 anslå
416 320 37 21 och
469 320 98 28 kungöra
583 321 91 26 tjensten
690 320 35 21 till
740 321 122 27 ansökning

177 356 58 20 inom
252 354 117 28 femtiosex
391 355 70 27 dagar
479 357 56 18 samt
553 354 95 26 derefter
659 355 32 26 pä
702 354 90 28 förslag
807 362 54 20 upp-

173 389 56 27 föra
245 391 32 18 tre
292 388 29 28 af
331 389 125 25 sökandene,
472 389 8 20 i
495 389 42 20 den
553 388 93 27 ordning
661 388 143 22 Direktionen
815 390 47 26 fin-

178 430 40 14 ner
232 423 47 21 dem
294 422 106 28 skickliga
416 422 38 22 och
469 423 35 20 till
520 423 91 27 tjensten
623 422 115 28 lämpliga;
746 422 115 28 förslaget,

177 457 115 27 Nhvaröfver
311 456 74 22 besvär
404 458 21 26 ej
439 464 39 20 ega
493 463 55 18 rum,
564 456 103 21 insändes
676 457 68 27 jemte
759 458 103 26 samtliga

177 490 294 28 ansökningshandlingarne
490 490 30 27 af
533 490 143 21 Direktionen
690 491 36 20 till
741 491 121 27 Bankfull-

177 525 99 27 mäktige,
292 524 78 26 hvilka,
386 525 46 20 med
448 524 101 28 bifogadt
558 524 83 27 förord
650 524 41 27 för
705 525 41 20 den
756 525 31 27 af
793 526 25 20 de
830 524 32 24 fö-

177 560 109 26 reslagna,
308 566 45 13 som
375 558 148 28 Fullmäktige
542 565 52 14 anse
614 559 35 20 till
668 559 91 27 tjensten
775 560 87 26 lämpli-

176 596 55 25 gast,
248 592 102 28 befordra
366 593 117 20 detsamma
498 593 36 20 till
548 592 118 21 Ekonomie
680 592 181 28 Departementet,

177 634 44 14 som
236 628 116 20 utnämner
366 633 26 14 en
407 626 29 26 af
446 626 26 21 de
483 626 32 27 pä
526 626 112 28 förslaget
652 626 115 28 uppförde.

245 661 136 21 Kassörerne
403 660 38 22 och
464 660 224 27 Kontorsskrifvaren
707 664 94 25 antagas
822 662 39 20 och

178 697 115 19 utnämnas
308 695 30 27 af
350 694 198 22 Bankdirektionen
559 695 8 20 i
578 694 115 21 enahanda
704 696 100 27 ordning,
816 702 45 14 som

178 730 170 27 tjenstemännen
362 730 9 19 i
386 729 101 25 Banken;
502 728 54 21 dock
571 731 33 18 att
619 729 158 21 vederbörande
788 729 74 21 Bank-

177 763 148 21 kommissarie
340 763 155 27 dessförinnan
511 763 90 20 lemnats
617 762 91 27 tillfälle
724 766 32 18 att
766 764 96 20 meddela

177 798 143 20 Direktionen
338 798 35 20 sin
387 798 86 26 mening
488 804 33 14 om
536 796 132 21 sökandenes
684 797 126 28 lämplighet
820 798 42 27 för

178 832 97 27 tjensten.

246 865 155 20 Ledamöterne
423 865 8 20 i
453 865 109 20 kontorets
586 864 180 26 Diskontkomite,
788 864 74 21 hvilka

178 899 52 20 böra
252 905 55 14 vara
326 899 32 27 på
376 901 59 18 orten
451 899 87 25 bosatte,
554 899 49 20 med
618 898 244 27 affärsförhållandena

177 933 111 20 derstädes
306 932 117 28 förtrogne
445 935 56 18 samt
517 932 42 27 för
581 932 115 21 redbarhet
715 933 71 20 kände
803 935 58 23 män,

177 967 67 25 skola,
264 967 32 27 på
313 967 90 27 förslag
425 967 30 26 af
471 966 158 21 vederbörande
647 966 215 21 Bankkommissarie

177 1001 37 20 och
234 1001 56 26 efter
304 1001 90 20 samråd
408 1000 47 21 med
471 1000 206 25 Bankdirektionen,
692 1003 57 18 utses
765 1000 36 21 och
817 1000 44 21 till-

171 1035 123 26 förordnas
310 1034 29 27 af
349 1034 203 27 Bankfullmäktige
563 1034 42 27 för
620 1037 29 18 ett
664 1035 26 20 år
705 1035 9 20 i
728 1035 85 20 sänder.

251 1068 164 21 Vaktmästaren
431 1071 89 24 antages
536 1068 37 21 och
588 1069 119 26 entledigas
718 1069 29 26 af
752 1068 109 21 kontorets

173 1103 164 26 föreståndare,
348 1109 44 14 som
402 1102 63 27 äfven
470 1102 126 27 förordnar
607 1109 33 14 om
649 1102 54 21 hans
712 1103 149 27 tjenstgöring.

487 1160 15 27 $
517 1161 34 20 92.

244 1199 70 22 Dessa
336 1199 83 26 kontor,
439 1199 84 22 hvilkas
541 1199 89 28 uppgift
645 1201 27 18 är
686 1201 33 19 att
734 1199 127 21 underlätta

175 1235 206 26 penningerörelsen
396 1234 8 20 i
420 1234 85 21 landets
520 1233 59 21 olika
595 1233 67 26 delar,
679 1240 39 20 ega
733 1235 43 19 att:

244 1268 24 27 a)
290 1268 117 20 verkställa
428 1267 195 28 penningevexling
645 1269 56 18 samt
723 1267 80 27 inköpa
823 1267 38 20 och

175 1301 95 28 försälja
292 1301 114 22 utländskt
425 1302 54 27 guld
498 1301 38 21 och
550 1301 136 28 silfverinynt
702 1301 109 23 äfvensom
826 1303 35 18 ut-

177 1335 91 21 ländska
284 1336 86 25 vexlar;

244 1369 22 28 0)
286 1369 95 28 försälja
396 1369 82 22 inrikes
493 1369 139 28 invisningar
647 1369 37 21 och
699 1371 96 26 mottaga
807 1376 54 20 pen-

176 1404 228 27 ningeinsättningar
396 1400 13 35 ;

244 1439 20 25 e)
284 1437 56 28 köpa
361 1437 79 22 inrikes
461 1438 74 21 vexlar
553 1439 56 19 samt
625 1437 77 28 bevilja
713 1437 149 27 penningelän
