1078 1692
811 119 34 17 467

184 185 34 17 ton
243 182 97 26 miljoner
364 181 71 21 mark?
459 181 76 20 ändras
558 181 31 20 till
609 181 61 27 tjugu
686 181 100 27 miljoner
799 180 69 26 mark,

184 219 53 17 samt
252 217 6 19 i
274 216 66 20 andra
355 216 84 26 stycket
455 215 66 20 orden
537 216 57 19 ”mot
609 215 73 20 ränta”
698 215 55 27 utgå.

502 278 15 26 $
532 279 20 19 7.

258 318 75 21 Såsom
348 317 109 21 metallisk
471 317 65 21 kassa
552 324 63 14 anses
630 317 38 21 och
684 317 116 21 beräknas:

253 354 39 19 1:o.
323 352 78 20 Finskt
424 351 143 28 silfvermynt,
587 352 95 27 lydande
701 352 13 20 å
729 351 68 26 mark,
813 354 56 18 samt

181 386 131 27 fullhaltigt
327 386 61 28 ryskt
403 386 146 27 silfoermynt.

253 422 41 20 2:0.
325 420 138 20 Oförändrad.

254 457 40 19 3:0.
324 454 133 28 Fullhaltigt
472 454 113 21 utländskt
600 454 143 28 silfvermynt.

255 490 41 20 Det
312 490 68 26 öfriga
396 489 23 20 af
432 491 9 22 $
458 488 73 20 förblir
547 489 143 20 oförändradt.

505 551 14 27 $
535 552 20 20 &.

255 591 92 21 Banken
370 593 27 19 är
422 591 87 28 skyldig
531 593 38 23 att,
593 591 37 21 vid
649 591 132 27 anfordran,
796 594 75 25 genast

189 626 70 21 inlösa
281 626 49 20 sina
353 625 88 28 utgifna
463 625 79 25 sedlar,
562 625 67 27 enligt
651 625 64 21 deras
731 625 85 28 lydelse,
833 626 38 20 och

187 660 57 21 skall
256 659 41 27 för
312 660 58 20 detta
386 659 105 21 ändamål
513 659 66 21 alltid
603 659 119 27 innehafva
742 659 129 28 tillräckligt

184 694 84 26 förråd
282 694 30 26 af
324 696 36 18 etc.

504 751 15 27 $
534 752 19 19 9.

257 791 131 20 Oförändrad
406 791 47 20 med
470 791 93 26 följande
583 791 73 26 tillägg
671 797 47 21 pag.
730 791 40 25 47)
775 787 9 35 i
799 792 73 19 slutet:

260 825 68 25 Sedel,
337 831 45 14 som
398 827 27 18 är
439 825 9 20 i
463 825 66 26 något
545 824 103 27 afseende
662 824 86 21 skadad
758 825 53 20 eller
821 824 52 27 för-

189 859 71 25 sliten,
272 858 42 28 får
330 859 46 20 icke
391 859 76 20 vidare
482 858 31 27 af
523 858 92 21 Banken
630 858 112 21 utlemnas.

501 927 16 26 $
531 928 34 19 10.

260 967 90 21 Banken
366 967 56 20 läter
436 966 34 20 slä
485 965 38 21 och
533 965 95 28 utgifver
643 966 124 28 skiljemynt
783 966 30 27 af
824 966 50 28 kop-

188 1008 50 20 par,
255 1001 13 20 &
284 1013 45 4 ---
342 1000 71 28 finskt
435 1000 143 27 silfvermynt.
609 999 84 22 Härom
708 1000 39 21 och
762 1001 112 27 angående

191 1035 173 28 myntstyckenas
387 1035 44 27 vigt
454 1034 38 21 och
515 1033 124 22 metalliska
658 1035 66 20 värde
738 1035 61 27 gälla
811 1077 4 3 «
814 1035 61 20 stad-

191 1069 100 27 gandena
307 1070 8 19 i
330 1068 88 28 Nådiga
434 1067 123 28 manifestet
573 1071 37 18 etc.

206 1138 43 20 Om
265 1138 119 19 Bankens
401 1137 102 26 uppköp
520 1137 47 20 och
584 1137 164 27 försäljning
764 1139 23 18 af
802 1131 59 34 guld

288 1178 46 20 och
350 1177 95 20 silfver
460 1179 65 18 samt
540 1177 182 26 obligationer
737 1177 46 20 och

454 1218 175 25 statspapper.

505 1275 15 26 $
534 1275 35 20 11.

264 1315 44 20 Till
326 1313 161 28 förstärkande
503 1313 31 27 af
545 1313 103 22 Bankens
670 1314 122 21 metalliska
812 1315 66 21 kassa

194 1349 38 21 och
242 1349 42 27 för
299 1351 39 23 att,
361 1349 2 20 i
378 1349 51 20 mån
444 1348 31 27 af
486 1347 104 27 behofvet,
606 1348 112 21 användas
735 1349 35 20 till
785 1351 93 26 utmynt-

193 1384 61 26 ning,
270 1383 90 26 inköper
376 1382 109 21 Finlands
501 1381 65 22 Bank
580 1383 58 20 inom
653 1382 53 21 eller
721 1385 59 18 utom
799 1383 79 26 landet,

263 1451 17 20 +)
293 1451 5 16 i
312 1450 61 17 denna
385 1449 38 18 bok
436 1449 34 18 sid.
483 1449 39 18 355.
