1078 1692
240 127 34 17 284

611 191 15 27 $
643 191 33 20 38.

398 229 36 27 Af
455 229 204 28 bevillningskomité
681 229 125 22 behandlad
831 229 137 29 bevillnings-

315 264 73 27 fråga
408 264 34 20 må
461 263 49 25 icke,
527 264 8 20 i
545 264 63 27 följd
629 264 29 26 af
670 264 66 27 gjord
750 264 146 27 ammärkning
916 264 52 20 eller

320 298 96 20 anförda
437 297 72 21 besvär
527 298 52 20 eller
597 298 30 26 af
641 298 73 27 någon
733 298 125 27 anledning,
874 298 94 26 återför-

319 332 57 20 visas
392 332 36 20 till
438 331 102 28 förnyad
550 331 129 28 behandling
694 332 37 20 vid
744 332 98 20 komitén.
858 331 28 27 Ej
901 331 66 21 heller

314 364 43 28 får
372 365 73 27 någon
463 365 258 28 förklaringsskyldighet
740 366 94 20 bemälde
851 365 78 21 komité
943 365 29 27 af

317 398 213 29 pröfningskomiten
545 400 98 27 åläggas.

613 473 14 27 $
641 474 33 20 39.

390 518 162 21 Guvernörerne
577 524 38 21 ega
640 517 29 26 af
690 518 34 20 till
749 518 105 21 ränteriet
871 518 95 27 influtna

319 552 196 27 bevillningsmedel
533 552 125 20 utanordna
674 552 19 26 ej
708 552 85 20 mindre
812 552 41 20 här
868 551 99 28 ofvanfö-

319 594 22 13 re
356 586 104 27 stadgade
483 586 154 27 ersättningar,
659 586 67 20 sedan
743 585 41 27 för
802 586 73 27 hvarje
890 586 78 21 komité

318 627 121 21 gemensam
458 619 95 28 räkning
571 626 74 21 genom
663 619 167 21 kronoombudet
848 620 118 26 inkommit,

318 656 30 19 än
363 654 65 27 äfven
449 654 118 20 kostnaden
580 653 42 27 för
640 653 114 28 tryckning
769 653 29 27 af
809 654 26 20 de
850 654 118 21 blanketter

321 688 35 21 till
372 688 220 27 bevillningslängder
602 687 37 21 och
648 688 156 27 sammandrag
819 687 69 27 deraf,
904 688 62 20 hvar-

319 722 46 21 med
380 722 156 20 vederbörande
551 721 60 21 skola
626 728 75 20 genom
717 721 148 21 Guvernörens
876 722 91 27 försorg

318 756 76 26 förses.

611 806 16 26 $
641 806 35 20 40.

392 851 72 21 Under
491 850 255 27 kronoräkenskapernas
770 851 136 28 granskning
930 852 36 20 mä

319 885 174 27 anmärkningar
518 884 45 21 icke
587 886 64 25 göras
671 887 43 18 mot
734 885 24 20 de
774 885 138 27 bevillnings-
927 885 39 21 och

318 919 173 27 inkomstbelopp,
499 925 45 14 som
557 919 137 27 bevillnings-
710 918 37 21 och
758 918 208 29 pröfningskomité-

318 961 52 13 erna
391 953 118 27 fastställt,
533 953 51 20 eller
606 955 54 18 emot
675 953 26 20 de
716 952 29 27 af
756 953 94 21 bemälde
864 953 102 21 komitéer

312 987 42 28 för
369 987 70 28 öfrigt
453 987 101 27 vidtagne
569 987 73 20 beslut.

608 1061 15 26 $
638 1061 34 20 41.

390 1105 101 28 Uppstår,
513 1106 34 20 till
561 1105 62 28 följd
643 1105 29 27 af
688 1105 119 21 uraktlåtet
821 1105 145 28 fullgörande

318 1141 28 27 af
364 1141 48 20 dei
431 1140 70 21 denna
519 1140 140 27 författning
682 1139 123 21 meddelade
823 1139 143 28 föreskrifter

318 1175 52 21 eller
385 1175 30 26 af
425 1181 75 14 annan
515 1173 70 26 orsak,
597 1173 70 28 fråga
683 1180 33 13 om
732 1173 139 28 tillämpning
883 1173 25 28 af
918 1175 47 20 der-

318 1209 32 20 uti
366 1208 105 27 stadgade
486 1207 143 25 bötesansvar,
645 1207 57 20 skall
717 1207 30 26 af
758 1207 157 21 vederbörande
929 1208 36 20 ko-

318 1243 50 20 mité
390 1242 104 21 anmälan
509 1241 72 21 derom
605 1243 65 26 göras
685 1241 37 20 hos
738 1241 159 28 länestyrelsen,
913 1249 51 18 som,

318 1276 54 27 efter
384 1275 109 28 pröfning
509 1275 29 27 af
548 1275 77 20 härvid
641 1275 178 27 förekommande
836 1275 130 26 förhållan-

318 1310 46 25 den,
376 1309 124 27 förordnar
519 1316 33 14 om
570 1309 129 28 uttagandet
714 1309 30 27 af
756 1309 25 20 de
796 1309 63 25 böter,
875 1309 91 21 hvartill

318 1351 25 13 en
359 1344 52 20 eller
426 1350 75 13 annan
516 1343 37 20 kan
566 1339 72 36 finnas
649 1343 68 26 hafva
731 1343 59 27 gjort
803 1343 34 27 sig
847 1343 117 27 förfallen,

318 1380 56 18 samt
398 1377 97 28 vidtager
512 1377 25 20 de
553 1377 108 27 åtgärder,
688 1383 44 14 som
757 1377 90 20 anmäld
869 1377 96 25 försum-

318 1412 62 20 melse
396 1411 52 21 eller
462 1410 116 26 uteblifven
593 1410 161 28 verkställighet
771 1409 27 28 af
803 1410 57 21 hvad
869 1410 97 27 författ-

318 1446 80 27 ningen
413 1445 90 28 stadgar
513 1444 42 27 för
569 1445 67 27 öfrigt
650 1445 45 20 kan
706 1444 99 27 påkalla.
836 1444 81 21 Besvär
931 1445 35 27 öf-
