1078 1692
230 114 36 18 476

276 178 49 27 slag
348 177 30 27 af
396 177 201 21 Bankdirektionen
616 177 38 21 och
672 177 56 27 efter
743 178 35 20 det
793 184 119 21 gemensam
928 178 33 26 öf-

276 212 144 27 verläggning
436 212 7 20 i
458 214 71 18 ämnet
544 211 47 21 med
606 211 142 21 Direktionen
764 214 33 25 egt
813 218 53 18 rum,

346 246 23 26 a)
386 246 145 23 oförändradt;

347 279 21 27 b)
384 280 147 24 oförändradt;

346 314 21 26 e)
383 314 147 25 oförändradt;
546 320 48 14 men
610 314 60 20 ordet
684 316 56 18 samt
755 314 7 20 i
777 314 62 20 slutet
856 314 65 26 utgår.

346 348 24 26 d)
381 348 118 26 fastställa
517 347 103 21 Bankens
636 348 152 21 diskontränta
803 350 56 18 samt
875 348 87 27 längsta

272 382 159 27 förfallotiden
441 381 42 27 för
497 382 63 20 såväl
575 382 81 20 utrikes
671 382 75 20 vexlar
760 388 44 14 som
820 381 81 21 inrikes
914 388 48 14 vex-

278 416 34 20 lar
328 416 38 20 och
382 416 71 20 andra
469 416 162 27 kreditpapper,
646 422 44 14 som
706 417 12 19 +
729 416 91 20 Banken
833 416 66 27 köpas
910 416 52 20 eller

279 450 35 20 till
330 450 149 27 diskontering
495 452 106 26 antagas;

344 485 20 26 e)
381 484 115 20 bestämma
511 484 125 26 räntefoten
646 484 41 27 för
702 484 38 20 lån
756 491 27 13 ur
798 484 91 20 Banken
904 487 57 17 samt

276 519 88 27 längsta
380 518 107 21 lånetiden
508 518 110 27 äfvensom
637 518 76 27 högsta
730 518 152 28 lånebeloppet,
898 518 64 20 hvar-

277 553 35 20 till
330 552 26 21 de
371 553 8 20 i
394 554 29 19 27
437 553 16 26 $
467 554 114 26 upptagna
603 552 111 21 särskilda
736 552 48 28 slag
800 556 27 23 aj
841 552 121 21 säkerheter

277 587 35 20 må
328 586 99 26 belänas;

340 620 26 28 f)
377 620 119 27 fastställa
521 621 89 27 längsta
626 621 59 20 tiden
694 620 42 28 för
751 620 211 21 kassakreditivkon-

277 655 59 21 trakt
361 657 56 19 samt
442 655 25 20 de
490 657 166 25 procentsatser,
677 654 57 28 efter
756 654 75 21 hvilka
855 655 107 20 inträdes-

276 688 69 29 afgift
360 688 38 22 och
413 690 65 19 ränta
493 689 14 19 å
522 688 93 21 kreditiv
632 688 112 26 beräknas,
760 691 56 19 samt

344 724 25 26 g)
385 724 8 19 i
408 722 101 28 afseende
525 723 14 20 å
554 722 102 22 Bankens
672 723 149 21 länerörelse
814 718 9 36 i
835 722 125 26 allmänhet,

272 756 114 27 förordna
401 757 35 21 till
451 757 26 20 de
495 756 190 28 inskränkningar
703 757 53 21 eller
770 757 130 27 ändringar,
916 764 45 14 som

276 792 48 20 med
349 791 84 27 hänsyn
458 791 35 20 till
514 791 245 27 penningeställningen
780 792 7 19 i
807 791 74 21 landet
905 794 56 18 samt

276 825 102 20 Bankens
397 824 77 27 fördel
497 824 38 21 och
557 824 105 25 säkerhet,
679 825 73 20 kunna
768 832 53 13 vara
837 825 29 26 af
871 824 89 27 förhäl-

277 859 94 20 landena
384 858 126 27 päkallade.

588 917 15 25 $
618 917 34 18 71

345 956 33 20 På
404 954 203 28 Bankfullmäktige
633 955 123 20 ankommer
782 955 37 21 ock
844 958 38 23 att,
906 955 55 27 efter

272 990 171 27 framställning
458 989 37 20 och
506 989 91 27 förslag
613 989 29 26 af
652 989 207 24 Bankdirektiotten,

345 1025 24 26 a)
385 1023 143 25 oförändradt;

346 1058 21 26 b)
386 1057 121 26 bestämma,
526 1057 55 26 efter
601 1057 84 21 hvilken
703 1058 73 27 grund
792 1058 112 26 provision
923 1057 38 20 bör

277 1092 105 21 beräknas
399 1091 35 24 för
448 1091 103 21 Bankens
567 1092 150 27 invisningar
708 1087 12 36 ;

345 1127 27 26 e),
389 1126 22 27 d)
427 1127 39 19 och
482 1128 22 23 e)
521 1126 49 27 utgå
585 1127 95 25 alldeles,
691 1127 6 19 i
710 1127 50 26 följd
774 1126 75 20 hvaraf
858 1126 103 20 bokstafs-

277 1162 118 25 ordningen
411 1161 12 19 &
438 1161 26 19 de
479 1161 94 25 följande
589 1163 64 17 rättas
669 1161 99 20 sälunda:

346 1201 9 19 f
367 1201 41 20 blir
423 1201 20 26 c)

344 1242 14 19 g
369 1235 40 20 blir
420 1235 22 27 d)

345 1270 13 19 h
370 1269 40 20 blir
421 1269 20 27 e)

345 1305 6 18 i
368 1303 39 20 blir
422 1303 18 25 f)

342 1338 8 25 j
367 1337 39 20 blir
416 1339 24 24 g)

346 1372 13 19 k
368 1371 42 20 blir
418 1371 21 26 h)

345 1411 7 20 1
369 1411 39 20 blir
423 1411 16 24 i)
457 1409 116 22 bestämma
583 1409 159 27 fördelningen
757 1409 30 27 af
798 1409 24 20 de
838 1409 13 20 &
867 1408 93 22 bankens

277 1448 44 19 stat
329 1444 112 28 uppförda
449 1443 199 22 diskretionsmedel
656 1445 57 19 samt
716 1443 113 27 förordna
835 1443 35 20 till
875 1443 85 20 sådana

506 1287 6 18 i
529 1285 64 27 öfrigt
607 1285 146 20 oförändrade.
