<?xml version="1.0" encoding="UTF-8"?>
<alto xmlns="http://www.loc.gov/standards/alto/ns-v3#" xmlns:xlink="http://www.w3.org/1999/xlink" xmlns:xsi="http://www.w3.org/2001/XMLSchema-instance" xsi:schemaLocation="http://www.loc.gov/standards/alto/ns-v3# http://www.loc.gov/alto/v3/alto-3-0.xsd">
	<Description>
		<MeasurementUnit>pixel</MeasurementUnit>
		<sourceImageInformation>
			<fileName>/tmp/tess_pdjqe56h_input.PNG</fileName>
		</sourceImageInformation>
		<OCRProcessing ID="OCR_0">
			<ocrProcessingStep>
				<processingSoftware>
					<softwareName>tesseract 5.3.4</softwareName>
				</processingSoftware>
			</ocrProcessingStep>
		</OCRProcessing>
	</Description>
	<Layout>
		<Page WIDTH="1078" HEIGHT="1692" PHYSICAL_IMG_NR="0" ID="page_0">
			<PrintSpace HPOS="0" VPOS="0" WIDTH="1078" HEIGHT="1692">
				<GraphicalElement ID="cblock_0" HPOS="0" VPOS="774" WIDTH="6" HEIGHT="324"></GraphicalElement >
				<ComposedBlock ID="cblock_1" HPOS="245" VPOS="118" WIDTH="35" HEIGHT="18">
					<TextBlock ID="block_0" HPOS="245" VPOS="118" WIDTH="35" HEIGHT="18">
						<TextLine ID="line_0" HPOS="245" VPOS="118" WIDTH="35" HEIGHT="18">
							<String ID="string_0" HPOS="245" VPOS="118" WIDTH="35" HEIGHT="18" WC="0.96" CONTENT="588"/>
						</TextLine>
					</TextBlock>
				</ComposedBlock>
				<ComposedBlock ID="cblock_2" HPOS="200" VPOS="182" WIDTH="769" HEIGHT="581">
					<TextBlock ID="block_1" HPOS="200" VPOS="182" WIDTH="769" HEIGHT="478">
						<TextLine ID="line_1" HPOS="222" VPOS="182" WIDTH="747" HEIGHT="27">
							<String ID="string_1" HPOS="222" VPOS="182" WIDTH="48" HEIGHT="20" WC="0.96" CONTENT="med"/><SP WIDTH="24" VPOS="182" HPOS="270"/>
							<String ID="string_2" HPOS="294" VPOS="183" WIDTH="25" HEIGHT="19" WC="0.96" CONTENT="de"/><SP WIDTH="23" VPOS="183" HPOS="319"/>
							<String ID="string_3" HPOS="342" VPOS="183" WIDTH="143" HEIGHT="26" WC="0.96" CONTENT="grundsatser,"/><SP WIDTH="20" VPOS="183" HPOS="485"/>
							<String ID="string_4" HPOS="505" VPOS="189" WIDTH="44" HEIGHT="13" WC="0.95" CONTENT="som"/><SP WIDTH="22" VPOS="189" HPOS="549"/>
							<String ID="string_5" HPOS="571" VPOS="189" WIDTH="87" HEIGHT="13" WC="0.96" CONTENT="numera"/><SP WIDTH="18" VPOS="189" HPOS="658"/>
							<String ID="string_6" HPOS="676" VPOS="183" WIDTH="55" HEIGHT="26" WC="0.96" CONTENT="gjort"/><SP WIDTH="15" VPOS="183" HPOS="731"/>
							<String ID="string_7" HPOS="746" VPOS="183" WIDTH="32" HEIGHT="26" WC="0.96" CONTENT="sig"/><SP WIDTH="15" VPOS="183" HPOS="778"/>
							<String ID="string_8" HPOS="793" VPOS="182" WIDTH="98" HEIGHT="27" WC="0.96" CONTENT="gällande"/><SP WIDTH="16" VPOS="182" HPOS="891"/>
							<String ID="string_9" HPOS="907" VPOS="183" WIDTH="5" HEIGHT="19" WC="0.96" CONTENT="i"/><SP WIDTH="18" VPOS="183" HPOS="912"/>
							<String ID="string_10" HPOS="930" VPOS="182" WIDTH="39" HEIGHT="20" WC="0.96" CONTENT="den"/>
						</TextLine>
						<TextLine ID="line_2" HPOS="222" VPOS="216" WIDTH="746" HEIGHT="28">
							<String ID="string_11" HPOS="222" VPOS="216" WIDTH="69" HEIGHT="20" WC="0.93" CONTENT="finska"/><SP WIDTH="16" VPOS="216" HPOS="291"/>
							<String ID="string_12" HPOS="307" VPOS="216" WIDTH="322" HEIGHT="28" WC="0.75" CONTENT="kriminallagstiftningen,foch"/><SP WIDTH="17" VPOS="216" HPOS="629"/>
							<String ID="string_13" HPOS="646" VPOS="216" WIDTH="228" HEIGHT="27" WC="0.90" CONTENT="dåjundantagsforum"/><SP WIDTH="17" VPOS="216" HPOS="874"/>
							<String ID="string_14" HPOS="891" VPOS="216" WIDTH="31" HEIGHT="20" WC="0.93" CONTENT="för"/><SP WIDTH="15" VPOS="216" HPOS="922"/>
							<String ID="string_15" HPOS="937" VPOS="216" WIDTH="31" HEIGHT="20" WC="0.93" CONTENT="sä-"/>
						</TextLine>
						<TextLine ID="line_3" HPOS="221" VPOS="250" WIDTH="748" HEIGHT="27">
							<String ID="string_16" HPOS="221" VPOS="250" WIDTH="51" HEIGHT="20" WC="0.96" CONTENT="dant"/><SP WIDTH="21" VPOS="250" HPOS="272"/>
							<String ID="string_17" HPOS="293" VPOS="251" WIDTH="53" HEIGHT="19" WC="0.96" CONTENT="brott"/><SP WIDTH="16" VPOS="251" HPOS="346"/>
							<String ID="string_18" HPOS="362" VPOS="250" WIDTH="47" HEIGHT="21" WC="0.90" CONTENT="icke"/><SP WIDTH="17" VPOS="250" HPOS="409"/>
							<String ID="string_19" HPOS="426" VPOS="251" WIDTH="59" HEIGHT="19" WC="0.96" CONTENT="torde"/><SP WIDTH="17" VPOS="251" HPOS="485"/>
							<String ID="string_20" HPOS="502" VPOS="257" WIDTH="49" HEIGHT="13" WC="0.93" CONTENT="vara"/><SP WIDTH="16" VPOS="257" HPOS="551"/>
							<String ID="string_21" HPOS="567" VPOS="251" WIDTH="107" HEIGHT="26" WC="0.92" CONTENT="behöfligt,"/><SP WIDTH="17" VPOS="251" HPOS="674"/>
							<String ID="string_22" HPOS="691" VPOS="250" WIDTH="63" HEIGHT="20" WC="0.93" CONTENT="hafva"/><SP WIDTH="15" VPOS="250" HPOS="754"/>
							<String ID="string_23" HPOS="769" VPOS="251" WIDTH="117" HEIGHT="19" WC="0.91" CONTENT="Ständerna"/><SP WIDTH="15" VPOS="251" HPOS="886"/>
							<String ID="string_24" HPOS="901" VPOS="252" WIDTH="68" HEIGHT="18" WC="0.96" CONTENT="ansett"/>
						</TextLine>
						<TextLine ID="line_4" HPOS="220" VPOS="284" WIDTH="748" HEIGHT="27">
							<String ID="string_25" HPOS="220" VPOS="286" WIDTH="36" HEIGHT="24" WC="0.96" CONTENT="att,"/><SP WIDTH="17" VPOS="286" HPOS="256"/>
							<String ID="string_26" HPOS="273" VPOS="284" WIDTH="116" HEIGHT="20" WC="0.96" CONTENT="tillsvidare"/><SP WIDTH="16" VPOS="284" HPOS="389"/>
							<String ID="string_27" HPOS="405" VPOS="285" WIDTH="39" HEIGHT="19" WC="0.93" CONTENT="och"/><SP WIDTH="16" VPOS="285" HPOS="444"/>
							<String ID="string_28" HPOS="460" VPOS="285" WIDTH="103" HEIGHT="20" WC="0.92" CONTENT="intilldess"/><SP WIDTH="16" VPOS="285" HPOS="563"/>
							<String ID="string_29" HPOS="579" VPOS="285" WIDTH="40" HEIGHT="19" WC="0.96" CONTENT="den"/><SP WIDTH="18" VPOS="285" HPOS="619"/>
							<String ID="string_30" HPOS="637" VPOS="291" WIDTH="41" HEIGHT="20" WC="0.95" CONTENT="nya"/><SP WIDTH="15" VPOS="291" HPOS="678"/>
							<String ID="string_31" HPOS="693" VPOS="284" WIDTH="121" HEIGHT="27" WC="0.93" CONTENT="strafflagen"/><SP WIDTH="15" VPOS="284" HPOS="814"/>
							<String ID="string_32" HPOS="829" VPOS="285" WIDTH="42" HEIGHT="19" WC="0.95" CONTENT="kan"/><SP WIDTH="13" VPOS="285" HPOS="871"/>
							<String ID="string_33" HPOS="884" VPOS="284" WIDTH="84" HEIGHT="20" WC="0.96" CONTENT="komma"/>
						</TextLine>
						<TextLine ID="line_5" HPOS="219" VPOS="318" WIDTH="749" HEIGHT="26">
							<String ID="string_34" HPOS="219" VPOS="320" WIDTH="31" HEIGHT="17" WC="0.95" CONTENT="att"/><SP WIDTH="24" VPOS="320" HPOS="250"/>
							<String ID="string_35" HPOS="274" VPOS="318" WIDTH="96" HEIGHT="20" WC="0.95" CONTENT="meddela"/><SP WIDTH="23" VPOS="318" HPOS="370"/>
							<String ID="string_36" HPOS="393" VPOS="322" WIDTH="95" HEIGHT="17" WC="0.95" CONTENT="närmare"/><SP WIDTH="20" VPOS="322" HPOS="488"/>
							<String ID="string_37" HPOS="508" VPOS="319" WIDTH="130" HEIGHT="20" WC="0.96" CONTENT="föreskrifter"/><SP WIDTH="15" VPOS="319" HPOS="638"/>
							<String ID="string_38" HPOS="653" VPOS="319" WIDTH="90" HEIGHT="20" WC="0.96" CONTENT="rörande"/><SP WIDTH="17" VPOS="319" HPOS="743"/>
							<String ID="string_39" HPOS="760" VPOS="319" WIDTH="54" HEIGHT="19" WC="0.96" CONTENT="brott"/><SP WIDTH="15" VPOS="319" HPOS="814"/>
							<String ID="string_40" HPOS="829" VPOS="319" WIDTH="22" HEIGHT="19" WC="0.91" CONTENT="af"/><SP WIDTH="13" VPOS="319" HPOS="851"/>
							<String ID="string_41" HPOS="864" VPOS="318" WIDTH="104" HEIGHT="26" WC="0.91" CONTENT="ifrågava-"/>
						</TextLine>
						<TextLine ID="line_6" HPOS="219" VPOS="352" WIDTH="748" HEIGHT="28">
							<String ID="string_42" HPOS="219" VPOS="352" WIDTH="66" HEIGHT="20" WC="0.96" CONTENT="rande"/><SP WIDTH="16" VPOS="352" HPOS="285"/>
							<String ID="string_43" HPOS="301" VPOS="352" WIDTH="51" HEIGHT="27" WC="0.94" CONTENT="slag,"/><SP WIDTH="16" VPOS="352" HPOS="352"/>
							<String ID="string_44" HPOS="368" VPOS="353" WIDTH="138" HEIGHT="20" WC="0.96" CONTENT="förevarande"/><SP WIDTH="17" VPOS="353" HPOS="506"/>
							<String ID="string_45" HPOS="523" VPOS="354" WIDTH="59" HEIGHT="26" WC="0.96" CONTENT="fråga"/><SP WIDTH="16" VPOS="354" HPOS="582"/>
							<String ID="string_46" HPOS="598" VPOS="354" WIDTH="70" HEIGHT="19" WC="0.96" CONTENT="kunde"/><SP WIDTH="12" VPOS="354" HPOS="668"/>
							<String ID="string_47" HPOS="680" VPOS="353" WIDTH="82" HEIGHT="20" WC="0.96" CONTENT="enklast"/><SP WIDTH="10" VPOS="353" HPOS="762"/>
							<String ID="string_48" HPOS="772" VPOS="354" WIDTH="55" HEIGHT="19" WC="0.93" CONTENT="lösas"/><SP WIDTH="12" VPOS="354" HPOS="827"/>
							<String ID="string_49" HPOS="839" VPOS="353" WIDTH="128" HEIGHT="25" WC="0.92" CONTENT="derigenom,"/>
						</TextLine>
						<TextLine ID="line_7" HPOS="200" VPOS="383" WIDTH="766" HEIGHT="31">
							<String ID="string_50" HPOS="200" VPOS="383" WIDTH="7" HEIGHT="4" WC="0.70" CONTENT="”"/><SP WIDTH="11" VPOS="383" HPOS="207"/>
							<String ID="string_51" HPOS="218" VPOS="388" WIDTH="30" HEIGHT="18" WC="0.91" CONTENT="att"/><SP WIDTH="16" VPOS="388" HPOS="248"/>
							<String ID="string_52" HPOS="264" VPOS="386" WIDTH="246" HEIGHT="28" WC="0.91" CONTENT="straffbestämningarne"/><SP WIDTH="16" VPOS="386" HPOS="510"/>
							<String ID="string_53" HPOS="526" VPOS="388" WIDTH="6" HEIGHT="19" WC="0.96" CONTENT="i"/><SP WIDTH="16" VPOS="388" HPOS="532"/>
							<String ID="string_54" HPOS="548" VPOS="388" WIDTH="12" HEIGHT="19" WC="0.93" CONTENT="2"/><SP WIDTH="17" VPOS="388" HPOS="560"/>
							<String ID="string_55" HPOS="577" VPOS="390" WIDTH="9" HEIGHT="22" WC="0.93" CONTENT="$"/><SP WIDTH="17" VPOS="390" HPOS="586"/>
							<String ID="string_56" HPOS="603" VPOS="388" WIDTH="12" HEIGHT="19" WC="0.96" CONTENT="8"/><SP WIDTH="16" VPOS="388" HPOS="615"/>
							<String ID="string_57" HPOS="631" VPOS="388" WIDTH="51" HEIGHT="26" WC="0.96" CONTENT="Kap."/><SP WIDTH="16" VPOS="388" HPOS="682"/>
							<String ID="string_58" HPOS="698" VPOS="388" WIDTH="26" HEIGHT="19" WC="0.92" CONTENT="M."/><SP WIDTH="12" VPOS="388" HPOS="724"/>
							<String ID="string_59" HPOS="736" VPOS="388" WIDTH="22" HEIGHT="19" WC="0.92" CONTENT="B."/><SP WIDTH="12" VPOS="388" HPOS="758"/>
							<String ID="string_60" HPOS="770" VPOS="387" WIDTH="130" HEIGHT="20" WC="0.96" CONTENT="förklarades"/><SP WIDTH="10" VPOS="387" HPOS="900"/>
							<String ID="string_61" HPOS="910" VPOS="387" WIDTH="7" HEIGHT="19" WC="0.96" CONTENT="i"/><SP WIDTH="11" VPOS="387" HPOS="917"/>
							<String ID="string_62" HPOS="928" VPOS="387" WIDTH="38" HEIGHT="25" WC="0.96" CONTENT="thy"/>
						</TextLine>
						<TextLine ID="line_8" HPOS="218" VPOS="420" WIDTH="751" HEIGHT="27">
							<String ID="string_63" HPOS="218" VPOS="420" WIDTH="36" HEIGHT="20" WC="0.92" CONTENT="fall"/><SP WIDTH="24" VPOS="420" HPOS="254"/>
							<String ID="string_64" HPOS="278" VPOS="421" WIDTH="137" HEIGHT="26" WC="0.92" CONTENT="tillämpliga;"/><SP WIDTH="23" VPOS="421" HPOS="415"/>
							<String ID="string_65" HPOS="438" VPOS="422" WIDTH="97" HEIGHT="19" WC="0.91" CONTENT="hvarföre"/><SP WIDTH="23" VPOS="422" HPOS="535"/>
							<String ID="string_66" HPOS="558" VPOS="422" WIDTH="124" HEIGHT="25" WC="0.92" CONTENT="Ständerna,"/><SP WIDTH="23" VPOS="422" HPOS="682"/>
							<String ID="string_67" HPOS="705" VPOS="421" WIDTH="66" HEIGHT="20" WC="0.93" CONTENT="under"/><SP WIDTH="22" VPOS="421" HPOS="771"/>
							<String ID="string_68" HPOS="793" VPOS="421" WIDTH="133" HEIGHT="26" WC="0.90" CONTENT="äberopande"/><SP WIDTH="20" VPOS="421" HPOS="926"/>
							<String ID="string_69" HPOS="946" VPOS="421" WIDTH="23" HEIGHT="19" WC="0.96" CONTENT="af"/>
						</TextLine>
						<TextLine ID="line_9" HPOS="218" VPOS="455" WIDTH="747" HEIGHT="27">
							<String ID="string_70" HPOS="218" VPOS="455" WIDTH="55" HEIGHT="19" WC="0.93" CONTENT="hvad"/><SP WIDTH="19" VPOS="455" HPOS="273"/>
							<String ID="string_71" HPOS="292" VPOS="456" WIDTH="22" HEIGHT="18" WC="0.92" CONTENT="11"/><SP WIDTH="18" VPOS="456" HPOS="314"/>
							<String ID="string_72" HPOS="332" VPOS="457" WIDTH="10" HEIGHT="22" WC="0.91" CONTENT="$"/><SP WIDTH="15" VPOS="457" HPOS="342"/>
							<String ID="string_73" HPOS="357" VPOS="456" WIDTH="6" HEIGHT="18" WC="0.93" CONTENT="i"/><SP WIDTH="17" VPOS="456" HPOS="363"/>
							<String ID="string_74" HPOS="380" VPOS="456" WIDTH="83" HEIGHT="26" WC="0.92" CONTENT="Nädiga"/><SP WIDTH="16" VPOS="456" HPOS="463"/>
							<String ID="string_75" HPOS="479" VPOS="456" WIDTH="149" HEIGHT="26" WC="0.96" CONTENT="förordningen"/><SP WIDTH="13" VPOS="456" HPOS="628"/>
							<String ID="string_76" HPOS="641" VPOS="456" WIDTH="41" HEIGHT="20" WC="0.96" CONTENT="den"/><SP WIDTH="11" VPOS="456" HPOS="682"/>
							<String ID="string_77" HPOS="693" VPOS="456" WIDTH="11" HEIGHT="19" WC="0.97" CONTENT="9"/><SP WIDTH="12" VPOS="456" HPOS="704"/>
							<String ID="string_78" HPOS="716" VPOS="456" WIDTH="117" HEIGHT="20" WC="0.96" CONTENT="December"/><SP WIDTH="13" VPOS="456" HPOS="833"/>
							<String ID="string_79" HPOS="846" VPOS="456" WIDTH="52" HEIGHT="19" WC="0.93" CONTENT="1867"/><SP WIDTH="14" VPOS="456" HPOS="898"/>
							<String ID="string_80" HPOS="912" VPOS="455" WIDTH="53" HEIGHT="19" WC="0.93" CONTENT="stad-"/>
						</TextLine>
						<TextLine ID="line_10" HPOS="216" VPOS="489" WIDTH="748" HEIGHT="27">
							<String ID="string_81" HPOS="216" VPOS="496" WIDTH="45" HEIGHT="20" WC="0.96" CONTENT="gar,"/><SP WIDTH="21" VPOS="496" HPOS="261"/>
							<String ID="string_82" HPOS="282" VPOS="489" WIDTH="7" HEIGHT="19" WC="0.93" CONTENT="i"/><SP WIDTH="19" VPOS="489" HPOS="289"/>
							<String ID="string_83" HPOS="308" VPOS="489" WIDTH="100" HEIGHT="21" WC="0.92" CONTENT="afseende"/><SP WIDTH="21" VPOS="489" HPOS="408"/>
							<String ID="string_84" HPOS="429" VPOS="490" WIDTH="12" HEIGHT="20" WC="0.91" CONTENT="&amp;"/><SP WIDTH="20" VPOS="490" HPOS="441"/>
							<String ID="string_85" HPOS="461" VPOS="490" WIDTH="157" HEIGHT="20" WC="0.91" CONTENT="framställande"/><SP WIDTH="22" VPOS="490" HPOS="618"/>
							<String ID="string_86" HPOS="640" VPOS="490" WIDTH="22" HEIGHT="20" WC="0.93" CONTENT="af"/><SP WIDTH="20" VPOS="490" HPOS="662"/>
							<String ID="string_87" HPOS="682" VPOS="490" WIDTH="102" HEIGHT="26" WC="0.91" CONTENT="förslager"/><SP WIDTH="19" VPOS="490" HPOS="784"/>
							<String ID="string_88" HPOS="803" VPOS="491" WIDTH="6" HEIGHT="18" WC="0.93" CONTENT="i"/><SP WIDTH="20" VPOS="491" HPOS="809"/>
							<String ID="string_89" HPOS="829" VPOS="490" WIDTH="69" HEIGHT="26" WC="0.92" CONTENT="frägor"/><SP WIDTH="22" VPOS="490" HPOS="898"/>
							<String ID="string_90" HPOS="920" VPOS="495" WIDTH="44" HEIGHT="13" WC="0.95" CONTENT="som"/>
						</TextLine>
						<TextLine ID="line_11" HPOS="217" VPOS="523" WIDTH="748" HEIGHT="28">
							<String ID="string_91" HPOS="217" VPOS="523" WIDTH="164" HEIGHT="21" WC="0.57" CONTENT="röra4Finlands"/><SP WIDTH="15" VPOS="523" HPOS="381"/>
							<String ID="string_92" HPOS="396" VPOS="524" WIDTH="67" HEIGHT="26" WC="0.93" CONTENT="Bank,"/><SP WIDTH="16" VPOS="524" HPOS="463"/>
							<String ID="string_93" HPOS="479" VPOS="524" WIDTH="21" HEIGHT="20" WC="0.96" CONTENT="få"/><SP WIDTH="15" VPOS="524" HPOS="500"/>
							<String ID="string_94" HPOS="515" VPOS="524" WIDTH="30" HEIGHT="20" WC="0.93" CONTENT="till"/><SP WIDTH="12" VPOS="524" HPOS="545"/>
							<String ID="string_95" HPOS="557" VPOS="525" WIDTH="66" HEIGHT="19" WC="0.93" CONTENT="Eders"/><SP WIDTH="12" VPOS="525" HPOS="623"/>
							<String ID="string_96" HPOS="635" VPOS="524" WIDTH="119" HEIGHT="27" WC="0.95" CONTENT="Kejserliga"/><SP WIDTH="10" VPOS="524" HPOS="754"/>
							<String ID="string_97" HPOS="764" VPOS="524" WIDTH="107" HEIGHT="26" WC="0.93" CONTENT="Majestäts"/><SP WIDTH="11" VPOS="524" HPOS="871"/>
							<String ID="string_98" HPOS="882" VPOS="524" WIDTH="83" HEIGHT="26" WC="0.92" CONTENT="Nädiga"/>
						</TextLine>
						<TextLine ID="line_12" HPOS="218" VPOS="557" WIDTH="746" HEIGHT="27">
							<String ID="string_99" HPOS="218" VPOS="557" WIDTH="143" HEIGHT="27" WC="0.91" CONTENT="bepröfvande"/><SP WIDTH="21" VPOS="557" HPOS="361"/>
							<String ID="string_100" HPOS="382" VPOS="558" WIDTH="153" HEIGHT="26" WC="0.91" CONTENT="underdänigst"/><SP WIDTH="20" VPOS="558" HPOS="535"/>
							<String ID="string_101" HPOS="555" VPOS="558" WIDTH="115" HEIGHT="23" WC="0.92" CONTENT="hemställa,"/><SP WIDTH="20" VPOS="558" HPOS="670"/>
							<String ID="string_102" HPOS="690" VPOS="560" WIDTH="29" HEIGHT="18" WC="0.96" CONTENT="att"/><SP WIDTH="15" VPOS="560" HPOS="719"/>
							<String ID="string_103" HPOS="734" VPOS="558" WIDTH="40" HEIGHT="20" WC="0.96" CONTENT="den"/><SP WIDTH="18" VPOS="558" HPOS="774"/>
							<String ID="string_104" HPOS="792" VPOS="558" WIDTH="5" HEIGHT="20" WC="0.93" CONTENT="i"/><SP WIDTH="16" VPOS="558" HPOS="797"/>
							<String ID="string_105" HPOS="813" VPOS="558" WIDTH="151" HEIGHT="20" WC="0.92" CONTENT="ofvanstäende"/>
						</TextLine>
						<TextLine ID="line_13" HPOS="217" VPOS="592" WIDTH="745" HEIGHT="27">
							<String ID="string_106" HPOS="217" VPOS="592" WIDTH="65" HEIGHT="20" WC="0.92" CONTENT="mätto"/><SP WIDTH="16" VPOS="592" HPOS="282"/>
							<String ID="string_107" HPOS="298" VPOS="592" WIDTH="119" HEIGHT="26" WC="0.96" CONTENT="föreslagna"/><SP WIDTH="15" VPOS="592" HPOS="417"/>
							<String ID="string_108" HPOS="432" VPOS="592" WIDTH="151" HEIGHT="27" WC="0.96" CONTENT="förordningen"/><SP WIDTH="16" VPOS="592" HPOS="583"/>
							<String ID="string_109" HPOS="599" VPOS="592" WIDTH="70" HEIGHT="20" WC="0.93" CONTENT="kunde"/><SP WIDTH="16" VPOS="592" HPOS="669"/>
							<String ID="string_110" HPOS="685" VPOS="592" WIDTH="81" HEIGHT="20" WC="0.92" CONTENT="erhälla"/><SP WIDTH="10" VPOS="592" HPOS="766"/>
							<String ID="string_111" HPOS="776" VPOS="592" WIDTH="92" HEIGHT="26" WC="0.93" CONTENT="följande"/><SP WIDTH="12" VPOS="592" HPOS="868"/>
							<String ID="string_112" HPOS="880" VPOS="592" WIDTH="82" HEIGHT="26" WC="0.92" CONTENT="tiilägg:"/>
						</TextLine>
						<TextLine ID="line_14" HPOS="353" VPOS="631" WIDTH="610" HEIGHT="29">
							<String ID="string_113" HPOS="353" VPOS="632" WIDTH="104" HEIGHT="28" WC="0.86" CONTENT="Eftergör"/><SP WIDTH="15" VPOS="632" HPOS="457"/>
							<String ID="string_114" HPOS="472" VPOS="632" WIDTH="52" HEIGHT="21" WC="0.93" CONTENT="eller"/><SP WIDTH="15" VPOS="632" HPOS="524"/>
							<String ID="string_115" HPOS="539" VPOS="632" WIDTH="124" HEIGHT="24" WC="0.91" CONTENT="förfalskar"/><SP WIDTH="14" VPOS="632" HPOS="663"/>
							<String ID="string_116" HPOS="677" VPOS="632" WIDTH="73" HEIGHT="27" WC="0.96" CONTENT="någon"/><SP WIDTH="16" VPOS="632" HPOS="750"/>
							<String ID="string_117" HPOS="766" VPOS="632" WIDTH="108" HEIGHT="20" WC="0.96" CONTENT="Finlands"/><SP WIDTH="14" VPOS="632" HPOS="874"/>
							<String ID="string_118" HPOS="888" VPOS="631" WIDTH="75" HEIGHT="21" WC="0.96" CONTENT="Banks"/>
						</TextLine>
					</TextBlock>
					<TextBlock ID="block_2" HPOS="284" VPOS="665" WIDTH="678" HEIGHT="29">
						<TextLine ID="line_15" HPOS="284" VPOS="665" WIDTH="678" HEIGHT="29">
							<String ID="string_119" HPOS="284" VPOS="666" WIDTH="80" HEIGHT="26" WC="0.93" CONTENT="sedlar,"/><SP WIDTH="22" VPOS="666" HPOS="364"/>
							<String ID="string_120" HPOS="386" VPOS="666" WIDTH="88" HEIGHT="27" WC="0.67" CONTENT="strafes"/><SP WIDTH="19" VPOS="666" HPOS="474"/>
							<String ID="string_121" HPOS="493" VPOS="666" WIDTH="67" HEIGHT="28" WC="0.96" CONTENT="enligt"/><SP WIDTH="30" VPOS="666" HPOS="560"/>
							<String ID="string_122" HPOS="590" VPOS="668" WIDTH="5" HEIGHT="20" WC="0.90" CONTENT="2"/><SP WIDTH="26" VPOS="668" HPOS="595"/>
							<String ID="string_123" HPOS="621" VPOS="667" WIDTH="8" HEIGHT="26" WC="0.90" CONTENT="$"/><SP WIDTH="19" VPOS="667" HPOS="629"/>
							<String ID="string_124" HPOS="648" VPOS="667" WIDTH="14" HEIGHT="20" WC="0.93" CONTENT="8"/><SP WIDTH="15" VPOS="667" HPOS="662"/>
							<String ID="string_125" HPOS="677" VPOS="665" WIDTH="58" HEIGHT="28" WC="0.96" CONTENT="Kap."/><SP WIDTH="15" VPOS="665" HPOS="735"/>
							<String ID="string_126" HPOS="750" VPOS="666" WIDTH="30" HEIGHT="21" WC="0.93" CONTENT="M."/><SP WIDTH="15" VPOS="666" HPOS="780"/>
							<String ID="string_127" HPOS="795" VPOS="665" WIDTH="26" HEIGHT="21" WC="0.91" CONTENT="B."/><SP WIDTH="34" VPOS="665" HPOS="821"/>
							<String ID="string_128" HPOS="855" VPOS="666" WIDTH="107" HEIGHT="28" WC="0.92" CONTENT="Utpräng-"/>
						</TextLine>
					</TextBlock>
					<TextBlock ID="block_3" HPOS="284" VPOS="700" WIDTH="679" HEIGHT="63">
						<TextLine ID="line_16" HPOS="285" VPOS="700" WIDTH="678" HEIGHT="29">
							<String ID="string_129" HPOS="285" VPOS="700" WIDTH="45" HEIGHT="28" WC="0.96" CONTENT="ling"/><SP WIDTH="22" VPOS="700" HPOS="330"/>
							<String ID="string_130" HPOS="352" VPOS="700" WIDTH="31" HEIGHT="27" WC="0.93" CONTENT="af"/><SP WIDTH="14" VPOS="700" HPOS="383"/>
							<String ID="string_131" HPOS="397" VPOS="700" WIDTH="71" HEIGHT="21" WC="0.96" CONTENT="sådan"/><SP WIDTH="15" VPOS="700" HPOS="468"/>
							<String ID="string_132" HPOS="483" VPOS="700" WIDTH="132" HEIGHT="27" WC="0.95" CONTENT="förfalskad"/><SP WIDTH="18" VPOS="700" HPOS="615"/>
							<String ID="string_133" HPOS="633" VPOS="700" WIDTH="56" HEIGHT="21" WC="0.95" CONTENT="sedel"/><SP WIDTH="18" VPOS="700" HPOS="689"/>
							<String ID="string_134" HPOS="707" VPOS="707" WIDTH="63" HEIGHT="14" WC="0.64" CONTENT="anses"/><SP WIDTH="19" VPOS="707" HPOS="770"/>
							<String ID="string_135" HPOS="789" VPOS="700" WIDTH="44" HEIGHT="29" WC="0.64" CONTENT="med"/><SP WIDTH="15" VPOS="700" HPOS="833"/>
							<String ID="string_136" HPOS="848" VPOS="700" WIDTH="115" HEIGHT="21" WC="0.96" CONTENT="enahanda"/>
						</TextLine>
						<TextLine ID="line_17" HPOS="284" VPOS="734" WIDTH="668" HEIGHT="29">
							<String ID="string_137" HPOS="284" VPOS="734" WIDTH="71" HEIGHT="28" WC="0.96" CONTENT="straff,"/><SP WIDTH="17" VPOS="734" HPOS="355"/>
							<String ID="string_138" HPOS="372" VPOS="734" WIDTH="53" HEIGHT="21" WC="0.96" CONTENT="dock"/><SP WIDTH="14" VPOS="734" HPOS="425"/>
							<String ID="string_139" HPOS="439" VPOS="736" WIDTH="8" HEIGHT="19" WC="0.93" CONTENT="i"/><SP WIDTH="15" VPOS="736" HPOS="447"/>
							<String ID="string_140" HPOS="462" VPOS="735" WIDTH="89" HEIGHT="27" WC="0.92" CONTENT="ringare"/><SP WIDTH="15" VPOS="735" HPOS="551"/>
							<String ID="string_141" HPOS="566" VPOS="735" WIDTH="61" HEIGHT="26" WC="0.96" CONTENT="mått,"/><SP WIDTH="16" VPOS="735" HPOS="627"/>
							<String ID="string_142" HPOS="643" VPOS="734" WIDTH="55" HEIGHT="28" WC="0.96" CONTENT="efter"/><SP WIDTH="15" VPOS="734" HPOS="698"/>
							<String ID="string_143" HPOS="713" VPOS="735" WIDTH="113" HEIGHT="21" WC="0.93" CONTENT="domarens"/><SP WIDTH="11" VPOS="735" HPOS="826"/>
							<String ID="string_144" HPOS="837" VPOS="735" WIDTH="115" HEIGHT="28" WC="0.89" CONTENT="pröfning."/>
						</TextLine>
					</TextBlock>
				</ComposedBlock>
				<ComposedBlock ID="cblock_3" HPOS="283" VPOS="775" WIDTH="395" HEIGHT="66">
					<TextBlock ID="block_4" HPOS="283" VPOS="775" WIDTH="395" HEIGHT="66">
						<TextLine ID="line_18" HPOS="284" VPOS="775" WIDTH="394" HEIGHT="21">
							<String ID="string_145" HPOS="284" VPOS="775" WIDTH="101" HEIGHT="20" WC="0.93" CONTENT="Finlands"/><SP WIDTH="16" VPOS="775" HPOS="385"/>
							<String ID="string_146" HPOS="401" VPOS="775" WIDTH="88" HEIGHT="21" WC="0.88" CONTENT="Ständer"/><SP WIDTH="16" VPOS="775" HPOS="489"/>
							<String ID="string_147" HPOS="505" VPOS="776" WIDTH="119" HEIGHT="20" WC="0.91" CONTENT="framhärda"/><SP WIDTH="16" VPOS="776" HPOS="624"/>
							<String ID="string_148" HPOS="640" VPOS="778" WIDTH="38" HEIGHT="18" WC="0.93" CONTENT="etc."/>
						</TextLine>
						<TextLine ID="line_19" HPOS="283" VPOS="814" WIDTH="379" HEIGHT="27">
							<String ID="string_149" HPOS="283" VPOS="814" WIDTH="139" HEIGHT="27" WC="0.96" CONTENT="Helsingfors,"/><SP WIDTH="15" VPOS="814" HPOS="422"/>
							<String ID="string_150" HPOS="437" VPOS="815" WIDTH="40" HEIGHT="21" WC="0.96" CONTENT="den"/><SP WIDTH="19" VPOS="815" HPOS="477"/>
							<String ID="string_151" HPOS="496" VPOS="816" WIDTH="23" HEIGHT="20" WC="0.96" CONTENT="13"/><SP WIDTH="16" VPOS="816" HPOS="519"/>
							<String ID="string_152" HPOS="535" VPOS="816" WIDTH="50" HEIGHT="20" WC="0.96" CONTENT="Juni"/><SP WIDTH="19" VPOS="816" HPOS="585"/>
							<String ID="string_153" HPOS="604" VPOS="817" WIDTH="58" HEIGHT="19" WC="0.96" CONTENT="1872."/>
						</TextLine>
					</TextBlock>
				</ComposedBlock>
			</PrintSpace>
		</Page>
	</Layout>
</alto>
