1078 1692
809 134 34 17 173

184 198 59 20 Hvad
267 199 97 26 slutligen
388 198 65 26 angår
477 198 36 19 det
535 197 65 20 under
623 203 74 13 senare
716 199 115 17 momentet
845 196 21 20 af

115 233 65 19 femte
203 232 93 26 punkten
320 232 78 20 väckta
422 232 83 26 förslag,
521 238 33 13 om
574 230 158 27 upphäfvandet
747 230 23 20 af
783 230 35 20 det
833 231 7 19 i
856 233 9 21 $

116 267 24 19 31
159 266 23 20 af
195 267 40 19 den
252 274 28 12 nu
296 266 99 26 gällande
411 265 333 27 stämpelpappersförfattningen
760 264 106 26 ingående

115 300 75 20 förbud
206 300 32 20 för
253 302 138 18 räntmästare
407 302 30 17 att
452 299 120 20 handhafva
593 299 123 26 försäljning
732 298 22 20 af
768 298 96 26 stämpel-

115 341 87 20 papper,
218 335 6 19 i
240 334 97 20 ändamål
361 336 30 18 att
414 334 117 19 underlätta
554 334 55 19 vissa
631 333 23 19 af
667 333 57 19 Hans
747 333 119 27 Kejserliga

115 369 98 25 Majestät
234 368 106 20 tilltänkta
363 368 124 20 förändrade
511 368 142 26 anordningar
673 367 89 20 rörande
785 367 79 26 försälj-

116 404 79 25 ningen
218 403 23 19 af
262 402 158 27 kartasigillata,
443 402 38 19 har
504 402 107 25 utskottet,
634 402 6 19 i
664 402 37 18 full
724 402 141 26 öfvertygelse

115 444 34 13 om
177 439 30 17 att
228 437 104 26 styrelsen
356 436 46 20 med
426 438 75 18 största
523 436 119 20 erfarenhet
664 436 53 19 skall
740 436 124 20 härutinnan

115 472 87 26 vidtaga
217 471 25 20 de
258 471 134 27 lämpligaste
412 470 148 27 anordningar,
581 470 48 20 icke
645 470 79 20 kunnat
739 473 62 17 annat
817 473 25 17 än
859 470 5 19 i

115 506 42 20 allo
173 505 106 27 tillstyrka
295 506 57 19 detta
368 505 84 25 förslag.

184 540 31 20 De
231 540 103 20 särskilda
354 540 113 25 ändringar
482 539 6 19 i
505 539 41 19 den
569 539 120 21 nuvarande
708 538 156 27 författningen,

115 574 74 20 hvilka
204 573 101 21 utskottet
320 574 6 19 i
342 574 36 19 det
393 573 92 26 följande
506 572 108 27 tillstyrkt,
634 572 116 20 inskränka
764 573 32 25 sig
811 573 7 19 i
834 573 30 19 öf-

115 608 42 26 rigt
173 608 31 19 till
221 608 74 20 endast
310 608 78 20 sådana
405 607 41 26 fall,
463 607 36 20 der
516 608 100 19 utskottet
631 609 68 18 ansett
722 607 68 26 någon
814 607 49 20 liten

113 642 113 26 jemkning
250 642 7 19 i
282 642 40 20 den
349 641 120 21 nuvarande
495 641 190 26 stämpelafgiftens
712 641 76 26 belopp
813 642 51 19 eller

116 676 65 25 några
197 676 155 26 förtydligande
369 676 156 26 bestämningar
539 676 6 18 i
557 675 161 27 författningens
734 676 129 27 stadganden

115 710 23 19 af
152 710 208 26 omständigheterna
376 710 117 26 påkallade.

184 778 45 20 Den
246 778 122 26 förordning
384 784 32 14 om
434 778 276 26 stämpelpappersafgiften,
725 785 44 13 som
786 778 77 20 utskot-

115 814 29 18 tet
160 812 86 20 härmed
263 812 30 20 får
309 812 37 20 hos
362 812 117 20 Ständerna
495 812 152 20 vördsammast
667 812 77 20 föreslå
759 812 31 20 till
805 814 57 18 anta-

115 846 76 26 gande,
211 846 82 20 afviker
313 846 87 20 sålunda
416 847 6 18 i
439 846 92 26 följande
549 846 58 20 delar
623 846 52 20 ifrån
691 847 40 19 den
747 846 117 21 Ständerna

116 880 109 26 förelagda
240 880 83 27 Nådiga
338 881 163 26 propositionen.

183 915 35 19 Uti
242 915 39 19 den
306 915 65 20 under
386 917 10 22 $
412 915 12 19 4
440 915 105 26 ingående
567 914 152 20 klassifikation
740 915 23 19 af
780 915 25 19 de
821 921 42 13 em-

117 948 99 21 betsverk
240 949 39 20 och
303 949 154 26 myndigheter,
481 949 34 19 vid
539 949 72 20 hvilka
627 949 168 26 stämpelpapper
810 949 54 19 skall

116 983 114 26 begagnas,
247 983 37 20 har
308 983 100 20 utskottet
430 985 51 18 trott
495 983 32 26 sig
544 983 51 20 böra
617 983 77 20 föreslå
716 983 64 20 sådan
796 983 67 20 förän-

116 1017 68 26 dring,
200 1019 30 18 att
244 1017 128 20 Ständernes
387 1017 194 26 Bankfullmäktige
597 1017 67 20 skulle
680 1017 53 20 ifrån
750 1017 65 26 fjerde
835 1017 28 20 af-

115 1051 114 26 delningen
246 1051 70 26 flyttas
340 1051 30 19 till
386 1051 39 20 den
447 1051 70 19 andra.
550 1051 74 20 Denna
644 1051 122 26 förändring
781 1051 37 20 har
833 1053 30 18 ut-

115 1085 78 19 skottet
216 1087 68 18 ansett
307 1085 115 20 motiverad
446 1085 64 25 deraf,
532 1087 29 18 att
581 1085 199 26 Bankfullmäktige,
796 1085 67 20 såsom

115 1119 189 26 representerande
320 1119 123 25 Ständerne,
459 1119 46 20 med
522 1119 45 20 skäl
587 1119 71 20 kunde
679 1119 97 20 hänföras
791 1119 31 19 till
838 1125 25 13 en

115 1153 65 26 högre
195 1153 57 20 klass
268 1155 26 17 än
310 1153 100 20 Finlands
426 1153 58 20 Bank
501 1153 47 20 med
565 1153 159 26 underlydande
736 1153 75 20 kontor
825 1152 37 20 och

115 1189 119 24 agenturer,
250 1189 54 17 samt
319 1187 7 19 i
342 1187 137 20 förevarande
495 1187 100 20 afseende
610 1187 102 20 likställas
723 1187 47 19 med
786 1187 25 20 de
828 1193 35 13 un-

115 1221 38 20 der
179 1221 66 19 andra
269 1221 137 26 afdelningen
435 1223 107 24 upptagna
568 1221 51 20 verk
644 1221 39 20 och
710 1221 153 26 myndigheter.

115 1254 165 27 Ifrågavarande
304 1255 60 20 ställe
387 1256 6 19 i
415 1255 150 26 förordningen
589 1255 67 20 skulle
678 1255 94 26 sålunda,
794 1255 70 20 derest

115 1289 112 20 utskottets
243 1289 77 26 förslag
336 1289 130 26 godkännes,
483 1289 85 20 komma
583 1291 30 18 att
627 1289 61 26 lyda:

297 1323 79 20 Andra
402 1322 151 28 afdelningen:
580 1322 123 27 Hofrätter,
732 1317 132 32 Öfverkrigs-

218 1356 123 26 domstolen,
367 1357 229 27 Generalguvernören
623 1356 58 27 öfver
707 1356 98 21 Finland
827 1356 37 21 och

218 1390 46 21 dess
286 1390 78 26 kansli,
390 1391 304 20 Alexanders-universitetets
712 1390 97 21 Kansler
828 1390 36 21 och

223 1423 142 27 Vicekansler,
396 1425 233 20 Prokuratorsembetet
656 1425 8 20 i
691 1424 93 21 Senaten
808 1426 56 19 samt

218 1457 132 22 Ständernes
366 1458 207 29 Bankfullmäktige.
