1078 1692
411 401 58 19 Hans
493 400 137 26 Kejserliga
649 400 123 26 Majestäts
796 400 68 26 Nådiga
882 406 70 20 propo-

340 435 57 21 sition
417 435 29 20 till
468 435 86 20 Finlands
578 435 87 24 Ständer,
684 441 29 13 om
731 434 115 20 förändrade
865 434 89 26 stadgan-

340 470 36 19 den
392 469 85 20 rörande
499 470 36 19 den
556 469 62 26 årliga
633 469 107 19 revisionen
756 469 22 19 af
791 468 85 20 Finlands
892 468 62 20 Banks

342 503 86 20 tillstånd
443 503 35 20 och
493 503 121 25 förvaltning.

276 567 71 26 Enligt
365 567 23 19 17
406 566 37 20 och
463 567 23 18 18
503 568 20 22 $$
538 566 24 19 af
575 565 83 26 Nådiga
681 566 154 19 instruktionen
858 566 31 19 för
908 566 47 19 Fin-

207 601 60 20 lands
291 601 66 25 Bank,
381 600 70 26 gifven
472 600 39 20 den
531 600 23 19 18
570 600 120 19 November
709 600 59 24 1840,
784 603 59 22 tager
859 600 97 20 Bankens

207 635 172 26 redovisningsår
395 636 31 18 sin
444 635 71 25 början
533 634 39 20 den
591 636 6 17 1
617 634 86 20 Januari
720 634 39 20 och
775 634 64 20 slutar
855 634 45 20 med
916 635 40 19 den

207 670 23 19 31
250 669 126 25 December,
399 669 50 19 derå
472 669 89 19 revision
579 668 22 20 af
615 668 98 20 Bankens
738 668 91 20 tillstånd
854 669 38 19 och
916 669 40 19 för-

208 704 96 26 valtning
329 703 97 27 vidtager
450 703 40 19 den
507 704 11 18 7
534 702 87 20 Januari
644 702 52 20 eller
717 702 63 20 första
803 703 89 26 helgfria
917 703 41 26 dag

209 738 105 24 derefter;
332 738 39 19 och
388 738 96 18 omfattar
499 737 124 19 densamma
638 738 5 18 i
660 738 64 18 första
740 739 89 17 rummet
844 737 113 19 undersök-

209 772 51 25 ning
282 772 40 19 och
345 771 130 27 granskning
498 771 22 19 af
541 771 98 19 Bankens
669 771 139 25 skuldsedlar,
832 771 72 19 kassor
920 771 38 20 och

209 806 114 26 tillgångar
339 806 31 18 för
390 806 36 19 det
446 805 137 19 sistförflutna
605 806 50 18 året.
686 804 70 20 Sedan
780 805 70 19 denna
872 805 86 26 gransk-

211 840 57 25 ning,
285 845 43 14 som
348 840 36 19 bör
400 845 49 13 vara
467 839 106 20 fulländad
594 840 63 18 innan
678 840 40 19 den
739 840 23 18 14
777 839 91 24 Januari,
886 840 74 18 hunnit

210 873 104 25 slutföras,
341 873 95 26 företaga
461 874 130 19 revisorerne
610 873 39 20 den
666 873 108 26 egentliga
798 874 117 19 revisionen
939 873 23 20 af

212 907 98 19 Bankens
335 907 79 20 böcker
436 907 39 20 och
492 907 143 26 räkenskaper
651 907 31 20 för
698 907 36 20 det
750 907 28 25 år,
794 914 43 13 som
855 910 45 17 näst
916 907 44 20 före

211 941 35 20 det
262 941 52 20 sista
329 941 85 20 förlidit.
446 942 45 19 Men
509 942 87 19 emedan
614 942 38 19 den
670 941 88 20 sålunda
774 941 124 20 föreskrifna
914 942 45 19 ord-

212 975 78 26 ningen
316 976 31 19 för
373 976 129 19 revisionens
526 976 156 19 verkställande
707 976 103 19 befunnits
827 976 5 19 i
849 976 22 19 så
898 976 63 19 måtto

213 1009 109 26 olämplig,
345 1013 30 16 att
397 1010 203 19 transaktionerna
596 1005 14 35 i
620 1009 84 20 Banken
729 1010 38 19 och
791 1009 66 27 öfriga
872 1010 23 19 af
909 1010 51 19 Ban-

213 1043 53 20 kens
291 1044 89 25 styrelse
404 1044 99 26 vidtagna
526 1044 143 26 förfoganden.
696 1043 128 20 beträffande
841 1044 52 20 häde
909 1045 52 19 Ban-

214 1077 53 20 kens
287 1084 55 20 egna
367 1078 38 19 och
430 1078 136 19 statsverkets
590 1078 80 25 fonder,
695 1078 51 19 först
762 1078 52 20 efter
830 1081 29 16 ett
874 1079 32 19 års
924 1079 38 19 för-

215 1111 49 26 lopp
291 1111 66 20 blifva
381 1112 87 19 föremål
496 1112 30 19 för
553 1113 142 18 revisorernes
721 1112 136 27 granskning,
884 1113 79 19 hvilket

214 1145 45 20 åter
276 1146 54 19 hade
346 1146 31 19 till
393 1146 80 25 påföljd
494 1148 29 17 att
541 1146 98 26 åtgärder
658 1147 40 19 och
715 1147 100 24 rättelser,
833 1153 43 13 som
893 1147 70 20 kunde

215 1179 96 26 påkallas
328 1181 4 17 i
350 1180 116 27 anledning
481 1181 23 18 af
525 1181 26 19 de
571 1181 34 19 vid
630 1181 117 19 revisionen
771 1181 74 26 gjorda
866 1182 96 19 anmärk-

216 1214 76 25 ningar
308 1221 33 12 om
359 1215 108 26 förelupna
484 1216 85 25 misstag
585 1215 52 20 eller
655 1215 65 20 andra
736 1215 177 26 omständigheter
929 1222 35 19 ge-

215 1255 50 12 nom
290 1249 24 19 de
340 1249 66 19 under
421 1249 92 26 antydda
530 1250 72 26 längre
619 1249 122 26 tidsförlopp
765 1249 108 20 inträffade
898 1250 66 19 förän-

217 1282 66 20 drade
308 1283 152 26 förhållanden,
483 1284 62 19 oftast
565 1284 64 19 måste
646 1283 89 25 förfalla,
752 1283 62 20 hafva
829 1284 26 19 de
870 1284 23 19 af
906 1284 59 19 Stän-

218 1317 66 19 derna
309 1317 86 19 tillsatte
421 1317 194 26 Bankfullmäktige
640 1318 6 19 i
670 1317 167 26 underdänighet
863 1318 105 19 hemställt

218 1357 33 12 om
268 1351 91 26 ändring
375 1351 23 20 af
412 1351 135 20 förenämnde
572 1352 156 26 bestämningar
744 1352 5 18 i
766 1354 80 21 ämnet;
871 1352 39 19 och
931 1352 37 19 har

218 1385 71 19 Hans
315 1385 153 27 Kejserliga
490 1387 133 25 Majestät,
647 1386 47 19 med
717 1385 132 26 tillämpning
872 1385 23 20 af
914 1385 53 19 före-

218 1419 89 20 skriften
324 1419 5 19 i
349 1420 21 19 11
389 1422 10 21 $
415 1420 22 19 af
461 1420 72 27 Nädiga
553 1421 156 25 förordningen,
732 1419 109 26 angående
864 1419 102 26 styrelsen

218 1453 40 20 och
276 1453 155 28 förvaltningen
448 1454 23 19 af
485 1455 98 19 Finlands
599 1455 65 19 Bank.
680 1455 71 26 gifven
768 1454 38 19 den
824 1454 11 19 9
852 1454 116 20 December
