1078 1692
236 125 35 17 404

553 191 10 21 $
581 189 47 19 141.

285 228 111 26 Fullmakt,
419 230 30 18 att
471 228 130 26 begagnas
595 224 16 34 i
621 228 86 20 Banken
733 228 34 20 vid
791 228 117 26 ansökning
932 235 32 12 om

216 262 34 20 lån
268 262 51 20 eller
336 262 127 26 penningars
483 262 102 26 lyftande,
602 262 37 20 bör
660 262 141 26 uttryckligen
819 262 100 26 uppgifva
934 262 31 19 så-

216 296 33 20 väl
266 296 101 20 ombudet
382 302 44 14 som
443 296 72 25 saken,
532 296 31 20 för
578 296 72 20 hvilka
666 296 40 20 den
723 296 108 25 utfärdats,
847 298 53 18 samt
916 303 50 13 vara

215 330 146 26 egenhändigt
384 330 159 20 underskrifven
568 330 39 20 och
631 330 82 20 försedd
731 330 46 20 med
794 330 97 26 behörigt
906 330 60 26 intyg

216 370 34 14 om
266 364 167 20 underskriftens
448 364 108 26 rigtighet.

555 434 10 22 s
583 432 46 19 142.

286 472 136 20 Skuldsedlar
437 472 39 19 och
491 471 155 26 löftesskrifter,
657 478 44 13 som
718 471 31 19 till
764 471 87 20 Banken
867 472 99 24 utfärdas,

216 506 60 20 skola
300 512 50 13 vara
373 505 98 20 affattade
496 505 66 26 enligt
584 505 98 26 gällande
702 505 105 25 formulär,
824 505 142 26 egenhändigt

217 540 149 20 underskrifna
389 541 53 18 samt
464 539 97 20 försedda
585 539 46 19 med
655 538 97 27 behörigt
767 539 59 26 intyg
842 545 32 14 om
892 539 73 20 under-

216 574 101 20 skriftens
332 574 107 26 rigtighet.

555 632 10 21 s
583 630 46 28 143.

285 669 143 26 Förfallodag,
453 676 44 13 som
523 669 95 20 inträffar
640 669 13 20 å
672 669 80 27 söndag
778 669 51 20 eller
854 670 112 26 helgedag,

217 703 124 27 uppskjutes
356 703 32 19 till
405 703 140 26 nästföljande
561 704 89 26 helgfria
666 704 47 26 dag.

555 779 9 22 $
582 778 46 19 144,

287 817 79 25 Qvitto,
382 816 106 20 utfärdadt
503 816 23 20 af
539 816 78 20 Kassör
639 817 59 19 öfver
713 816 132 26 inbetalning
863 817 30 19 till
914 817 52 19 Ban-

216 851 50 24 ken,
283 851 66 26 gäller
364 850 48 20 icke
428 851 5 18 i
449 851 39 19 och
505 852 42 18 mot
563 850 93 25 Banken,
672 856 33 13 om
722 849 47 20 icke
789 850 35 19 det
846 850 67 19 blifvit
929 851 37 19 hos

217 884 161 20 vederbörande
395 884 135 19 Kamererare
551 884 51 20 eller
625 883 208 20 Bankkommissarie
856 885 110 25 uppvisadt

218 919 39 19 och
274 918 23 19 af
310 919 76 19 honom
404 918 133 26 påtecknadt.

557 982 10 22 s
584 979 47 20 145.

278 1019 110 27 Offentligt
411 1021 58 24 utrop
493 1019 29 20 till
543 1019 127 26 försäljande
686 1019 23 19 af
722 1021 56 24 pant,
793 1025 44 14 som
853 1020 93 20 förvaras
962 1021 5 18 i

220 1053 97 26 Banken,
333 1053 39 26 må,
389 1059 34 14 om
438 1053 194 20 Bankdirektionen
656 1053 68 19 finner
740 1053 34 19 det
789 1053 101 27 lämpligt,
908 1054 59 19 verk-

220 1087 71 20 ställas
307 1087 7 19 i
329 1087 88 19 Banken
433 1087 39 20 och
488 1087 60 25 skall,
564 1087 6 19 i
587 1087 74 20 sådant
681 1087 41 25 fall,
739 1087 94 20 förrättas
856 1088 55 19 inför
933 1088 34 19 Di-

220 1121 110 20 rektionen
347 1120 22 19 af
382 1120 98 20 Notarius
503 1121 95 26 publicus
613 1121 28 26 på
656 1123 59 17 orten
735 1121 46 19 med
801 1121 80 20 biträde
897 1122 22 19 af
933 1122 35 19 ed-

220 1161 76 14 svuren
319 1154 102 26 Mäklare,
441 1155 52 20 efter
513 1155 36 19 det
564 1155 75 26 anslag
655 1155 40 19 och
710 1154 125 27 kungörelse
851 1155 70 20 derom
940 1158 28 17 ut-

220 1188 80 20 färdats
316 1188 62 19 minst
395 1189 68 18 trettio
479 1188 65 27 dagar
560 1189 61 20 förut,
651 1189 60 24 Pant,
727 1195 43 13 som
786 1189 92 20 förvaras
894 1196 74 13 annor-

220 1222 72 19 städes
308 1225 25 16 än
349 1222 6 19 i
371 1221 94 26 Banken,
481 1221 54 21 skall
551 1222 60 20 alltid
629 1222 63 26 säljas
710 1222 28 26 på
753 1222 74 26 sjelfva
843 1223 125 27 förvarings-

220 1256 76 21 stället.

558 1303 10 22 $
586 1302 46 19 146.

290 1339 100 27 Samtlige
413 1339 140 29 Guvernörer,
576 1341 167 25 Domhafvande,
763 1341 124 27 Domstolar,
904 1343 64 26 Magi-

221 1376 76 18 strater
313 1374 39 19 och
368 1373 66 27 öfrige
458 1375 149 26 myndigheter
622 1375 39 20 och
676 1375 125 25 tjenstemän
819 1375 57 26 böra,
892 1377 6 18 i
914 1377 53 20 hvad

221 1408 28 26 på
272 1407 47 20 dem
342 1407 131 27 ankommer,
497 1409 96 19 meddela
616 1409 87 19 Banken
720 1409 64 26 laglig
800 1409 38 19 och
854 1409 114 26 skyndsam

222 1441 161 27 handräckning
398 1444 54 18 samt
467 1445 35 17 äro
517 1443 111 26 ansvarige
647 1443 32 19 för
694 1442 66 20 skada
775 1443 38 19 och
830 1443 79 27 förlust,
925 1451 43 13 som
