1078 1692
825 123 34 17 621

131 189 10 20 I
157 188 51 27 följd
232 188 61 20 häraf
313 188 85 20 komme
421 187 61 20 äfven
506 194 107 13 rummens
633 187 6 19 i
660 186 68 28 begge
752 187 130 27 våningarne

131 223 50 26 höjd
197 225 30 18 att
242 223 79 25 lämpas
342 222 52 20 efter
418 222 59 20 deras
501 222 128 20 förändrade
651 221 78 21 storlek
754 220 39 22 och
817 221 63 20 ända-

132 257 47 20 mål.

200 290 200 27 Hufvudsakligaste
412 290 168 27 anmärkningen
597 290 66 26 gäller
679 290 53 20 dock
750 290 40 20 den
807 289 73 27 betyd-

129 325 43 26 liga
187 325 89 20 kostnad
292 325 23 20 af
328 326 79 19 inemot
429 325 90 26 700,000
536 324 66 24 mark,
625 330 44 14 som
686 324 70 20 skulle
775 323 104 21 erfordras

129 359 33 20 för
177 359 130 27 uppförande
322 359 23 20 af
358 361 30 19 ett
404 358 101 27 bankhus,
521 359 67 27 enligt
603 359 36 19 det
653 358 23 20 af
691 358 142 26 Fullmäktige
849 358 31 19 in-

129 394 66 20 sända
217 394 89 26 förslag:
329 394 39 20 och
392 393 26 21 då
433 394 108 20 Utskottet
557 394 64 26 hyser
637 393 40 20 den
695 393 93 26 mening,
805 394 30 18 att
851 394 30 18 ett

130 428 110 27 tidsenligt
262 428 38 20 och
324 428 119 20 ändamålet
466 428 46 19 fullt
535 427 148 21 motsvarande
702 426 97 21 bankhus
815 426 65 21 borde

129 462 73 20 kunna
217 462 157 20 åstadkommas
390 462 31 20 för
436 468 26 14 en
478 462 50 20 vida
543 462 58 26 lägre
618 468 88 18 summa,
721 461 37 20 har
773 460 108 21 Utskottet

129 496 68 20 funnit
213 497 31 25 sig
264 496 48 20 icke
336 496 70 20 kunna
428 496 84 20 förorda
533 496 119 26 antagande
676 495 22 20 af
719 494 161 28 ifrågavarande

130 530 85 27 förslag.

198 565 122 20 Emellertid
337 568 22 16 är
374 564 107 21 Utskottet
496 564 130 26 fullkomligt
641 571 49 13 ense
708 564 46 20 med
770 564 108 20 Bankfull-

129 599 93 27 mäktige
238 600 78 25 derom,
332 601 30 18 att
377 599 156 27 uppbyggande
549 600 21 19 af
586 601 29 18 ett
630 601 46 24 nytt
687 598 110 27 tidsenligt
813 598 65 20 bank-

128 633 38 20 hus
181 636 23 17 är
219 633 113 27 högeligen
349 633 136 27 nödvändigt,
507 634 48 20 icke
577 634 53 20 blott
645 634 31 19 för
691 633 100 20 Bankens
807 632 71 20 säker-

129 668 41 25 het,
187 670 48 18 utan
252 668 61 20 äfven
338 668 30 20 för
392 668 143 26 befrämjande
558 668 23 20 af
602 668 47 20 dess
672 668 206 25 affärsverksamhet,

127 702 133 20 alldenstund
284 702 41 20 den
349 702 63 25 lokal,
429 702 85 20 Banken
537 702 32 20 för
590 702 132 20 närvarande
749 702 129 26 begagnar
866 698 17 35 i

127 736 143 26 Senatshuset,
285 736 47 20 icke
355 736 97 26 erbjuder
475 736 64 26 nödig
559 736 99 20 säkerhet
673 736 94 20 hvarken
785 739 43 17 mot
844 736 33 20 eld

126 770 52 20 eller
193 771 85 25 inbrott,
294 770 52 21 eller
368 770 32 20 för
418 770 63 27 öfrigt
505 772 117 18 motsvarar
645 771 25 20 de
693 771 106 27 billigaste
822 770 55 21 ford-

126 805 71 27 ringar
213 805 26 26 på
256 805 156 26 beqvämlighet
427 804 39 20 och
482 804 168 28 ändamålsenlig
666 805 119 27 inredning.

193 839 76 20 Likaså
292 839 58 20 delar
375 838 106 21 Utskottet
504 839 152 26 Fullmäktiges
672 839 55 27 åsigt
742 840 134 25 derutinnan,

125 875 31 18 att
174 873 3 19 i
194 873 86 20 Banken
298 873 31 20 för
344 873 36 20 det
396 873 130 20 närvarande
550 873 75 26 finnas,
641 873 31 20 för
698 873 58 20 detta
778 873 98 20 ändamål

124 907 134 27 tillräckliga,
282 907 152 26 odisponerade
459 907 76 26 medel,
557 907 73 20 hvilka
652 910 50 17 utan
722 907 102 21 afsaknad
846 907 31 20 för

125 941 98 20 Bankens
239 941 79 20 rörelse
334 941 71 20 kunna
420 942 6 19 i
442 941 74 27 antydt
531 942 55 26 syfte
602 942 114 19 användas.

192 975 61 20 Hvad
269 975 45 22 åter
329 975 65 27 angår
410 975 101 27 tomtplan
528 976 31 19 för
575 976 35 19 det
624 976 120 26 föreslagna
756 982 42 20 nya
809 975 66 20 bank-

123 1010 67 25 huset,
206 1009 74 27 finnes,
296 1010 66 26 enligt
384 1009 117 21 Utskottets
525 1011 94 25 mening,
634 1009 48 20 icke
706 1009 69 28 någon
798 1009 76 20 fördel-

122 1044 97 27 aktigare
238 1046 53 18 tomt
316 1046 30 18 att
371 1044 65 27 tillgå,
461 1047 25 17 än
513 1045 41 19 den
579 1044 23 20 af
621 1043 194 27 Bankfullmäktige
834 1044 40 19 för-

121 1078 88 21 ordade.

191 1112 69 21 Sedan
277 1112 107 20 Utskottet
399 1113 68 19 funnit
482 1113 32 26 sig
530 1112 48 20 icke
601 1112 72 20 kunna
695 1112 116 26 godkänna
833 1112 40 19 den

121 1147 118 26 uppgjorda
255 1147 107 26 ritningen
379 1147 29 19 till
426 1149 29 18 ett
471 1146 102 26 bankhus,
595 1147 51 19 aflät
668 1146 108 21 Utskottet
791 1146 40 20 den
850 1146 23 19 19

120 1181 103 20 sistvikne
247 1181 55 20 Mars
325 1187 26 14 en
375 1181 140 26 promemoria
535 1181 30 20 till
585 1177 159 24 Öfverdirektör
760 1181 113 26 Dalström,

121 1215 44 19 deri
181 1215 115 26 Utskottet,
313 1215 46 20 med
376 1215 152 20 framhållande
543 1215 24 20 af
580 1215 35 20 det
631 1215 159 26 ofvananförda,
801 1214 71 21 anhöll

120 1249 35 20 det
171 1249 41 19 han
228 1249 50 20 ville
300 1252 95 24 uppgöra
417 1252 78 17 tvenne
511 1249 70 20 skilda
596 1249 143 26 provisionela
754 1249 72 20 utkast
841 1249 30 20 till

119 1285 30 18 ett
171 1283 75 20 sådant
269 1283 97 27 billigare
389 1284 96 19 bankhus
505 1284 23 19 af
548 1286 45 18 sten
615 1283 66 20 under
696 1283 94 27 jerntak,
804 1284 67 25 jemte

117 1317 92 20 eskisser
224 1317 40 21 och
280 1317 104 27 kalkyler,
400 1318 36 19 det
451 1325 40 13 ena
518 1318 67 27 enligt
608 1325 80 13 samma
711 1318 69 20 solida
803 1318 67 27 bygg-

118 1351 140 26 nadssystem,
281 1358 44 14 som
350 1353 35 19 det
408 1352 148 27 ursprungliga
579 1352 100 27 förslaget
700 1353 47 19 med
768 1352 102 21 takstolar

118 1386 38 19 och
175 1386 92 26 bjelklag
283 1386 23 20 af
316 1387 48 25 jern
380 1387 59 19 öfver
462 1387 48 19 hela
531 1386 67 26 huset,
619 1393 48 13 men
683 1387 31 19 till
730 1387 71 20 husets
817 1388 51 19 stor-

116 1420 35 20 lek
168 1420 87 25 ungefär
271 1427 25 13 en
313 1421 103 26 tredjedel
432 1421 91 25 mindre;
541 1421 39 20 och
596 1421 36 20 det
646 1421 66 20 andra
724 1421 81 26 jemväl
816 1421 52 20 min-

117 1455 36 19 dre
164 1457 26 17 än
202 1454 118 21 änberörda
329 1455 65 20 första
404 1455 111 26 ritningar,
527 1462 48 13 men
591 1455 54 20 efter
660 1455 80 20 sådana
755 1455 113 27 principer,
