1078 1692
214 118 35 18 616

261 181 31 20 till
309 181 67 20 andre
386 180 318 26 Bankfullmäktigssuppleant:
718 180 139 22 Handlanden
874 182 6 20 i
895 182 49 20 Hel-

192 216 98 26 singfors,
306 215 46 20 vice
369 214 104 26 Konsuln,
488 214 186 20 Kommerserädet
689 214 58 21 Carl
767 215 119 21 Wilhelm
906 216 39 26 Ig-

193 250 85 20 natius
294 249 136 25 Sundman;
446 250 54 18 samt

257 284 37 20 till
310 284 68 26 tredje
389 282 319 27 Bankfullmäktigssuppleant:
720 283 139 21 Handlanden
874 284 6 20 i
897 284 49 20 Hel-

193 318 99 27 singfors,
308 318 47 20 vice
371 317 96 20 Konsuln
482 317 115 20 Leonard
613 317 155 27 Borgström;

263 352 31 20 till
317 352 153 20 Bankrevisor:
495 351 140 21 Handlanden
659 352 7 19 i
691 352 132 27 Helsingfors
847 353 100 20 Feodor

183 386 135 26 "Kiseleff;

264 420 30 20 till
311 420 64 20 förste
391 420 279 26 Bankrevisorssuppleant:
685 420 140 20 Handlanden
837 421 5 19 i
855 420 92 20 Nikolai-

195 455 53 24 stad,
263 454 186 20 Kommerserädet
466 454 95 27 August
577 454 148 20 Alexander
740 454 93 26 Levön;

264 489 32 19 till
315 488 66 20 andre
403 488 274 27 Bankrevisorssuppleant:
700 488 140 20 Handlanden
863 489 6 19 i
892 482 56 32 Äbo,

196 523 46 20 vice
260 523 93 20 Konsuln
369 522 65 20 John
449 522 82 26 Julin;
546 525 54 17 samt

264 557 32 19 till
312 556 68 27 tredje
396 556 275 27 Bankrevisorssuppleant:
688 556 138 20 Handlanden
847 557 6 19 i
874 557 73 20 Kristi-

197 591 81 26 nestad,
294 591 47 20 vice
357 590 94 21 Konsuln
468 590 58 20 Otto
542 590 99 21 Samuel
657 590 145 20 Wendelin.

451 654 59 20 inom
524 654 172 20 Bondeständet:

266 694 31 20 till
321 694 192 26 Bankfullmäktig:
537 694 136 20 Translatorn
697 694 31 20 för
752 694 67 20 finska
838 694 86 26 spräket
942 695 6 19 i

198 730 78 19 Eders
303 728 145 27 Kejserliga
475 728 130 26 Majestäts
628 728 64 21 Senat
715 728 31 20 för
768 728 96 26 Finland,
886 735 18 14 e
929 735 19 14 o.

197 763 93 21 Lektorn
306 763 35 19 vid
358 762 133 20 Alexanders
505 762 152 20 Universitetet
672 762 58 20 Carl
746 762 90 20 Gustaf
850 762 73 28 Borg;

266 797 32 20 till
321 797 65 19 förste
408 792 317 31 Bankfullmäktigssuppleant:
747 796 121 20 Professorn
889 797 4 19 i
905 797 42 19 all-

199 835 47 16 män
263 832 86 19 historie
365 831 37 20 vid
420 831 133 20 Alexanders
573 831 157 25 Universitetet,
751 830 103 20 Historisk
871 831 76 20 Filolo-

197 865 47 27 gisk
261 865 95 20 Doktorn
374 865 83 26 Georg
473 865 136 20 Zacharias
625 865 130 24 Forsman;

266 899 32 20 till
321 900 65 19 andre
410 899 314 26 Bankfullmäktigssuppleant:
740 898 208 26 Landthushällaren,

197 933 191 21 Kommunalrädet
403 933 61 20 Erik
479 933 82 20 Johan
578 933 114 25 Strähle;
708 934 53 18 samt

266 968 32 19 till
322 967 67 26 tredje
408 967 315 26 Bankfullmäktigssuppleant:
739 967 209 26 Landthushällaren,

199 1002 97 20 Filosofie
313 1002 115 27 Magistern
444 1001 89 20 Daniel
548 1001 99 20 Edvard
662 1001 113 20 Joachim
793 1001 127 25 Duncker;

267 1036 31 19 till
307 1035 153 20 Bankrevisor:
472 1035 210 25 Landthushällaren,
690 1035 188 20 Kommunalrådet
892 1035 13 20 A
909 1042 38 20 ga-

198 1071 59 20 thon
275 1071 137 24 Meurman;

268 1105 32 20 till
315 1105 64 20 förste
395 1103 276 26 Bankrevisorssuppleant:
687 1102 87 21 Bonden
785 1102 79 21 Johan
876 1103 72 20 Idän-

199 1138 197 27 pää-Heikkilä;

268 1173 31 20 till
314 1173 66 20 andre
394 1171 274 27 Bankrevisorssuppleant:
684 1171 201 20 Landthushällaren
903 1172 44 21 Ab-

199 1207 46 20 don
262 1207 88 20 Alfred
367 1205 137 27 Lindberg;
523 1207 54 18 samt

267 1241 33 20 till
315 1241 67 26 tredje
398 1240 278 27 Bankrevisorssuppleant:
687 1239 97 21 Ständets
796 1240 46 20 vice
853 1241 95 26 Talman,

198 1275 88 20 Bonden
303 1275 58 20 Karl
376 1275 81 20 Johan
473 1274 86 20 Slotte.

267 1315 101 20 Finlands
384 1314 90 21 Ständer
489 1314 121 20 framhärda
625 1316 39 18 etc.

267 1355 139 27 Helsingfors,
422 1355 41 20 den
479 1355 26 20 30
520 1355 42 26 Maj
579 1355 62 20 1872.
