1078 1692
239 122 22 17 18

219 186 75 19 medel.
324 185 107 20 Utskottet
450 185 37 19 har
505 185 83 19 derföre
610 186 27 19 uti
657 186 35 19 sitt
714 185 104 20 särskilda
835 184 132 20 betänkande

217 220 111 26 angående
345 219 116 27 utgörande
479 219 22 19 af
515 219 116 27 bevillning
651 220 31 19 för
701 219 207 20 folkskoleväsendet
931 226 35 12 un-

218 254 36 19 der
271 253 141 20 instundande
428 253 77 20 femårs
521 254 72 25 period
615 254 113 26 föreslagit,
749 256 30 17 att
799 253 89 19 berörda
906 253 61 19 andel

218 288 22 19 af
254 288 224 25 skolöfverstyrelsens
493 290 41 17 stat
550 288 45 19 från
612 288 38 20 och
668 288 45 20 med
730 288 22 18 är
771 288 51 18 1873
840 287 62 19 borde
916 287 50 19 min-

217 322 49 19 skas
283 321 47 20 med
347 322 62 24 7,000
426 321 65 25 mark,
508 321 82 20 hvartill
607 322 121 26 aflöningen
740 322 31 19 för
786 328 24 13 en
823 321 143 25 öfverinspek-

218 358 32 17 tor
267 355 86 26 uppgår.

286 389 32 19 Då
334 390 28 18 uti
387 390 56 19 Hans
462 389 119 27 Kejserliga
601 390 105 25 Majestäts
728 390 30 18 till
780 390 70 19 denna
868 389 100 26 landtdag

217 422 79 20 aflåtna
311 423 83 26 Nådiga
410 424 130 25 proposition
557 424 110 26 angående
683 424 115 26 utgörande
815 423 22 19 af
851 423 116 26 bevillning

218 457 30 19 för
267 458 52 18 1873
336 458 39 18 och
392 457 120 26 påföljande
532 458 23 19 år
574 458 35 19 det
630 458 140 20 öfverlemnas
789 458 30 18 till
840 457 127 19 Ständernas

219 492 164 25 bestämmande,
400 498 33 13 om
449 491 48 20 ieke
513 492 26 19 de
557 492 88 23 486,299
663 492 57 19 mark
738 492 24 20 25
784 492 69 26 penni,
873 498 43 13 som
933 491 34 19 vid

217 526 145 19 innevarande
386 526 32 18 ärs
443 526 78 25 utgäng
543 526 111 19 beräknats
680 526 64 19 blifva
766 525 118 26 disponibla
905 526 7 18 i
933 526 33 18 dei

218 559 44 19 frän
281 559 210 26 bevillningsmedlen
509 559 104 26 utgäende
629 560 72 26 anslag
717 560 30 18 till
766 560 201 19 kommunikations-

217 594 111 19 anstalters
345 593 126 25 inrättande,
492 593 77 26 kunde,
589 594 6 18 i
617 594 95 26 förening
731 594 46 19 med
802 593 120 26 uppkomna
938 594 28 18 öf-

219 628 93 19 verskott
328 628 6 19 i
352 627 303 26 bränvinsbränningsafgiften
672 628 107 19 användas
795 628 31 19 till
846 629 29 19 att
894 628 12 18 &
926 628 40 19 för-

218 662 123 26 fallodagen
358 662 40 18 den
417 662 8 18 1
443 661 117 19 December
578 662 51 18 1873
646 662 68 18 inlösa
730 662 25 19 de
772 662 29 18 till
822 662 50 19 1865
888 662 32 19 ärs
936 662 30 18 in-

218 696 94 24 hemska,
330 695 65 20 under
411 695 126 19 Ständernas
554 696 82 25 garanti
652 698 106 24 upptagna
774 695 134 26 jernvägslän
931 696 35 19 hö-

217 730 65 19 rande
299 730 146 25 obligationer,
466 730 36 19 har
522 730 107 25 utskottet,
652 736 44 14 som
716 730 30 19 för
765 730 31 19 sin
817 730 33 19 del
867 730 99 25 tillstyrkt

217 767 30 16 att
264 764 36 20 det
315 764 119 25 föreslagna
453 765 62 18 sättet
536 763 31 19 för
586 764 63 26 sagde
670 764 44 19 läns
738 764 111 19 betalande
869 764 62 19 mätte
948 764 22 18 af

218 798 118 19 Ständerna
354 798 130 25 godkännas,
509 800 68 17 ansett
601 798 34 19 det
659 804 49 13 vara
730 798 46 19 dess
796 798 126 26 skyldighet,
938 799 30 17 att

218 832 98 19 särskildt
332 832 92 25 granska
441 832 172 19 beskaffenheten
631 832 22 19 af
666 832 26 19 de
709 832 90 25 utgifter,
817 838 42 13 som
880 831 88 19 medelst

220 866 52 19 1865
289 865 33 20 års
335 865 138 26 jernvägslän
491 866 103 19 bestridts.
611 865 43 20 Och
671 866 37 19 har
724 865 100 20 utskottet
835 865 71 20 härvid
918 865 48 19 icke

219 900 80 19 kunnat
315 900 71 25 undgå
401 902 29 17 att
446 900 116 25 framhålla,
579 903 27 16 att
624 900 61 19 bland
702 900 26 19 de
744 899 46 20 med
806 899 160 26 ifrågavarande

218 934 119 19 länemedel
354 934 107 19 bestridda
476 934 84 25 utgifter
577 934 130 19 förekomma
723 933 76 26 65,180
816 933 57 20 mark
890 934 12 19 4
918 940 48 19 pen-

219 969 20 18 ni
256 968 30 19 till
303 968 113 26 byggande
431 968 22 19 af
468 975 23 12 en
511 967 76 20 bibana
603 968 44 19 från
660 967 130 20 Tavastehus
801 967 75 20 station
892 967 12 19 &
919 967 48 19 Hel-

218 1002 118 26 singfors—-
345 1002 125 19 Tavastehus
493 1002 89 25 jernväg
610 1002 29 19 till
664 1001 136 26 Wanajavesi
821 1001 37 26 sjö,
882 1001 85 19 hvilken

219 1037 63 25 utgift
297 1036 111 26 rätteligen
426 1035 47 20 icke
489 1035 64 20 borde
574 1035 97 20 bekostas
692 1035 46 20 med
764 1035 204 26 bevillningsmedel,

220 1073 50 16 enär
287 1070 70 20 denna
373 1070 32 19 del
422 1070 23 19 af
457 1070 191 26 statsjernvägarne
665 1071 4 18 i
686 1070 63 25 öfrigt
760 1069 47 20 icke
819 1069 68 19 blifvit
899 1069 69 26 byggd

220 1105 47 19 med
284 1105 22 19 af
320 1104 116 20 Ständerna
451 1104 139 26 garanterade
607 1104 33 19 lån
656 1104 38 19 och
707 1103 144 20 inkomsterna
862 1103 45 19 från
919 1103 49 19 den-

218 1145 81 13 samma
316 1138 81 20 derföre
414 1139 18 24 ej
450 1138 65 19 heller
534 1138 20 19 få
573 1140 22 17 af
612 1138 117 19 Ständerna
751 1137 96 26 förfogas.
882 1137 40 20 För
939 1137 29 20 öf-

219 1173 39 26 rigt
277 1173 36 19 har
330 1172 101 19 utskottet
440 1173 67 18 funnit
519 1172 221 26 bevillningsmedlens
752 1171 144 25 användande,
909 1171 59 19 hvar-

218 1213 32 12 om
268 1207 102 19 utskottet
385 1206 60 19 utber
460 1206 31 26 sig
508 1206 20 19 få
539 1206 87 19 hänvisa
642 1206 29 19 till
688 1205 146 26 uppgifterna
832 1201 10 35 i
849 1205 119 25 åberopade

218 1241 97 19 Relation
336 1243 54 17 samt
409 1240 142 26 nyssnämnda
572 1240 82 26 Nådiga
675 1239 136 26 proposition,
834 1239 62 19 hafva
916 1239 52 19 varit

218 1275 231 19 öfverensstämmande
466 1274 46 19 med
529 1273 127 20 Ständernas
673 1273 72 20 derom
762 1273 78 19 fattade
862 1273 72 23 beslut,
946 1272 23 19 så

218 1312 30 17 att
269 1309 64 26 något
354 1309 72 19 vidare
445 1308 98 26 yttrande
563 1308 5 19 i
589 1308 56 19 detta
665 1307 101 20 afseende
792 1306 43 19 från
859 1307 110 19 utskottets

220 1343 45 20 sida
281 1343 47 19 icke
345 1343 59 18 torde
420 1339 110 22 erfordras.

289 1376 170 20 Vidkommande
483 1376 26 19 de
529 1376 151 25 räkenskaper,
704 1382 43 12 som
773 1377 115 23 upprättats
910 1376 58 18 öfver

220 1410 300 26 bränvinsbränningsskatten
537 1410 39 19 och
592 1410 81 19 inlösen
688 1409 23 19 af
720 1409 249 26 lägenhetsinnehafvare

219 1445 12 20 å
246 1445 73 19 landet
338 1444 94 25 tillhörig
452 1443 308 26 bränvinsbränningsredskap
784 1442 21 19 af
825 1442 86 26 koppar,
933 1443 36 19 har
