1078 1692
789 134 34 18 349

96 201 77 20 genom
189 195 93 20 ökandet
296 195 23 20 af
332 195 96 20 bankens
447 195 69 20 förråd
533 196 24 20 af
569 196 56 26 goda
640 198 132 25 statspapper
786 198 12 19 å
813 200 30 17 ut-

97 229 85 20 ländskt
198 232 64 24 mynt,
276 230 66 26 jemte
358 230 35 19 det
416 230 65 26 sagde
498 230 152 28 behållningar,
670 232 58 19 detta
751 232 93 26 oaktadt,

96 264 83 19 saldera
201 264 46 20 med
270 264 84 26 belopp,
370 270 44 13 som
430 270 85 14 snarare
531 264 70 20 kunna
617 272 61 13 anses
693 266 32 19 för
740 266 61 27 höga,
817 269 25 17 än

97 298 31 20 för
143 298 52 26 små,
211 298 37 20 har
263 298 102 20 utskottet
380 298 68 20 funnit
464 298 31 26 sig
510 298 23 21 så
549 298 85 27 mycket
653 300 81 19 mindre
754 306 38 20 ega
807 306 36 14 an-

96 332 87 26 ledning
198 332 31 21 till
245 332 141 26 anmärkning
394 334 57 18 emot
459 332 138 20 omförmälda
613 333 109 27 betydliga
736 334 77 26 import
823 336 24 18 af

97 367 78 25 metall,
191 373 43 14 som
251 366 101 20 utskottet
366 366 77 26 jemväl
459 366 60 20 delar
534 367 142 27 fullmäktiges
691 368 107 21 förmodan
807 371 36 24 att,

96 401 43 19 ifall
155 401 118 26 föreslagen
289 400 126 26 indragning
431 400 22 20 af
467 401 96 20 sedlarne
579 401 12 20 å
602 402 11 19 3
626 402 70 20 marks
712 403 58 20 valör
784 404 58 19 kom-

97 442 43 12 mer
165 435 31 19 till
223 434 164 27 verkställighet,
410 434 133 28 silfvermynt
568 435 54 20 skall
640 436 54 20 ifrån
714 436 83 21 banken
813 440 30 17 ut-

96 471 99 18 strömma
210 469 6 19 i
232 468 106 20 allmänna
360 468 93 20 rörelsen
477 469 31 19 till
531 470 48 19 vida
595 472 65 18 större
677 470 83 27 belopp,
776 474 25 17 än
817 472 26 19 de

98 503 109 26 1,805,210
224 503 57 19 mark
298 503 26 19 50
340 503 71 26 penni,
427 509 42 13 som
487 503 67 27 enligt
571 504 52 20 Tab.
638 504 49 20 XVI
700 505 69 41 ye
784 512 59 13 sena-

95 539 31 18 ste
141 538 47 26 fyra
203 537 23 20 år
241 537 68 20 blifvit
324 537 38 20 hos
378 536 83 20 banken
478 538 119 20 utvexlade.

163 571 67 20 Bland
246 571 26 20 de
288 571 22 19 af
323 571 193 27 Bankfullmäktige
535 572 100 26 vidtagna
650 572 39 20 och
705 573 7 19 i
732 573 60 20 deras
809 574 33 20 be-

95 606 86 19 rättelse
197 605 97 19 anmälda
316 605 104 26 åtgärder,
436 605 37 19 har
492 605 102 20 utskottet
609 608 63 24 egnat
687 607 89 20 särskild
792 614 50 20 upp-

96 640 142 20 märksamhet
253 640 21 19 åt
289 639 39 20 den
345 640 6 18 i
368 641 9 22 $
394 640 12 19 5
422 639 87 20 anförda
532 640 155 26 behandlingen
711 642 23 19 af
748 642 93 20 bankens

95 674 76 20 osäkra
186 674 124 26 fordringar,
326 673 109 30 angående
456 673 73 20 hvilka
551 674 64 20 redan
631 675 100 20 härofvan
748 676 93 20 förekom

95 708 114 26 anledning
224 708 31 19 till
270 708 105 26 yttrande.
405 707 41 20 Det
468 707 110 27 iakttagna
600 708 136 26 förfarandet,
752 712 30 17 att
797 710 44 20 från

96 742 107 20 böckerna
224 742 101 20 afskrifva
347 741 79 20 sådana
447 741 192 27 fordringsbelopp,
659 742 13 20 &
691 743 72 20 hvilka
784 744 57 20 såväl

94 776 208 20 Bankodirektionen
326 782 43 14 som
392 776 132 20 revisorerne
548 776 38 20 och
610 776 132 28 fullmäktige
760 778 83 26 pröfvat

94 812 30 18 att
138 811 48 20 icke
203 810 65 26 något
282 816 57 14 mera
358 810 41 20 kan
420 810 111 26 påräknas,
547 812 53 18 samt
615 812 30 18 att
660 811 69 20 tillika
744 812 44 20 från
805 812 36 20 ak-

94 845 43 19 tiva
153 844 93 20 bortföra
260 844 41 20 och
316 844 74 20 endast
408 846 55 17 utom
487 844 86 19 kolumn
597 845 113 20 observera
726 845 26 20 de
767 846 76 20 osäkra

94 879 123 26 fordringar,
234 879 31 19 för
281 878 82 19 hvilkas
378 877 105 26 infående,
499 884 34 13 om
549 877 40 21 ock
605 878 31 19 till
653 879 80 20 mindre
750 879 40 27 del,
806 883 35 17 än-

94 920 25 13 nu
137 913 71 26 några,
224 913 65 19 ehuru
305 918 64 20 svaga
392 911 166 26 förhoppningar
580 911 83 27 återstå,
680 913 66 20 finner
763 914 78 20 utskot-

93 950 30 17 tet
137 953 50 14 vara
203 946 127 27 fullkomligt
345 945 73 27 riktigt
430 945 39 20 och
478 945 91 20 ledande
585 946 31 20 till
632 947 85 20 säkrare
733 948 64 27 insigt
807 955 34 13 om

93 981 95 20 bankens
212 981 95 26 verkliga
322 980 105 25 ställning,
443 982 25 17 än
484 979 6 20 i
507 979 108 26 händelse,
635 980 68 21 såsom
720 981 54 20 förut
788 982 53 19 iakt-

94 1017 51 24 togs,
162 1015 53 19 både
231 1015 26 19 de
273 1014 111 20 värdelösa
399 1013 39 20 och
454 1013 25 20 de
496 1020 65 20 svaga
577 1014 205 27 fordringsposterna
792 1016 48 20 fort-

93 1049 86 20 farande
209 1051 103 24 upptoges
341 1048 63 20 bland
435 1047 95 20 bankens
561 1048 99 20 effektiva
688 1049 153 27 behållningar.

93 1084 56 19 Huru
165 1085 57 18 stora
236 1083 98 20 förluster
349 1085 55 16 ännu
427 1081 71 20 kunna
514 1088 51 13 vara
580 1084 30 18 att
625 1085 90 18 emotses
730 1084 13 19 å
758 1084 26 19 de
800 1084 40 19 for-

93 1118 92 26 dringar,
201 1124 51 18 som,
268 1117 65 20 ehuru
349 1116 26 26 på
391 1115 112 27 utsökning
519 1116 40 19 och
575 1116 158 27 konkursliqvid
754 1117 86 21 beroen-

93 1152 32 25 de,
141 1155 36 16 äro
195 1151 63 20 bland
275 1150 93 21 bankens
392 1150 72 20 aktiva
486 1150 148 26 qvarstående,
649 1151 60 20 torde
725 1152 49 26 föga
789 1152 51 19 kun-

93 1192 26 13 na
141 1185 48 20 med
213 1185 69 26 någon
306 1185 98 20 säkerhet
429 1185 123 26 förutsägas.
587 1185 106 20 Utskottet
716 1185 31 20 får
761 1186 7 19 i
784 1186 57 20 detta

92 1219 121 20 hänseende
235 1219 75 20 endast
332 1219 83 19 anmäla
433 1220 36 24 att,
490 1219 67 26 enligt
577 1219 124 20 meddelade
717 1220 122 26 upplysnin-

91 1261 44 19 gar,
151 1253 89 20 berörde
256 1253 97 20 förluster
376 1253 163 26 approximativt
557 1253 111 20 beräknats
684 1253 72 20 kunna
771 1255 70 26 uppgå

91 1289 31 19 till
137 1287 99 27 omkring
252 1287 79 20 hälften
348 1287 22 20 af
384 1287 63 26 sagde
463 1287 130 26 fordringars
616 1287 76 26 belopp
709 1288 51 20 eller
775 1295 64 20 unge-

91 1323 30 19 fär
140 1322 38 26 1!/,
194 1323 12 18 å
223 1322 13 19 2
256 1322 104 19 millioner
384 1321 65 20 mark.
479 1321 76 20 Derest
580 1321 70 20 denna
676 1322 116 27 beräkning
817 1326 23 17 är

91 1357 70 25 riktig,
177 1355 67 20 skulle
260 1355 82 20 således
359 1355 94 20 bankens
469 1355 121 26 grundfond
601 1356 40 19 och
651 1356 124 21 reservfond
786 1364 53 13 sam-

91 1390 118 26 manlagda,
226 1390 51 19 eller
293 1389 94 20 bankens
403 1389 47 20 hela
469 1389 99 20 behållna
589 1389 79 26 kapital
685 1390 35 19 vid
737 1391 53 20 1872
806 1391 33 20 års

89 1424 79 27 ingång
183 1426 75 24 utgöra
273 1423 97 27 omkring
388 1423 123 26 10,300,000
528 1425 13 18 &
558 1424 124 25 10,800,000
702 1424 65 20 mark.

157 1458 35 20 Uti
208 1460 22 22 $$
248 1458 24 19 13
288 1458 39 20 och
346 1458 24 19 14
386 1458 22 19 af
421 1457 128 21 berättelsen
565 1458 63 20 hafva
646 1458 193 29 Bankfullmäktige
