1078 1692
222 113 36 19 328

200 177 122 20 hänseende
338 177 31 19 till
385 177 40 20 den
441 177 72 26 längre
529 177 30 19 tid
574 177 136 20 Rosenström
729 176 92 20 afhållits
837 176 45 21 från
898 178 52 19 utöf-

201 211 79 27 ningen
297 211 23 20 af
332 211 32 20 sin
381 212 69 26 tjenst,
466 211 72 20 vidare
554 218 76 13 ansvar
645 211 32 19 för
692 211 77 20 honom
788 211 54 27 egde
857 218 53 14 rum.
958 213 19 17 9

270 245 95 20 Emedan
389 245 99 20 'kassören
514 246 135 19 Rosenström
670 245 67 19 under
758 245 137 27 rättegången
912 246 40 19 för-

202 279 40 20 sålt
266 286 25 13 en
316 280 76 19 honom
416 280 93 26 tillhörig
532 280 50 26 gård
599 280 6 19 i
622 280 70 20 denna
714 279 52 26 stad,
782 280 37 19 har
834 279 120 20 sedermera

202 314 34 19 vid
254 314 84 19 stadens
358 313 160 21 Rådstufvurätt
533 314 12 20 å
561 314 95 20 bankens
672 316 79 24 vägnar
767 313 74 20 utförts
857 313 96 27 påståen-

202 347 26 21 de
244 354 35 14 om
301 348 91 20 nämnde
415 348 52 26 köps
484 348 107 26 återgång,
606 348 66 26 jemte
688 348 36 19 det
740 347 67 20 tillika
822 348 73 26 yrkats
910 348 40 19 Ro-

203 383 114 19 senströms
333 382 93 20 fällande
449 382 31 20 till
503 388 75 14 ansvar
601 382 32 19 för
654 382 176 26 seqvesterbrott;
854 388 46 13 men
916 388 36 20 ge-

203 422 49 13 nom
269 416 67 26 utslag
352 416 23 19 af
388 416 40 20 den
446 416 25 19 14
487 416 106 19 nästlidne
608 416 118 20 December
738 418 22 17 är
773 416 70 20 denna
859 416 93 20 bankens

202 450 57 20 talan
275 450 23 19 af
310 450 184 20 Rådstufvurätten
506 450 113 20 förkastad.

272 484 123 20 Emellertid
414 484 37 20 har
469 484 100 20 kassören
593 484 134 20 Rosenström
744 484 38 20 hos
797 484 156 20 Bankfullmäk-

204 518 43 26 tige
264 518 75 20 ansökt
354 525 35 13 om
406 518 91 27 eftergift
513 518 22 20 af
548 518 156 20 ofvannämnde
725 518 75 20 honom
817 518 90 20 ådömda
922 524 30 14 er-

204 552 229 27 sättningsskyldighet
448 554 61 25 samt,
525 552 64 20 sedan
613 551 193 27 Bankfullmäktige
827 559 74 20 genom
918 553 34 19 be-

204 587 41 19 slut
261 587 23 19 af
298 587 40 20 den
354 587 27 20 20
397 587 100 20 Februari
523 587 50 19 1871
600 586 100 20 förklarat
723 586 89 20 berörde
835 587 119 26 ansökning

204 620 59 27 ligga
288 623 55 18 utom
370 621 204 26 Bankfullmäktiges
601 620 127 27 befogenhet
752 622 31 18 att
804 623 97 25 upptaga,
918 622 36 19 hos

204 654 58 20 Hans
277 655 119 27 Kejserliga
411 656 96 25 Majestät
522 656 6 18 i
545 655 168 26 underdånighet
728 655 89 19 anhållit
831 662 33 13 om
881 656 72 20 afsked

205 689 47 19 från
273 690 89 26 tjensten
387 690 46 19 med
457 690 122 26 åtnjutande
595 690 23 19 af
631 689 96 26 pension,
743 689 58 20 öfver
817 690 85 20 hvilken
918 697 36 13 an-

206 723 70 20 hållan
293 724 193 26 Bankfullmäktige
503 724 69 20 blifvit
587 724 65 19 hörde
668 723 39 20 och
724 724 5 18 i
747 724 131 26 underdånig
894 724 60 20 skrif-

206 757 58 20 velse
279 758 23 19 af
316 758 40 20 den
372 759 26 19 27
415 758 127 20 sistförlidne
551 758 127 25 November,
692 758 66 26 jemte
772 758 34 19 det
816 758 138 27 Fullmäktige

205 791 48 20 icke
277 792 68 20 funnit
371 792 63 27 något
456 794 29 18 att
510 792 100 26 påminna
635 795 57 17 emot
716 792 238 26 afskedsansökningen,

206 826 112 26 hemställt,
338 826 102 20 huruvida
462 827 143 24 Rosenström,
621 827 5 18 i
643 826 138 19 betraktande
797 826 22 19 af
832 826 54 19 hvad
902 826 7 19 i
925 826 29 19 of-

206 860 121 19 vannämnd
351 860 64 20 måtto
431 863 56 17 emot
501 860 77 20 honom
597 860 148 25 förekommer,
762 859 69 21 kunde
847 867 61 13 anses
924 860 30 19 till

205 893 41 20 den
263 893 23 20 af
299 894 77 20 honom
396 894 95 27 ansökta,
507 895 22 19 af
544 894 94 21 bankens
660 894 68 20 medel
747 894 103 26 utgående
866 895 87 25 pension

207 927 124 27 berättigad.

275 962 63 20 Detta
352 963 79 20 ärende
447 963 60 20 beror
525 963 32 20 för
576 963 130 20 närvarande
722 962 27 26 på
765 962 56 19 Hans
837 962 117 27 Kejserliga

207 995 107 26 Majestäts
329 996 83 27 Nådiga
428 997 103 26 pröfning.

555 1061 10 22 S
581 1059 34 20 21.

275 1098 69 20 Sedan
360 1098 193 27 Bankfullmäktige
569 1099 6 19 i
591 1098 133 26 underdänig
739 1097 110 21 skrifvelse
859 1098 29 20 till
900 1098 56 20 Hans

206 1132 121 27 Kejserliga
341 1133 98 25 Majestät
453 1133 23 19 af
489 1133 40 19 den
552 1133 23 19 19
596 1132 124 26 September
739 1132 53 19 1868
808 1132 92 20 förordat
914 1132 41 20 Nä-

207 1166 45 26 digt
268 1166 58 20 bifall
342 1167 31 19 till
388 1167 191 25 Bankdirektören,
596 1172 86 14 numera
697 1166 102 20 Senatorn
811 1166 74 20 Albert
896 1167 59 19 Wer-

207 1206 35 13 ner
258 1200 103 27 Nykopps
377 1201 74 26 gjorda
473 1200 118 27 ansökning
611 1207 33 13 om
660 1199 158 27 tjenstledighet
834 1201 65 19 under
915 1201 39 19 den

205 1233 30 20 tid
251 1233 173 22 handhafvandet
438 1235 23 20 af
475 1234 235 27 byrächefsgöromälen
730 1234 35 19 vid
783 1234 172 27 Jernvägsdirek-

207 1269 71 20 tionen
300 1269 70 20 kunde
393 1269 78 20 honom
494 1269 113 26 ombetros,
623 1271 52 17 samt
698 1268 70 19 tillika
782 1268 31 19 till
829 1268 126 21 bankdirek-

207 1303 147 20 törsembetets
371 1303 134 20 bestridande
521 1303 66 20 under
602 1303 40 20 den
659 1303 61 19 sökta
735 1302 119 27 ledigheten
870 1303 86 20 föresla-

206 1337 31 26 git
252 1337 275 26 Protokollssekreteraren,
543 1343 86 14 numera
648 1337 115 19 Assessorn
780 1337 64 19 Frans
859 1337 98 25 Krogius,

207 1371 37 20 har
260 1371 125 20 omförmäld
401 1371 158 26 tjenstledighet
575 1371 68 20 blifvit
659 1370 182 20 Bankdirektören
864 1371 92 26 Nykopp

207 1405 6 19 i
228 1405 72 20 Näder
317 1405 91 26 beviljad
424 1405 39 20 och
479 1405 265 20 Protokollssekreteraren
761 1404 88 26 Krogius
868 1405 30 19 till
914 1411 42 13 em-

207 1439 69 20 betets
292 1439 134 20 bestridande
441 1439 66 20 under
522 1439 57 20 tiden
592 1439 124 20 förordnats.
