1078 1692
803 124 33 18 233

504 189 15 27 $
534 190 35 20 30.

279 228 15 21 I
311 228 77 28 hvarje
406 229 47 20 läns
476 228 161 21 Landtränteri
658 228 60 21 skola
740 228 120 28 stämpladt

207 270 87 20 papper
317 262 36 21 och
377 262 181 27 stämpelmärken
577 262 31 27 af
624 262 46 21 alla
690 262 82 21 värden
782 262 78 28 finnas

211 300 32 18 att
260 297 70 27 tillgå,
350 298 62 23 samt,
432 296 55 28 efter
507 296 125 28 regvisition
648 296 30 27 af
687 296 172 28 Länestyrelsen,

211 332 9 20 i
234 330 96 28 stadgad
345 330 94 28 ordning
450 330 58 27 frän
523 330 284 28 Kartasigillata-kontoret
817 330 43 21 dit-

211 365 89 21 sändas.
330 364 47 21 Allt
392 365 9 19 i
416 364 180 21 Landtränteriet
619 364 107 28 befintligt
736 364 85 27 förräd
836 364 29 28 af

211 398 120 28 stämpladt
346 404 86 21 papper
451 398 39 20 och
505 398 181 27 stämpelmärken
701 398 57 21 skall
772 398 35 20 stä
822 405 39 14 un-

213 433 37 20 der
269 432 250 21 Landträntmästarens
533 432 55 21 värd
603 432 38 20 och
656 434 110 19 närmaste
781 439 81 14 ansvar

211 468 57 19 samt
282 466 71 20 under
369 466 45 20 lika
435 466 75 28 tillsyn
526 466 38 20 och
579 466 95 21 kontroll
684 466 30 27 af
724 466 137 28 Länestyrel-

212 507 44 19 sen,
276 506 45 14 som
338 499 42 27 för
402 506 75 14 annan
498 500 167 27 kronouppbörd
688 500 77 27 gäller.
799 494 62 34 Ålig-

211 534 72 28 gande
305 534 35 20 det
362 533 236 21 Landträntmästaren
617 534 21 27 ej
652 534 85 20 mindre
752 536 33 19 att
801 534 58 21 tillse

213 568 35 21 det
264 568 132 27 erforderlig
419 568 94 27 tillgång
525 568 32 26 på
572 568 119 26 stämpladt
712 574 86 21 papper
823 568 39 21 och

213 602 181 27 stämpelmärken
412 601 42 27 för
471 601 154 27 förefallande
641 601 67 28 behof
718 602 35 20 må
768 602 8 20 i
791 604 72 19 ränte-

213 636 41 21 riet
258 636 84 27 finnas,
358 638 28 18 än
402 638 33 18 att
445 635 136 27 förräderne
595 636 25 20 sä
630 635 102 27 förvara,
748 638 32 18 att
791 643 72 21 papp-

213 672 33 18 ret
261 670 22 27 ej
297 669 87 21 skadas.
414 668 237 22 Landträntmästaren
674 676 48 21 eger
744 669 64 28 äfven
830 677 33 14 om

214 704 41 20 allt
277 704 57 20 hvad
349 704 8 20 i
372 703 80 21 sädant
475 703 102 27 afseende
595 703 76 27 nödigt
692 710 54 14 vara
766 703 43 21 kan
825 704 38 21 hos

214 737 166 28 Länestyrelsen
402 738 89 20 anmäla
513 739 56 19 samt
592 737 47 21 dess
658 736 155 28 förordnande
827 738 36 27 af-

214 771 77 26 vakta;
308 770 39 22 och
361 771 30 27 få
410 771 120 27 stämpladt
544 778 87 20 papper
648 771 52 21 eller
715 772 149 26 stämpelmär-

214 805 40 21 ken
269 806 67 20 alltså
351 804 45 22 icke
414 805 31 27 af
462 804 237 22 Landträntmästaren
722 805 94 21 enskildt
831 813 33 13 re-

215 840 103 27 gvireras,
339 838 124 28 försändas
487 839 53 20 eller
563 839 152 25 utkrediteras,
734 841 54 19 utan
807 840 57 20 skall

215 873 124 28 regvisition
362 873 70 27 deraf,
455 873 58 27 uppå
536 873 55 21 hans
609 873 109 26 anmälan,
737 873 35 21 ske
788 873 76 21 endast

215 913 75 22 genom
313 906 168 29 Länestyrelsen
506 907 38 20 och
569 907 35 20 det
629 907 137 28 reqvirerade
788 907 76 21 blott
853 902 15 37 i

214 941 74 28 grund
302 941 31 26 af
344 940 177 29 Länestyrelsens
543 941 124 28 anordning
684 941 124 27 försändas
824 941 38 21 och

215 975 153 21 utkrediteras.

505 1038 16 26 $
535 1038 35 20 31.

284 1077 34 20 Pä
334 1077 34 20 det
383 1077 120 27 stämpladt
515 1084 87 20 papper
624 1077 38 20 och
684 1077 181 27 stämpelmärken

215 1112 35 20 mä
266 1111 74 20 kunna
355 1111 146 20 allmänheten
512 1111 190 25 tillhandahällas,
713 1111 59 21 skall
781 1111 9 20 i
800 1111 64 21 hvar-

211 1146 26 27 je
252 1145 50 20 stad
317 1147 55 18 samt
387 1145 8 20 i
410 1144 77 27 hvarje
506 1145 77 20 socken
601 1152 26 13 en
641 1145 53 20 eller
704 1145 56 27 flere
775 1144 89 29 försälj-

216 1179 116 27 ningsmän
354 1178 57 27 efter
427 1178 66 28 behof
511 1181 100 25 antagas,
627 1178 37 21 hos
682 1178 74 21 hvilka
772 1179 25 20 de
811 1181 53 18 mest

217 1213 108 27 behöfliga
352 1212 82 21 värden
460 1212 51 21 böra
537 1219 54 14 vara
611 1215 32 18 att
658 1213 70 27 tillgå.
760 1212 104 28 Stämpel-

213 1253 87 22 papper
320 1245 37 22 och
376 1246 181 27 stämpelmärken
575 1246 67 26 skola,
657 1247 33 27 pä
704 1245 161 30 försäljnings-

217 1283 103 18 männens
342 1279 114 29 skriftliga
479 1281 133 27 regvisition,
634 1287 74 21 genom
726 1280 138 29 Länestyrel-

216 1321 48 15 sens
284 1314 93 28 försorg
402 1314 156 27 kostnadsfritt
583 1314 71 21 hållas
680 1314 47 21 dem
747 1314 119 27 tillhanda;

217 1349 39 20 och
272 1355 39 21 ega
327 1348 25 21 de
363 1348 42 27 för
420 1348 46 21 alla
482 1348 74 25 medel,
574 1355 45 14 som
636 1355 75 21 genom
730 1348 136 28 försäljnin-

216 1389 42 21 gen
266 1382 80 28 inflyta
362 1382 37 21 och
410 1382 71 21 såsom
491 1382 96 21 kronans
598 1381 125 28 behållning
735 1383 35 20 till
780 1382 85 21 Landi-

217 1417 106 20 ränteriet
345 1416 137 25 inlevereras,
505 1416 34 20 uti
555 1415 263 28 försäljningsprovision
833 1417 33 26 sig

218 1450 91 28 tillgodo
336 1449 100 26 beräkna,
456 1451 7 20 i
481 1449 140 28 Helsingfors
646 1452 39 23 tre,
710 1450 8 21 i
742 1449 26 21 de
793 1449 74 28 öfriga
