1078 1692
243 120 35 17 346

290 184 40 20 Det
360 184 77 20 utvisar
467 184 61 20 alltså
557 192 26 13 en
614 185 86 20 effektiv
727 185 120 27 minskning
874 186 22 19 af
919 189 51 17 nära

221 218 112 26 6,400,000
350 219 58 19 mark
425 219 66 20 under
506 219 40 20 den
571 219 60 20 korta
653 220 57 20 tiden
727 220 23 19 af
763 220 46 26 fyra
824 220 29 24 år,
868 226 43 13 som
928 220 40 20 för-

219 252 57 20 flutit
290 253 65 19 sedan
373 253 98 19 Finlands
487 253 55 20 bank
559 254 167 20 öfverlemnades
743 254 31 19 till
789 254 127 20 Ständernas
928 254 40 20 för-

220 287 102 27 valtning.

290 321 36 20 Att
342 321 58 20 detta
416 321 109 27 betydliga
541 321 125 27 nedgående
682 322 68 20 skulle
765 322 6 20 i
787 322 38 20 och
841 322 31 20 för
886 322 32 26 sig
933 322 35 20 be-

220 355 79 20 teckna
326 362 25 12 en
375 355 124 26 vändpunkt
522 356 4 19 i
551 356 100 20 afseende
674 356 12 19 å
709 356 133 26 principerna
864 356 30 20 för
917 356 50 20 ban-

220 390 54 20 kens
291 389 184 27 utläningsrörelse
498 390 59 20 torde
581 390 54 20 dock
654 390 48 20 icke
724 391 45 19 med
786 390 46 20 fullt
847 391 19 19 fog.
897 390 72 20 kunna

220 424 78 26 påstås,
314 426 50 17 enär
386 430 26 13 en
436 423 44 20 lika
500 424 56 19 stark
581 424 121 26 minskning
718 430 43 14 som
778 424 41 20 den
835 424 87 20 anförda
937 432 31 12 re-

220 458 41 20 dan
278 458 66 19 under
360 458 25 20 de
402 458 39 20 fem
459 458 28 25 år,
504 464 44 14 som
572 458 109 26 föregingo
704 458 160 26 ifrågavarande
888 460 80 25 period,

220 492 56 20 hade
301 494 36 24 egt
361 498 44 13 rum
432 492 28 19 uti
485 492 211 26 hypotheksfondens
726 492 111 20 inhemska
867 493 101 27 utlåning,

220 526 86 20 hvilken
323 526 85 26 jemlikt
423 526 39 20 den
480 526 170 20 Bankutskottets
667 526 134 20 betänkande
816 526 31 20 till
867 527 51 19 1867
934 527 34 19 års

219 560 103 26 landtdag
338 560 87 26 åtföljde
441 560 64 20 Tablå
521 560 39 20 N:o
576 560 26 26 II,
616 560 91 26 jemförd
724 561 46 19 med
786 561 51 19 Tab.
854 560 8 20 I
877 561 7 19 i
900 561 68 20 Bank-

220 594 144 27 fullmäktiges
380 594 119 26 berättelse,
515 594 45 20 från
577 594 71 20 ultimo
664 594 118 20 December
800 596 52 19 1862
868 595 29 19 till
914 602 52 13 sam-

220 635 34 13 ma
277 629 41 26 dag
342 629 52 19 1867
419 628 90 26 nedgick
533 628 48 20 med
604 628 98 26 omkring
718 628 42 27 7'/,
776 629 103 19 millioner
902 629 65 20 mark.

218 662 42 20 För
283 664 30 18 att
335 662 70 20 kunna
428 662 45 20 fullt
496 662 112 20 bedömma
623 663 6 19 i
645 663 55 19 hvad
720 662 46 20 män
782 663 65 19 andra
862 663 106 27 principer

218 698 33 18 tör
275 696 121 27 utläningen
420 697 55 26 gjort
497 697 32 25 sig
550 696 100 26 gällande
674 696 54 20 efter
748 697 93 20 bankens
857 697 109 20 öfverlem-

220 730 68 20 nande
309 731 31 19 till
364 730 148 27 Fullmäktige,
536 731 54 19 hade
606 731 37 19 det
658 732 54 18 varit
728 731 129 27 nödvändigt
872 734 29 17 att
914 732 52 25 jem-

218 766 89 19 förande
338 765 117 20 undersöka
484 765 62 19 äfven
577 764 26 20 de
633 764 85 27 äsigter,
748 772 44 13 som
823 765 65 20 under
917 766 50 20 åren

221 800 53 19 1863
307 800 53 19 1867
369 806 51 13 voro
430 799 26 20 de
466 799 157 19 bestämmande
639 799 31 19 för
687 799 69 19 denna
771 806 50 19 gren
837 800 24 19 af
875 800 93 20 bankens

219 834 141 19 verksamhet.
393 834 46 18 Men
460 833 88 20 emedan
573 840 26 12 en
622 833 64 19 sådan
710 833 130 26 granskning
862 834 48 19 icke
933 834 33 27 låg

218 868 58 19 inom
293 867 110 20 utskottets
419 867 133 26 befogenhet,
568 873 63 20 synes
647 867 35 19 det
697 867 23 19 så
736 867 85 26 mycket
835 868 80 19 mindre
932 868 34 20 be-

219 902 76 25 höfligt
310 904 30 17 att
354 901 27 26 på
396 902 57 19 detta
469 901 60 20 ställe
546 901 71 19 vidare
633 901 102 20 afhandla
751 901 89 20 nämnde
857 901 110 20 förhållan-

219 937 33 25 de,
268 943 44 12 som
332 935 111 20 utskottets
467 935 133 26 uppfattning
616 935 23 20 af
652 935 35 20 det
703 935 122 26 principiela
843 935 125 20 härutinnan

218 970 124 27 lämpligast
356 970 60 19 torde
432 969 20 20 få
467 969 64 20 uttala
547 969 32 26 sig
595 969 34 20 vid
649 969 157 26 granskningen
830 970 23 19 af
872 970 95 20 fullmäk-

219 1005 55 26 tiges
297 1004 77 27 förslag
397 1003 31 20 till
451 1003 129 27 reglemente
603 1003 32 20 för
656 1003 101 20 Finlands
782 1003 61 20 bank.
873 1004 31 19 En
920 1004 48 20 icke

219 1039 82 26 ovigtig
316 1039 64 25 detalj
398 1039 33 18 må
447 1038 36 19 här
500 1037 54 20 dock
570 1038 6 19 i
593 1037 137 26 förbigående
751 1037 127 26 framhållas,
895 1038 73 20 nemli-

219 1079 42 21 gen
278 1075 36 23 att,
331 1073 65 26 enligt
412 1072 54 19 hvad
483 1072 101 19 utskottet
599 1072 109 24 inhemtat,
724 1071 67 20 under
802 1071 25 20 de
839 1071 64 20 första
918 1073 49 18 åren

219 1107 54 19 efter
297 1106 94 20 bankens
414 1106 173 20 öfverlemnande
606 1106 46 19 icke
670 1105 66 27 några
751 1112 42 19 nya
807 1105 161 27 kassakreditiv,

220 1143 48 17 utan
294 1141 52 19 blott
367 1140 74 26 partiel
462 1140 107 26 förnyelse
585 1140 23 19 af
622 1140 58 19 äldre
696 1139 84 26 sådana,
797 1139 69 20 blefvo
882 1140 22 19 af
918 1140 49 19 ban-

219 1175 42 20 ken
286 1175 104 26 beviljade
413 1175 38 19 och
475 1176 30 17 att
527 1175 64 19 sedan
609 1174 85 19 härmed
710 1174 23 19 år
752 1174 51 19 1870
819 1173 44 21 åter
880 1175 88 26 vidtogs,

220 1211 29 18 ett
266 1216 41 19 nog
322 1209 44 26 lågt
386 1208 165 26 maximibelopp
571 1208 32 19 för
623 1208 119 19 kreditiven
766 1208 132 20 fastställdes.
928 1209 41 19 Nå-

220 1250 49 21 gon,
286 1250 32 13 om
335 1243 39 20 ock
391 1243 18 26 ej
427 1243 102 26 betydlig,
546 1245 73 24 anpart
640 1242 41 20 kan
706 1242 62 25 detta,
784 1242 68 20 såsom
875 1243 35 19 det
933 1243 36 19 vill

220 1284 72 19 synas,
307 1277 47 20 icke
366 1277 22 20 af
400 1277 184 26 nödvändigheten
601 1276 120 27 påkallade,
738 1276 154 26 förfaringssätt
906 1277 64 20 hafva

221 1312 45 20 haft
282 1312 27 19 uti
326 1311 40 20 den
382 1311 142 20 förminskade
540 1317 95 13 summan
651 1310 23 20 af
688 1310 122 20 utestående
826 1311 124 26 fordringar.

290 1345 107 20 Utskottet
414 1345 59 20 delar
489 1346 30 19 för
535 1345 64 26 öfrigt
614 1345 6 19 i
637 1345 40 19 allo
694 1345 26 19 de
736 1345 23 19 af
771 1344 146 27 Fullmäktige,
935 1345 33 20 be-

220 1379 104 21 träffande
346 1379 115 20 orsakerna
483 1379 31 20 till
537 1379 94 20 diskont-
654 1379 41 20 och
720 1378 152 20 länerörelsens
893 1379 76 26 nedgå-

221 1415 62 25 ende,
300 1413 91 20 uttalade
414 1413 77 26 åsigter
507 1413 39 20 och
563 1413 36 19 vill
614 1411 81 27 härvid,
711 1413 32 19 för
758 1413 31 19 sin
805 1412 42 26 del,
863 1413 51 20 blott
929 1414 41 19 till-

221 1449 69 26 lägga,
306 1450 30 18 att
353 1448 61 19 äfven
438 1447 99 20 Finlands
561 1447 67 20 banks
650 1447 122 20 erfarenhet
795 1446 105 21 bekräftar
923 1455 46 12 san-
