1078 1692
223 122 35 18 462

203 186 101 26 mäktige,
324 185 57 20 Hans
401 185 120 26 Kejserliga
539 184 98 26 Majestät
656 184 27 20 då
698 184 55 26 Sjelf
766 184 53 20 skall
836 184 46 20 med
899 184 55 26 pröf-

203 220 51 24 ning
270 220 39 19 och
324 220 116 26 afgörande
461 219 23 19 af
497 218 72 25 sådan,
585 219 44 19 ofta
644 224 41 21 nog
701 219 89 25 ovigtig,
805 218 59 26 fråga
880 218 73 20 besvä-

202 260 39 14 ras.
254 265 26 3 —
292 253 38 20 Att
344 253 70 27 någon
431 255 66 18 större
513 252 54 20 väda
581 252 32 20 för
629 252 194 20 Bankdirektionen
840 258 49 14 vore
907 252 45 19 med

203 288 40 20 den
255 288 120 26 föreslagna
386 288 147 25 anordningen
544 286 95 26 förenäd,
651 287 59 19 torde
727 286 64 20 redan
807 287 83 19 derföre
906 286 47 19 icke

202 328 50 14 vara
262 324 30 17 att
308 322 78 26 befara,
398 324 30 17 att
443 322 36 19 det
494 322 6 18 i
516 321 41 19 alla
573 321 35 19 fall
625 321 46 19 icke
687 321 67 26 gäller
772 321 66 19 beslut
855 321 51 19 eller
922 320 28 20 af-

203 356 94 26 görande
316 356 23 19 af
357 355 141 26 Fullmäktige
515 362 32 12 om
563 357 70 23 annat,
650 358 25 16 än
693 355 109 25 huruvida,
819 355 45 19 med
881 354 71 20 anled-

204 390 50 25 ning
281 390 23 19 af
328 389 253 27 revisionsanmärkning;
608 388 203 27 ansvarspästäende
837 388 50 20 eller
912 388 41 20 åtal

203 423 53 20 skall
280 423 77 20 väckas
376 418 52 25 ler
446 423 39 20 ock
504 423 28 20 all
552 423 73 27 åtgärd
646 424 6 18 i
674 423 64 20 saken
755 423 89 19 förfalla.
875 423 7 19 I
899 423 56 19 förra

204 457 116 19 händelsen
341 457 52 20 eller
411 464 33 13 om
468 457 42 20 åtal
529 457 54 25 sker,
605 460 22 17 är
643 458 35 19 det
694 457 125 25 domstolen,
835 463 44 13 som
895 456 57 20 kom-

205 497 43 13 mer
268 493 30 17 att
318 491 74 25 pröfva
412 491 179 26 anmärkningens
611 491 133 26 befogenhet,
761 491 39 19 och
816 490 136 20 Direktionen

204 525 36 19 har
251 524 119 26 säkerligen
382 524 48 20 icke
442 524 63 27 något
516 527 29 17 att
556 524 73 20 befara
639 525 23 19 af
670 524 67 20 sådan
754 524 115 26 rättegång,
885 524 67 20 derest

204 559 168 26 anmärkningen
397 559 38 20 och
455 559 64 19 åtalet
542 560 53 18 varit
617 558 125 27 obefogade.
773 559 47 19 Men
841 559 35 19 det
896 558 58 20 torde

205 592 106 20 dessutom
335 592 58 27 ligga
412 593 6 19 i
437 592 76 20 sakens
537 595 66 23 natur,
623 595 30 17 att
668 592 202 26 Bankfullmäktige,
886 592 27 20 då
928 592 25 20 de

204 629 74 23 utgöra
294 627 50 19 sista
359 627 80 19 instans
455 627 6 19 i
477 626 59 27 fråga
552 633 33 13 om
602 627 26 19 de
645 627 104 25 åtgärder,
761 633 43 13 som
821 627 22 19 af
857 626 96 20 anmärk-

205 660 104 26 ningarna
331 660 72 20 kunna
425 660 101 26 påkallas,
550 661 75 19 endast
648 660 52 20 efter
724 661 39 19 den
788 660 166 26 omsorgfullaste

205 694 98 26 pröfning
326 695 38 19 och
386 695 46 19 med
455 697 76 17 största
549 695 126 25 urskillning
694 694 61 20 skola
771 694 81 20 besluta
867 694 30 20 till
914 694 40 20 åtal

205 730 41 17 mot
262 728 146 26 Direktionen,
420 728 37 20 och
475 729 96 26 slutligen
589 729 35 19 vill
636 728 108 20 Utskottet
759 731 55 17 ännu
831 729 75 25 erinra,
918 728 34 19 hu-

205 769 69 13 rusom
298 762 148 26 ifrågakomna
468 762 146 26 utsträckning
634 763 22 19 af
670 762 204 27 Bankfullmäktiges
897 769 58 19 myn-

204 796 73 26 dighet
299 796 7 19 i
328 796 76 26 sjelfva
427 796 73 20 verket
523 796 196 20 öfverensstämmer
739 796 46 20 med
807 796 35 20 det
858 796 61 20 äfven
935 796 23 20 af

205 830 108 20 Utskottet
332 830 113 26 godkända
463 830 102 26 förslaget
584 830 6 19 i
607 836 78 13 samma
701 830 39 19 139
756 832 17 23 $,
789 832 30 17 att
834 830 120 20 meddelan-

204 865 35 19 det
254 864 24 20 af
291 864 105 26 decharge
408 864 21 19 åt
445 864 137 19 Direktionen
599 864 53 19 skall
668 864 27 25 på
711 863 193 27 Bankfullmäktige
920 870 34 13 an-

205 898 91 19 komma.

273 932 60 19 Hvad
354 932 31 19 för
401 932 64 26 öfrigt
484 932 111 27 förslagets
615 932 131 26 stadganden
764 932 109 26 angående
890 932 65 19 bevil-

203 966 75 26 jandet
288 966 23 19 af
323 966 104 27 decharge
438 966 138 27 vidkommer,
587 966 32 20 får
632 966 108 20 Utskottet
755 967 44 18 deri
816 966 83 20 förorda
916 967 39 18 den

206 1000 128 25 förändring,
354 1002 30 17 att
403 1000 140 27 Fullmäktige
564 1001 63 25 finge,
647 1000 132 20 omedelbart
799 1000 52 20 efter
867 1000 35 20 det
917 1000 39 20 Re-

207 1034 118 19 visorernes
336 1033 114 20 berättelse
462 1034 39 19 och
513 1034 164 26 anmärkningar
695 1034 69 20 blifvit
779 1034 107 26 pröfvade,
900 1034 56 20 med-

207 1067 47 20 dela
265 1067 138 20 Direktionen
415 1068 104 26 decharge
536 1068 31 19 för
583 1068 40 20 den
639 1068 34 19 del
690 1068 22 19 af
727 1068 161 26 förvaltningen,
901 1071 55 17 emot

206 1102 85 19 hvilken
315 1101 47 20 ieke
386 1101 68 27 någon
479 1102 139 26 anmärkning
640 1102 82 26 inlupit,
743 1105 50 16 enär
813 1102 60 26 eljest
888 1102 69 19 alltför

207 1137 49 26 lång
267 1137 30 18 tid
311 1136 69 20 kunde
397 1136 85 26 förflyta
497 1139 49 17 utan
564 1136 69 27 någon
650 1137 106 26 decharge
772 1137 31 18 för
813 1137 145 19 Direktionen.

208 1170 194 26 Kompletteringen
419 1171 22 19 af
449 1170 88 20 sålunda
547 1171 72 25 gifven
631 1170 75 26 partiel
718 1170 104 26 decharge
837 1170 74 26 skulle,
927 1170 31 20 sä-

207 1204 45 19 vidt
274 1204 74 19 sådant
372 1204 93 20 befinnes
489 1204 108 27 behöfligt,
617 1204 45 26 ske,
682 1204 64 20 sedan
766 1204 191 26 anmärkningsmål

207 1238 69 19 blifvit
299 1238 23 19 af
343 1238 117 20 domstolen
484 1239 99 26 afgjordt,
603 1239 51 19 eller
675 1239 29 18 uti
724 1245 25 13 en
766 1238 132 26 tvifvelaktig
914 1238 44 25 sak,

207 1279 43 12 som
261 1272 88 19 lemnats
359 1272 113 26 beroende,
481 1273 40 20 den
531 1273 64 26 nödig
606 1273 94 20 ansedda
714 1272 139 26 utredningen
869 1273 88 18 vunnits.

527 1335 58 29 Kap.
605 1335 36 22 IV.

463 1391 99 21 Särskilda
580 1392 123 26 stadganden.

278 1443 56 20 Ifrån
354 1443 36 19 141
409 1443 39 20 och
468 1443 37 20 142
521 1445 21 22 $$
559 1443 36 20 har
611 1443 95 20 uteslutis
722 1442 141 26 föreskriften,
874 1444 30 18 att
914 1442 45 19 full-
