1078 1692
815 123 34 17 489

259 188 23 26 a)
300 187 126 27 utelöpande
447 186 73 21 sedlar
535 186 39 21 och
590 187 138 27 invisningar
743 188 55 19 samt
813 187 61 20 inne-

189 221 87 21 stående
293 221 162 27 insättningar;

258 255 22 26 b)
296 254 74 27 öfriga
385 254 93 24 skulder,
494 260 45 15 som
554 254 75 21 kunna
639 254 136 28 förefinnas;

257 289 20 26 €)
292 288 154 28 yrundfonden
467 288 35 20 till
518 288 46 21 dess
580 288 9 20 i
603 290 14 19 3
632 288 15 27 $
663 287 109 21 bestämda
788 288 86 27 belopp;

257 323 25 26 d)
296 322 159 27 reservfonden,
475 322 70 20 under
564 322 90 25 hvilken,
674 324 57 19 utom
749 322 35 21 det
799 322 74 27 belopp

190 358 40 19 den
246 357 67 27 enligt
328 358 15 20 3
358 357 14 27 $
388 356 37 21 bör
441 358 84 26 utgöra,
543 356 130 28 fastighets-
688 356 38 21 och
746 356 128 21 inventarie-

189 391 159 27 väkningarnes
364 397 95 14 summor
471 390 109 27 påföras;

257 427 21 25 e)
301 425 70 21 såsom
394 424 158 28 odisponerade
576 424 124 21 vinstmedel
714 426 110 26 upptagas
839 425 35 20 så-

189 459 58 21 dana
270 459 103 27 möjligen
397 458 140 21 innestående
559 458 119 28 öfverskott
700 458 29 24 af
739 458 135 28 föregående

189 493 125 24 årsvinster,
330 492 87 21 hvarom
433 493 8 19 i
455 493 14 20 3
484 492 15 27 $
514 492 137 28 omförmäles
666 495 55 18 samt
736 493 102 27 slutligen

254 527 26 27 f)
296 527 58 20 årets
369 528 63 19 vinst.

258 561 34 21 De
306 560 165 28 afskrifningar
482 562 56 19 samt
547 560 163 28 öfverföringar
718 560 68 21 under
794 560 78 21 osäkra

183 595 146 27 fordringars
344 594 102 28 räkning,
463 594 90 21 hvartill
568 594 204 28 Bankfullmäktige
784 594 88 28 jemlikt

188 631 28 19 71
232 629 38 21 och
285 630 26 20 91
326 629 30 27 $$
370 628 74 22 kunna
454 628 119 28 förordna,
586 628 94 28 påföras
696 630 123 20 ärsvinsten
834 636 39 14 an-

189 664 73 26 tingen
286 663 82 21 direkte
383 664 8 19 i
406 663 66 21 vinst-
491 662 38 21 och
539 662 209 28 förlusträkningen
771 663 52 21 eller
838 670 35 20 ge-

188 704 48 14 nom
252 700 32 18 att
296 696 84 28 främst
402 696 108 28 afdragas
521 697 59 27 från
595 697 35 21 det
644 697 139 27 vinstdelopp,
804 697 69 21 rörel-

188 738 37 14 sen
234 731 42 27 för
290 732 47 20 året
353 732 86 20 lemnat.

203 800 42 20 Om
262 800 97 20 värden
375 800 26 20 af
414 800 120 20 Bankens
550 800 141 20 redbarhet
706 803 66 17 samt
787 801 70 20 redo-

262 846 139 26 visningen
419 845 47 20 och
482 845 207 26 ansvarigheten
706 845 95 20 derför.

489 909 16 26 $
519 910 53 19 127.

255 947 65 22 Hvad
340 948 107 21 Finlands
472 948 65 21 Bank
551 960 11 3 -
577 961 10 2 -
603 961 8 2 -
627 960 8 4 -
645 948 115 27 försedda,
782 948 90 22 likasom

187 981 112 28 hvalfvens
314 983 86 24 dörrar,
417 982 47 21 med
479 982 58 21 olika
549 983 38 25 läs,
597 982 90 21 hvartill
700 983 117 27 nycklarne
827 983 45 25 för-

187 1016 59 21 delas
262 1017 90 20 emellan
372 1017 40 20 den
431 1017 92 20 ledamot
539 1017 8 20 i
562 1016 207 26 Bankdirektionen,
786 1017 85 21 hvilken

187 1050 79 21 sädant
288 1051 68 26 enligt
378 1052 28 20 97
425 1051 14 27 $
459 1050 135 25 tillkommer,
610 1050 35 21 och
662 1051 76 20 Förste
754 1050 117 22 Kassören.

187 1084 15 20 I
215 1084 62 21 dessa
300 1084 67 27 hvalf
386 1084 57 21 skall
468 1084 36 21 ock
529 1085 41 20 allt
595 1085 34 20 det
646 1085 58 27 gods,
720 1091 45 14 som
780 1085 92 21 Banken

187 1119 100 26 mottagit
302 1119 8 20 i
321 1118 87 27 förvar,
424 1119 111 20 nedsättas
551 1118 36 21 och
598 1117 114 28 förvaras.

254 1153 118 26 Angående
398 1152 144 28 bevakningen
567 1152 29 27 af
607 1153 26 20 de
654 1155 56 25 yttre
732 1154 138 27 ingängarne

187 1186 35 21 till
236 1185 102 22 Bankens
354 1187 46 24 hus,
416 1193 48 21 eger
483 1186 200 21 Bankdirektionen
698 1187 89 28 vidtaga
801 1187 71 28 lämp-

187 1220 31 28 lig
233 1221 85 26 åtgärd.

489 1273 15 26 $
520 1273 51 20 128.

254 1312 74 20 Första
342 1312 84 26 stycket
441 1312 7 19 i
463 1312 63 27 öfrigt
542 1312 142 26 oförändradt,
700 1314 57 18 utom
773 1314 30 18 att
813 1313 55 20 tred-

183 1347 23 25 je
221 1347 113 25 meningen
350 1346 53 20 ifrån
420 1347 75 19 orden:
521 1347 60 20 ”Men
601 1353 33 13 om
654 1346 64 27 sagde
736 1346 133 21 handkassa”

186 1393 6 2 -
209 1392 6 3 -
232 1392 14 14 -,
262 1382 63 18 rättas
341 1380 97 20 sålunda:
456 1379 51 22 Men
528 1382 42 19 när
584 1380 66 27 sagde
664 1379 125 22 handkassa
805 1380 63 27 befin-

185 1421 36 14 nes
237 1414 117 27 öfverstiga
376 1414 34 21 det
433 1414 90 21 tillåtna
544 1414 76 28 högsta
643 1414 101 27 beloppet,
764 1414 61 21 skola
843 1415 26 21 de

185 1448 176 28 öfverskjutande
376 1448 82 21 medlen
473 1449 95 20 insättas
583 1449 8 20 i
607 1447 171 28 hufvudkassan.
