1078 1692
841 107 21 17 39

342 168 109 20 Finlands
465 168 110 21 Ständers
591 169 161 27 underdäniga
766 176 53 14 svar
835 170 5 20 i
846 170 39 20 an-

273 202 77 26 ledning
366 203 20 19 af
400 203 59 19 Hans
476 202 137 27 Kejserliga
629 204 117 26 Majestäts
762 204 69 26 Nädiga
841 210 44 20 pro-

274 236 89 26 position,
380 237 99 26 angäende
495 237 103 27 bevillning
605 238 30 19 till
646 238 183 26 fängelseväsendets
842 238 44 20 ord-

273 271 68 20 nande,

139 339 204 27 Stormäktigste,
356 338 189 28 Allernädigste
562 340 103 25 Kejsare
682 340 38 20 och
737 340 148 20 Storfurste!

207 408 34 19 Uti
265 414 24 13 en
315 408 30 18 till
362 408 81 19 landets
464 414 26 12 nu
507 408 125 19 församlade
649 408 88 19 Ständer
752 408 77 20 aflåten
846 408 40 20 Nå-

139 442 35 26 dig
197 442 128 26 proposition
350 442 109 26 angående
484 441 115 27 bevillning
623 442 30 19 till
679 442 207 26 fängelseväsendets

139 476 114 25 ordnande.
279 476 35 19 har
332 476 83 19 Eders
434 476 155 26 Kejserliga
605 476 123 25 Majestät
743 476 68 20 täckts
831 476 55 20 med-

140 510 53 25 dela,
209 512 29 17 att
254 510 63 19 sedan
335 510 79 19 Eders
432 510 131 25 Majestät,
580 510 45 19 med
643 510 142 19 stadfästande
796 510 23 20 af
828 510 58 20 Stän-

140 544 74 20 dernas
228 544 72 25 beslut,
314 544 89 19 utfärdat
416 544 105 19 allmänna
535 544 145 26 författningar
693 544 38 20 den
746 545 12 19 2
767 545 54 19 Mars
836 546 50 18 1865

140 578 38 19 och
190 578 39 19 den
244 578 25 19 23
280 578 54 19 Mars
348 578 60 25 1868,
424 577 110 27 angående
551 578 72 26 anslag
640 578 28 19 till
681 578 206 26 fängelseväsendets

139 612 107 20 ordnande
259 612 23 20 af
291 612 39 20 den
340 612 31 19 för
383 612 264 26 bränvinstillverkningen
657 612 5 19 i
672 612 88 20 Finland
771 613 116 26 inflytande

139 647 89 25 skatten,
245 648 53 18 samt
311 646 82 25 derhos,
406 646 4 19 i
424 646 218 20 öfverensstämmelse
652 646 47 20 med
711 646 128 21 Ständernas
853 648 33 19 vid

139 683 83 17 senaste
232 683 76 17 tvenne
317 680 123 26 landtdagar
449 680 78 20 fattade
537 680 73 25 beslut,
619 680 57 20 såväl
685 681 109 20 stadfästat
803 682 84 19 särskil-

141 717 20 17 ta
171 715 146 26 författningar
333 714 110 26 angående
453 714 146 26 upphäfvande
609 714 23 20 af
638 714 113 20 dödsstraff
761 716 31 19 för
801 716 85 20 åtskilli-

141 757 26 18 ga
183 749 55 19 brott
254 751 53 17 samt
323 756 31 12 om
372 748 131 20 afskaffande
520 749 23 19 af
557 749 55 19 vissa
627 749 133 20 härförinnan
783 750 103 26 begagna-

140 784 25 19 de
181 783 115 20 straffarter
311 783 38 19 och
367 783 60 19 deras
443 782 118 20 ersättande
577 790 77 19 genom
675 784 65 19 andra
760 784 65 26 straff,
843 791 43 13 som

141 818 38 19 ock
197 818 105 19 förordnat
318 820 29 16 att
363 817 60 19 dessa
438 817 147 26 författningar
601 817 66 19 skulle
683 818 86 25 bringas
786 818 29 19 till
828 818 59 20 verk-

141 851 105 27 ställighet
269 851 50 19 först
343 851 63 19 sedan
431 851 223 26 fängelseanstalterne
677 851 37 20 och
736 851 150 26 fångvården
875 846 14 36 i

141 886 71 19 landet
228 885 74 20 hunnit
317 885 76 20 ordnas
410 885 37 19 och
466 885 77 26 lämpas
560 885 52 20 efter
628 885 35 19 det
678 892 42 19 nya
735 885 152 20 tukthusstraff-

141 922 107 23 systemet,
271 919 23 19 så
317 919 53 20 hade
394 925 24 13 en
442 919 64 19 sådan
530 919 207 26 fängelseväsendets
757 919 131 26 ombildning

141 954 53 19 dock
211 954 18 25 ej
246 957 54 16 ännu
326 953 80 19 kunnat
424 953 133 26 genomföras
573 953 22 19 af
609 953 59 19 orsak
686 955 28 18 att
733 953 155 20 bränvinsskat-

141 990 33 17 ten
199 987 95 20 hitintills
317 987 47 19 icke
388 987 88 26 uppgått
499 987 29 19 till
552 987 116 26 påräknadt
688 987 86 26 belopp;
792 987 96 20 hvarföre

142 1023 38 18 och
197 1022 26 19 då
236 1022 79 25 jemväl
332 1021 126 20 statsverket
473 1021 75 20 saknat
563 1021 138 26 erforderliga
724 1021 113 26 tillgångar
860 1023 28 18 att

141 1057 31 19 för
188 1056 58 19 detta
262 1056 65 19 behof
343 1055 113 26 användas,
473 1055 128 20 sistnämnda
621 1055 147 26 författningar
782 1055 36 20 allt
833 1059 55 16 ännu

141 1091 47 19 icke
204 1091 79 19 kunnat
301 1090 92 19 utfärdas
409 1091 29 18 att
453 1090 56 26 gälla
525 1090 29 19 till
571 1090 130 19 efterlefnad.

209 1125 31 19 Då
256 1125 36 19 det
302 1125 116 19 emellertid
431 1127 58 23 synts
501 1125 64 19 ovisst
578 1124 101 19 huruvida
687 1124 38 19 och
736 1127 38 16 när
786 1124 63 27 något
860 1124 28 19 bi-

141 1159 51 26 drag
204 1159 30 19 till
248 1159 138 19 omförmälda
398 1158 96 19 ändamål
507 1158 39 19 kan
562 1165 49 12 vara
623 1160 29 17 att
668 1158 22 19 af
706 1158 182 19 bränvinsskatten

142 1193 99 26 påräkna,
258 1193 43 19 ifall
318 1193 56 19 detta
391 1193 72 26 bidrag
479 1192 84 20 komme
579 1194 30 17 att
621 1192 48 26 utgå
678 1193 6 18 i
694 1192 39 19 den
744 1192 89 26 ordning
845 1199 43 12 som

143 1234 25 12 nu
191 1229 23 17 är
236 1227 110 25 fastställd,
370 1229 53 17 samt
445 1233 26 12 en
495 1226 64 26 nödig
582 1232 83 20 omsorg
684 1232 33 13 om
737 1225 153 21 rättsvården
879 1221 14 36 i

143 1261 70 20 landet
228 1261 97 20 fordrade
343 1263 29 18 att
389 1261 68 20 denna
473 1261 80 26 vigtiga
568 1260 155 27 angelägenhet
738 1261 18 25 ej
769 1260 121 26 uppskjutes

142 1295 29 19 till
196 1302 24 12 en
244 1295 107 20 obestämd
376 1295 89 25 framtid,
489 1297 48 17 utan
557 1294 161 27 ifrågavarande
744 1294 147 27 författningar

143 1329 33 20 må
192 1329 71 20 kunna
278 1329 23 20 så
317 1331 57 18 snart
389 1336 42 13 som
449 1329 82 26 möjligt
550 1329 63 19 vinna
636 1328 143 26 tillämpning;
802 1329 89 19 hvarhos

141 1363 131 20 förekomme
296 1366 35 23 att,
355 1364 65 19 ehuru
440 1363 147 20 tukthusstraff
603 1362 103 20 alltsedan
724 1363 53 18 1870
794 1362 32 19 års
845 1363 45 19 bör-

139 1399 36 24 jan
193 1398 69 19 blifvit
278 1397 66 26 enligt
359 1397 107 26 åtskilliga
482 1397 101 20 utkomna
597 1397 147 25 författningar
758 1396 86 19 ådömdt
860 1396 31 19 för

142 1433 55 18 vissa
220 1432 45 26 slag
288 1431 24 20 af
332 1431 62 26 brott,
417 1431 57 20 detta
497 1431 59 20 straff
570 1430 65 21 likväl
651 1431 6 18 i
673 1430 144 26 fängelsernas
836 1433 55 17 ännu
