1078 1692
238 120 36 18 324

219 184 53 20 1871
290 183 90 20 förehaft
403 183 53 20 slike
478 183 96 26 ärender,
592 185 68 19 ansett
676 183 32 27 sig
723 183 48 21 icke
787 183 72 20 kunna
874 184 6 19 i
896 184 71 20 anled-

218 218 53 26 ning
286 218 62 20 häraf
361 218 86 26 vidtaga
469 224 68 14 annan
561 217 73 27 åtgärd
658 221 24 17 än
700 218 90 20 anmoda
805 218 160 20 Bankdirektio-

218 258 42 14 nen
276 254 37 24 att,
328 252 70 20 derest
414 252 35 20 det
463 252 99 20 anmälda
584 252 141 20 förhållandet
744 252 48 20 icke
807 252 70 20 kunde
892 252 74 26 afhjel-

218 292 44 20 pas,
286 292 54 20 egna
362 286 89 20 särskild
475 286 72 26 tillsyn
570 286 21 20 åt
614 286 168 20 vederbörandes
802 286 129 26 förvaltning
947 286 23 19 af

211 321 106 25 *tjensten,
333 320 51 20 eller
400 320 125 20 annorledes
540 320 52 20 söka
615 320 82 26 skydda
714 320 82 20 banken
812 320 31 20 för
859 320 40 20 den
916 320 50 26 möj-

218 354 43 27 liga
277 354 79 26 förlust,
372 354 83 20 hvartill
470 354 141 20 förhållandet
627 354 69 20 kunde
712 354 115 21 föranleda.

566 419 9 22 $
593 418 32 19 13.

287 457 9 19 I
321 456 99 21 afseende
445 456 13 20 &
482 458 154 18 räntesatserne
661 457 31 19 för
719 456 94 28 utlåning
832 464 24 13 ur
875 456 91 27 banken,

218 491 64 20 hafva
298 491 92 27 följande
407 490 156 28 bestämningar
577 492 23 19 af
613 491 192 26 Bankfullmäktige
821 491 110 27 vidtagits:

289 526 39 26 1:0)
345 526 40 20 den
405 526 21 19 11
444 525 54 19 Mars
516 526 52 19 1868
584 528 23 17 är
623 524 94 21 bankens
734 525 146 20 diskontränta
894 525 31 20 för
935 526 30 18 in-

218 560 91 20 hemska
325 560 73 20 vexlar
413 560 84 20 nedsatt
515 560 45 19 frän
577 560 12 19 6
606 560 29 19 till
652 560 11 20 5
679 562 87 24 procent
783 560 31 20 för
829 560 73 20 vexlar
918 560 47 20 med

217 594 114 21 förfallotid
348 594 22 20 af
384 596 30 18 tre
430 594 100 20 månader
548 594 51 20 eller
619 594 105 20 derunder
742 596 54 18 samt
811 594 32 20 till
859 594 42 26 5!/,
918 600 48 20 pro-

216 630 50 18 cent
281 628 31 20 för
328 628 79 20 sädana
422 628 11 20 ä
447 628 74 27 längre
537 628 40 26 tid;

288 662 43 25 2:0)
347 662 40 20 den
404 663 25 19 23
446 662 117 20 December
586 668 80 14 samma
688 662 22 19 är
734 662 63 20 hafva
816 663 64 26 sagde
897 665 67 17 ränte-

217 698 68 18 satser
300 696 121 20 bibehällits
436 696 146 26 oförändrade,
596 697 65 25 jemte
677 696 35 20 det
728 696 82 26 längsta
823 697 142 20 diskonttiden

218 730 32 20 för
266 730 112 20 inhemska
392 730 73 20 vexlar
480 730 113 20 uisträckts
609 730 44 20 från
670 730 41 20 fem
728 730 31 20 till
775 737 38 13 sex
829 731 109 25 månader;

286 765 42 25 3:0)
344 764 40 20 den
400 765 27 19 20
442 764 118 20 December
576 765 53 19 1869
652 767 22 17 är
697 764 154 21 ofvannämnde
871 765 93 20 diskont-

216 800 61 18 ränta
299 798 71 20 vidare
394 799 89 25 nedsatt,
499 800 31 18 för
547 799 72 19 vexlar
635 798 11 20 &
662 800 31 18 tre
708 799 99 20 mänader
823 799 51 20 eller
890 800 74 20 derun-

216 832 38 20 der
271 832 29 20 till
317 832 41 27 4'/,
375 832 39 20 och
430 833 31 19 för
477 832 78 20 sådana
569 832 12 19 &
596 832 73 27 längre
685 832 28 20 tid
731 833 30 19 till
772 834 12 19 5
796 835 92 24 procent,
905 834 60 19 hvar-

216 867 38 19 hos
270 868 72 18 räntan
360 866 12 20 &
387 866 139 27 hypotekslän
550 866 135 20 förminskats
709 866 45 20 frän
771 867 11 20 6
799 867 32 20 till
851 868 44 26 5'/,
919 874 46 20 pro-

217 902 50 19 cent
282 903 59 23 samt,
358 901 47 19 med
423 901 147 20 bibehällande
585 901 24 19 af
621 901 55 19 förut
690 901 98 26 gällande
804 903 102 18 räntesats
922 901 22 20 af
954 903 10 18 5

216 937 90 24 procent
320 935 39 20 och
375 935 155 26 inträdesafgift
545 935 23 19 af
585 935 23 26 '/,
625 937 87 24 procent
728 935 31 19 för
781 935 185 26 kassakreditiver,

217 969 119 20 förordnats
352 969 36 20 det
402 969 122 26 ytterligare
547 975 25 14 en
596 969 211 26 öfverförings-afgift
830 970 31 19 för
877 970 26 20 de
919 970 46 20 kre-

217 1003 85 25 ditiver,
324 1009 44 14 som
392 1003 85 26 förnyas
500 1003 51 20 eller
570 1005 106 23 omsättas,
692 1003 54 20 skall
762 1003 97 28 erläggas
875 1005 47 19 med
940 1004 25 27 !/,

218 1039 89 24 procent
322 1037 22 20 af
357 1037 41 20 den
414 1044 86 18 summa,
516 1043 43 14 som
579 1037 34 20 vid
633 1037 155 27 öfverföringen
805 1037 12 20 &
833 1045 27 19 ny
876 1038 91 27 räkning

216 1071 90 25 utestär
297 1067 12 33 ;

287 1107 43 24 4:0)
346 1105 40 20 den
406 1107 12 18 5
433 1105 118 20 December
577 1105 52 20 1870
652 1105 63 20 hafva
739 1105 55 20 förut
816 1106 99 26 gällande
932 1107 33 20 be-

219 1140 130 26 stämningar
364 1139 23 20 af
403 1139 194 26 Bankfullmäktige
617 1139 120 20 bibehällits
752 1140 6 19 i
774 1139 35 20 allt
826 1140 69 27 öfrigt,
912 1143 54 18 utom

218 1175 31 18 att
276 1173 159 20 diskonträntan
460 1173 12 20 å
496 1173 112 20 inhemska
633 1173 73 20 vexlar
731 1174 47 19 med
805 1174 125 27 omloppstid
948 1176 22 18 af

218 1207 64 27 högst
297 1210 31 17 tre
344 1207 99 20 mänader
460 1207 92 20 nedsatts
568 1208 30 19 till
615 1208 47 26 fyra
676 1210 54 17 samt
745 1208 12 19 &
772 1208 148 27 hypotekslän,
933 1209 33 20 be-

218 1242 78 26 viljade
318 1244 58 18 emot
398 1244 50 24 pant
471 1242 22 19 af
514 1241 63 20 säkra
599 1242 30 19 in-
653 1242 39 20 och
709 1242 111 20 utländska
835 1245 132 24 statspapper

218 1279 55 17 samt
288 1276 106 20 allmänna
415 1276 150 27 inrättningars
580 1276 56 19 inom
653 1276 72 20 landet
746 1277 153 20 räntebärande
915 1277 51 21 obli-

216 1311 104 26 gationer,
336 1311 107 20 äfvensom
459 1310 50 27 guld
525 1310 39 20 och
580 1310 79 26 silfver,
675 1310 31 19 till
722 1311 12 19 5
751 1313 96 24 procent;

287 1344 42 27 5:0)
352 1345 41 19 den
416 1345 13 19 4
451 1345 118 20 December
596 1345 48 19 1871
671 1347 23 16 är
709 1347 74 17 räntan
799 1345 12 19 &
827 1345 139 26 hypotekslän

218 1381 60 18 emot
299 1378 99 20 säkerhet
420 1379 22 19 af
463 1379 141 26 nyssnämnde
629 1379 45 26 slag
696 1379 123 26 ytterligare
838 1379 83 20 nedsatt
936 1380 30 19 till

218 1413 44 26 4!/,
280 1413 38 20 och
334 1413 32 19 för
376 1412 116 20 -enahanda
516 1412 34 20 län
573 1415 57 17 emot
649 1419 69 13 annan
732 1412 99 20 säkerhet
846 1413 30 20 till
893 1414 12 19 5
922 1420 45 19 pro-

216 1450 57 24 cent,
290 1453 46 14 men
352 1447 7 18 i
375 1447 63 26 öfrigt
453 1449 36 17 äro
505 1447 26 20 de
547 1447 58 20 äldre
630 1447 185 26 bestämningarne
838 1447 128 22 bibehällna.
