1078 1692
827 118 34 18 243

134 181 88 20 Ständer
245 180 55 20 förut
318 180 109 20 förordade
451 180 370 26 vattenkommunikations-arbeten,
844 182 38 19 har

134 215 69 19 Hans
218 214 148 26 Kejserliga
381 214 134 26 Majestät,
531 214 64 20 sedan
611 215 170 26 kanaliseringen
793 216 22 19 af
824 216 57 19 Wal-

134 249 98 20 kiakoski
248 249 42 19 fors
306 248 90 20 emellan
420 248 117 20 Mallasvesi
555 249 39 19 och
610 248 123 20 Sääksmäki
750 250 61 25 sjöar,
828 250 52 19 hvil-

134 284 36 19 ket
185 283 71 21 arbete
272 283 125 25 påbörjades
412 283 22 19 år
453 283 52 19 1866
521 283 52 19 eller
589 283 44 19 före
648 283 156 27 anläggningen
821 284 23 20 af
853 284 29 20 S:t

134 316 270 27 Petersburg—Riihimäki
425 317 96 26 jernväg,
547 316 67 20 blifvit
637 317 21 19 år
679 318 51 19 1869
750 318 45 19 med
812 318 68 20 dertill

134 352 118 26 förskjutna
266 350 120 21 statsmedel
403 350 86 20 slutförd
507 351 31 19 för
554 358 25 12 en
597 351 94 25 kostnad,
708 352 122 24 utgörande,
846 358 35 14 en-

133 386 39 26 ligt
188 386 39 19 den
246 386 59 19 öfver
328 385 64 27 sagda
416 385 199 26 byggnadsföretag,
631 385 21 20 al
666 381 167 30 Öfverstyrelsen
851 386 31 19 för

134 423 49 23 väg-
218 420 38 20 och
292 419 307 21 vattenkommunikationerne
629 420 79 26 afgifna
738 420 142 27 redovisning,

133 454 91 26 246,808
241 454 58 20 mark
315 454 27 20 20
358 454 70 26 penni,
448 454 45 19 låtit
507 454 24 19 af
543 454 171 26 ofvanupptagna
734 454 120 26 behållning
870 454 12 20 &

134 488 299 26 kommunikations-anslaget
456 488 31 19 till
510 488 130 20 statsfonden
666 488 104 20 öfverföra
794 488 86 26 nyssbe-

133 523 62 19 rörda
220 529 90 19 summa;
334 522 39 20 och
396 528 44 14 som
464 522 35 20 det
523 522 76 26 belopp
622 522 23 20 af
665 522 89 25 486,299
779 523 58 19 mark
854 523 26 20 25

133 557 72 25 penni,
228 556 81 20 hvilket
332 556 87 20 sälunda
441 559 55 17 ännu
520 556 66 20 finnes
605 556 12 20 &
639 556 148 21 meranämnda
807 557 74 26 anslag

134 591 133 26 disponibelt,
284 591 6 19 i
305 591 96 26 förening
417 591 46 19 med
481 590 121 26 uppkomna
615 590 114 21 öfverskott
746 591 12 19 &
773 591 108 20 bränvins-

134 625 210 27 bränningsafgiften,
364 625 97 25 erbjuder
479 627 64 24 utväg
562 627 31 17 att
611 625 12 19 &
641 625 151 26 förfallodagen
812 625 40 20 den
869 625 9 19 1

133 660 117 19 December
278 660 53 19 1873
358 659 68 20 inlösa
449 659 25 20 de
497 659 31 19 till
552 659 200 20 ofvanomförmälda
774 660 23 19 är
821 660 59 23 1865,

133 696 58 17 emot
205 694 127 20 Siändernas
348 694 82 26 garanti
446 695 107 25 upptagna
571 693 110 20 inhemska
694 693 135 26 jernvägslän
845 694 35 19 hö-

133 728 66 20 rande
215 728 147 26 obligationer,
378 728 30 19 till
424 728 155 26 sammanlagdt
594 727 156 26 kapitalbelopp
762 728 23 18 af
792 727 88 26 699,400

134 762 66 25 mark,
213 762 65 26 jemte
301 762 50 19 derä
373 762 32 19 för
427 761 22 20 är
469 762 50 19 1873
541 761 132 26 upplöpande
689 764 66 23 ränta,
771 761 109 20 öfverlem-

134 802 37 13 nar
194 796 69 20 Hans
286 796 154 26 Kejserliga
462 796 125 26 Majestät
602 796 30 19 till
648 795 128 20 Ständernas
792 796 88 19 bestäm-

134 830 76 19 mande
236 836 31 13 om
296 830 48 19 icke
370 830 80 19 inlösen
474 830 23 19 af
518 830 66 25 sagda
605 829 190 26 läneobligationer
818 830 64 19 borde

133 863 88 20 sälunda
237 863 179 27 tillvägabringas.

203 967 31 18 De
254 966 88 19 allmänt
364 966 82 26 nyttiga
468 965 105 26 ändamål,
593 965 31 20 för
647 965 71 20 hvilka
736 965 69 20 Hans
821 965 61 26 Kej-

134 1000 100 26 serliga
252 1000 124 25 Majestät
394 999 22 20 af
433 999 81 20 landets
535 1006 26 12 nu
577 999 125 20 församlade
718 999 87 20 Ständer
821 999 61 20 äskar

135 1034 74 26 anslag
224 1040 76 20 genom
325 1033 120 26 bevillning,
471 1036 36 17 äro
532 1033 60 20 hvart
614 1033 31 20 för
660 1033 32 26 sig
708 1033 128 20 afhandlade
852 1033 28 20 uti

133 1068 93 25 följande
242 1067 30 20 till
289 1067 117 20 Ständerna
421 1067 76 20 aflätne
513 1067 84 26 Nädiga
612 1067 162 26 propositioner:

204 1103 38 18 1:0.
272 1101 39 20 Om
328 1101 72 26 anslag
416 1101 31 19 för
462 1101 196 19 folkskolväsendet
673 1101 5 19 i
696 1101 76 20 landet.

202 1137 39 18 2:0.
286 1150 11 12 n
351 1150 11 12 5
415 1135 31 20 för
463 1135 72 20 blinda
551 1135 62 19 barns
622 1135 149 26 undervisning
782 1135 39 20 och
831 1141 49 19 upp-

417 1169 84 20 fostran.

202 1203 38 20 3:00
285 1219 12 11 »
352 1218 10 12 »
414 1203 31 20 till
461 1210 26 13 en
503 1203 78 20 anstalt
597 1203 31 20 för
643 1203 112 20 klockares
770 1202 39 20 och
821 1209 59 20 orga-

418 1237 75 20 nisters
510 1237 103 26 bildning.

201 1272 39 19 4:0.
286 1286 11 12 y
352 1287 11 11 »
385 1267 16 35 =
415 1271 31 20 för
462 1271 131 26 uppförande
613 1271 22 20 af
648 1271 35 19 två
698 1271 100 26 fyrbäkar
813 1271 6 19 i
835 1271 45 26 sjön

418 1305 90 27 Ladoga.

203 1340 38 19 50.
286 1354 11 12 »
352 1355 11 11 ”
417 1339 31 19 till
464 1339 113 20 understöd
594 1339 31 19 för
641 1339 25 19 de
682 1339 124 19 kommuner
822 1339 60 19 ilan-

421 1373 42 26 det,
479 1373 74 19 hvilka
576 1375 35 17 äro
635 1372 46 20 med
705 1372 143 26 ingvartering
863 1373 23 18 af

418 1410 85 23 trupper
526 1407 51 19 eller
598 1406 216 26 militärinrättningar
837 1407 44 18 svä-

418 1443 43 18 rast
477 1441 126 26 betungade.
