1078 1692
231 126 22 17 26

209 190 64 20 skönt
288 190 6 19 i
311 190 32 26 sig
366 190 50 26 sjelf
438 196 40 20 nog
501 190 61 26 ringa
577 190 38 20 och
633 190 30 20 för
680 191 118 20 ändamålet
813 192 145 26 otillräckligt,

209 224 72 20 likvist
304 225 42 24 just
369 225 66 19 under
458 224 79 20 sådana
560 225 54 19 tider
629 225 22 19 af
664 225 48 25 nöd,
729 225 26 19 då
770 226 35 19 det
821 232 49 14 vore
886 226 22 20 af
922 226 35 20 be-

210 259 72 19 hofvet
297 258 115 26 påkalladt,
430 258 63 20 blifva
509 259 56 19 svårt
581 261 30 17 att
626 259 112 24 honorera;
755 263 21 22 ty
792 260 34 19 vid
843 266 24 14 en
880 260 77 20 allmän

209 293 51 25 kris,
277 292 61 20 skola
353 292 26 20 de
396 292 94 20 enskilde
507 300 44 12 mer
566 296 26 16 än
608 294 80 26 vanligt
704 294 90 19 behöfva
808 294 97 20 Bankens
922 294 35 20 be-

211 327 100 26 medling,
329 326 65 20 under
410 327 35 19 det
461 333 25 13 en
503 327 54 19 ökad
574 328 182 26 spanmålsimport
775 328 86 26 bringar
879 328 77 20 sedlar-

209 368 27 13 na
258 363 30 17 att
311 363 99 17 strömma
432 361 30 19 till
486 361 87 19 Banken
593 362 38 19 och
650 362 65 19 silfret
732 369 22 12 ur
770 362 76 20 landet.
880 362 40 19 Det
936 364 22 17 är

209 396 27 19 då
251 395 131 26 naturligast,
406 398 29 17 att
460 395 106 26 Styrelsen
588 396 18 25 ej
627 402 37 19 ger
679 396 31 26 sig
726 398 30 17 att
771 396 48 26 löpa
834 396 28 19 till
883 399 74 17 storms

210 432 42 17 mot
276 429 98 19 Bankens
398 430 93 19 förråder
506 430 5 18 i
528 430 55 26 kapp
609 430 45 19 med
683 430 102 24 enskilde,
809 432 47 18 utan
880 430 6 19 i
910 430 46 19 dess

209 464 61 19 ställe
288 464 107 26 begagnar
410 464 31 18 sin
459 464 108 19 utländska
586 464 68 20 kredit
670 464 30 19 för
720 464 138 20 anskaffande
879 464 23 19 af
922 464 34 19 be-

210 498 79 26 höfliga
312 498 74 20 medel.
420 498 34 19 Att
477 498 73 19 sådant
573 499 18 24 ej
615 501 22 16 är
653 498 68 26 någon
738 498 122 26 omöjlighet
877 498 81 20 bevisar

211 532 51 20 1867
281 532 33 19 års
330 532 124 25 erfarenhet,
471 532 26 20 dä
512 534 29 18 ett
557 532 90 20 kreditiv
663 532 26 26 på
706 532 37 27 1'/,
762 532 70 26 miljon
849 532 66 19 thaler
931 532 27 25 på

210 566 57 19 detta
290 568 40 17 sätt
354 566 77 20 erhölls
454 566 85 20 utrikes.
576 567 129 26 Visserligen
730 567 81 19 bevisar
834 566 39 20 den
898 569 60 16 ränta

209 607 45 13 som
278 600 70 19 härför
372 600 107 20 betalades
501 603 30 17 att
553 601 74 25 dylika
652 601 181 25 läneoperationer
860 600 96 20 stundom

210 634 71 19 kunna
297 634 65 20 blifva
378 634 53 26 dyra
447 640 47 20 nog.
525 635 47 19 Men
593 635 60 19 äfven
674 635 56 19 detta
746 638 23 16 är
784 634 26 26 på
825 635 35 19 sitt
876 636 40 18 sätt
932 641 24 13 en

210 668 104 19 hälsosam
331 668 106 26 hällhake,
453 674 43 14 som
514 668 84 20 hindrar
613 671 31 17 att
659 668 92 27 tillgripa
766 668 78 20 sådana
859 668 98 26 åtgärder

209 705 64 17 annat
290 705 26 16 än
332 703 6 18 i
355 703 75 25 högsta
445 702 83 20 nödfall.
559 703 99 19 Deremot
673 709 50 13 anse
740 703 18 19 vi
774 705 30 17 att
819 703 35 19 det
870 703 18 25 ej
904 703 54 19 varit

211 736 123 20 välbetänkt
356 738 30 18 att
410 736 65 20 under
492 737 100 19 Finlands
609 737 69 20 Banks
694 737 98 26 ställning
811 738 51 18 1867
878 737 78 26 Styrel-

209 777 37 13 sen
270 770 68 20 skulle
362 770 106 26 begagnat
490 771 30 19 sin
544 770 133 20 kreditivrätt
700 771 70 26 derpä,
790 777 32 13 om
839 771 40 19 den
895 771 61 19 äfven

209 805 45 19 haft
269 811 27 13 en
312 804 72 20 sädan.
405 804 40 20 Det
460 804 91 26 framgär
567 805 89 25 derföre,
673 805 67 26 enligt
756 805 35 19 vär
807 805 54 25 äsigt
876 805 81 26 ganska

211 839 54 18 klart
288 838 22 19 af
330 839 40 18 den
394 838 155 20 ofvannämnda
566 839 22 19 är
610 840 52 18 1867
679 845 69 13 vunna
764 839 125 25 erfarenhet,
905 841 31 16 att
951 839 5 18 i

209 873 25 18 de
251 872 35 19 fall
310 872 27 19 dä
362 872 119 26 Styrelsens
505 873 81 19 biständ
603 873 34 19 vid
653 873 124 19 missväxter
794 873 79 19 kanske
893 875 64 17 ound-

209 907 115 26 gängligen
350 906 106 25 behöfves,
480 910 29 16 ett
532 907 90 19 kreditiv
645 907 23 19 af
681 913 25 14 en
724 907 71 25 miljon
812 907 26 25 pä
857 907 100 19 Finlands

211 941 54 19 bank
282 944 23 16 är
321 941 30 19 till
368 941 62 26 ingen
447 943 65 24 nyttä.
542 941 47 19 Men
607 941 65 20 under
688 941 77 20 sädana
776 941 59 25 tider,
851 941 27 19 dä
893 941 63 26 ingen

210 975 56 26 hjelp
283 975 65 20 borde
364 975 75 26 gifvas,
455 975 53 20 skall
524 975 69 20 denna
609 982 43 13 som
669 975 57 26 skylt
741 975 125 26 upphängda
885 975 70 24 miljon

210 1016 50 13 vara
282 1016 27 13 en
332 1009 83 26 ständig
439 1010 114 25 anmaning
577 1011 31 18 för
631 1017 24 12 en
675 1010 51 19 hvar
741 1011 29 18 att
786 1009 69 20 fordra
870 1009 39 19 och
927 1008 30 19 för

209 1043 108 26 Styrelsen
334 1046 30 17 att
381 1044 77 25 bevilja
474 1044 119 19 understöd.
624 1044 34 19 Ett
673 1044 85 19 stäende
776 1043 181 26 nödhjelpskredi-

210 1078 27 19 tiv
254 1078 68 19 skulle
340 1078 25 19 dä
382 1078 85 19 komma
482 1080 29 17 att
527 1078 65 19 verka
607 1078 67 19 säsom
691 1085 25 12 en
733 1078 55 26 slags
803 1077 78 20 allmän
898 1079 58 18 stats-

209 1112 121 26 fattigvård,
354 1113 85 18 hvilken
463 1112 67 19 skulle
553 1112 85 19 hväifva
659 1112 27 26 pä
705 1112 118 25 Styrelsens
841 1111 59 20 axlar
916 1112 40 19 den

209 1147 107 24 omtanka,
332 1153 45 13 som
394 1147 37 19 bör
447 1153 49 13 vara
512 1147 163 25 befolkningens
695 1153 52 19 egen
771 1145 43 20 sak.
845 1145 28 20 Pä
896 1145 61 20 dessa

209 1180 45 19 skäl
271 1181 73 19 kunna
359 1181 20 18 vi
396 1181 18 25 ej
432 1187 104 19 uppmana
551 1181 82 19 landets
649 1180 114 26 höglofliga
778 1179 88 20 Ständer
882 1181 29 18 att
928 1179 28 20 bi-

209 1214 50 19 falla
275 1215 31 18 till
322 1214 161 27 ifrägavarande
499 1215 82 26 Nädiga
598 1215 134 25 proposition.
