1078 1692
814 112 34 19 367

123 174 107 20 meddelas
253 174 97 21 Banken.
383 174 67 20 Dessa
472 177 72 18 räntor
565 174 105 21 utbetalas
692 176 6 19 i
722 175 36 21 det
772 176 98 20 Bankens

121 209 84 25 kontor,
221 209 37 19 der
274 209 150 20 innehafvaren
440 209 23 20 af
477 208 203 27 depositionbeviset
694 210 31 26 sig
740 210 100 20 anmäler.

191 242 124 21 Räntefoten
340 243 112 20 fastställes
475 243 23 20 af
515 243 199 27 Bankfullmäktige,
731 243 27 26 på
779 243 93 20 Bankdi-

123 276 122 20 rektionens
260 276 84 27 förslag.

471 341 10 22 S
497 339 33 20 56.

191 380 41 19 Det
247 378 127 20 tillkommer
388 378 194 27 Bankfullmäktige
598 381 36 23 att,
650 379 52 20 efter
717 379 155 26 framställning

123 413 23 19 af
159 412 202 26 Bankdirektionen,
377 412 116 20 bestämma
516 413 75 26 högsta
612 412 104 27 beloppet,
732 419 44 14 som
792 419 80 14 samma

122 453 83 19 person,
230 447 106 26 menighet
359 446 51 20 eller
432 446 117 27 inrättning
572 446 31 20 får
627 447 27 26 på
674 453 26 13 en
716 447 56 27 gång
788 447 83 20 hafva
860 442 14 36 i

123 480 87 20 Banken
228 480 138 20 innestående
382 482 42 18 mot
439 480 190 27 depositionsbevis
645 481 38 19 och
700 483 65 17 ränta.

192 508 19 26 Å
227 515 75 25 medel,
318 516 77 19 insatta
417 516 43 18 mot
475 515 196 26 depositionsbevis,
688 515 81 20 betalar
784 510 100 25 Banken

123 548 48 20 icke
186 552 60 17 ränta
263 549 31 20 för
308 550 74 26 längre
397 549 29 20 tid
442 552 26 16 än
485 549 28 20 tio
529 549 29 19 år.
589 549 73 26 Ränta,
678 555 45 14 som
738 549 48 20 icke
800 549 72 27 lyftats

123 583 57 20 inom
196 584 28 19 tio
240 583 23 20 år
278 583 46 20 från
340 583 159 26 förfallodagen,
515 583 95 20 tillfaller
627 582 93 21 Banken.

471 648 10 22 $
498 646 32 19 57.

192 686 80 20 Insatta
286 686 69 20 medel
370 685 129 21 återbetalar
519 685 96 27 Banken,
632 688 42 17 mot
690 685 181 21 återbekomman-

124 719 26 20 de
166 720 23 20 af
207 720 211 27 depositionsbeviset
433 720 47 20 med
497 719 52 20 derå
571 719 99 21 tecknadt
692 720 73 26 gvitto.
795 719 78 21 Tillika

124 754 104 20 utbetalas
244 755 104 26 upplupen
366 754 91 27 ogulden
473 756 70 23 ränta;
567 760 47 14 men
638 754 63 20 hafva
724 754 82 20 medlen
825 754 47 20 icke

124 788 101 20 innestått
246 789 7 19 i
275 788 87 21 Banken
385 788 126 21 åtminstone
535 791 30 17 tre
590 788 107 26 månader,
713 788 96 28 erlägges
825 789 47 20 icke

124 821 70 27 någon
210 824 66 18 ränta.

194 856 81 20 Varder
291 856 190 26 depositionsbevis
496 857 7 18 i
519 856 76 20 sådant
617 856 99 20 afseende
740 857 112 26 uppvisadt
866 857 6 19 i

126 889 183 25 hufvudkontoret,
325 890 103 21 utbetalas
443 890 48 20 hela
507 891 48 19 dess
569 891 95 19 innehåll
682 892 80 25 genast,
778 893 50 17 utan
843 891 29 19 af-

125 924 79 19 seende
219 924 12 19 å
247 924 106 27 beloppet.
383 925 48 19 Men
447 924 37 19 vill
501 924 151 20 innehafvaren
673 924 61 20 deraf
748 924 53 27 lyfta
816 925 56 20 med-

124 957 34 20 len
175 958 6 19 i
198 957 63 27 något
276 960 64 18 annat
361 958 98 21 Bankens
475 958 82 27 kontor,
573 961 23 17 är
612 958 87 20 Banken
720 959 47 20 icke
788 958 85 27 skyldig

125 993 30 18 att
171 992 93 20 utbetala
278 993 47 20 dem
342 992 138 26 annorlunda,
496 995 26 17 än
539 993 53 20 efter
608 999 80 13 samma
704 993 75 19 kontor
795 993 77 20 femton

127 1026 66 26 dagar
209 1026 55 19 förut
279 1027 110 20 meddelad
413 1027 140 26 uppsägning,
570 1027 85 20 hvarom
672 1027 58 20 bevis
747 1027 86 20 tecknas
848 1027 25 26 på

126 1059 75 27 sjelfva
216 1060 217 26 depositionsbeviset.

194 1094 48 20 Med
259 1094 40 20 den
316 1094 86 21 sålunda
418 1097 77 18 utsatta
510 1093 153 28 förfallodagen
672 1095 81 26 upphör
764 1094 27 20 all
802 1095 72 20 vidare

126 1127 188 28 ränteberäkning;
341 1129 85 20 hvarom
453 1129 82 20 erinran
560 1129 38 20 bör
620 1128 50 27 ingå
692 1129 6 19 i
722 1129 152 26 uppsägnings-

126 1157 87 36 beviset.
764 1170 2 2 :

196 1196 124 27 Insättning,
335 1197 23 20 af
372 1197 81 20 hvilket
476 1197 77 26 belopp
576 1203 44 14 som
643 1197 61 26 helst,
724 1197 53 20 skall
797 1197 26 26 på
839 1203 35 14 en-

125 1229 57 27 gång
198 1232 87 25 uttagas.

237 1271 2 2 i
474 1267 10 22 $
501 1265 32 20 58.

194 1304 88 20 Banken
305 1307 23 18 är
350 1305 117 26 berättigad
491 1307 37 24 att,
548 1307 48 18 utan
620 1305 113 26 uppgifven
754 1305 120 27 anledning,

127 1341 94 24 uppsäga
237 1339 125 26 utelöpande
384 1339 191 26 depositionsbevis
590 1339 30 20 till
637 1339 107 26 betalning
760 1339 56 20 inom
833 1340 41 19 viss

127 1373 36 25 tid,
179 1375 53 17 samt
248 1379 50 20 eger
314 1379 76 20 genom
406 1373 127 26 kungörelse
550 1373 6 19 i
572 1373 141 26 tidningarne,
731 1379 44 14 som
792 1373 37 20 bör
844 1373 30 19 in-

127 1406 55 20 föras
205 1407 64 19 minst
291 1409 31 18 tre
344 1407 80 27 gänger
446 1407 40 20 och
502 1407 51 20 sista
569 1407 83 27 gängen
669 1409 31 18 tre
716 1407 99 20 mänader
831 1407 44 20 före

127 1441 40 20 den
191 1441 87 20 sälunda
302 1441 108 20 bestämda
431 1441 162 27 förfallodagen,
617 1441 97 20 meddela
738 1441 64 20 sädan
823 1447 51 20 upp-
