1078 1692
557 181 16 27 $
588 181 48 21 102.

322 220 109 22 Finlands
455 220 63 22 Bank
541 221 42 25 må,
601 221 9 20 i
628 221 41 21 den
692 221 94 27 ordning
809 222 28 20 55
852 221 15 27 $
876 220 63 28 före-

253 254 95 27 skrifver
370 257 57 19 samt
445 254 42 26 här
509 255 72 21 nedan
600 255 75 21 vidare
690 257 96 24 nämnes,
800 255 84 21 inrätta
900 254 38 21 och

252 289 62 21 hålla
340 292 118 24 agenturer
470 290 31 26 på
517 289 25 21 de
558 292 59 18 orter
636 290 58 20 inom
717 289 79 25 landet,
811 289 38 21 der
864 296 25 14 en
904 289 35 20 så-

253 323 46 21 dan
320 324 84 20 anstalt
426 323 43 21 kan
494 330 63 14 anses
575 330 54 14 vara
645 323 29 27 af
684 323 42 21 den
740 323 126 28 synnerliga
881 322 57 28 bety-

254 357 58 21 delse
327 357 37 21 och
380 357 36 21 det
430 364 59 21 gagn
504 358 8 19 i
527 357 38 21 och
576 357 43 27 för
641 357 165 27 affärsrörelsen
829 357 38 21 och
885 363 54 21 pen-

254 391 225 28 ningeomsättningen
500 391 32 27 på
554 394 62 18 orten
638 391 38 21 och
700 391 134 28 omgifvande
850 390 88 26 trakter,

253 428 33 18 att
301 424 92 22 Banken
409 424 38 22 bör
461 424 122 22 vidkännas
606 425 40 21 den
661 424 73 28 utgift,
750 432 44 14 som
809 424 30 28 af
849 427 89 25 agentu-

252 466 51 14 rens
318 458 195 28 upprätthållande
522 458 136 28 föranledes.
682 459 75 21 Sådan
768 462 91 25 agentur
869 458 69 22 hand-

252 493 76 27 hafves
344 493 30 27 af
385 500 25 14 en
426 493 75 21 dertill
515 496 96 24 antagen
626 493 36 21 och
672 492 129 28 förordnad
815 494 76 27 Agent.

556 556 15 27 $
586 557 48 20 103.

322 596 105 28 Agenten,
438 602 45 14 som
494 595 38 21 bör
546 602 55 14 vara
617 595 69 21 bosatt
698 596 33 27 på
746 598 60 18 orten
822 596 37 20 och
874 596 63 28 njuta

253 630 105 21 anseende
375 629 42 27 för
439 628 114 22 redbarhet
576 629 38 21 och
633 629 174 28 vederhäftighet
821 630 115 26 äfvensom,

252 664 9 20 i
276 664 102 21 händelse
401 666 120 25 agenturen
543 663 58 21 skall
616 663 84 27 befatta
714 664 34 28 sig
762 664 47 21 med
824 666 68 19 annat
907 666 28 18 än

249 698 198 29 penningevexling
462 700 56 18 samt
528 697 142 28 försäljning
685 698 38 20 och
737 698 83 21 inlösen
836 698 30 27 af
876 698 61 21 Ban-

253 732 52 21 kens
320 732 143 27 invisningar,
480 738 52 14 vara
557 732 36 20 väl
610 731 118 28 förtrogen
750 732 48 21 med
821 732 116 28 affärsför-

252 766 136 21 hållandena
409 766 31 26 på
466 768 67 22 orten,
558 768 90 25 antages
673 766 38 20 och
736 766 152 27 tillförordnas
911 766 31 27 af

252 800 202 21 Bankdirektionen
476 800 87 20 medelst
589 800 73 20 derom
684 800 90 21 emellan
796 800 141 22 Direktionen

254 834 38 20 och
317 834 76 20 honom
416 832 127 29 skriftligen
558 834 130 26 upprättadt
707 836 56 18 samt
778 834 31 27 af
818 834 119 27 Bankfull-

252 867 100 28 mäktige,
365 867 33 28 på
412 867 155 21 Direktionens
581 866 175 29 framställning,
768 868 120 27 granskadt
899 869 37 20 och

252 901 113 28 godkändt
380 901 108 21 kontrakt.

555 959 16 27 $
586 959 49 20 104.

324 998 115 28 Omfänget
462 997 39 22 och
523 997 171 28 beskaffenheten
717 999 29 26 af
761 999 108 28 Agentens
884 1001 53 20 eller

252 1035 130 26 agenturens
409 1031 124 29 befogenhet
557 1031 39 22 och
621 1032 132 21 verksamhet
778 1033 131 26 bestämmas,
928 1036 9 19 i

252 1067 76 28 hvarje
351 1066 106 21 särskildt
474 1066 54 27 fall,
544 1067 9 20 i
567 1065 39 22 och
620 1073 75 20 genom
715 1067 35 21 det
768 1067 108 28 kontrakt,
891 1075 45 15 som

252 1101 139 28 omförmäles
407 1101 9 20 i
430 1099 183 28 nästföregäende
631 1101 20 26 $,
667 1107 48 14 men
729 1101 30 27 få
778 1101 46 21 icke
838 1103 98 21 sträckas

251 1135 87 28 utöfver
357 1134 107 28 följande
483 1134 98 28 göromål
596 1134 39 21 och
650 1133 155 29 befattningar,
821 1137 115 28 nemligen:

252 1170 26 27 a)
290 1168 210 29 penningeverling;
523 1167 22 28 b)
561 1167 65 28 inköp
646 1168 38 21 och
706 1169 136 28 försäljning
860 1171 31 26 af
901 1174 35 18 ut-

253 1203 88 21 ländskt
358 1202 130 27 fullhaltigt
512 1204 66 25 mynt,
600 1202 4 20 i
618 1203 52 20 män
685 1202 31 27 af
727 1203 104 28 tillgäng;
854 1205 20 26 c)
884 1205 52 26 för-

252 1237 99 27 säljning
366 1236 30 27 af
406 1236 139 27 invisningar
559 1236 32 27 pä
610 1235 92 22 Banken
724 1239 56 18 samt
798 1237 46 22 dess
859 1238 77 22 kontor

252 1271 39 21 och
306 1273 117 25 agenturer
437 1270 58 21 inom
511 1269 75 22 landet
597 1270 39 21 och
646 1271 9 20 i
666 1270 32 21 S:t
709 1271 140 28 Petersburg;
864 1273 24 27 d)
902 1274 34 21 in-

251 1305 61 21 lösen
326 1304 31 28 af
367 1304 146 27 invisningar,
537 1304 108 21 utställda
667 1304 30 27 af
714 1305 92 21 Banken
821 1306 52 21 eller
888 1308 48 21 dess

251 1339 150 28 nyssnämnda
416 1338 77 21 kontor
508 1337 38 21 och
561 1341 127 24 agenturer;
702 1339 21 26 €)
738 1339 65 27 inköp
815 1339 30 28 af
848 1341 87 22 utländ-

250 1373 40 21 ska
306 1373 38 20 och
359 1372 82 21 inrikes
457 1372 81 25 vexlar,
554 1372 67 27 enligt
644 1372 212 23 Bankdirektionens
873 1375 63 27 före-

250 1406 91 28 skrift
333 1401 14 39 i
356 1405 77 28 hvarje
455 1405 104 22 särskildt
576 1405 61 28 fall;
654 1406 26 27 f)
702 1407 129 27 utgifvande
845 1409 31 26 af
883 1416 53 20 pen-

250 1441 112 28 ningelän,
386 1439 102 21 likaledes
514 1439 55 28 efter
591 1439 154 22 Direktionens
759 1440 177 27 förordnande
923 1435 17 38 i
