1078 1692
221 112 33 17 168

196 170 151 26 förordningen
367 170 23 19 af
408 169 40 20 den
467 170 12 19 8
500 169 123 27 September
644 170 53 20 1842
716 170 109 26 upphörde
841 172 29 18 att
885 171 63 26 gälla,

195 204 67 22 några
277 204 89 22 partiela
381 204 114 21 ändringar
510 204 6 19 i
533 204 40 20 den
595 204 121 20 nuvarande
739 204 150 27 författningen
912 212 33 13 om

195 238 280 26 stämpelpappers-afgiften
493 238 68 20 blifvit
579 238 125 26 föreslagna,
724 238 111 26 åsyftande
851 240 29 18 att
895 246 51 19 upp-

196 272 75 26 bringa
295 272 69 20 denna
383 272 62 26 afgift
467 272 126 20 åtminstone
609 272 31 20 till
656 272 34 20 det
707 272 76 26 belopp
799 279 44 13 som
859 273 23 19 af
896 274 50 19 den-

197 312 81 14 samma
294 306 55 19 förut
364 306 99 20 erhållits.

265 340 31 20 De
316 340 94 26 antydda
429 340 207 26 ändringsförslagen
655 343 36 17 äro
711 340 6 19 i
736 340 109 27 ingressen
861 341 29 19 till
908 341 40 19 den

198 374 82 26 Nådiga
309 374 158 26 propositionen
493 374 173 20 sammanfattade
697 374 66 20 under
790 375 92 25 följande
907 375 41 19 fem

199 408 180 25 hufvudpunkter:

269 442 39 19 1:o.
337 442 130 26 Förhöjning
483 442 22 20 af
519 442 189 26 stämpelbeloppet
720 442 31 20 för
762 443 26 19 de
804 443 45 20 från
867 443 81 26 Kejser-

199 476 43 26 liga
257 475 91 21 Senaten
364 478 54 18 samt
433 476 67 26 öfrige
515 476 7 20 i
538 476 65 20 första
625 476 136 26 afdelningen
782 479 106 24 upptagne
906 484 42 13 em-

199 510 197 26 betsmyndigheter
412 510 104 26 utgående
532 510 146 26 expeditioner
694 510 45 20 från
755 511 12 19 2
785 510 31 20 till
831 512 12 18 4
860 511 64 19 mark.

268 544 40 20 2:0.
339 544 146 26 Uppflyttning
510 544 23 20 af
555 544 173 20 Häradsrätterne
754 544 45 20 från
831 545 63 20 femte
919 546 30 18 till

200 579 67 26 fjerde
286 578 136 27 afdelningen
437 579 6 19 i
460 578 40 20 den
521 579 31 19 för
573 578 149 27 begagnandet
737 578 23 20 af
774 579 111 26 stämpladt
900 586 49 19 pap-

201 620 37 20 per
254 613 98 27 gällande
368 612 185 27 klass-indelning.

270 647 40 19 3:0.
341 646 164 27 Upphäfvandet
529 647 23 19 af
575 647 40 19 den
642 646 91 27 lindring
757 647 6 19 i
789 647 38 19 och
854 647 96 20 befrielse

201 680 45 20 från
266 680 287 27 stämpelpappers-afgiften,
573 681 86 19 hvarom
680 680 84 27 stadgas
780 681 6 19 i
805 683 10 22 $
831 682 12 18 4
863 688 54 12 anm.
939 681 11 20 1

202 715 39 20 och
257 717 10 22 $
286 716 24 18 14
326 721 62 13 mom.
405 715 25 19 39
447 715 22 19 af
483 715 126 26 nugällande
625 714 154 26 kartasigillata
794 715 128 27 förordning.

271 749 39 19 4:0.
345 749 129 20 Utfärdande
491 749 22 19 af
527 748 157 20 helfrihetsbref
698 748 40 20 och
754 749 124 20 mätebref
867 744 9 36 &
889 751 61 18 stäm-

203 783 115 27 pelpapper
334 783 30 19 till
382 784 50 19 visst
448 783 76 26 belopp
541 783 52 19 efter
609 782 110 20 lästetalet.

244 826 5 3 +
272 818 40 18 5:0.
342 817 62 20 Vissa
424 817 94 19 skrifters
538 816 39 20 och
593 816 159 26 afhandlingars
770 817 88 19 emellan
874 817 78 19 enskil-

204 851 26 19 da
246 857 100 20 personer
369 851 128 26 ovilkorliga
516 850 113 20 affattande
645 850 12 19 &
672 851 113 25 stämpladt
800 857 86 20 papper,
902 851 51 20 eller

205 885 111 20 förseende
333 885 46 20 med
396 884 169 26 stämpelmärke.

272 919 41 19 För
333 921 30 17 ett
386 919 128 26 ungefärligt
538 918 138 25 bedömande,
692 918 52 19 huru
761 920 42 18 stor
819 919 112 26 tillökning
946 920 7 19 i

204 953 94 20 inkomst
313 953 71 20 kunde
400 953 85 20 komma
499 955 31 18 att
545 953 84 26 tillflyta
643 953 133 25 statsverket,
787 959 76 20 genom
880 953 25 20 de
921 954 31 19 sä-

205 987 65 20 lunda
296 987 119 31 föreslagna
437 987 172 26 förhöjningarne
632 987 22 19 af
674 987 280 26 stämpelpappersafgiften,

206 1021 108 20 meddelas
330 1021 36 20 här
385 1021 92 26 följande
493 1028 24 12 ur
533 1020 151 27 kartasigillata
708 1020 107 20 kontorets
839 1021 115 20 räkenska-

206 1062 37 19 per
259 1055 99 20 hemtade
373 1055 106 26 uppgifter
495 1055 58 20 öfver
570 1055 161 20 konsumtionen
748 1055 22 18 af
785 1055 169 26 stämpelpapper

206 1089 39 20 och
269 1089 87 19 märken
380 1089 52 20 efter
449 1089 27 20 ån
489 1090 59 25 1864,
568 1089 26 20 dä
617 1089 26 20 de
665 1095 27 13 nu
715 1089 98 26 gällande
836 1089 120 26 grunderna

207 1123 31 20 för
254 1123 70 20 denna
339 1123 136 26 beskattning
490 1123 100 25 infördes,
606 1123 53 19 intill
675 1123 106 26 utgängen
798 1123 23 20 af
834 1123 23 20 är
875 1124 59 19 1871.

275 1157 73 20 Under
363 1157 61 20 dessa
444 1158 31 25 sju
491 1157 22 20 är
529 1157 64 20 hafva
607 1157 30 20 till
653 1157 73 19 länens
742 1158 103 19 ränterier
860 1158 38 19 och
915 1159 40 18 för-

207 1191 195 26 säljningsmännen
418 1191 6 19 i
440 1191 121 20 landsorten
582 1191 126 20 remitterats
729 1191 168 27 stäipelpapper
917 1192 39 19 och

207 1225 177 26 stämpelmärken
393 1232 4 12 :

207 1282 20 16 af
236 1281 23 19 20
271 1282 35 21 pris
319 1281 52 17 valör
383 1281 92 22 2,636,386
487 1281 67 23 styck.,
561 1281 144 18 motsvarande
695 1276 12 33 i
712 1281 55 17 värde
776 1281 73 22 527,277
858 1282 31 17 mk
897 1282 23 19 20
927 1283 31 22 pii,

212 1310 82 22 Bn
342 1323 10 9 »
410 1310 119 23 46120»
616 1324 10 9 N
730 1323 10 9 »
788 1311 59 22 11530
874 1324 10 9 +
903 1321 21 2 —
937 1325 9 8 5

213 1352 10 9 »
239 1339 22 18 30
285 1352 11 9 »
342 1352 10 8 +
399 1339 74 22 374000
520 1352 9 8 n
614 1352 10 8 N
731 1352 10 9 »
778 1339 71 22 112200
873 1353 10 8 »
902 1350 21 2 —

213 1381 10 7 =
238 1367 23 19 40
285 1380 11 9 +
342 1380 10 8 =»
383 1367 89 21 1334410
492 1363 12 34 —
613 1381 10 7 si
776 1367 73 21 533.764
872 1381 11 7 1
902 1378 23 3 —
937 1381 10 6 x

214 1409 10 8 »
239 1395 57 22 On
342 1409 12 8 »
398 1395 74 22 290253
611 1409 10 9 ”
728 1409 10 8 »
778 1395 72 22 145,26
874 1409 10 9 ,
902 1397 22 18 50
937 1409 10 9 ,

214 1437 10 9 »
239 1424 22 19 60
286 1437 10 9 »
343 1437 9 9 1
400 1423 74 22 468732
612 1438 10 9 »”
731 1437 9 9 »
778 1424 73 22 281239
874 1438 10 9 ,
902 1425 45 22 20,

214 1465 10 9 >
239 1452 57 22 10»
343 1465 10 8 n
411 1452 62 21 4975
522 1466 10 9 n
614 1466 10 9 »
730 1466 9 8 +
764 1440 11 42 =
786 1452 61 22 34807
871 1466 10 8 ,
901 1453 46 22 50,
