1078 1692
806 130 33 17 159

453 194 10 22 $
479 193 34 19 23.

180 239 177 27 Lysningssedlar
380 239 32 19 till
435 238 119 26 äktenskap
577 238 66 25 skola,
668 238 69 19 tillika
758 238 47 19 med
821 237 40 20 för-

111 274 102 25 teckning
228 274 59 19 öfver
303 273 26 20 de
345 273 100 26 förelyste
461 278 137 21 personerne,
613 272 32 19 för
661 272 71 26 hvarje
752 272 23 20 år
797 272 64 19 innan

111 308 100 20 Februari
234 307 86 20 månads
344 307 40 19 slut
408 307 35 19 det
466 306 122 26 påföljande
611 306 45 19 året
674 306 24 19 af
711 306 150 26 kyrkoherden

111 342 52 19 eller
179 342 47 24 den,
243 348 43 13 som
303 342 51 19 hans
370 342 63 25 tjenst
448 341 105 25 förrättar,
570 340 98 20 insändas
687 340 30 19 till
742 340 119 20 kontrakts-

111 378 92 24 prosten,
220 375 85 20 hvilken
321 376 65 19 innan
402 374 59 27 April
479 374 86 20 månads
582 374 78 26 utgång
676 374 47 20 dem
739 374 31 20 till
784 374 78 20 Lands-

111 410 99 20 kontoret
232 410 146 24 öfverlemnar,
402 409 88 20 hvarvid
512 408 36 20 bör
567 415 56 19 noga
638 408 86 20 efterses
740 410 30 18 att
786 408 25 20 de
827 408 34 20 be-

111 444 97 26 gagnade
223 444 184 26 stämpelpappren
424 444 50 19 eller
489 442 193 27 stämpelmärkena
696 446 36 16 äro
748 443 22 19 af
784 442 78 27 kyrko-

111 478 80 20 herden
208 478 113 26 behörigen
339 478 141 19 makulerade.
511 476 45 21 Och
572 484 50 12 vare
638 477 39 19 den
694 477 23 19 af
733 476 129 27 presterska-

112 513 42 24 pet,
170 518 44 14 som
230 512 91 20 nämnde
337 512 74 19 termin
429 512 130 25 försummar,
571 511 96 20 förfallen
680 511 30 19 till
721 512 57 25 tjugu
793 510 69 20 marks

115 546 65 20 böter.
211 542 64 24 Öfver
298 546 42 20 alla
362 546 45 19 från
430 546 142 26 prosterierne
590 545 100 20 inkomna
705 545 158 25 förteckningar

114 583 107 24 upprättar
243 580 169 20 Landskontoret
434 580 64 20 sedan
523 582 29 18 ett
567 579 134 20 summariskt
716 579 147 25 sammandrag

114 616 38 19 och
169 615 99 19 insänder
292 615 116 19 detsamma
428 615 66 25 jemte
519 613 200 27 lysningssedlarne,
734 614 65 19 innan
814 613 49 19 Juni

114 648 86 20 månads
224 648 84 27 utgång,
332 655 77 20 genom
433 648 137 20 Guvernören
591 648 30 20 till
639 648 101 20 Senatens
755 648 107 19 Kammar-

113 683 130 26 expedition,
259 682 31 20 för
306 685 30 17 att
350 683 32 19 till
398 682 89 28 behörig
503 682 131 27 granskning
652 682 7 20 i
679 682 183 20 Revisionskonto-

113 719 33 18 ret
161 717 115 20 befordras.

458 765 10 22 S
485 763 32 19 24.

185 808 81 20 Varder
288 808 70 26 någon
380 808 126 26 öfvertygad
529 810 30 18 att
580 808 63 20 hafva
665 808 91 20 kronans
776 808 89 26 stämpel

118 843 110 26 eftergjort
244 842 50 20 eller
310 842 97 19 utfärdad
423 842 60 19 karta
498 842 90 19 medelst
603 841 121 27 förändring
739 842 126 25 afstämpel-

117 877 91 26 aftryck,
223 883 45 13 som
285 876 108 20 utmärker
409 876 46 20 dess
472 876 71 26 värde,
559 876 109 19 förfalskat
683 876 6 19 i
705 875 63 27 afsigt
779 877 29 18 att
819 875 46 20 ska-

117 912 27 19 da
159 913 58 24 göra,
234 911 81 19 straffes
331 910 27 26 på
373 912 41 18 sätt
428 911 6 18 i
452 911 8 18 1
479 913 10 21 $
506 911 11 18 8
534 910 89 26 kapitlet
636 910 228 26 Missgerningsbalken

115 952 35 13 om
166 944 139 27 förfalskning
328 945 22 19 af
370 945 75 26 högsta
468 944 97 20 maktens
588 944 128 19 underskrift
730 944 39 19 och
785 944 80 26 insegel

117 979 62 26 sagdt
194 982 28 17 är.

189 1013 43 26 Lag
247 1019 79 14 samma
342 1019 50 13 vare
408 1019 32 13 om
457 1013 78 26 någon,
539 1008 10 35 i
564 1012 69 19 stället
643 1012 31 19 för
686 1012 96 25 behörigt
790 1013 76 25 stämp-

115 1047 46 20 ladt
182 1054 79 19 papper
284 1047 51 20 eller
356 1047 171 26 stämpelmärke,
551 1047 105 26 begagnar
674 1047 51 19 eller
747 1046 120 26 utprånglar

117 1081 82 26 sådant,
215 1088 43 13 som
275 1081 41 20 han
332 1083 35 18 vet
382 1087 50 14 vara
448 1081 63 20 falskt
527 1081 51 20 eller
594 1080 128 20 förfalskadt.

461 1140 9 22 S
487 1139 32 19 25.

189 1183 79 20 Blifver
284 1183 43 20 från
345 1183 55 20 förut
415 1183 110 27 begagnad
543 1183 59 20 karta
620 1183 129 26 anteckning
768 1183 99 26 utplänad

119 1218 52 19 eller
187 1218 60 25 eljest
263 1217 109 27 borttagen
388 1218 5 18 i
410 1218 96 19 ändamål
523 1219 30 18 att
568 1217 40 20 slik
625 1217 59 20 karta
696 1217 54 26 ånyo
766 1218 102 25 använda,

119 1259 49 13 vare
185 1253 41 25 lag,
242 1259 44 12 som
302 1255 60 23 säges
378 1252 7 19 i
402 1252 11 19 3
430 1254 9 21 $
457 1253 11 18 8
484 1252 91 26 kapitlet
590 1251 235 26 Missgerningsbalken.

462 1310 10 22 S
488 1309 33 20 26.

190 1354 165 20 Vederbörande
378 1354 83 20 fiskaler
485 1354 39 19 och
548 1353 168 26 kronoåklagare
732 1353 6 20 i
756 1353 114 20 allmänhet

121 1389 81 26 åligger
226 1391 30 17 alt
278 1388 27 26 på
328 1388 35 19 det
384 1390 157 25 noggrannaste
561 1388 54 19 vaka
633 1387 59 20 öfver
707 1388 69 19 denna
792 1387 77 20 förord-

120 1423 62 26 nings
206 1423 124 20 efterlefnad
353 1423 38 19 och
415 1422 152 20 öfverträdelse
597 1422 61 19 deraf
681 1422 90 26 lagligen
799 1422 72 25 beifra,

120 1457 87 20 hvarvid
224 1457 26 19 de
266 1463 40 20 ega
322 1457 58 25 njuta
394 1457 53 26 hägn
465 1457 44 27 och
521 1456 96 25 beskydd
635 1456 87 19 likasom
738 1456 65 19 andre
829 1462 41 13 em-
