1078 1692
808 117 22 17 57

276 182 32 19 att
324 180 125 21 Ständerna
463 181 66 20 måtte
537 180 38 21 vid
583 180 131 28 beviljandet
723 180 30 28 af
758 182 97 24 270,000

208 213 62 21 mark
292 221 33 13 om
347 214 47 20 året
417 214 34 20 till
468 214 211 27 folkskoleväsendet
702 222 26 13 m.
752 222 26 13 m.
789 214 66 28 fästa

209 248 34 20 det
258 248 76 25 vilkor,
350 250 33 18 att
400 248 109 28 Styrelsen
524 248 99 28 vidtager
636 248 70 21 sädan
716 248 140 28 förändring

208 282 48 20 med
271 282 42 20 119
327 282 15 27 $
357 282 39 20 och
411 282 88 20 dermed
517 282 215 28 sammanhängande
751 283 104 27 stadgan-

209 316 41 20 den
265 316 8 20 i
288 316 89 28 Nädiga
387 316 164 28 förordningen
567 316 40 20 den
623 317 27 19 11
668 316 48 28 Maj
739 318 62 24 1866,
823 319 32 18 att

210 350 64 27 ingen
290 349 98 22 kommun
404 350 129 27 hädanefter
548 351 35 19 mä
599 350 95 21 tilldelas
710 352 29 19 ett
753 350 103 28 obegrän-

209 384 50 20 sadt
274 384 63 20 antal
348 384 189 28 folkskoleanslag
552 384 30 27 af
593 385 112 20 allmänna
716 385 73 25 medel,
803 387 54 19 utan

209 420 32 18 att
262 418 35 20 det
319 418 35 20 mä
376 419 14 20 å
414 418 109 28 Styrelsen
545 418 114 21 ankomma
681 421 32 18 att
735 420 43 19 när
798 418 59 28 från

209 452 106 25 kommun,
330 459 45 14 som
390 453 68 20 redan
473 452 90 21 erhållit
578 452 127 28 lönebidrag
711 452 41 28 för
763 460 25 13 en
794 453 62 27 folk-

209 486 133 21 skolelärare
365 486 38 21 och
426 494 25 13 en
473 487 123 24 lärarinna,
615 487 127 27 ytterligare
758 487 98 21 ansökan

211 527 33 14 om
266 521 84 20 sädana
372 520 78 28 bidrag
472 522 69 26 göres,
559 520 82 28 pröfva
664 521 37 21 och
720 520 85 28 afgöra,
823 528 33 14 om

211 554 38 21 och
265 555 35 20 till
315 555 57 21 hvad
388 555 73 27 belopp
478 554 149 28 ansökningen
643 556 34 20 mä
698 554 102 28 beviljas;
823 555 34 21 bö-

211 589 69 20 vande
295 589 37 21 vid
348 589 71 21 denna
430 589 111 27 pröfning
556 588 86 28 hänsyn
658 592 62 24 tagas
734 590 23 26 ej
771 589 85 21 mindre

212 623 35 21 till
262 623 41 20 den
314 623 57 27 plan
386 623 125 21 kommunen
526 624 86 26 antagit
621 623 41 27 för
684 624 38 20 sitt
738 622 119 28 folkskole-

211 657 102 20 väsendes
327 656 169 28 genomförande
511 657 38 20 och
565 657 84 21 hvilken
660 658 57 26 plan
727 657 39 21 bör
776 657 82 27 ätfölja

212 690 153 28 ansökningen,
388 693 30 19 än
441 691 37 21 ock
499 692 34 20 till
551 691 136 21 kommunens
697 692 160 27 folkmängds-,

212 725 70 21 areal-
297 725 39 21 och
350 724 230 28 spräkförhällanden.

213 800 31 20 Af
256 800 53 20 Herr
324 800 56 28 Aug.
398 800 128 21 Schauman.

182 863 106 20 Utskottet
303 863 37 20 har
362 863 23 20 af
408 863 40 20 den
471 863 189 27 omständigheten,
683 866 30 17 att
734 864 75 20 inalles
835 865 21 19 11

112 897 186 20 landskommuner
314 897 80 26 ätnjuta
408 897 73 26 anslag
497 897 31 20 för
544 904 43 13 mer
603 901 26 16 än
646 905 25 12 en
688 898 66 25 skola,
774 899 38 19 och
829 901 30 17 att

113 931 62 20 bland
199 931 60 20 dessa
284 932 21 19 11
331 931 67 20 finnas
421 934 30 17 ett
472 938 45 20 par,
539 931 72 20 hvilka
631 932 93 26 uppbära
738 933 74 26 anslag
828 933 31 19 för

111 965 48 26 fyra
173 967 13 18 &
202 965 39 20 fem
266 965 78 26 skolor,
366 966 69 20 funnit
458 967 32 26 sig
513 966 112 20 föranlätet
643 968 29 18 att
681 967 93 19 uttänka
790 967 68 20 medel

112 999 31 20 för
159 1001 30 18 att
203 1000 6 19 i
226 1000 29 19 tid
272 999 131 21 förekomma
426 1007 24 13 en
474 1001 85 19 befarad
583 1001 69 19 alltför
672 1001 41 26 hög
728 1001 95 26 stegring
839 1001 22 19 af

112 1033 211 26 folkskolebudgeten
340 1035 40 19 och
396 1035 31 19 för
442 1036 30 18 att
487 1035 147 19 åstadkomma
654 1041 25 13 en
700 1035 96 26 jemnare
818 1035 41 19 för-

113 1067 87 26 delning
215 1068 23 19 af
251 1067 149 27 skolanslagen
416 1069 90 19 emellan
523 1069 26 19 de
565 1069 68 19 skilda
648 1069 159 20 kommunerna.

181 1101 51 20 Häri
254 1102 37 19 har
311 1103 37 25 jag
370 1102 47 20 icke
440 1103 81 19 kunnat
536 1103 73 19 förena
625 1103 43 26 mig
684 1103 45 19 med
749 1103 111 20 utskottets

113 1136 110 26 majoritet.
254 1137 31 19 Då
308 1143 46 14 man
379 1143 39 20 ser,
441 1140 30 17 att
486 1137 23 20 af
523 1137 81 20 landets
620 1137 40 20 457
675 1137 186 20 landskommuner

113 1173 55 16 ännu
184 1170 67 20 finnas
267 1171 47 25 341,
336 1171 74 20 hvilka
431 1171 38 20 alls
484 1171 65 26 ingen
566 1171 59 20 skola
644 1177 48 20 ega;
715 1171 26 20 då
756 1171 103 26 styrelsen

112 1205 48 20 icke
183 1211 36 14 ens
242 1205 64 26 vågar
329 1205 85 23 förutse,
437 1207 30 18 att
489 1205 161 26 skoleanslagen
666 1205 60 20 skola
744 1205 52 20 ökas
813 1206 47 19 med

114 1246 57 13 mera
193 1243 27 16 än
243 1240 76 25 25,000
342 1239 59 20 mark
425 1247 33 12 om
481 1239 56 26 året;
561 1239 26 20 då
603 1246 47 13 man
667 1239 97 27 slutligen
781 1240 81 20 känner

113 1275 48 25 den,
176 1274 48 20 icke
240 1274 52 20 blott
308 1273 137 27 likgiltighet,
461 1276 48 17 utan
527 1273 147 20 hårdnackade
686 1274 175 26 motsträfvighet,

113 1309 48 19 med
177 1308 86 19 hvilken
279 1308 172 19 folkskolesaken
467 1309 5 18 i
489 1310 66 17 större
571 1308 61 19 delen
648 1307 23 20 af
688 1307 72 20 landet
780 1308 36 19 har
831 1310 31 17 att

113 1343 86 26 kämpa;
216 1354 24 3 —
258 1342 22 20 så
296 1342 102 20 behöfver
414 1349 47 13 man
478 1344 71 24 tyvärr
564 1342 48 19 icke
631 1342 76 25 befara,
727 1344 29 17 att
779 1342 82 20 folkun-

113 1377 148 26 dervisningen
280 1376 22 19 så
317 1379 56 17 snart
390 1377 53 19 skall
458 1379 53 24 göra
525 1376 91 27 anspråk
633 1376 26 26 på
674 1376 78 19 sådana
763 1382 98 20 summor,

113 1418 44 14 som
173 1411 70 20 kunde
260 1410 73 27 tyckas
350 1411 114 26 öfverstiga
479 1411 82 19 landets
577 1410 117 20 finansiella
708 1410 85 19 krafter.
817 1409 44 21 Och

113 1445 54 20 hvad
192 1445 97 19 beträffar
309 1445 97 26 jemnhet
422 1445 6 20 i
444 1445 206 26 anslagsfördelning
672 1444 39 20 och
727 1444 6 19 i
752 1443 110 22 skolornas
