1078 1692
224 124 34 17 438

202 194 40 13 nen
264 187 22 20 af
304 187 70 20 denna
393 189 10 22 $
424 186 86 20 föreslår
526 187 108 20 Utskottet
653 187 31 19 för
700 187 62 25 öfrigt
783 186 65 27 några
864 187 88 20 förkort-

203 222 81 25 ningar,
300 221 23 19 af
338 221 46 19 skäl
400 223 30 17 att
445 221 26 19 de
487 220 58 20 olika
559 221 183 26 rörelsegrenarne
759 221 37 19 här
811 221 75 19 endast
902 221 51 20 böra

201 255 98 26 angifvas
321 255 39 19 och
380 258 93 22 nämnas,
495 261 47 13 men
562 254 48 20 icke
626 254 163 26 kommenteras,
805 254 67 20 såsom
889 255 6 19 i
912 256 40 18 för-

201 289 69 26 slaget
286 289 31 19 till
333 296 25 13 en
376 289 33 20 del
426 288 54 20 hade
495 288 62 20 skett.

272 322 116 21 Utskottets
408 323 78 26 förslag
502 322 31 20 till
549 323 12 19 3
578 325 9 22 $
603 322 73 26 skiljer
692 323 32 26 sig
740 323 44 19 från
801 322 152 27 Fullmäktiges

203 359 93 18 närmast
311 357 51 25 deri,
378 359 30 18 att
423 357 147 26 grundfonden
588 357 106 27 upptagits
710 357 30 19 till
759 357 5 19 6
777 357 96 26 miljoner
888 357 64 19 mark.

202 391 32 20 Då
254 391 37 20 det
305 391 7 19 i
327 391 42 19 alla
389 391 37 19 fall
447 391 52 20 blott
514 394 23 16 är
553 398 25 13 en
596 391 204 27 bokföringsåtgärd,
816 398 44 13 som
876 391 76 27 afgjort

203 426 87 20 hvilken
302 425 34 20 del
346 425 24 20 af
378 425 98 20 Bankens
487 425 122 27 bebållning
621 425 53 20 skall
684 425 106 20 betraktas
799 425 67 20 såsom
876 425 76 27 grund-

203 460 50 19 fond
274 460 40 20 och
332 459 86 20 hvilken
439 459 68 20 såsom
523 460 130 25 reservfond,
669 460 37 19 har
722 459 35 20 det
773 462 59 23 synts
847 460 107 20 Utskottet

202 494 122 26 lämpligast
338 496 36 23 att,
390 494 6 19 i
412 494 156 26 öfvervägande
584 494 23 20 af
620 494 98 19 Bankens
735 493 120 20 nuvarande
870 493 82 27 tillgån-

203 534 44 20 gar,
272 528 48 26 höja
342 528 158 26 grundfondens
523 528 58 20 siffra
601 528 30 20 till
653 528 39 20 den
708 528 94 19 anförda.
833 527 59 20 Hvad
909 527 45 20 åter

203 562 150 20 reservfonden
370 562 138 25 vidkommer,
525 562 22 20 så
563 562 93 20 förordar
672 562 62 20 äfven
751 562 107 20 Utskottet
872 564 30 18 att
913 562 40 20 den

204 597 33 19 må
254 596 128 27 uppbringas
397 596 32 20 till
445 598 28 18 ett
489 596 115 26 minimum,
621 603 43 13 som
678 597 67 25 jemte
760 596 145 26 grundfonden
923 598 29 18 ut-

204 632 38 24 gör
263 632 30 18 ett
310 630 79 26 kapital
405 631 23 19 af
441 631 78 19 femton
536 631 96 26 miljoner
648 631 66 25 mark,
730 631 6 19 i
753 630 66 20 likhet
836 630 46 20 med
899 631 53 19 hvad

203 664 142 27 Fullmäktige
368 664 115 27 föreslagit.
514 665 48 19 Men
585 665 106 20 Utskottet
711 664 37 21 har
764 664 55 20 dock
835 667 67 18 ansett
918 665 36 19 det

203 698 48 20 icke
268 699 6 19 i
291 699 67 26 någon
376 699 46 19 män
438 699 71 20 kunna
525 699 88 27 menligt
628 699 88 20 inverka
732 699 26 26 på
771 699 99 19 Bankens
882 701 71 25 trygg-

204 733 42 25 het,
270 733 69 20 derest
358 733 68 27 någon
447 734 34 19 del
499 734 23 19 af
535 734 83 20 vinsten
634 734 84 19 komme
734 733 65 20 under
815 733 139 20 användande

203 762 67 25 redan
293 768 63 19 innan
377 767 150 20 reservfonden
547 768 59 26 stigit
622 768 29 19 till
668 768 34 19 nio
719 768 96 25 miljoner
833 767 65 26 mark,
914 768 38 20 och

204 804 22 17 är
242 804 10 22 $
269 802 6 18 i
291 801 94 27 enlighet
400 802 85 20 dermed
501 802 86 20 affattad
600 802 66 26 jemte
682 802 36 19 det
733 808 25 13 en
777 802 131 26 bestämning
922 802 30 19 in-

204 835 61 26 flutit,
288 841 44 14 som
352 836 54 19 afser
425 837 29 18 att
469 835 75 20 hindra
559 836 88 19 fondens
662 836 99 19 framtida
778 836 122 25 nedgående
918 842 35 13 un-

204 869 36 20 der
256 870 144 25 nyssnämnda
414 876 86 13 summa.
524 863 9 36 =
555 867 2 2 |

273 903 41 20 För
336 903 40 20 den
396 903 162 27 betydelsefulla
577 904 72 26 åtgärd
669 910 44 13 som
730 904 6 19 i
753 904 12 19 4
780 905 10 22 $
806 903 92 26 föreslås,
914 904 39 19 och

204 937 87 20 hvilken
307 937 106 20 Utskottet
429 937 67 20 finner
511 939 32 26 sig
559 938 85 20 manadt
659 940 30 17 att
704 938 62 19 äfven
783 937 30 20 för
829 938 31 19 sin
877 938 34 20 del
927 938 27 26 på

205 971 35 20 det
257 974 103 17 varmaste
375 972 111 26 tillstyrka,
502 972 106 27 nemligen
626 971 145 27 upphörandet
786 972 23 19 af
822 972 40 19 den
880 972 73 20 befatt-

204 1006 58 26 ning,
285 1005 139 21 Direktionen
446 1006 32 19 för
501 1006 100 20 Finlands
621 1005 59 20 Bank
701 1005 74 20 hittills
791 1006 44 19 haft
851 1006 46 20 med
913 1007 39 18 för-

205 1039 123 27 valtningen
352 1040 21 20 af
394 1040 137 20 statsverkets
553 1040 39 20 och
614 1040 160 20 militieverkets
794 1040 81 26 fonder,
892 1041 62 19 hafva

203 1073 195 27 Bankfellmäktige
414 1075 6 19 i
439 1074 26 20 de
487 1074 101 27 förslaget
611 1074 99 26 bifogade
733 1074 88 19 motiver
843 1074 69 20 anfört
932 1075 22 19 sä

204 1108 115 26 fullgiltiga
335 1108 39 20 och
390 1108 141 20 uttömmande
547 1108 52 25 skäl,
616 1110 29 17 att
660 1107 108 21 Utskottet
782 1107 47 21 icke
845 1115 61 13 auser
918 1109 35 19 nå-

204 1144 36 24 got
264 1142 90 20 behöfva
377 1142 31 20 till
430 1143 106 19 desamma
559 1142 105 27 tilläggas.
699 1142 48 19 Men
768 1142 106 20 Utskottet
894 1143 58 20 torde

204 1176 55 19 dock
279 1176 48 20 icke
348 1176 50 20 böra
414 1177 47 19 med
477 1176 84 26 tystnad
577 1176 82 26 förbigå
674 1176 26 19 de
718 1176 174 27 betänkligheter,
908 1183 44 13 som

204 1217 23 12 ur
249 1210 135 26 synpunkten
405 1211 23 19 af
445 1211 136 20 statsverkets
601 1211 102 19 intressen
720 1210 26 26 på
762 1217 25 13 en
803 1210 34 20 del
855 1210 41 20 håll
912 1211 41 19 för-

204 1246 69 23 sports
295 1247 57 18 emot
374 1245 40 20 den
434 1245 123 26 ifrågasatta
577 1245 149 26 förändringen
743 1245 6 18 i
765 1246 63 18 sättet
843 1245 31 19 för
889 1245 65 27 sagde

204 1279 86 19 fonders
306 1279 134 26 förvaltning.
469 1279 47 20 Man
533 1285 62 20 synes
612 1279 79 25 befara,
707 1280 30 18 att
753 1279 31 19 för
800 1279 153 20 finansförvalt-

204 1312 80 27 ningen
307 1313 130 26 svårigheter
459 1313 70 20 kunde
553 1313 75 26 uppstå
650 1313 131 26 derigenom,
803 1315 30 18 att
853 1313 101 20 Finlands

204 1346 60 20 Bank
288 1346 47 20 icke
358 1347 56 26 finge
435 1347 68 20 såsom
523 1347 74 20 hittills
618 1347 99 20 beordras
732 1349 31 18 att
778 1347 114 20 verkställa
902 1347 52 20 eller

204 1380 104 21 förmedla
323 1380 77 27 nödiga
415 1381 155 20 transaktioner
585 1381 32 20 för
632 1381 136 20 statsverkets
784 1381 96 26 räkning.
906 1382 47 19 Meu

205 1415 35 20 det
262 1417 24 18 är
307 1415 48 20 icke
374 1421 37 13 ens
431 1415 105 26 tänkbart,
553 1418 26 17 än
596 1415 80 20 mindre
692 1414 112 26 sannolikt,
821 1417 30 18 att
864 1415 88 20 Banken

204 1448 103 27 någonsin
324 1448 68 21 skulle
409 1452 64 24 vägra
487 1451 31 18 att
533 1449 32 20 för
580 1449 137 20 statsverkets
733 1449 90 26 räkning
839 1449 67 20 utföra
921 1450 31 19 så-
