1078 1692
801 123 33 18 427

366 187 114 27 Skiljaktiga
494 187 107 26 yttranden.

212 246 30 20 Af
255 245 131 27 professoren
402 244 26 20 R.
443 243 162 28 Montgomery:

177 291 30 20 Af
220 290 58 21 olika
294 290 85 26 mening
390 290 47 20 med
448 289 67 27 öfrige
527 289 189 26 bankfullmäktige
729 282 129 28 beträffande

109 326 36 20 det
164 326 84 26 belopp,
268 331 43 14 som
328 325 6 19 i
350 326 9 22 $
375 325 11 19 6
402 324 24 20 af
439 323 132 21 förestäende
587 324 78 26 förslag
681 324 32 19 till
729 324 129 26 reglemente

109 360 32 20 för
156 360 100 20 Finlands
273 359 56 20 bank
346 358 60 20 bordt
421 358 95 20 förordas
532 358 68 20 såsom
617 358 35 20 det
666 358 81 26 högsta,
760 358 98 20 hvarmed

110 394 95 20 bankens
224 392 128 27 utelöpande
367 392 69 20 sedlar
451 392 70 20 kunna
537 392 78 20 tillätas
631 392 114 27 öfverstiga
761 392 98 26 beloppet

109 428 23 20 af
146 427 95 21 bankens
257 426 119 21 metalliska
391 426 76 26 valuta,
483 426 31 20 fär
527 426 38 26 jag
581 426 153 20 vördsammast
750 426 36 20 här
797 426 60 20 fram-

110 462 63 20 ställa
187 462 71 19 denna
274 462 41 18 min
332 461 85 26 mening
430 461 66 25 jemte
512 460 73 20 skälen
601 460 76 20 derför.

180 494 204 27 Bankfullmäktiges
403 494 78 26 förslag
496 495 6 19 i
519 494 91 20 nämnde
625 496 10 22 $
651 497 23 17 är
694 494 30 20 till
744 494 42 20 alla
801 494 58 20 delar

111 530 94 20 hemtadt
220 530 45 19 från
282 530 25 19 de
323 529 22 19 af
358 528 117 21 Ständerna
491 529 6 19 i
513 530 70 18 svaret
598 528 27 26 på
640 528 81 27 Nådiga
735 529 124 26 propositio-

109 571 43 14 nen
175 564 30 20 till
230 564 50 20 1867
301 563 33 20 års
353 563 105 26 landtdag,
475 562 110 27 angående
601 562 102 26 styrelsen
720 563 39 20 och
776 563 83 19 förvalt-

111 599 78 25 ningen
210 598 23 20 af
248 597 100 20 Finlands
365 597 62 25 bank,
443 597 67 19 såsom
526 596 160 26 önskningsmål
701 596 81 27 yrkade
798 604 61 20 grun-

111 632 38 20 der
164 632 32 20 för
211 632 199 26 sedelutgifningen,
427 631 73 19 hvilka
516 630 54 20 dock
586 630 48 20 icke
647 631 21 19 af
685 631 58 20 Hans
759 631 100 27 Kejser-

112 667 51 26 liga
178 667 118 26 Majestät
311 666 71 19 blefvo
398 665 123 20 fastställda.
552 665 63 19 Emot
631 666 60 19 dessa
707 666 98 26 grunder,
821 666 38 20 lik-

112 707 44 14 som
173 703 57 18 emot
244 701 72 25 hvarje
332 700 174 26 reglementarisk
523 699 133 27 bestämning
672 706 33 13 om
720 700 141 20 förhållandet

112 735 90 21 emellan
225 735 63 19 kassa
307 734 39 20 och
366 734 69 20 sedlar
450 734 7 19 i
473 740 25 14 en
516 734 62 25 bank,
595 734 37 19 har
647 740 23 13 ur
686 734 110 26 principiel
812 741 47 20 syn-

113 769 67 27 punkt
195 769 86 26 mycket
296 768 79 20 anförts
390 768 40 20 och
445 768 72 20 kunna
527 768 7 19 i
545 768 75 26 sjelfva
637 768 73 20 verket
726 768 79 26 vigtiga
815 768 45 20 skäl

112 804 90 20 anföras.
232 804 42 20 Det
295 806 23 16 är
340 802 113 20 välbekant
476 802 111 20 huruledes
608 802 60 20 dessa
687 803 92 25 grunder
794 803 6 19 i
816 803 44 19 huf-

113 838 79 20 vudsak
209 841 35 16 äro
260 837 112 20 enahanda
388 837 46 19 med
451 836 54 26 dem,
521 842 44 14 som
581 842 75 19 genom
669 836 33 20 Sir
712 836 80 20 Robert
801 837 60 19 Peels

113 871 94 21 bankakt
223 871 92 20 infördes
325 871 7 19 i
344 871 96 26 England
455 871 23 19 år
497 871 52 19 1844
565 870 38 20 och
618 870 36 20 allt
666 870 53 20 intill
732 871 129 20 närvarande

113 906 29 19 tid
163 905 107 20 derstädes
292 905 125 25 bibehållits,
433 905 87 20 oaktadt
536 905 146 20 erfarenheten
700 905 52 19 visat
767 905 94 20 nödvän-

113 940 100 26 digheten
236 941 32 18 att
289 939 34 20 vid
346 939 84 20 svårare
453 939 129 26 rubbningar
597 939 7 19 i
619 938 149 21 affärsverlden
789 939 73 27 frångå

113 974 113 26 desamma,
247 974 81 19 hvilket
346 976 13 17 t.
376 980 32 13 ex.
425 973 56 20 skett
495 973 66 20 under
577 973 26 20 de
619 975 55 18 stora
690 973 95 20 kriserna
802 974 60 26 1847,

117 1009 50 20 1857
191 1009 39 20 och
255 1009 60 24 1866,
338 1008 28 19 då
385 1008 107 26 Englands
512 1007 55 20 bank
584 1007 72 26 hvarje
672 1007 55 27 gång
742 1014 77 20 genom
835 1015 26 13 en

112 1043 36 20 lex
163 1043 21 19 in
200 1049 48 13 casu
265 1043 123 26 berättigats
401 1044 30 18 att
442 1042 109 27 bispringa
561 1042 26 19 de
599 1041 203 21 kreditbehöfvande
815 1043 46 19 med

113 1078 30 18 ett
165 1079 65 17 större
252 1077 75 25 belopp
348 1076 70 20 sedlar
433 1079 26 17 än
475 1076 137 20 förenämnde
629 1076 34 26 lag
679 1075 83 20 tillåter.
792 1072 70 24 Äfven

113 1111 6 19 i
135 1111 109 26 åtskilliga
262 1111 66 19 andra
346 1111 80 25 länder,
446 1111 63 19 bland
525 1110 72 20 hvilka
613 1110 37 19 här
665 1110 75 19 endast
756 1110 33 19 må
805 1113 57 17 näm-

113 1151 38 13 nas
174 1144 106 20 Danmark
301 1145 39 19 och
361 1144 94 27 Sverige,
475 1144 64 20 hafva
553 1144 111 19 enahanda
679 1144 91 26 grunder
786 1151 75 19 genom

113 1179 36 26 lag
165 1179 73 19 införts
254 1179 40 19 och
310 1178 56 26 gälla
380 1178 129 20 fortfarande
526 1178 31 19 för
573 1177 191 27 sedelutgifningen
782 1178 44 19 från
837 1178 26 19 de

113 1212 92 20 ledande
230 1212 231 27 bankinrättningarne,
486 1212 185 20 Nationalbanken
695 1212 6 19 i
724 1212 138 26 Köpenhamn

113 1247 39 20 och
175 1247 98 25 Sveriges
293 1246 116 26 Riksbank,
430 1247 107 19 hvaremot
553 1249 78 17 tvenne
646 1248 56 18 stora
718 1246 144 20 nationalban-

114 1281 45 26 ker,
174 1280 129 21 Frankrikes
318 1281 40 19 och
372 1281 121 25 Preussens,
509 1280 56 20 ända
580 1280 31 20 till
626 1282 83 18 senaste
725 1281 29 19 tid
768 1281 53 19 visat
831 1281 33 26 sig

114 1315 73 20 kunna
209 1321 88 20 operera
318 1315 46 20 med
385 1315 119 26 fullkomlig
520 1315 105 25 säkerhet,
642 1317 47 17 utan
706 1315 70 26 någon
792 1315 70 26 lagbe-

113 1349 107 26 stämning
242 1348 111 27 angående
376 1349 139 20 förhållandet
537 1348 90 21 emellan
644 1348 68 20 sedlar
728 1349 39 19 och
784 1349 79 26 valuta;

114 1395 23 2 —
156 1385 23 24 ty
195 1385 29 18 att
239 1382 87 20 franska
341 1383 84 20 banken
441 1383 87 26 nyligen
545 1383 69 19 blifvit
629 1382 91 20 försatt
717 1378 12 36 i
733 1383 129 26 nödvändig-

113 1417 36 20 het
170 1419 31 18 att
222 1417 67 20 delvis
308 1417 85 20 inställa
412 1417 82 20 inlösen
510 1416 23 20 af
546 1417 46 19 sina
608 1418 66 24 noter,
691 1417 73 19 härrör
778 1417 48 20 icke
842 1417 23 20 af

113 1451 102 26 felaktiga
229 1451 107 26 principer
351 1451 31 20 för
398 1451 191 27 sedelutgifningen
606 1452 48 18 utan
670 1450 66 26 deraf,
751 1453 31 18 att
796 1453 66 18 staten
