1078 1692
825 116 34 17 519

131 180 61 19 fattat
215 179 25 20 de
261 180 111 25 principer,
392 179 67 25 enligt
475 178 71 20 hvilka
562 179 98 19 Bankens
678 179 82 20 bokslut
776 180 37 19 bör
829 186 51 20 upp-

131 216 69 22 göras,
224 212 86 20 hvarvid
334 212 158 26 hufvudsakligt
511 213 100 19 afseende
630 213 73 19 fästats
718 214 58 24 derå,
792 215 29 18 att
837 214 43 19 det-

131 253 81 13 samma
227 247 33 19 må
276 248 104 18 motsvara
394 246 26 20 de
435 246 120 26 fordringar
571 247 26 26 på
613 249 71 24 sträng
699 247 99 25 soliditet,
809 247 73 21 hvilka

131 281 68 26 aldrig
222 281 51 19 böra
292 281 79 19 lemnas
387 288 23 12 ur
426 281 53 25 sigte
495 281 6 19 i
518 280 59 27 fråga
592 288 33 12 om
642 288 25 13 en
684 281 64 20 sådan
765 282 115 26 inrättning

131 322 45 13 som
200 314 99 20 Finlands
319 314 65 26 Bank,
404 314 117 20 allraminst
535 314 33 26 då,
584 315 54 19 efter
653 315 53 20 hvad
724 322 47 13 man
788 315 40 19 kan
846 316 34 19 be-

132 349 72 25 räkna,
227 349 57 19 inom
308 348 64 27 några
393 348 23 20 år
435 348 40 20 den
497 348 98 26 tidpunkt
611 349 37 19 bör
663 349 83 20 inträda
761 349 27 19 då
802 352 78 17 använ-

131 383 79 20 dandet
225 383 23 19 af
263 382 96 20 Bankens
374 382 115 20 årsvinster
505 382 31 20 för
552 382 66 20 andra
628 383 104 25 ändamål,
743 386 27 16 än
783 383 97 19 Bankeus

132 419 49 24 eget
196 416 152 25 förstärkande,
364 416 53 20 skall
433 416 159 26 ifrågakomma.

201 451 69 20 Jemte
293 451 35 19 det
350 450 117 20 Ständerna
489 452 63 24 egnat
571 450 26 20 de
617 451 137 26 stadganden,
770 458 43 13 som
830 452 50 19 hän-

133 486 44 20 föra
196 485 32 26 sig
248 485 31 19 till
296 484 77 20 vården
389 491 33 13 om
439 484 99 20 Bankens
553 484 143 26 redbarheter,
712 486 40 19 den
768 485 112 27 uppmärk-

132 520 81 20 samhet
232 519 76 20 sakens
328 519 122 26 synnerliga
468 519 44 25 vigt
527 518 84 20 kräfver
626 519 38 20 och
680 526 77 20 genom
774 520 25 19 de
815 520 29 19 uti
859 522 22 22 $$

135 554 110 20 108—112
261 553 127 20 föreskrifna
402 553 143 26 anordningar
561 553 39 20 och
616 553 150 27 iakttaganden
783 554 47 20 sökt
841 554 38 20 till-

133 588 131 27 vägabringa
278 590 30 17 ett
323 587 175 26 ändamålsenligt
513 587 156 20 öfvervakande
685 588 23 19 af
722 588 158 20 vederbörande

133 622 186 21 kassaförvaltares
341 622 140 26 tillgöranden
502 622 39 19 och
557 621 68 27 skydd
643 625 42 17 mot
700 622 103 26 förluster,
819 622 63 20 hafva

133 657 124 24 Ständerna,
274 656 46 20 med
336 655 100 20 afseende
451 655 51 20 derä
517 657 30 17 att
562 662 27 13 nu
603 656 97 26 gällande
711 658 76 24 ytterst
797 658 85 25 stränga

133 691 131 27 stadganden
280 690 110 26 angäende
406 689 150 20 Direktionens
571 690 39 19 och
627 690 47 20 dess
688 690 147 20 medlemmars
846 696 34 14 an-

133 725 108 27 svarighet
256 724 32 20 för
302 724 70 26 yppad
389 723 114 20 kassabrist
518 723 37 20 hos
571 724 159 26 underlydande
742 724 139 20 kassaförval-

133 762 51 23 tare,
207 764 76 21 genom
306 758 31 20 sin
362 758 132 24 fullkomliga
513 757 162 26 hänsynslöshet
694 758 109 20 motverka
817 758 64 20 ända-

134 794 71 25 mälet,
220 793 46 20 lätit
281 793 7 19 i
304 794 10 22 $
333 792 37 19 113
386 791 75 27 intlyta
477 798 48 20 nya,
542 798 57 14 mera
616 792 108 20 bestämda
739 792 46 25 och,
801 792 6 20 i
823 792 58 20 Stän-

134 828 76 20 dernas
226 827 70 24 tanke,
312 826 110 19 rättvisans
438 825 49 20 kraf
500 832 57 13 mera
573 826 146 19 motsvarande
734 826 129 26 stadganden
876 827 6 18 i

135 863 70 19 denna
220 861 40 20 del.

202 895 9 20 I
227 897 29 17 ett
271 894 100 20 särskildt
385 893 78 26 kapitel
481 893 63 20 hafva
557 893 117 20 Ständerna
686 893 112 20 behandlat
808 893 73 27 frägan

134 937 33 12 om
184 929 119 20 revisionen
320 928 39 20 och
375 928 45 19 deri
435 925 81 28 intagit,
532 927 62 20 bland
606 931 70 22 annat,
688 931 95 16 närmare
794 928 88 20 bestäm-

135 965 75 25 ningar
225 963 111 26 angående
352 962 149 20 Revisorernes
517 961 94 27 göromål
628 961 38 20 och
678 961 133 27 åligganden.
832 961 50 20 Här-

134 998 34 19 vid
193 998 37 19 har
252 997 38 20 hos
312 996 118 20 Ständerna
445 996 6 19 i
467 995 157 27 öfvervägande
644 996 94 25 kommit,
758 997 30 18 att
807 995 40 20 den
863 996 23 19 af

133 1032 78 20 Eders
234 1030 142 26 Kejserliga
399 1030 126 25 Majestät,
550 1029 52 20 efter
623 1029 204 27 Bankfullmäktiges
847 1037 37 12 un-

134 1065 116 26 derdåniga
266 1064 130 22 hemställan,
414 1063 87 20 medelst
516 1063 82 26 Nådiga
613 1063 145 26 Kungörelsen
774 1063 24 20 af
806 1063 39 20 den
859 1064 24 19 17

134 1099 99 21 Februari
246 1099 50 19 1869
306 1097 100 27 stadgade
416 1097 89 26 ordning
513 1097 32 20 för
554 1097 130 20 revisionens
692 1097 128 20 förrättande
829 1097 13 19 å
850 1097 34 20 två

133 1133 104 20 särskilda
248 1133 106 24 terminer,
366 1131 40 20 den
418 1131 55 20 förra
485 1131 6 19 i
501 1131 87 20 Januari
600 1131 39 20 och
650 1131 40 20 den
707 1131 89 20 sednare
806 1131 7 19 i
824 1131 60 26 April

135 1167 83 25 månad,
226 1169 59 24 synts
296 1166 118 19 Ständerna
424 1165 47 20 icke
483 1165 46 20 fullt
540 1165 92 26 lämplig,
641 1165 45 20 dels
696 1165 83 20 derföre
790 1166 30 18 att
830 1165 53 19 Ban-

134 1202 53 19 kens
197 1200 129 20 tillslutande
341 1202 53 17 samt
407 1199 206 20 Bankdirektionens
629 1199 39 19 och
684 1199 47 19 dess
748 1199 135 25 tjenstemäns

134 1233 92 28 tagande
236 1235 7 19 i
255 1233 90 27 anspråk
360 1234 32 19 för
402 1233 137 20 revisionen
530 1229 12 36 i
556 1233 54 19 årets
625 1233 66 19 första
707 1233 71 24 början
798 1239 43 12 mer
857 1235 25 17 än

135 1269 27 27 på
177 1269 65 20 andra
258 1268 54 20 tider
326 1267 51 20 falla
392 1268 32 25 sig
439 1267 94 26 olägliga
548 1267 31 19 för
595 1267 143 19 allmänheten
750 1267 40 18 och
801 1267 82 19 hinder-

134 1304 44 25 liga
199 1303 31 19 för
254 1302 27 19 de.
304 1301 102 27 göromål,
428 1307 43 14 som
493 1301 32 23 då,
546 1301 31 19 till
593 1301 52 25 följd
660 1301 23 19 af
697 1301 34 19 det
748 1300 137 20 nästförlidna

121 1331 69 26 "årets
209 1336 85 27 utgång,
311 1335 83 26 påkalla
410 1335 167 26 förvaltningens
592 1335 84 19 ostörda
691 1333 132 26 samverkan,
840 1334 44 20 dels

135 1371 65 20 också
222 1370 90 25 derföre,
335 1371 31 18 att
387 1369 126 24 revisionen,
534 1368 89 20 sålunda
642 1368 89 25 afdelad,
751 1368 31 19 för
798 1368 85 19 Reviso-

134 1411 61 14 rerne
213 1403 79 21 medför
308 1410 25 13 en
350 1405 66 18 större
433 1402 117 27 uppoffring
565 1402 24 20 af
603 1403 36 24 tid,
654 1405 26 17 än
698 1402 73 26 nödigt
783 1408 55 18 vore,
850 1408 32 13 om

135 1439 118 20 revisionen
270 1437 30 20 till
318 1437 47 20 hela
380 1437 48 20 dess
443 1437 56 25 vidd,
514 1437 28 25 på
557 1438 40 17 sätt
610 1436 140 26 reglementet
760 1435 123 25 innehåller,
