1078 1692
214 116 32 18 118

193 180 121 20 företrädet.
344 179 46 20 Och
406 186 44 13 som
466 178 117 20 Ständerna
599 179 100 25 derjemte
715 178 53 27 hysa
784 178 39 20 den
836 178 60 26 åsigt,
912 180 30 17 att

193 214 26 18 de
236 214 66 17 medel
333 220 43 10 som
401 214 66 19 nndor
547 215 42 17 acta
611 213 19 19 få

800 212 19 10 15
823 212 20 10 0
874 212 18 9 235

757 220 19 12 ja
794 219 63 13 Liira
872 218 68 20 Jisjo-

193 248 65 26 nibla,
275 249 72 19 främst
364 248 63 20 borde
443 247 106 20 användas
565 247 32 19 till
613 247 137 19 fortsättande
766 247 24 19 af
807 249 61 17 stam-
892 246 50 20 eller

194 282 181 25 hufvudbanorna,
391 282 72 20 hvilka
477 281 66 26 enligt
559 281 126 20 Ständernas
705 281 64 20 tanke
789 281 50 20 böra
862 280 80 26 byggas

194 317 32 19 för
241 316 137 20 statsverkets
393 316 96 26 räkning,
505 316 6 18 i
527 315 51 26 följd
595 315 74 20 hvaraf
683 315 66 27 nägra
769 315 74 26 bidrag
861 315 30 19 till
914 315 28 19 bi-

196 350 76 20 banors
288 349 203 21 subventionerande
508 350 65 19 under
590 350 90 19 nämnda
696 349 92 27 tidrymd
804 349 48 20 icke
870 349 74 19 funnes

195 386 30 18 att
240 384 66 26 tillgå,
322 384 86 20 anhålla
422 384 117 20 Ständerna
555 384 38 19 hos
615 384 84 19 Eders
722 383 152 27 Kejserliga
895 383 49 19 Ma-

192 419 84 25 jestät
292 418 6 19 i
315 418 178 26 underdänighet:

368 454 32 18 att
420 451 85 21 Eders
525 451 155 29 Kejserliga
699 452 130 26 Majestät
849 451 96 28 Nädigst

300 485 81 21 täcktes
397 486 70 20 lemna
485 485 132 27 beviljandet
636 486 30 27 af
679 484 150 23 subventioner
848 486 34 20 till
896 487 49 26 pri-

301 522 49 18 vata
357 520 271 28 jernvägsanläggningar
637 520 103 21 beroende
751 520 35 20 till
799 522 63 18 nästa
874 520 73 21 landt-

301 554 49 27 day,
374 554 98 25 hvarvid,
495 554 8 20 i
525 554 102 21 händelse
650 554 150 27 ansökningar
819 561 32 14 om
871 554 75 28 dylika

301 588 119 21 understöd
435 588 118 21 emellertid
572 589 35 20 till
629 589 104 27 styrelsen
757 588 121 24 inlemnats,
901 588 45 20 Nå-

302 622 38 27 dig
352 622 137 27 proposition
506 623 7 19 i
528 624 71 18 ämnet
618 622 68 21 skulle
708 622 124 21 Ständerna
847 622 100 28 föreläg-

300 663 46 20 gas,
358 656 41 27 för
414 656 97 20 särskild
523 656 107 28 pröfning
646 656 28 26 af
686 656 76 28 hvarje
772 656 53 28 fall.

268 690 102 27 Slutligen
386 697 51 13 anse
452 690 117 20 Ständerna
585 691 32 26 sig
634 691 50 20 böra
700 691 28 19 uti
748 692 68 19 denna
837 691 109 20 skrifvelse

200 725 122 25 återhemta,
353 726 30 18 att
406 726 32 24 de,
461 725 6 19 i
491 725 59 19 deras
574 725 143 26 underdåniga
740 732 47 13 svar
818 725 25 26 på
869 725 78 19 Eders

201 758 151 26 Kejserliga
368 759 137 25 Majestäts
519 759 82 26 Nädiga
620 760 127 25 proposition
769 766 33 13 om
827 760 119 26 rigtningen

200 793 23 20 af
236 793 120 19 stambanor
374 793 33 19 vid
420 793 254 27 jernvägsanläggningar
690 794 6 18 i
712 794 95 25 Finland,
831 793 31 19 till
884 792 62 20 beko-

200 828 74 19 stande
290 828 22 18 af
326 828 158 19 instrumentala
497 828 285 25 jernvägsundersökningar
802 826 64 20 under
890 829 59 17 nästa

202 861 40 20 fem
258 861 22 20 är
296 861 12 19 &
324 861 154 20 ofvanberörde
494 861 244 20 kommunikationsfond
757 861 82 20 anvisat
862 863 29 17 ett
913 867 35 13 an-

201 895 46 26 slag
262 895 23 19 af
299 896 90 25 200,000
407 895 64 20 mark.

270 929 132 26 Helsingfors
418 929 39 20 den
476 930 24 19 12
515 929 49 20 Juni
582 930 60 19 1872.

271 963 99 20 Finlands
387 963 88 20 Ständer
491 964 118 20 framhärda
625 966 39 18 etc.
