1078 1692
833 135 22 17 93

129 198 113 20 etthundra
257 204 99 20 personer
372 198 22 19 af
408 198 40 20 den
465 198 160 20 mantalskrifna
641 198 124 27 befolkning
783 199 6 19 i
805 199 71 25 hvarje

129 233 44 19 stad
191 239 60 13 anses
267 235 105 17 motsvara
388 234 28 18 ett
433 232 84 20 mantal.

197 266 169 20 Vidkommande
382 266 45 20 åter
443 267 32 19 det
493 267 6 19 i
515 267 66 25 fjerde
598 270 88 17 rummet
702 268 22 18 af
738 267 40 20 den
794 268 83 26 Nådiga

129 301 168 26 propositionens
320 300 78 26 förslag
421 302 106 24 upptagna
555 301 68 26 årliga
648 301 73 26 anslag
743 302 23 19 af
787 302 89 25 600,000

129 335 58 19 mark
204 335 29 19 till
250 335 207 26 fängelseväsendets
476 335 115 24 ordnande,
616 335 62 19 hafva
700 335 124 25 Ständerna,
851 335 26 26 på

129 370 25 19 de
171 369 52 25 skäl,
238 376 44 12 som
300 369 78 19 anförts
394 370 6 18 i
416 369 127 19 Ständernas
559 369 145 26 underdåniga
719 376 48 12 svar
783 370 5 18 i
805 370 70 19 anled-

131 404 50 26 ning
196 403 22 19 af
231 403 77 19 Eders
324 403 151 26 Kejserliga
491 403 135 26 Majestäts
649 403 82 26 Nådiga
747 404 128 25 proposition

129 437 107 26 angående
261 436 114 26 bevillning
399 437 29 19 till
452 436 160 27 ifrågavarande
635 437 104 20 ändamål,
759 437 66 19 funnit
845 438 31 25 sig

129 472 70 19 kunna
221 471 69 20 dertill
314 472 64 18 under
401 471 140 20 instundande
561 472 149 25 femårsperiod
727 471 59 20 anslå
801 471 74 20 inalles

129 506 73 19 endast
219 505 109 25 1,000,000
345 505 65 25 mark,
427 508 52 16 samt
495 508 68 16 ansett
579 506 68 19 denna
663 512 79 13 summa
759 506 64 19 hellre
839 506 36 19 bö-

128 546 23 13 ra
166 540 88 19 medelst
272 539 115 26 bevillning
410 540 186 26 sammanbringas,
622 540 73 19 medan
721 540 153 19 bränvinsskat-

128 576 34 17 ten
179 573 148 20 företrädesvis
344 573 64 20 borde
424 574 107 19 användas
552 574 29 19 till
605 573 269 21 kommunikationsanstal-

128 611 69 15 ternas
213 607 149 21 förbättrande.
385 608 112 19 Likaledes
514 608 62 19 hafva
592 608 116 20 Ständerna
724 610 49 17 trott
788 608 32 26 sig
836 614 39 20 ega

128 642 46 19 skäl
189 644 29 17 att
234 642 90 19 utesluta
340 641 34 19 det
390 642 79 19 äskade
488 642 95 26 anslaget
601 642 23 19 af
645 642 75 24 50,000
743 642 58 19 mark
827 642 46 19 årli-

127 682 40 20 gen
185 676 29 18 till
232 676 98 19 bildande
346 676 22 19 af
382 682 24 13 en
424 676 48 19 fond
490 676 31 19 för
538 676 130 20 betäckande
684 676 22 19 af
715 676 103 25 förluster,
830 682 43 13 som

127 710 71 19 kunna
214 710 73 26 uppstå
303 710 4 18 i
326 710 49 25 följd
393 710 23 19 af
428 710 81 19 inlösen
526 710 31 19 för
574 710 90 20 kronans
683 710 90 26 räkning
796 710 22 19 af
839 710 34 20 do-

127 744 135 26 nationsgods
278 744 6 18 i
300 744 99 26 Wiborgs
415 744 38 19 och
471 744 30 20 S:t
519 744 86 20 Michels
621 745 41 24 län,
686 747 49 17 enär
758 744 116 20 Ständerna

127 778 56 19 hålla
198 778 43 19 före
257 780 30 17 att
303 784 25 13 en
345 778 59 25 dylik
421 778 56 25 fond,
493 778 86 26 sålänge
600 778 65 26 några
687 778 103 26 veterliga
812 778 61 19 förlu-

127 814 43 17 ster
186 811 23 20 af
222 811 78 26 antydd
318 814 31 16 art
364 812 47 18 icke
428 811 98 26 inträffat,
543 812 64 19 måste
628 818 61 13 anses
704 812 113 26 obehöflig.

195 845 59 20 Hvad
271 845 98 26 slutligen
386 845 65 26 angår
467 845 104 26 förslagen
589 846 6 19 i
615 846 82 25 Nådiga
716 846 157 25 propositionen

127 881 18 24 ej
170 880 79 19 mindre
272 882 34 23 att,
331 880 23 19 af
376 879 190 23 bränvinsskatten,
592 880 88 25 100,000
707 880 59 19 mark
793 880 79 26 årligen

127 913 67 20 skulle
217 914 107 19 användas
348 913 29 20 till
401 913 111 20 aflönande
535 914 23 19 af
576 913 45 20 bro-
641 914 39 19 och
696 913 135 27 skallfogdar,
848 917 24 16 än

127 948 38 19 ock
183 950 29 17 att
227 954 25 13 en
269 947 120 20 åttondedel
406 948 22 19 af
442 947 39 20 den
499 947 71 26 hvarje
588 948 39 25 län,
644 948 64 25 enligt
725 947 87 20 särskild
833 948 40 19 för-

127 981 171 26 delningsgrund,
314 981 125 20 tillfallande
455 981 62 20 andel
531 982 22 19 af
560 981 138 20 öfverskottet
714 981 11 20 å
740 982 70 19 denna
818 982 54 19 skatt

126 1016 74 25 skulle,
217 1016 64 19 sedan
298 1016 112 25 2,665,000
426 1015 58 20 mark
501 1015 138 20 fränräknats,
656 1016 126 20 förbehållas
799 1016 72 19 derva-

125 1050 64 19 rande
205 1050 153 25 hushällnings-
382 1050 38 19 och
442 1050 223 25 landtbrukssällskap,
683 1050 29 19 till
729 1050 143 25 befrämjande

125 1084 23 19 af
161 1084 59 19 deras
237 1084 113 26 gagneliga
366 1083 140 26 sträfvanden,
524 1084 61 19 hafva
601 1084 116 19 Ständerna
732 1086 69 17 ansett
813 1084 59 20 dessa

126 1121 75 16 tvenne
218 1118 74 26 anslag
308 1118 71 19 kunna
395 1117 102 20 bortfalla.
530 1118 30 19 Då
576 1118 89 19 nämnde
682 1118 30 19 till
732 1118 139 26 landtpolisen

125 1152 93 20 hörande
235 1152 92 25 betjente
344 1152 31 19 för
391 1152 130 19 närvarande
537 1152 80 19 aflönas
631 1153 23 18 af
662 1152 151 19 kommunerne
826 1152 44 19 med

125 1186 100 26 spanmäl,
249 1186 80 19 hvilket
352 1186 168 26 aflöningssätt
517 1182 12 34 i
541 1186 71 25 hvarje
637 1186 99 20 händelse
758 1189 22 16 är
799 1186 32 19 för
847 1186 24 19 de

126 1220 216 26 betalningsskyldige
360 1220 62 19 minst
438 1220 141 27 betungande,
595 1227 62 19 synes
678 1221 71 25 hvarje
773 1220 97 19 kommun

124 1255 65 19 hellre
206 1254 48 26 sjelf
269 1254 50 19 böra
334 1254 20 19 få
370 1255 115 19 bestämma
501 1261 33 13 om
552 1255 88 19 berörda
654 1254 93 25 aflöning
768 1254 52 19 skali
842 1257 28 16 ut-

123 1289 26 26 gå
165 1295 22 12 ur
203 1288 137 20 kommunens
357 1289 62 19 andel
435 1289 22 19 af
471 1289 190 24 bränvinsskatten,
678 1288 50 19 eller
744 1288 126 19 fortfarande

124 1322 102 20 bestridas
249 1322 26 26 pä
298 1323 34 19 det
356 1329 26 13 nu
398 1322 63 26 öfliga
477 1325 69 17 sättet.
578 1323 44 19 Och
638 1329 43 13 som
699 1322 135 26 framgängen
851 1323 22 19 af

124 1356 152 27 hushällnings-
292 1357 39 19 och
350 1356 281 26 landtbrukssällskapernas
654 1356 134 20 sträfvanden
812 1357 6 18 i
838 1359 32 16 vä-

123 1391 91 26 sendtlig
230 1391 47 19 män
295 1390 95 27 betingas
407 1391 23 19 af
443 1391 35 19 det
493 1391 96 25 intresse,
610 1391 98 19 hvarmed
728 1391 25 19 de
773 1390 23 19 af
813 1390 56 20 kom-

124 1431 110 14 munernes
254 1425 136 20 medlemmar
405 1425 104 26 omfattas,
526 1427 53 17 samt
595 1425 35 19 det
645 1425 5 18 i
666 1424 42 20 alla
723 1424 35 19 fall
774 1427 23 16 är
812 1423 58 20 kom-

123 1466 101 13 munerna
247 1459 99 26 obetaget
368 1461 30 18 att
420 1459 20 19 ät
463 1459 62 20 dessa
547 1459 116 26 sällskaper
689 1458 58 20 anslä
770 1458 100 27 antingen
