1078 1692
804 128 34 18 225

211 190 98 22 enskilda
332 190 61 22 enke-
416 190 39 22 och
473 190 152 28 pupillkassor
643 191 9 20 i
670 191 74 21 landet
766 190 95 28 ingifvas

212 224 37 22 och
264 224 110 27 utfärdas.

280 260 54 20 17:o.
364 258 64 22 Bevis
450 258 39 21 och
514 258 138 26 vittnesbörd,
680 258 47 22 dem
751 259 110 28 gymnasii

212 292 38 22 och
264 292 150 26 skolrektorer,
430 292 153 25 föreståndare
593 292 42 28 för
649 293 212 27 navigationsskolor

213 326 38 22 och
276 327 61 27 lägre
359 327 278 27 undervisningsanstalter
654 329 57 19 samt
722 328 91 26 privata
830 328 31 20 lä-

212 368 50 13 rare
286 360 38 22 och
345 361 322 27 undervisningsinrättningar
689 361 35 21 till
746 361 67 21 elever
828 363 34 19 ut-

208 394 79 28 färda,
303 394 109 28 äfvensom
428 394 151 28 ansökningar
592 395 22 27 ej
625 395 85 20 mindre
726 402 31 14 om
773 395 88 21 inträde

212 429 8 20 i
235 429 84 21 allmän
342 429 138 26 läroanstalt,
496 430 30 19 än
541 429 92 25 sådana,
653 428 73 22 hvilka
746 428 30 28 af
790 429 71 21 stude-

212 463 69 21 rande
299 462 37 21 vid
356 462 300 22 Alexanders-Universitetet
671 463 9 20 i
695 462 39 22 och
747 462 43 28 för
807 463 54 21 und-

208 496 82 28 fående
315 496 30 27 af
365 497 120 27 stipendier
503 497 36 20 till
562 496 160 22 Universitetets
746 496 115 22 Konsisto-

213 531 57 21 rium
286 530 38 21 och
335 530 122 28 fakulteter
473 530 104 28 ingifvas.

281 565 53 20 18:0.
364 564 219 22 Permissionssedlar
593 564 42 28 för
645 571 106 21 personer
766 564 95 22 hörande

213 599 35 20 till
266 598 76 28 finska
366 598 111 22 militären
502 598 39 22 och
561 598 301 28 arbetskommenderingarne

213 633 8 20 i
237 633 81 21 landet.

282 668 53 20 19:0.
372 666 156 28 Redogörelser
557 666 40 22 och
625 666 148 28 uträkningar
801 667 61 28 öfver

213 701 117 28 omyndiga
344 700 66 22 barns
424 701 68 21 medel
506 701 47 21 med
568 701 75 21 dertill
658 701 97 21 hörande
770 700 91 29 bilagor.

281 736 55 20 20:0.
368 735 133 21 Testamente
521 735 35 21 till
570 734 67 26 make,
652 735 126 28 skyldemän
793 736 9 20 i
816 737 46 19 rätt

215 776 53 20 upp-
294 769 35 21 och
355 769 140 27 nedstigande
520 769 35 21 led
579 769 54 21 eller
650 769 84 27 syskon,
750 769 112 27 äfvensom

215 803 34 21 till
264 803 257 27 undervisningsanstalt,
540 802 156 28 vetenskapligt
714 803 104 21 ändamä!
834 803 28 21 el-

215 837 31 20 ler
263 836 63 27 from
344 836 98 28 stiftelse,
458 837 68 27 jemte
551 837 45 21 alla
619 836 75 28 öfriga
716 839 146 23 testamenten,

215 871 139 28 hvarigenom
377 871 108 28 egendom,
510 877 45 15 som
580 871 9 20 i
608 871 91 21 kontant
721 871 53 21 eller
796 871 66 21 värde

215 906 21 27 ej
258 905 87 28 uppgår
369 905 35 20 till
426 905 118 20 etthundra
568 904 69 25 mark,
662 905 72 28 någon
753 905 108 28 tillägges.

216 939 86 21 Sådant
324 941 123 19 testamente
469 939 38 20 bör
529 938 59 26 dock,
611 940 42 19 när
668 939 36 20 det
718 939 38 21 vid
771 939 91 21 domstol

210 973 84 28 företes
316 973 36 21 till
373 973 126 28 bevakning,
522 973 100 21 karteras
645 973 46 21 lika
705 979 45 15 som
766 973 96 28 bilaga
848 969 18 36 i

215 1007 125 25 allmänhet,
356 1007 70 21 derest
441 1007 48 25 den,
499 1006 42 28 för
557 1007 85 20 hvilken
654 1007 145 28 bevakningen
807 1007 55 24 sker,

215 1042 22 27 ej
252 1043 26 19 är
288 1041 58 27 från
362 1041 53 20 bruk
430 1041 29 27 af
469 1041 176 27 stämpelpapper
660 1041 93 27 befriad.

282 1076 56 20 21:0.
367 1075 54 20 Alla
443 1074 272 28 arfskiftesinstrumenter
735 1075 37 20 och
788 1075 75 20 likale-

216 1109 36 21 des
273 1109 344 28 bouppteckningsinstrumenter,
635 1109 29 20 dä
685 1109 56 21 boets
761 1108 101 22 behällna

215 1150 83 14 summa
314 1144 22 26 ej
350 1143 86 28 uppgår
452 1143 35 20 till
502 1143 120 21 trehundra
639 1143 69 20 mark.

282 1179 57 20 22:0.
369 1177 118 25 Donation,
503 1183 45 15 som
563 1177 8 20 i
583 1177 126 28 penningar
724 1177 52 21 eller
798 1177 65 20 värde

215 1212 20 27 ej
250 1211 127 28 öfverstiger
392 1211 125 21 tvåhundra
531 1211 69 21 mark.

282 1247 55 20 23:0.
367 1245 104 28 Resepass
482 1245 42 28 för
535 1245 73 28 finske
623 1245 139 28 medborgare
780 1245 34 21 till
831 1252 33 13 or-

216 1282 32 18 ter
263 1280 58 21 inom
337 1279 104 22 Finland.

282 1315 56 20 24:0.
368 1313 150 21 Läkarebevis.

282 1348 56 21 25:0.
368 1347 243 28 Förtullningsinlagor
634 1347 68 28 jemte
724 1347 76 21 dertill
827 1347 37 21 hö-

215 1382 70 21 rande
307 1381 86 28 bilagor
417 1382 35 20 till
468 1381 159 21 tullkamrarne
649 1381 37 21 och
706 1381 158 28 tullexpeditio-

216 1416 82 21 nernei
308 1415 105 26 Finland,
422 1415 91 27 skrifter
519 1415 39 21 och
567 1415 141 28 handlingar,
717 1421 45 16 som
771 1416 35 21 till
814 1415 51 21 tull-

216 1450 150 27 expeditionen
382 1449 8 21 i
407 1449 31 21 S:t
450 1448 131 29 Petersburg
594 1448 96 29 ingifvas
702 1449 53 21 eller
762 1449 103 28 derifrän

775 1488 21 17 15
