1078 1692
222 137 22 16 52

199 202 47 24 post
266 200 66 20 under
353 200 40 20 den
416 199 162 27 ifrågavarande
601 199 102 26 perioden
726 201 30 18 att
781 199 74 20 utfalla
873 199 76 25 21,470

199 234 59 20 mark
275 234 64 26 lägre.

267 267 102 27 Slutligen
386 268 38 20 har
439 267 107 26 utskottet,
562 268 35 19 vid
613 268 126 26 pröfningen
755 267 23 20 af
792 267 34 20 det
840 267 75 26 belopp
928 267 22 19 af

200 302 89 25 176,544
305 302 58 19 mark
380 302 26 20 64
422 302 71 26 penni,
509 302 100 20 hvarmed
631 302 35 19 det
685 301 138 26 kalkylerade
843 301 104 25 behofvet,

197 336 102 19 inelusive
315 336 25 19 de
357 336 134 19 härförinnan
508 336 63 19 redan
589 336 106 20 bestridda
710 336 113 26 utgifterna
843 336 31 19 för
894 336 52 19 folk-

197 370 169 25 skoleväsendet,
390 370 69 20 blifvit
484 370 120 26 förslagsvis
627 370 58 26 höjdt
705 370 32 19 till
751 370 68 26 jemnt
835 370 111 25 4,000,000

198 404 65 25 mark,
287 404 68 19 funnit
378 404 32 26 sig
432 404 47 20 icke
503 404 71 20 kunna
596 404 83 19 förorda
694 404 70 20 denna
779 404 167 26 approximativa

196 437 214 27 anslagsförhöjning,
426 438 39 19 och
481 438 36 19 det
532 437 23 20 af
568 438 92 26 följande
676 437 57 20 skäl:

268 472 42 24 1:0)
326 472 89 19 emedan
431 472 6 19 i
457 472 122 20 densamma
598 472 136 20 inberäknats
754 472 35 19 det
803 478 77 20 genom
903 475 41 17 sär-

195 506 54 19 skild
265 505 70 27 Nådig
351 506 129 26 proposition
497 506 78 20 äskade
591 506 96 26 anslaget
702 506 23 19 af
743 506 74 24 12,000
839 506 57 20 mark
913 506 30 19 år-

195 540 55 26 ligen
267 540 32 19 för
314 546 26 13 en
356 540 123 20 läroanstalt
494 540 31 19 till
541 540 111 20 klockares
668 540 39 19 och
719 540 128 26 organisters
865 540 78 20 bildan-

195 574 32 26 de,
244 574 81 20 hvilket
340 574 106 20 allaredan
465 574 68 20 blifvit
548 574 20 20 af
584 577 30 17 tre
630 574 59 19 stånd
706 574 96 26 afslaget,

263 606 43 29 2:0)
324 608 89 20 emedan
436 608 101 20 utskottet
558 614 61 14 anser
643 610 29 17 att
694 608 50 26 inga
767 608 122 26 byggnader
911 608 31 20 för

194 642 161 20 seminariernas
375 642 91 26 räkning
485 642 51 20 böra
558 642 153 26 ifrägakomma
733 642 47 19 med
807 642 135 26 bevillnings-

194 676 76 26 medel,
286 679 48 17 utan
351 676 26 20 de
393 676 78 26 nödiga
494 676 109 20 lokalerna
623 676 71 19 kunna
714 676 112 26 upphyras,
843 676 53 20 helst
911 676 30 20 in-

193 717 33 13 om
242 710 102 20 utskottet
359 710 40 20 den
416 710 54 26 äsigt
485 710 55 26 gjort
555 710 32 26 sig
602 710 97 26 gällande
720 711 31 18 att
772 710 168 26 internatssyste-

193 747 43 17 met
250 744 49 20 icke
314 744 66 20 borde
396 745 32 19 för
443 744 150 20 seminarierna
608 750 49 13 vara
673 744 140 26 nödvändigt;

261 778 43 27 3:0)
320 778 88 20 emedan
425 777 194 27 löneförhöjningar
635 778 31 19 för
681 778 67 19 lärare
764 778 39 19 och
823 778 117 19 lärarinnor

192 812 65 20 under
282 812 139 20 instundande
447 811 40 20 fem
513 812 23 19 år
555 814 55 17 ännu
631 811 73 20 endast
719 812 31 19 till
768 812 79 19 mindre
863 812 76 26 belopp

191 846 72 19 kunna
279 846 65 19 blifva
359 845 144 26 erforderliga,
523 847 54 18 samt

259 881 44 24 4:0)
319 879 88 20 emedan
431 880 18 25 ej
474 879 80 20 mindre
575 879 31 20 för
622 879 138 20 nästnämnda
776 879 65 20 behof
856 882 25 17 än
898 879 39 20 ock

189 914 32 19 för
237 913 140 20 bekostandet
392 913 24 20 af
428 913 143 26 inspektioner
587 913 40 20 och
641 913 65 20 andra
726 913 105 26 tillfälliga
853 913 85 27 utgifter

190 947 114 27 tillgängar
327 947 114 20 förefinnas
464 947 44 20 dels
531 948 7 19 i
561 947 26 20 de
603 947 34 20 vid
653 948 150 19 seminarierna
821 948 116 26 inflytande

189 982 167 26 elevafgifterna,
372 988 44 13 som
432 982 7 19 i
455 981 40 20 den
511 981 82 27 Nädiga
609 982 157 26 propositionen
782 983 113 26 uppgifvits
907 983 30 19 till

192 1016 73 25 10,800
282 1016 58 19 mark
357 1016 31 19 för
404 1015 51 26 äret,
473 1015 68 20 derest
557 1015 106 20 desamma
678 1016 31 19 till
725 1015 52 20 fulla
794 1016 97 26 beloppet
906 1017 30 18 in-

189 1049 57 26 flyta,
262 1049 45 20 dels
323 1050 6 19 i
345 1049 26 20 de
394 1049 137 26 besparingar
553 1056 50 19 som,
627 1050 26 26 pä
672 1050 67 26 grund
755 1050 23 19 af
792 1050 53 19 hvad
864 1051 72 19 ofvan-

187 1083 45 20 före
247 1085 82 25 yltrats,
346 1083 51 20 böra
413 1083 74 26 uppstå
502 1083 12 20 &
530 1083 26 20 de
572 1083 31 20 för
619 1083 99 20 nästlidet
734 1084 38 19 och
792 1084 143 20 innevarande

186 1117 23 19 år
224 1119 108 25 upptagna
347 1117 102 26 anslagen
465 1117 32 20 för
512 1117 123 20 folkskolor.

254 1151 32 20 De
302 1151 88 20 sålunda
407 1151 120 26 föreslagna
541 1151 170 26 reduktionerna,
728 1151 51 20 eller

820 1185 56 17 Mark.
891 1186 44 21 pni.

185 1213 12 20 å
213 1213 96 27 anslaget
325 1213 29 20 till
369 1213 211 26 skolöfverstyrelsen
611 1229 4 4 .
646 1229 4 4 .
682 1229 4 4 .
717 1229 5 4 .
753 1229 4 4 .
801 1214 83 26 35,000:
912 1226 11 2 —

183 1247 12 12 ”
253 1247 11 12 id
334 1247 11 12 ”
370 1247 183 20 blindanstalten
551 1243 15 34 i
574 1247 80 26 Kuopio
684 1262 1 4 .
716 1263 4 4 .
752 1262 4 4 .
801 1248 83 25 21,470:
910 1261 21 2 —

183 1281 36 20 det
235 1281 120 26 föreslagna
370 1281 79 20 äskade
466 1281 111 20 tillskottet
596 1281 22 20 af
646 1296 4 5 .
681 1296 4 4 .
716 1296 4 4 .
752 1297 4 3 .
789 1282 94 24 176,544:
900 1283 32 18 64.

184 1323 73 24 utgöra
274 1322 30 18 ett
319 1321 156 26 sammanlagdt
490 1321 76 26 belopp
587 1321 22 19 af
644 1335 4 4 .
679 1336 3 3 .
714 1335 4 4 .
750 1336 4 3 .
785 1321 98 25 %233,014:
900 1322 33 19 64.

252 1353 104 27 Afdrages
373 1354 70 20 denna
457 1361 81 13 summa
553 1354 45 20 frän
615 1354 35 19 det
665 1354 137 26 kalkylerade
821 1354 75 27 belopp
913 1356 23 19 af

184 1388 110 25 1,580,000
317 1388 65 25 mark,
406 1395 45 13 som
476 1389 93 26 betingat
592 1390 29 17 att
645 1390 28 17 ett
693 1388 203 27 bevillningsanslag
912 1390 23 18 af

181 1422 91 24 316,000
295 1421 59 20 mark
377 1422 31 19 för
431 1422 46 19 året
497 1422 68 20 blifvit
585 1423 31 18 för
632 1422 161 26 ifrågavarande
809 1422 98 20 ändamål
926 1425 4 17 i

180 1455 40 20 den
236 1455 84 26 Nädiga
335 1456 157 25 propositionen
509 1456 118 26 föreslaget,
643 1455 88 20 återstår
751 1456 5 19 i
779 1456 61 19 rundt
861 1457 27 19 tal
908 1464 24 12 en
