1078 1692
815 125 34 17 299

123 189 59 25 1840,
191 189 127 19 föreskrifna
334 188 90 27 ordning
443 189 32 19 för
490 189 119 19 revisionen
627 189 22 19 af
663 188 64 27 sagde
743 187 71 21 Banks
829 187 41 19 till-

120 222 60 20 stånd
203 223 39 19 och
265 223 129 25 förvaltning
416 222 105 20 befunnits
537 223 6 19 i
560 223 51 19 flera
633 222 113 20 afseenden
764 222 106 26 olämplig.

121 257 38 19 har
181 257 81 20 Eders
292 256 155 27 Kejserliga
471 257 129 25 Majestät,
624 258 4 18 i
652 256 218 20 öfverensstämmelse

121 292 47 18 med
185 291 53 19 hvad
255 291 100 19 Finlands
364 290 101 20 Ständers
481 290 209 26 Bankfullmäktige
684 286 14 34 i
704 290 166 26 underdånighet

121 325 111 25 hemställt,
256 325 27 19 uti
306 324 70 26 Nådig
402 324 127 26 kungörelse
552 324 23 20 af
596 325 39 19 den
658 326 23 18 17
702 324 97 20 Februari
818 324 51 20 1869

121 359 107 19 meddelat
256 358 126 20 förändrade
418 358 131 26 stadganden
585 359 89 19 rörande
710 358 160 26 ifrågavarande

120 393 67 27 årliga
210 393 102 25 revision;
335 399 47 13 men
399 395 50 17 enär
466 392 138 20 nästnämnde
625 393 76 25 påbud,
719 392 84 26 jemlikt
821 393 21 19 11
860 395 10 21 $

120 427 28 19 uti
175 427 83 26 Nådiga
283 427 148 25 förordningen
453 426 40 20 den
511 426 12 20 9
539 426 118 20 December
683 427 51 19 1867
760 426 110 27 angående

120 462 103 25 styrelsen
250 462 38 19 och
315 460 154 26 förvaltningen
495 460 24 20 af
541 461 100 19 Finlands
667 461 65 25 Bank,
757 462 54 18 varit
835 461 34 19 be-

121 496 77 19 stämdt
216 498 30 17 att
264 496 33 26 gäll
338 495 73 20 endast
430 495 52 19 intill
502 495 48 19 dess
566 495 88 19 ärendet
670 495 33 19 vid
720 495 150 26 nästderpäföl-

117 530 66 26 jande
208 530 100 26 landtdag
335 529 77 25 kunde,
431 529 6 19 i
457 529 40 19 den
524 529 90 26 ordning
639 530 129 19 sistnämnda
786 532 10 22 $
812 530 57 19 inne-

121 564 72 26 båller,
216 564 85 20 komma
324 560 65 23 under
412 563 131 20 Ständernas
563 564 162 26 öfverläggning
741 564 39 19 och
797 564 73 20 beslut,

120 598 39 20 och
177 598 52 20 hvad
247 598 5 20 i
269 598 55 20 detta
352 598 120 19 hänseende
492 604 26 12 nu
542 600 23 17 är
585 598 99 26 påbjudet
702 600 58 24 synts
776 604 50 13 vara
841 598 29 19 äf-

122 638 38 14 ven
178 632 112 20 framdeles
307 632 107 26 behöfligt,
431 631 36 20 har
485 631 85 20 Eders
586 631 148 27 Kejserliga
750 632 118 26 Majestät

121 666 29 20 uti
172 666 69 26 Nådig
264 666 129 26 proposition
413 666 30 18 till
463 672 26 12 nu
515 665 126 20 församlade
658 666 87 20 Ständer
761 666 109 20 öfverlem-

122 702 35 18 nat
172 700 68 20 denna
256 700 65 26 fråga,
337 700 6 19 i
359 700 100 19 afseende
470 699 12 20 å
493 700 40 20 den
546 700 27 26 på
587 700 117 20 Ständerna
714 700 154 20 ankommande

120 734 81 27 åtgärd.

178 780 117 20 Ständerna
318 780 62 19 hafva
404 780 33 19 vid
461 780 157 26 öfvervägande
634 780 22 19 af
670 780 39 19 den
725 780 83 26 Nådiga
824 787 44 19 pro-

121 814 117 26 positionen
262 814 47 20 icke
334 815 78 19 lemnat
435 821 22 12 ur
480 814 61 26 sigte,
558 817 29 16 att
603 814 35 20 det
656 815 23 19 af
696 814 117 20 Ständerna
836 815 33 19 vid

121 848 69 19 denna
205 848 99 26 landtdag
328 851 92 22 antagna
444 847 138 26 Reglemente
598 848 31 19 för
645 847 98 20 Finlands
759 848 58 19 Bank
834 855 35 13 an-

121 881 82 27 gående
229 889 26 12 nu
284 881 160 26 ifrågavarande
473 881 92 20 revision
591 881 116 20 innehåller
732 883 138 26 stadganden,

121 916 73 19 hvilka
217 919 35 16 äro
277 916 107 19 bestämda
406 918 29 17 att
459 916 60 19 träda
541 916 5 19 i
571 916 69 19 stället
663 917 31 18 för
716 916 155 21 ofvannämnda

120 950 84 26 Nädiga
227 950 137 26 kungörelses
386 953 53 16 samt
462 950 59 19 äldre
544 950 156 26 författningars
719 950 151 20 föreskrifter
859 946 16 35 i

121 984 58 19 detta
195 984 133 24 hänseende;
353 991 45 12 men
416 984 32 25 då,
465 984 60 29 äfven
543 991 32 12 om
592 985 64 25 sagde
673 984 137 26 Reglemente
827 985 42 19 vin-

121 1025 37 12 ner
183 1018 79 20 Eders
288 1019 151 26 Kejserliga
464 1019 136 25 Majestäts
625 1018 83 26 Nådiga
731 1019 139 26 fastställelse,

121 1053 6 18 i
143 1052 41 19 alla
200 1053 112 19 händelser
336 1053 67 26 någon
420 1053 28 18 tid
465 1052 59 19 torde
548 1053 85 18 komma
653 1055 29 16 att
698 1053 86 26 förflyta
806 1053 63 20 innan

121 1086 116 19 detsamma
261 1087 41 18 kan
327 1087 83 25 bringas
426 1087 29 18 till
473 1086 166 27 verkställighet,
656 1087 38 19 och
711 1087 160 26 ifrågavarande

120 1120 83 26 Nådiga
226 1121 127 25 kungörelse
369 1121 22 19 af
404 1121 40 18 den
463 1121 23 18 17
507 1121 99 19 Februari
633 1121 50 19 1869
701 1121 46 20 med
764 1121 106 26 utgången

120 1154 23 19 af
157 1154 69 19 denna
249 1154 99 26 landtdag
372 1155 80 25 upphör
468 1158 28 15 att
513 1161 50 13 vara
586 1155 104 25 gällande,
707 1158 53 16 samt
775 1162 26 12 en
817 1155 53 20 äter-

120 1188 56 26 gång
193 1188 29 19 till
240 1189 26 18 de
282 1188 136 26 stadganden,
441 1195 44 13 som
507 1189 44 18 före
572 1189 132 19 utfärdandet
718 1190 22 18 af
754 1189 117 20 änberörde

120 1222 84 26 Nädiga
230 1222 126 27 kungörelse
382 1223 83 25 tjenade
492 1223 30 18 till
549 1223 138 19 efterrättelse
711 1223 5 19 i
739 1223 100 20 afseende
859 1223 12 20 &

121 1257 39 18 den
187 1256 67 27 ärliga
280 1257 118 19 revisionen
415 1257 22 19 af
455 1257 101 19 Finlands
582 1257 66 23 Bank,
667 1257 127 20 ätminstone
817 1258 53 19 hvad

120 1291 66 25 angär
211 1291 36 19 det
274 1291 169 26 förvaltningsär,
469 1297 43 13 som
540 1291 65 19 borde
631 1293 72 24 utgöra
729 1291 86 20 föremäl
841 1292 31 19 för

121 1325 40 18 den
180 1325 108 26 egentliga
310 1325 156 26 granskningen
483 1325 22 19 af
519 1325 138 20 revisorerne,
681 1332 86 13 numera
787 1325 47 20 icke
850 1329 22 16 är

122 1358 146 26 verkställbar,
285 1359 62 19 hafva
362 1359 118 19 Ständerna
497 1359 92 20 beslutit:

292 1417 32 18 att
342 1418 82 25 antaga
443 1416 40 20 den
504 1415 89 28 Nädiga
615 1417 162 26 propositionen
797 1417 75 20 sälun-

223 1449 35 24 da,
279 1451 31 18 att
336 1449 90 28 Nädiga
451 1449 149 28 kungörelsen,
626 1449 74 28 gifven
723 1450 41 20 den
786 1452 27 19 17
831 1451 40 20 Fec-
