1078 1692
820 130 21 17 47

113 188 32 20 för
160 187 72 20 blinda
249 187 61 20 barns
326 186 157 27 undervisning,
500 187 64 19 varda
580 187 23 19 af
624 187 118 20 Ständerna
765 190 99 24 antagna,

115 222 51 20 böra
181 222 59 25 höjas
257 221 30 19 till
305 222 110 24 4,000,000
432 221 66 19 mark.

183 257 37 19 Om
244 256 44 20 från
308 256 68 19 denna
396 262 80 13 summa
507 271 4 4 .
543 271 3 3 .
578 271 4 4 .
613 271 4 4 .
649 271 4 4 .
670 256 112 26 4,000,000
806 256 58 20 mark

115 291 97 26 afdrages
228 290 138 20 förenämnda
380 290 22 19 af
416 290 118 20 Ständerna
549 290 101 20 anvisade

116 325 87 26 tillgång
226 340 4 4 .
261 340 3 3 .
296 340 4 4 <
473 340 181 5 LL.
670 325 112 22 2,420,000
799 324 65 24 mark,

117 365 100 19 behöfves
234 366 28 18 ett
282 364 88 20 tillskott
386 364 23 20 af
437 380 3 4 .
472 380 4 3 .
509 379 3 5 .
580 380 3 3 =.
615 380 4 4 .
651 379 4 4 .
672 364 111 26 1,580,000
800 364 65 25 mark,

117 399 84 19 hvilken
218 405 87 18 summa,
322 398 94 20 fördelad
433 398 11 20 &
460 399 41 19 fem
518 398 29 26 är,
571 398 67 20 skulle
658 398 94 20 erfordra
770 405 25 13 en
811 398 54 26 ärlig

117 434 116 24 bevillning
248 432 23 20 af
285 433 91 25 316.000
397 433 71 22 mark:
489 433 39 19 och
551 432 141 20 öfverlemnar
716 432 66 20 Hans
806 429 58 29 Kej-

116 468 99 26 serliga
230 467 121 25 Majestät
367 467 21 19 ät
403 467 117 19 Ständerna
535 469 30 17 att
581 467 72 19 anvisa
669 467 25 19 de
711 466 30 20 för
761 466 103 27 ifrägava-

117 502 64 19 rande
197 501 97 19 ändamäl
310 501 78 26 nödiga
403 501 89 19 medlen.

288 536 72 26 Enligt
375 536 66 19 Hans
460 536 149 26 Kejserliga
632 536 133 25 Majestäts
784 535 82 26 Nädiga

255 570 123 26 befallning,
400 570 70 26 gifven
487 570 6 19 i
512 570 30 20 S:t
565 570 133 26 Petersburg,
719 570 40 19 den
784 571 22 25 15
831 570 33 18 Ja-

256 604 58 20 nuari
333 605 58 19 1872.

387 656 68 20 ALEX.
473 656 122 20 ARMFELT.

571 706 35 21 Ch.
622 706 46 21 Em.
690 707 119 20 Frosterus.

323 855 197 21 Statsutskottets
543 855 152 20 betänkande
718 855 31 20 N:o
772 855 12 20 6
806 855 6 20 i
834 861 33 14 an-

255 890 77 25 ledning
348 890 21 20 af
381 890 56 19 Hans
453 889 134 26 Kejserliga
602 889 120 26 Majestäts
737 889 70 26 Nädiga
822 895 44 20 pro-

256 924 90 26 position,
377 924 98 26 angående
501 924 66 25 anslag
592 924 21 19 af
637 923 174 26 bevillningsmedel
838 924 30 19 för

253 958 189 27 folkskoleväsendet
457 958 6 19 i
480 958 65 20 landet
559 958 43 19 med
618 964 57 14 mera.

189 1021 146 20 Förenämnda
351 1021 81 26 Nädiga
448 1021 129 26 proposition
594 1021 37 19 har
650 1021 22 19 af
690 1021 111 26 högloflige
821 1021 45 19 Rid-

121 1055 112 26 derskapet
250 1055 38 20 och
306 1055 68 20 Adeln
390 1059 53 16 samt
459 1055 107 26 vällofliga
582 1055 176 26 Borgareständet
776 1055 90 19 remitte-

121 1092 42 17 rats
178 1089 31 20 till
226 1089 157 20 Statsutskottet
405 1089 38 20 och
464 1089 22 19 af
501 1089 130 26 högvördiga
646 1089 155 19 Presteständet
818 1089 49 19 hän-

120 1123 83 26 skjutits
226 1123 30 19 till
280 1126 134 17 sammansatt
437 1123 63 20 Stats-
520 1123 39 20 och
580 1123 186 20 Ekonomiutskott
780 1125 53 17 samt
849 1123 21 19 af

122 1157 130 20 hedervärda
268 1157 156 20 Bondeständet
440 1157 30 19 till
490 1157 240 26 Bevillningsutskottet,
751 1163 46 13 men
814 1159 53 17 näst-

123 1191 96 20 bemälde
236 1194 76 17 tvenne
329 1191 60 20 ständ
405 1191 62 20 hafva
483 1191 26 26 pä
525 1191 66 19 skedd
607 1191 125 26 inbjudning
746 1191 77 26 jemväl
839 1191 29 20 öf-

122 1225 116 19 verlemnat
261 1225 87 19 ärendet
371 1225 29 19 till
426 1224 153 21 förberedande
602 1225 158 26 handläggning
780 1225 6 18 i
805 1225 63 20 Stats-

121 1259 107 20 utskottet.

191 1316 66 19 Sedan
275 1316 57 19 Hans
349 1316 115 26 Kejserliga
479 1316 98 25 Majestät
596 1322 76 20 genom
693 1316 129 25 proposition
839 1316 29 19 till

124 1350 81 19 landets
228 1350 22 19 är
267 1350 60 19 .1863
347 1350 125 20 församlade
491 1350 90 20 Ständer
602 1349 67 20 täckts
685 1349 5 19 i
706 1349 70 19 Näder
795 1349 75 19 föreslå

123 1391 25 12 en
172 1384 210 27 inkomstbevillning
406 1385 30 19 till
457 1384 141 20 befordrande
621 1383 22 20 af
660 1385 29 18 ett
709 1383 89 19 ordnadt
817 1382 52 20 folk-

124 1418 153 19 skoleväsende
292 1418 7 19 i
315 1418 78 23 landet,
410 1418 44 20 blef
467 1418 68 19 såsom
553 1418 78 19 bekant
647 1417 34 20 vid
698 1417 91 19 nämnda
804 1416 66 19 landt-

123 1451 41 26 dag
180 1451 31 20 för
226 1451 120 20 ändamålet
361 1453 99 26 anslagen
477 1459 26 13 en
519 1452 53 26 årlig
583 1457 80 14 summa
674 1451 22 19 af
706 1451 90 25 390,000
805 1451 65 26 mark,
