<?xml version="1.0" encoding="UTF-8"?>
<alto xmlns="http://www.loc.gov/standards/alto/ns-v3#" xmlns:xlink="http://www.w3.org/1999/xlink" xmlns:xsi="http://www.w3.org/2001/XMLSchema-instance" xsi:schemaLocation="http://www.loc.gov/standards/alto/ns-v3# http://www.loc.gov/alto/v3/alto-3-0.xsd">
	<Description>
		<MeasurementUnit>pixel</MeasurementUnit>
		<sourceImageInformation>
			<fileName>/tmp/tess_oveks1qy_input.PNG</fileName>
		</sourceImageInformation>
		<OCRProcessing ID="OCR_0">
			<ocrProcessingStep>
				<processingSoftware>
					<softwareName>tesseract 5.3.4</softwareName>
				</processingSoftware>
			</ocrProcessingStep>
		</OCRProcessing>
	</Description>
	<Layout>
		<Page WIDTH="1078" HEIGHT="1692" PHYSICAL_IMG_NR="0" ID="page_0">
			<PrintSpace HPOS="0" VPOS="0" WIDTH="1078" HEIGHT="1692">
				<ComposedBlock ID="cblock_0" HPOS="234" VPOS="121" WIDTH="35" HEIGHT="18">
					<TextBlock ID="block_0" HPOS="234" VPOS="121" WIDTH="35" HEIGHT="18">
						<TextLine ID="line_0" HPOS="234" VPOS="121" WIDTH="35" HEIGHT="18">
							<String ID="string_0" HPOS="234" VPOS="121" WIDTH="35" HEIGHT="18" WC="0.96" CONTENT="308"/>
						</TextLine>
					</TextBlock>
				</ComposedBlock>
				<ComposedBlock ID="cblock_1" HPOS="210" VPOS="183" WIDTH="752" HEIGHT="1282">
					<TextBlock ID="block_1" HPOS="212" VPOS="183" WIDTH="750" HEIGHT="163">
						<TextLine ID="line_1" HPOS="213" VPOS="183" WIDTH="749" HEIGHT="27">
							<String ID="string_1" HPOS="213" VPOS="184" WIDTH="96" HEIGHT="20" WC="0.92" CONTENT="offrande"/><SP WIDTH="23" VPOS="184" HPOS="309"/>
							<String ID="string_2" HPOS="332" VPOS="184" WIDTH="23" HEIGHT="20" WC="0.93" CONTENT="af"/><SP WIDTH="22" VPOS="184" HPOS="355"/>
							<String ID="string_3" HPOS="377" VPOS="184" WIDTH="65" HEIGHT="26" WC="0.91" CONTENT="sagde"/><SP WIDTH="16" VPOS="184" HPOS="442"/>
							<String ID="string_4" HPOS="458" VPOS="184" WIDTH="179" HEIGHT="20" WC="0.91" CONTENT="hufvudändamål"/><SP WIDTH="14" VPOS="184" HPOS="637"/>
							<String ID="string_5" HPOS="651" VPOS="183" WIDTH="81" HEIGHT="21" WC="0.93" CONTENT="kunnat"/><SP WIDTH="15" VPOS="183" HPOS="732"/>
							<String ID="string_6" HPOS="747" VPOS="184" WIDTH="12" HEIGHT="20" WC="0.92" CONTENT="&amp;"/><SP WIDTH="15" VPOS="184" HPOS="759"/>
							<String ID="string_7" HPOS="774" VPOS="184" WIDTH="61" HEIGHT="20" WC="0.96" CONTENT="dessa"/><SP WIDTH="16" VPOS="184" HPOS="835"/>
							<String ID="string_8" HPOS="851" VPOS="184" WIDTH="111" HEIGHT="26" WC="0.96" CONTENT="tillgångar"/>
						</TextLine>
						<TextLine ID="line_2" HPOS="213" VPOS="217" WIDTH="748" HEIGHT="27">
							<String ID="string_9" HPOS="213" VPOS="218" WIDTH="90" HEIGHT="20" WC="0.96" CONTENT="beredas"/><SP WIDTH="16" VPOS="218" HPOS="303"/>
							<String ID="string_10" HPOS="319" VPOS="218" WIDTH="91" HEIGHT="20" WC="0.93" CONTENT="banken."/><SP WIDTH="23" VPOS="218" HPOS="410"/>
							<String ID="string_11" HPOS="433" VPOS="217" WIDTH="117" HEIGHT="21" WC="0.92" CONTENT="Huruledes"/><SP WIDTH="16" VPOS="217" HPOS="550"/>
							<String ID="string_12" HPOS="566" VPOS="225" WIDTH="23" HEIGHT="12" WC="0.96" CONTENT="ur"/><SP WIDTH="16" VPOS="225" HPOS="589"/>
							<String ID="string_13" HPOS="605" VPOS="218" WIDTH="61" HEIGHT="19" WC="0.96" CONTENT="dessa"/><SP WIDTH="14" VPOS="218" HPOS="666"/>
							<String ID="string_14" HPOS="680" VPOS="218" WIDTH="131" HEIGHT="26" WC="0.96" CONTENT="synpunkter"/><SP WIDTH="15" VPOS="218" HPOS="811"/>
							<String ID="string_15" HPOS="826" VPOS="218" WIDTH="135" HEIGHT="26" WC="0.96" CONTENT="placeringen"/>
						</TextLine>
						<TextLine ID="line_3" HPOS="213" VPOS="252" WIDTH="749" HEIGHT="26">
							<String ID="string_16" HPOS="213" VPOS="252" WIDTH="63" HEIGHT="26" WC="0.96" CONTENT="skett,"/><SP WIDTH="21" VPOS="252" HPOS="276"/>
							<String ID="string_17" HPOS="297" VPOS="252" WIDTH="91" HEIGHT="26" WC="0.96" CONTENT="framgår"/><SP WIDTH="20" VPOS="252" HPOS="388"/>
							<String ID="string_18" HPOS="408" VPOS="252" WIDTH="22" HEIGHT="20" WC="0.96" CONTENT="af"/><SP WIDTH="13" VPOS="252" HPOS="430"/>
							<String ID="string_19" HPOS="443" VPOS="252" WIDTH="135" HEIGHT="26" WC="0.93" CONTENT="uppgifterna"/><SP WIDTH="15" VPOS="252" HPOS="578"/>
							<String ID="string_20" HPOS="593" VPOS="252" WIDTH="12" HEIGHT="19" WC="0.85" CONTENT="å"/><SP WIDTH="16" VPOS="252" HPOS="605"/>
							<String ID="string_21" HPOS="621" VPOS="252" WIDTH="93" HEIGHT="19" WC="0.96" CONTENT="bankens"/><SP WIDTH="17" VPOS="252" HPOS="714"/>
							<String ID="string_22" HPOS="731" VPOS="252" WIDTH="122" HEIGHT="26" WC="0.95" CONTENT="behållning"/><SP WIDTH="14" VPOS="252" HPOS="853"/>
							<String ID="string_23" HPOS="867" VPOS="252" WIDTH="6" HEIGHT="19" WC="0.93" CONTENT="i"/><SP WIDTH="17" VPOS="252" HPOS="873"/>
							<String ID="string_24" HPOS="890" VPOS="252" WIDTH="72" HEIGHT="20" WC="0.92" CONTENT="metal-"/>
						</TextLine>
						<TextLine ID="line_4" HPOS="212" VPOS="285" WIDTH="750" HEIGHT="27">
							<String ID="string_25" HPOS="212" VPOS="286" WIDTH="41" HEIGHT="20" WC="0.92" CONTENT="lisk"/><SP WIDTH="24" VPOS="286" HPOS="253"/>
							<String ID="string_26" HPOS="277" VPOS="286" WIDTH="68" HEIGHT="25" WC="0.96" CONTENT="kassa,"/><SP WIDTH="16" VPOS="286" HPOS="345"/>
							<String ID="string_27" HPOS="361" VPOS="286" WIDTH="5" HEIGHT="20" WC="0.96" CONTENT="i"/><SP WIDTH="17" VPOS="286" HPOS="366"/>
							<String ID="string_28" HPOS="383" VPOS="286" WIDTH="140" HEIGHT="26" WC="0.92" CONTENT="obligationer"/><SP WIDTH="15" VPOS="286" HPOS="523"/>
							<String ID="string_29" HPOS="538" VPOS="285" WIDTH="12" HEIGHT="20" WC="0.91" CONTENT="å"/><SP WIDTH="16" VPOS="285" HPOS="550"/>
							<String ID="string_30" HPOS="566" VPOS="285" WIDTH="106" HEIGHT="20" WC="0.96" CONTENT="utländskt"/><SP WIDTH="21" VPOS="285" HPOS="672"/>
							<String ID="string_31" HPOS="693" VPOS="288" WIDTH="59" HEIGHT="24" WC="0.95" CONTENT="mynt"/><SP WIDTH="15" VPOS="288" HPOS="752"/>
							<String ID="string_32" HPOS="767" VPOS="286" WIDTH="39" HEIGHT="20" WC="0.95" CONTENT="och"/><SP WIDTH="16" VPOS="286" HPOS="806"/>
							<String ID="string_33" HPOS="822" VPOS="286" WIDTH="6" HEIGHT="19" WC="0.96" CONTENT="i"/><SP WIDTH="16" VPOS="286" HPOS="828"/>
							<String ID="string_34" HPOS="844" VPOS="286" WIDTH="118" HEIGHT="26" WC="0.96" CONTENT="fordringar"/>
						</TextLine>
						<TextLine ID="line_5" HPOS="212" VPOS="319" WIDTH="510" HEIGHT="27">
							<String ID="string_35" HPOS="212" VPOS="320" WIDTH="38" HEIGHT="20" WC="0.96" CONTENT="hos"/><SP WIDTH="17" VPOS="320" HPOS="250"/>
							<String ID="string_36" HPOS="267" VPOS="320" WIDTH="95" HEIGHT="20" WC="0.93" CONTENT="bankens"/><SP WIDTH="16" VPOS="320" HPOS="362"/>
							<String ID="string_37" HPOS="378" VPOS="319" WIDTH="111" HEIGHT="20" WC="0.91" CONTENT="utländske"/><SP WIDTH="16" VPOS="319" HPOS="489"/>
							<String ID="string_38" HPOS="505" VPOS="319" WIDTH="77" HEIGHT="20" WC="0.96" CONTENT="ombud"/><SP WIDTH="17" VPOS="319" HPOS="582"/>
							<String ID="string_39" HPOS="599" VPOS="319" WIDTH="60" HEIGHT="27" WC="0.96" CONTENT="(Tab."/><SP WIDTH="15" VPOS="319" HPOS="659"/>
							<String ID="string_40" HPOS="674" VPOS="319" WIDTH="48" HEIGHT="25" WC="0.91" CONTENT="III)."/>
						</TextLine>
					</TextBlock>
					<TextBlock ID="block_2" HPOS="210" VPOS="353" WIDTH="751" HEIGHT="1112">
						<TextLine ID="line_6" HPOS="280" VPOS="353" WIDTH="680" HEIGHT="26">
							<String ID="string_41" HPOS="280" VPOS="354" WIDTH="61" HEIGHT="20" WC="0.95" CONTENT="Hvad"/><SP WIDTH="16" VPOS="354" HPOS="341"/>
							<String ID="string_42" HPOS="357" VPOS="354" WIDTH="52" HEIGHT="19" WC="0.96" CONTENT="först"/><SP WIDTH="15" VPOS="354" HPOS="409"/>
							<String ID="string_43" HPOS="424" VPOS="354" WIDTH="41" HEIGHT="19" WC="0.96" CONTENT="den"/><SP WIDTH="17" VPOS="354" HPOS="465"/>
							<String ID="string_44" HPOS="482" VPOS="353" WIDTH="120" HEIGHT="20" WC="0.96" CONTENT="metalliska"/><SP WIDTH="15" VPOS="353" HPOS="602"/>
							<String ID="string_45" HPOS="617" VPOS="353" WIDTH="76" HEIGHT="20" WC="0.96" CONTENT="kassan"/><SP WIDTH="17" VPOS="353" HPOS="693"/>
							<String ID="string_46" HPOS="710" VPOS="353" WIDTH="105" HEIGHT="26" WC="0.96" CONTENT="beträffar,"/><SP WIDTH="15" VPOS="353" HPOS="815"/>
							<String ID="string_47" HPOS="830" VPOS="354" WIDTH="22" HEIGHT="19" WC="0.96" CONTENT="så"/><SP WIDTH="11" VPOS="354" HPOS="852"/>
							<String ID="string_48" HPOS="863" VPOS="354" WIDTH="37" HEIGHT="19" WC="0.93" CONTENT="har"/><SP WIDTH="11" VPOS="354" HPOS="900"/>
							<String ID="string_49" HPOS="911" VPOS="354" WIDTH="49" HEIGHT="19" WC="0.92" CONTENT="den-"/>
						</TextLine>
						<TextLine ID="line_7" HPOS="212" VPOS="387" WIDTH="747" HEIGHT="27">
							<String ID="string_50" HPOS="212" VPOS="394" WIDTH="82" HEIGHT="14" WC="0.96" CONTENT="samma"/><SP WIDTH="15" VPOS="394" HPOS="294"/>
							<String ID="string_51" HPOS="309" VPOS="394" WIDTH="76" HEIGHT="20" WC="0.96" CONTENT="genom"/><SP WIDTH="18" VPOS="394" HPOS="385"/>
							<String ID="string_52" HPOS="403" VPOS="387" WIDTH="28" HEIGHT="20" WC="0.95" CONTENT="tid"/><SP WIDTH="16" VPOS="387" HPOS="431"/>
							<String ID="string_53" HPOS="447" VPOS="388" WIDTH="54" HEIGHT="19" WC="0.95" CONTENT="efter"/><SP WIDTH="15" VPOS="388" HPOS="501"/>
							<String ID="string_54" HPOS="516" VPOS="394" WIDTH="69" HEIGHT="13" WC="0.96" CONTENT="annan"/><SP WIDTH="16" VPOS="394" HPOS="585"/>
							<String ID="string_55" HPOS="601" VPOS="387" WIDTH="114" HEIGHT="20" WC="0.96" CONTENT="verkställd"/><SP WIDTH="16" VPOS="387" HPOS="715"/>
							<String ID="string_56" HPOS="731" VPOS="387" WIDTH="128" HEIGHT="27" WC="0.96" CONTENT="indragning"/><SP WIDTH="14" VPOS="387" HPOS="859"/>
							<String ID="string_57" HPOS="873" VPOS="388" WIDTH="23" HEIGHT="19" WC="0.96" CONTENT="af"/><SP WIDTH="14" VPOS="388" HPOS="896"/>
							<String ID="string_58" HPOS="910" VPOS="388" WIDTH="49" HEIGHT="26" WC="0.96" CONTENT="guld"/>
						</TextLine>
						<TextLine ID="line_8" HPOS="212" VPOS="421" WIDTH="748" HEIGHT="26">
							<String ID="string_59" HPOS="212" VPOS="422" WIDTH="39" HEIGHT="20" WC="0.91" CONTENT="och"/><SP WIDTH="24" VPOS="422" HPOS="251"/>
							<String ID="string_60" HPOS="275" VPOS="422" WIDTH="72" HEIGHT="19" WC="0.91" CONTENT="silfver"/><SP WIDTH="18" VPOS="422" HPOS="347"/>
							<String ID="string_61" HPOS="365" VPOS="422" WIDTH="3" HEIGHT="19" WC="0.93" CONTENT="i"/><SP WIDTH="17" VPOS="422" HPOS="368"/>
							<String ID="string_62" HPOS="385" VPOS="421" WIDTH="86" HEIGHT="26" WC="0.92" CONTENT="myntad"/><SP WIDTH="23" VPOS="421" HPOS="471"/>
							<String ID="string_63" HPOS="494" VPOS="421" WIDTH="53" HEIGHT="19" WC="0.96" CONTENT="form"/><SP WIDTH="24" VPOS="421" HPOS="547"/>
							<String ID="string_64" HPOS="571" VPOS="421" WIDTH="50" HEIGHT="19" WC="0.95" CONTENT="eller"/><SP WIDTH="23" VPOS="421" HPOS="621"/>
							<String ID="string_65" HPOS="644" VPOS="421" WIDTH="75" HEIGHT="26" WC="0.95" CONTENT="plants,"/><SP WIDTH="19" VPOS="421" HPOS="719"/>
							<String ID="string_66" HPOS="738" VPOS="421" WIDTH="26" HEIGHT="26" WC="0.96" CONTENT="på"/><SP WIDTH="16" VPOS="421" HPOS="764"/>
							<String ID="string_67" HPOS="780" VPOS="423" WIDTH="40" HEIGHT="18" WC="0.96" CONTENT="sätt"/><SP WIDTH="15" VPOS="423" HPOS="820"/>
							<String ID="string_68" HPOS="835" VPOS="421" WIDTH="50" HEIGHT="20" WC="0.96" CONTENT="Tab."/><SP WIDTH="16" VPOS="421" HPOS="885"/>
							<String ID="string_69" HPOS="901" VPOS="421" WIDTH="59" HEIGHT="20" WC="0.95" CONTENT="XVII"/>
						</TextLine>
						<TextLine ID="line_9" HPOS="212" VPOS="454" WIDTH="749" HEIGHT="28">
							<String ID="string_70" HPOS="212" VPOS="456" WIDTH="34" HEIGHT="19" WC="0.96" CONTENT="vid"/><SP WIDTH="21" VPOS="456" HPOS="246"/>
							<String ID="string_71" HPOS="267" VPOS="455" WIDTH="84" HEIGHT="20" WC="0.93" CONTENT="handen"/><SP WIDTH="17" VPOS="455" HPOS="351"/>
							<String ID="string_72" HPOS="368" VPOS="455" WIDTH="74" HEIGHT="26" WC="0.91" CONTENT="gifver,"/><SP WIDTH="17" VPOS="455" HPOS="442"/>
							<String ID="string_73" HPOS="459" VPOS="454" WIDTH="69" HEIGHT="20" WC="0.96" CONTENT="blifvit"/><SP WIDTH="16" VPOS="454" HPOS="528"/>
							<String ID="string_74" HPOS="544" VPOS="455" WIDTH="66" HEIGHT="19" WC="0.96" CONTENT="under"/><SP WIDTH="16" VPOS="455" HPOS="610"/>
							<String ID="string_75" HPOS="626" VPOS="454" WIDTH="138" HEIGHT="20" WC="0.93" CONTENT="förevarande"/><SP WIDTH="16" VPOS="454" HPOS="764"/>
							<String ID="string_76" HPOS="780" VPOS="455" WIDTH="76" HEIGHT="26" WC="0.90" CONTENT="tidrym"/><SP WIDTH="17" VPOS="455" HPOS="856"/>
							<String ID="string_77" HPOS="873" VPOS="456" WIDTH="88" HEIGHT="26" WC="0.96" CONTENT="ungefär"/>
						</TextLine>
						<TextLine ID="line_10" HPOS="212" VPOS="488" WIDTH="748" HEIGHT="27">
							<String ID="string_78" HPOS="212" VPOS="489" WIDTH="133" HEIGHT="20" WC="0.96" CONTENT="fördubblad."/><SP WIDTH="31" VPOS="489" HPOS="345"/>
							<String ID="string_79" HPOS="376" VPOS="488" WIDTH="32" HEIGHT="20" WC="0.96" CONTENT="Då"/><SP WIDTH="22" VPOS="488" HPOS="408"/>
							<String ID="string_80" HPOS="430" VPOS="489" WIDTH="26" HEIGHT="19" WC="0.96" CONTENT="de"/><SP WIDTH="24" VPOS="489" HPOS="456"/>
							<String ID="string_81" HPOS="480" VPOS="488" WIDTH="106" HEIGHT="26" WC="0.96" CONTENT="åtgärder,"/><SP WIDTH="24" VPOS="488" HPOS="586"/>
							<String ID="string_82" HPOS="610" VPOS="489" WIDTH="135" HEIGHT="26" WC="0.96" CONTENT="hvarigenom"/><SP WIDTH="18" VPOS="489" HPOS="745"/>
							<String ID="string_83" HPOS="763" VPOS="489" WIDTH="57" HEIGHT="20" WC="0.96" CONTENT="detta"/><SP WIDTH="15" VPOS="489" HPOS="820"/>
							<String ID="string_84" HPOS="835" VPOS="489" WIDTH="61" HEIGHT="23" WC="0.96" CONTENT="skett,"/><SP WIDTH="16" VPOS="489" HPOS="896"/>
							<String ID="string_85" HPOS="912" VPOS="489" WIDTH="48" HEIGHT="20" WC="0.96" CONTENT="icke"/>
						</TextLine>
						<TextLine ID="line_11" HPOS="212" VPOS="522" WIDTH="748" HEIGHT="27">
							<String ID="string_86" HPOS="212" VPOS="524" WIDTH="76" HEIGHT="25" WC="0.91" CONTENT="aflupit"/><SP WIDTH="19" VPOS="524" HPOS="288"/>
							<String ID="string_87" HPOS="307" VPOS="525" WIDTH="47" HEIGHT="18" WC="0.94" CONTENT="uten"/><SP WIDTH="18" VPOS="525" HPOS="354"/>
							<String ID="string_88" HPOS="372" VPOS="522" WIDTH="88" HEIGHT="20" WC="0.96" CONTENT="kostnad"/><SP WIDTH="17" VPOS="522" HPOS="460"/>
							<String ID="string_89" HPOS="477" VPOS="522" WIDTH="31" HEIGHT="20" WC="0.97" CONTENT="för"/><SP WIDTH="16" VPOS="522" HPOS="508"/>
							<String ID="string_90" HPOS="524" VPOS="522" WIDTH="84" HEIGHT="20" WC="0.95" CONTENT="banken"/><SP WIDTH="17" VPOS="522" HPOS="608"/>
							<String ID="string_91" HPOS="625" VPOS="522" WIDTH="38" HEIGHT="20" WC="0.96" CONTENT="och"/><SP WIDTH="16" VPOS="522" HPOS="663"/>
							<String ID="string_92" HPOS="679" VPOS="523" WIDTH="89" HEIGHT="19" WC="0.96" CONTENT="emedan"/><SP WIDTH="16" VPOS="523" HPOS="768"/>
							<String ID="string_93" HPOS="784" VPOS="530" WIDTH="33" HEIGHT="12" WC="0.95" CONTENT="om"/><SP WIDTH="17" VPOS="530" HPOS="817"/>
							<String ID="string_94" HPOS="834" VPOS="524" WIDTH="60" HEIGHT="19" WC="0.93" CONTENT="deras"/><SP WIDTH="16" VPOS="524" HPOS="894"/>
							<String ID="string_95" HPOS="910" VPOS="524" WIDTH="50" HEIGHT="19" WC="0.91" CONTENT="nöd-"/>
						</TextLine>
						<TextLine ID="line_12" HPOS="212" VPOS="556" WIDTH="747" HEIGHT="28">
							<String ID="string_96" HPOS="212" VPOS="557" WIDTH="117" HEIGHT="27" WC="0.91" CONTENT="vändighet"/><SP WIDTH="23" VPOS="557" HPOS="329"/>
							<String ID="string_97" HPOS="352" VPOS="556" WIDTH="58" HEIGHT="20" WC="0.93" CONTENT="olika"/><SP WIDTH="21" VPOS="556" HPOS="410"/>
							<String ID="string_98" HPOS="431" VPOS="556" WIDTH="79" HEIGHT="26" WC="0.92" CONTENT="åsigter"/><SP WIDTH="20" VPOS="556" HPOS="510"/>
							<String ID="string_99" HPOS="530" VPOS="556" WIDTH="71" HEIGHT="20" WC="0.96" CONTENT="kunna"/><SP WIDTH="15" VPOS="556" HPOS="601"/>
							<String ID="string_100" HPOS="616" VPOS="559" WIDTH="50" HEIGHT="23" WC="0.96" CONTENT="göra"/><SP WIDTH="16" VPOS="559" HPOS="666"/>
							<String ID="string_101" HPOS="682" VPOS="556" WIDTH="32" HEIGHT="26" WC="0.96" CONTENT="sig"/><SP WIDTH="16" VPOS="556" HPOS="714"/>
							<String ID="string_102" HPOS="730" VPOS="557" WIDTH="98" HEIGHT="26" WC="0.96" CONTENT="gällande"/><SP WIDTH="16" VPOS="557" HPOS="828"/>
							<String ID="string_103" HPOS="844" VPOS="557" WIDTH="46" HEIGHT="20" WC="0.93" CONTENT="med"/><SP WIDTH="17" VPOS="557" HPOS="890"/>
							<String ID="string_104" HPOS="907" VPOS="557" WIDTH="52" HEIGHT="20" WC="0.90" CONTENT="afse-"/>
						</TextLine>
						<TextLine ID="line_13" HPOS="212" VPOS="590" WIDTH="748" HEIGHT="27">
							<String ID="string_105" HPOS="212" VPOS="592" WIDTH="55" HEIGHT="19" WC="0.92" CONTENT="ende"/><SP WIDTH="25" VPOS="592" HPOS="267"/>
							<String ID="string_106" HPOS="292" VPOS="591" WIDTH="56" HEIGHT="24" WC="0.89" CONTENT="derå,"/><SP WIDTH="20" VPOS="591" HPOS="348"/>
							<String ID="string_107" HPOS="368" VPOS="592" WIDTH="30" HEIGHT="18" WC="0.96" CONTENT="att"/><SP WIDTH="15" VPOS="592" HPOS="398"/>
							<String ID="string_108" HPOS="413" VPOS="590" WIDTH="75" HEIGHT="20" WC="0.96" CONTENT="kassan"/><SP WIDTH="17" VPOS="590" HPOS="488"/>
							<String ID="string_109" HPOS="505" VPOS="590" WIDTH="87" HEIGHT="20" WC="0.93" CONTENT="sålunda"/><SP WIDTH="16" VPOS="590" HPOS="592"/>
							<String ID="string_110" HPOS="608" VPOS="590" WIDTH="69" HEIGHT="26" WC="0.92" CONTENT="bragts"/><SP WIDTH="17" VPOS="590" HPOS="677"/>
							<String ID="string_111" HPOS="694" VPOS="597" WIDTH="40" HEIGHT="19" WC="0.95" CONTENT="upp"/><SP WIDTH="17" VPOS="597" HPOS="734"/>
							<String ID="string_112" HPOS="751" VPOS="590" WIDTH="30" HEIGHT="20" WC="0.96" CONTENT="till"/><SP WIDTH="16" VPOS="590" HPOS="781"/>
							<String ID="string_113" HPOS="797" VPOS="590" WIDTH="97" HEIGHT="27" WC="0.93" CONTENT="omkring"/><SP WIDTH="15" VPOS="590" HPOS="894"/>
							<String ID="string_114" HPOS="909" VPOS="591" WIDTH="51" HEIGHT="19" WC="0.93" CONTENT="dub-"/>
						</TextLine>
						<TextLine ID="line_14" HPOS="213" VPOS="624" WIDTH="746" HEIGHT="27">
							<String ID="string_115" HPOS="213" VPOS="625" WIDTH="43" HEIGHT="20" WC="0.91" CONTENT="belt"/><SP WIDTH="23" VPOS="625" HPOS="256"/>
							<String ID="string_116" HPOS="279" VPOS="625" WIDTH="36" HEIGHT="20" WC="0.96" CONTENT="det"/><SP WIDTH="15" VPOS="625" HPOS="315"/>
							<String ID="string_117" HPOS="330" VPOS="625" WIDTH="84" HEIGHT="25" WC="0.93" CONTENT="belopp,"/><SP WIDTH="15" VPOS="625" HPOS="414"/>
							<String ID="string_118" HPOS="429" VPOS="624" WIDTH="119" HEIGHT="20" WC="0.93" CONTENT="hvarunder"/><SP WIDTH="16" VPOS="624" HPOS="548"/>
							<String ID="string_119" HPOS="564" VPOS="624" WIDTH="47" HEIGHT="24" WC="0.93" CONTENT="den,"/><SP WIDTH="14" VPOS="624" HPOS="611"/>
							<String ID="string_120" HPOS="625" VPOS="624" WIDTH="85" HEIGHT="26" WC="0.91" CONTENT="jemlikt"/><SP WIDTH="14" VPOS="624" HPOS="710"/>
							<String ID="string_121" HPOS="724" VPOS="626" WIDTH="10" HEIGHT="22" WC="0.91" CONTENT="$"/><SP WIDTH="19" VPOS="626" HPOS="734"/>
							<String ID="string_122" HPOS="753" VPOS="625" WIDTH="25" HEIGHT="19" WC="0.96" CONTENT="12"/><SP WIDTH="14" VPOS="625" HPOS="778"/>
							<String ID="string_123" HPOS="792" VPOS="625" WIDTH="6" HEIGHT="19" WC="0.93" CONTENT="i"/><SP WIDTH="15" VPOS="625" HPOS="798"/>
							<String ID="string_124" HPOS="813" VPOS="624" WIDTH="83" HEIGHT="27" WC="0.91" CONTENT="Nådiga"/><SP WIDTH="14" VPOS="624" HPOS="896"/>
							<String ID="string_125" HPOS="910" VPOS="625" WIDTH="49" HEIGHT="19" WC="0.92" CONTENT="För-"/>
						</TextLine>
						<TextLine ID="line_15" HPOS="212" VPOS="657" WIDTH="748" HEIGHT="29">
							<String ID="string_126" HPOS="212" VPOS="659" WIDTH="118" HEIGHT="27" WC="0.95" CONTENT="ordningen"/><SP WIDTH="24" VPOS="659" HPOS="330"/>
							<String ID="string_127" HPOS="354" VPOS="658" WIDTH="39" HEIGHT="20" WC="0.96" CONTENT="den"/><SP WIDTH="17" VPOS="658" HPOS="393"/>
							<String ID="string_128" HPOS="410" VPOS="658" WIDTH="12" HEIGHT="20" WC="0.96" CONTENT="9"/><SP WIDTH="16" VPOS="658" HPOS="422"/>
							<String ID="string_129" HPOS="438" VPOS="658" WIDTH="119" HEIGHT="20" WC="0.96" CONTENT="December"/><SP WIDTH="24" VPOS="658" HPOS="557"/>
							<String ID="string_130" HPOS="581" VPOS="658" WIDTH="60" HEIGHT="25" WC="0.96" CONTENT="1867,"/><SP WIDTH="15" VPOS="658" HPOS="641"/>
							<String ID="string_131" HPOS="656" VPOS="657" WIDTH="48" HEIGHT="20" WC="0.96" CONTENT="icke"/><SP WIDTH="16" VPOS="657" HPOS="704"/>
							<String ID="string_132" HPOS="720" VPOS="658" WIDTH="37" HEIGHT="19" WC="0.96" CONTENT="bör"/><SP WIDTH="16" VPOS="658" HPOS="757"/>
							<String ID="string_133" HPOS="773" VPOS="658" WIDTH="20" HEIGHT="20" WC="0.92" CONTENT="få"/><SP WIDTH="16" VPOS="658" HPOS="793"/>
							<String ID="string_134" HPOS="809" VPOS="658" WIDTH="74" HEIGHT="26" WC="0.90" CONTENT="nedgå,"/><SP WIDTH="18" VPOS="658" HPOS="883"/>
							<String ID="string_135" HPOS="901" VPOS="658" WIDTH="59" HEIGHT="20" WC="0.96" CONTENT="torde"/>
						</TextLine>
						<TextLine ID="line_16" HPOS="211" VPOS="691" WIDTH="750" HEIGHT="27">
							<String ID="string_136" HPOS="211" VPOS="693" WIDTH="75" HEIGHT="20" WC="0.95" CONTENT="skälen"/><SP WIDTH="24" VPOS="693" HPOS="286"/>
							<String ID="string_137" HPOS="310" VPOS="692" WIDTH="31" HEIGHT="20" WC="0.95" CONTENT="till"/><SP WIDTH="23" VPOS="692" HPOS="341"/>
							<String ID="string_138" HPOS="364" VPOS="692" WIDTH="61" HEIGHT="20" WC="0.96" CONTENT="dessa"/><SP WIDTH="22" VPOS="692" HPOS="425"/>
							<String ID="string_139" HPOS="447" VPOS="691" WIDTH="98" HEIGHT="27" WC="0.96" CONTENT="åtgärder"/><SP WIDTH="20" VPOS="691" HPOS="545"/>
							<String ID="string_140" HPOS="565" VPOS="692" WIDTH="37" HEIGHT="19" WC="0.96" CONTENT="här"/><SP WIDTH="16" VPOS="692" HPOS="602"/>
							<String ID="string_141" HPOS="618" VPOS="692" WIDTH="50" HEIGHT="19" WC="0.96" CONTENT="böra"/><SP WIDTH="15" VPOS="692" HPOS="668"/>
							<String ID="string_142" HPOS="683" VPOS="694" WIDTH="128" HEIGHT="18" WC="0.93" CONTENT="omnämnas."/><SP WIDTH="31" VPOS="694" HPOS="811"/>
							<String ID="string_143" HPOS="842" VPOS="693" WIDTH="119" HEIGHT="20" WC="0.88" CONTENT="Metalliska"/>
						</TextLine>
						<TextLine ID="line_17" HPOS="211" VPOS="726" WIDTH="749" HEIGHT="27">
							<String ID="string_144" HPOS="211" VPOS="727" WIDTH="91" HEIGHT="21" WC="0.92" CONTENT="kassans"/><SP WIDTH="22" VPOS="727" HPOS="302"/>
							<String ID="string_145" HPOS="324" VPOS="726" WIDTH="155" HEIGHT="26" WC="0.91" CONTENT="förminskning"/><SP WIDTH="18" VPOS="726" HPOS="479"/>
							<String ID="string_146" HPOS="497" VPOS="732" WIDTH="76" HEIGHT="20" WC="0.95" CONTENT="genom"/><SP WIDTH="16" VPOS="732" HPOS="573"/>
							<String ID="string_147" HPOS="589" VPOS="726" WIDTH="111" HEIGHT="26" WC="0.95" CONTENT="uttagning"/><SP WIDTH="15" VPOS="726" HPOS="700"/>
							<String ID="string_148" HPOS="715" VPOS="726" WIDTH="23" HEIGHT="20" WC="0.96" CONTENT="af"/><SP WIDTH="13" VPOS="726" HPOS="738"/>
							<String ID="string_149" HPOS="751" VPOS="729" WIDTH="58" HEIGHT="23" WC="0.96" CONTENT="mynt"/><SP WIDTH="16" VPOS="729" HPOS="809"/>
							<String ID="string_150" HPOS="825" VPOS="727" WIDTH="51" HEIGHT="20" WC="0.96" CONTENT="eller"/><SP WIDTH="16" VPOS="727" HPOS="876"/>
							<String ID="string_151" HPOS="892" VPOS="728" WIDTH="68" HEIGHT="25" WC="0.96" CONTENT="plants"/>
						</TextLine>
						<TextLine ID="line_18" HPOS="211" VPOS="759" WIDTH="748" HEIGHT="27">
							<String ID="string_152" HPOS="211" VPOS="764" WIDTH="45" HEIGHT="17" WC="0.95" CONTENT="mot"/><SP WIDTH="15" VPOS="764" HPOS="256"/>
							<String ID="string_153" HPOS="271" VPOS="760" WIDTH="95" HEIGHT="21" WC="0.95" CONTENT="bankens"/><SP WIDTH="16" VPOS="760" HPOS="366"/>
							<String ID="string_154" HPOS="382" VPOS="760" WIDTH="69" HEIGHT="20" WC="0.96" CONTENT="sedlar"/><SP WIDTH="15" VPOS="760" HPOS="451"/>
							<String ID="string_155" HPOS="466" VPOS="762" WIDTH="30" HEIGHT="23" WC="0.96" CONTENT="är,"/><SP WIDTH="15" VPOS="762" HPOS="496"/>
							<String ID="string_156" HPOS="511" VPOS="759" WIDTH="24" HEIGHT="20" WC="0.96" CONTENT="så"/><SP WIDTH="14" VPOS="759" HPOS="535"/>
							<String ID="string_157" HPOS="549" VPOS="760" WIDTH="63" HEIGHT="26" WC="0.96" CONTENT="länge"/><SP WIDTH="16" VPOS="760" HPOS="612"/>
							<String ID="string_158" HPOS="628" VPOS="760" WIDTH="130" HEIGHT="20" WC="0.96" CONTENT="förtroendet"/><SP WIDTH="14" VPOS="760" HPOS="758"/>
							<String ID="string_159" HPOS="772" VPOS="760" WIDTH="31" HEIGHT="20" WC="0.96" CONTENT="till"/><SP WIDTH="17" VPOS="760" HPOS="803"/>
							<String ID="string_160" HPOS="820" VPOS="761" WIDTH="83" HEIGHT="20" WC="0.89" CONTENT="banken"/><SP WIDTH="16" VPOS="761" HPOS="903"/>
							<String ID="string_161" HPOS="919" VPOS="761" WIDTH="40" HEIGHT="19" WC="0.89" CONTENT="för-"/>
						</TextLine>
						<TextLine ID="line_19" HPOS="212" VPOS="794" WIDTH="746" HEIGHT="26">
							<String ID="string_162" HPOS="212" VPOS="796" WIDTH="40" HEIGHT="20" WC="0.93" CONTENT="blir"/><SP WIDTH="24" VPOS="796" HPOS="252"/>
							<String ID="string_163" HPOS="276" VPOS="794" WIDTH="111" HEIGHT="25" WC="0.91" CONTENT="orubbadt,"/><SP WIDTH="20" VPOS="794" HPOS="387"/>
							<String ID="string_164" HPOS="407" VPOS="796" WIDTH="30" HEIGHT="18" WC="0.93" CONTENT="att"/><SP WIDTH="22" VPOS="796" HPOS="437"/>
							<String ID="string_165" HPOS="459" VPOS="795" WIDTH="91" HEIGHT="19" WC="0.92" CONTENT="emotses"/><SP WIDTH="16" VPOS="795" HPOS="550"/>
							<String ID="string_166" HPOS="566" VPOS="794" WIDTH="175" HEIGHT="26" WC="0.91" CONTENT="hulvudsakligen"/><SP WIDTH="17" VPOS="794" HPOS="741"/>
							<String ID="string_167" HPOS="758" VPOS="795" WIDTH="23" HEIGHT="19" WC="0.96" CONTENT="af"/><SP WIDTH="14" VPOS="795" HPOS="781"/>
							<String ID="string_168" HPOS="795" VPOS="797" WIDTH="75" HEIGHT="18" WC="0.93" CONTENT="tvenne"/><SP WIDTH="16" VPOS="797" HPOS="870"/>
							<String ID="string_169" HPOS="886" VPOS="795" WIDTH="72" HEIGHT="20" WC="0.91" CONTENT="anled-"/>
						</TextLine>
						<TextLine ID="line_20" HPOS="212" VPOS="827" WIDTH="746" HEIGHT="28">
							<String ID="string_170" HPOS="212" VPOS="830" WIDTH="82" HEIGHT="25" WC="0.93" CONTENT="ningar,"/><SP WIDTH="23" VPOS="830" HPOS="294"/>
							<String ID="string_171" HPOS="317" VPOS="828" WIDTH="107" HEIGHT="26" WC="0.91" CONTENT="nemligen"/><SP WIDTH="24" VPOS="828" HPOS="424"/>
							<String ID="string_172" HPOS="448" VPOS="828" WIDTH="31" HEIGHT="19" WC="0.96" CONTENT="för"/><SP WIDTH="15" VPOS="828" HPOS="479"/>
							<String ID="string_173" HPOS="494" VPOS="827" WIDTH="105" HEIGHT="20" WC="0.96" CONTENT="rörelsens"/><SP WIDTH="15" VPOS="827" HPOS="599"/>
							<String ID="string_174" HPOS="614" VPOS="828" WIDTH="55" HEIGHT="19" WC="0.96" CONTENT="inom"/><SP WIDTH="17" VPOS="828" HPOS="669"/>
							<String ID="string_175" HPOS="686" VPOS="828" WIDTH="72" HEIGHT="19" WC="0.93" CONTENT="landet"/><SP WIDTH="16" VPOS="828" HPOS="758"/>
							<String ID="string_176" HPOS="774" VPOS="828" WIDTH="65" HEIGHT="20" WC="0.91" CONTENT="behof"/><SP WIDTH="12" VPOS="828" HPOS="839"/>
							<String ID="string_177" HPOS="851" VPOS="830" WIDTH="23" HEIGHT="18" WC="0.92" CONTENT="af"/><SP WIDTH="14" VPOS="830" HPOS="874"/>
							<String ID="string_178" HPOS="888" VPOS="829" WIDTH="70" HEIGHT="20" WC="0.91" CONTENT="metal-"/>
						</TextLine>
						<TextLine ID="line_21" HPOS="211" VPOS="861" WIDTH="748" HEIGHT="28">
							<String ID="string_179" HPOS="211" VPOS="863" WIDTH="51" HEIGHT="19" WC="0.91" CONTENT="liskt"/><SP WIDTH="17" VPOS="863" HPOS="262"/>
							<String ID="string_180" HPOS="279" VPOS="861" WIDTH="132" HEIGHT="28" WC="0.91" CONTENT="bytesmedel"/><SP WIDTH="15" VPOS="861" HPOS="411"/>
							<String ID="string_181" HPOS="426" VPOS="861" WIDTH="39" HEIGHT="20" WC="0.96" CONTENT="och"/><SP WIDTH="16" VPOS="861" HPOS="465"/>
							<String ID="string_182" HPOS="481" VPOS="861" WIDTH="32" HEIGHT="20" WC="0.96" CONTENT="för"/><SP WIDTH="16" VPOS="861" HPOS="513"/>
							<String ID="string_183" HPOS="529" VPOS="861" WIDTH="166" HEIGHT="20" WC="0.96" CONTENT="verkställandet"/><SP WIDTH="15" VPOS="861" HPOS="695"/>
							<String ID="string_184" HPOS="710" VPOS="861" WIDTH="23" HEIGHT="20" WC="0.93" CONTENT="af"/><SP WIDTH="9" VPOS="861" HPOS="733"/>
							<String ID="string_185" HPOS="742" VPOS="862" WIDTH="89" HEIGHT="26" WC="0.91" CONTENT="liqvider"/><SP WIDTH="11" VPOS="862" HPOS="831"/>
							<String ID="string_186" HPOS="842" VPOS="863" WIDTH="5" HEIGHT="19" WC="0.97" CONTENT="i"/><SP WIDTH="13" VPOS="863" HPOS="847"/>
							<String ID="string_187" HPOS="860" VPOS="863" WIDTH="99" HEIGHT="20" WC="0.95" CONTENT="utlandet."/>
						</TextLine>
						<TextLine ID="line_22" HPOS="211" VPOS="895" WIDTH="749" HEIGHT="28">
							<String ID="string_188" HPOS="211" VPOS="897" WIDTH="9" HEIGHT="19" WC="0.95" CONTENT="I"/><SP WIDTH="24" VPOS="897" HPOS="220"/>
							<String ID="string_189" HPOS="244" VPOS="896" WIDTH="144" HEIGHT="21" WC="0.96" CONTENT="förstnämnda"/><SP WIDTH="23" VPOS="896" HPOS="388"/>
							<String ID="string_190" HPOS="411" VPOS="895" WIDTH="120" HEIGHT="21" WC="0.96" CONTENT="hänseende"/><SP WIDTH="24" VPOS="895" HPOS="531"/>
							<String ID="string_191" HPOS="555" VPOS="896" WIDTH="36" HEIGHT="19" WC="0.96" CONTENT="har"/><SP WIDTH="16" VPOS="896" HPOS="591"/>
							<String ID="string_192" HPOS="607" VPOS="895" WIDTH="69" HEIGHT="27" WC="0.96" CONTENT="någon"/><SP WIDTH="16" VPOS="895" HPOS="676"/>
							<String ID="string_193" HPOS="692" VPOS="896" WIDTH="109" HEIGHT="26" WC="0.96" CONTENT="synnerlig"/><SP WIDTH="16" VPOS="896" HPOS="801"/>
							<String ID="string_194" HPOS="817" VPOS="896" WIDTH="143" HEIGHT="27" WC="0.95" CONTENT="förstärkning"/>
						</TextLine>
						<TextLine ID="line_23" HPOS="211" VPOS="929" WIDTH="747" HEIGHT="27">
							<String ID="string_195" HPOS="211" VPOS="931" WIDTH="23" HEIGHT="20" WC="0.95" CONTENT="af"/><SP WIDTH="21" VPOS="931" HPOS="234"/>
							<String ID="string_196" HPOS="255" VPOS="930" WIDTH="119" HEIGHT="21" WC="0.96" CONTENT="metalliska"/><SP WIDTH="22" VPOS="930" HPOS="374"/>
							<String ID="string_197" HPOS="396" VPOS="929" WIDTH="76" HEIGHT="20" WC="0.96" CONTENT="kassan"/><SP WIDTH="23" VPOS="929" HPOS="472"/>
							<String ID="string_198" HPOS="495" VPOS="929" WIDTH="96" HEIGHT="20" WC="0.95" CONTENT="hitintills"/><SP WIDTH="16" VPOS="929" HPOS="591"/>
							<String ID="string_199" HPOS="607" VPOS="929" WIDTH="47" HEIGHT="20" WC="0.96" CONTENT="icke"/><SP WIDTH="16" VPOS="929" HPOS="654"/>
							<String ID="string_200" HPOS="670" VPOS="930" WIDTH="53" HEIGHT="19" WC="0.96" CONTENT="visat"/><SP WIDTH="15" VPOS="930" HPOS="723"/>
							<String ID="string_201" HPOS="738" VPOS="930" WIDTH="32" HEIGHT="26" WC="0.96" CONTENT="sig"/><SP WIDTH="17" VPOS="930" HPOS="770"/>
							<String ID="string_202" HPOS="787" VPOS="937" WIDTH="48" HEIGHT="12" WC="0.96" CONTENT="vara"/><SP WIDTH="16" VPOS="937" HPOS="835"/>
							<String ID="string_203" HPOS="851" VPOS="931" WIDTH="23" HEIGHT="19" WC="0.91" CONTENT="af"/><SP WIDTH="14" VPOS="931" HPOS="874"/>
							<String ID="string_204" HPOS="888" VPOS="931" WIDTH="70" HEIGHT="20" WC="0.91" CONTENT="behof-"/>
						</TextLine>
						<TextLine ID="line_24" HPOS="211" VPOS="964" WIDTH="748" HEIGHT="27">
							<String ID="string_205" HPOS="211" VPOS="967" WIDTH="36" HEIGHT="18" WC="0.96" CONTENT="vet"/><SP WIDTH="14" VPOS="967" HPOS="247"/>
							<String ID="string_206" HPOS="261" VPOS="965" WIDTH="106" HEIGHT="26" WC="0.95" CONTENT="påkallad."/><SP WIDTH="31" VPOS="965" HPOS="367"/>
							<String ID="string_207" HPOS="398" VPOS="964" WIDTH="31" HEIGHT="26" WC="0.93" CONTENT="Ty"/><SP WIDTH="16" VPOS="964" HPOS="429"/>
							<String ID="string_208" HPOS="445" VPOS="964" WIDTH="101" HEIGHT="20" WC="0.92" CONTENT="ehuruväl"/><SP WIDTH="15" VPOS="964" HPOS="546"/>
							<String ID="string_209" HPOS="561" VPOS="964" WIDTH="91" HEIGHT="20" WC="0.93" CONTENT="alltifrån"/><SP WIDTH="17" VPOS="964" HPOS="652"/>
							<String ID="string_210" HPOS="669" VPOS="964" WIDTH="157" HEIGHT="26" WC="0.91" CONTENT="upphäfvandet"/><SP WIDTH="15" VPOS="964" HPOS="826"/>
							<String ID="string_211" HPOS="841" VPOS="965" WIDTH="22" HEIGHT="18" WC="0.93" CONTENT="af"/><SP WIDTH="13" VPOS="965" HPOS="863"/>
							<String ID="string_212" HPOS="876" VPOS="965" WIDTH="83" HEIGHT="26" WC="0.92" CONTENT="tvångs-"/>
						</TextLine>
						<TextLine ID="line_25" HPOS="211" VPOS="998" WIDTH="747" HEIGHT="26">
							<String ID="string_213" HPOS="211" VPOS="999" WIDTH="79" HEIGHT="20" WC="0.93" CONTENT="kursen"/><SP WIDTH="16" VPOS="999" HPOS="290"/>
							<String ID="string_214" HPOS="306" VPOS="999" WIDTH="13" HEIGHT="19" WC="0.84" CONTENT="&amp;"/><SP WIDTH="15" VPOS="999" HPOS="319"/>
							<String ID="string_215" HPOS="334" VPOS="998" WIDTH="95" HEIGHT="21" WC="0.96" CONTENT="bankens"/><SP WIDTH="22" VPOS="998" HPOS="429"/>
							<String ID="string_216" HPOS="451" VPOS="998" WIDTH="70" HEIGHT="19" WC="0.95" CONTENT="sedlar"/><SP WIDTH="22" VPOS="998" HPOS="521"/>
							<String ID="string_217" HPOS="543" VPOS="998" WIDTH="39" HEIGHT="19" WC="0.96" CONTENT="och"/><SP WIDTH="21" VPOS="998" HPOS="582"/>
							<String ID="string_218" HPOS="603" VPOS="998" WIDTH="61" HEIGHT="19" WC="0.95" CONTENT="äfven"/><SP WIDTH="17" VPOS="998" HPOS="664"/>
							<String ID="string_219" HPOS="681" VPOS="998" WIDTH="67" HEIGHT="19" WC="0.96" CONTENT="under"/><SP WIDTH="15" VPOS="998" HPOS="748"/>
							<String ID="string_220" HPOS="763" VPOS="998" WIDTH="40" HEIGHT="19" WC="0.97" CONTENT="den"/><SP WIDTH="16" VPOS="998" HPOS="803"/>
							<String ID="string_221" HPOS="819" VPOS="999" WIDTH="37" HEIGHT="25" WC="0.96" CONTENT="tid,"/><SP WIDTH="16" VPOS="999" HPOS="856"/>
							<String ID="string_222" HPOS="872" VPOS="999" WIDTH="27" HEIGHT="19" WC="0.93" CONTENT="dä"/><SP WIDTH="15" VPOS="999" HPOS="899"/>
							<String ID="string_223" HPOS="914" VPOS="999" WIDTH="44" HEIGHT="20" WC="0.92" CONTENT="sed-"/>
						</TextLine>
						<TextLine ID="line_26" HPOS="210" VPOS="1031" WIDTH="749" HEIGHT="28">
							<String ID="string_224" HPOS="210" VPOS="1033" WIDTH="32" HEIGHT="20" WC="0.93" CONTENT="lar"/><SP WIDTH="16" VPOS="1033" HPOS="242"/>
							<String ID="string_225" HPOS="258" VPOS="1033" WIDTH="12" HEIGHT="19" WC="0.91" CONTENT="å"/><SP WIDTH="16" VPOS="1033" HPOS="270"/>
							<String ID="string_226" HPOS="286" VPOS="1032" WIDTH="152" HEIGHT="26" WC="0.92" CONTENT="myntenheten"/><SP WIDTH="22" VPOS="1032" HPOS="438"/>
							<String ID="string_227" HPOS="460" VPOS="1032" WIDTH="23" HEIGHT="19" WC="0.96" CONTENT="af"/><SP WIDTH="22" VPOS="1032" HPOS="483"/>
							<String ID="string_228" HPOS="505" VPOS="1031" WIDTH="82" HEIGHT="20" WC="0.93" CONTENT="banken"/><SP WIDTH="21" VPOS="1031" HPOS="587"/>
							<String ID="string_229" HPOS="608" VPOS="1031" WIDTH="102" HEIGHT="27" WC="0.90" CONTENT="utgåfvos,"/><SP WIDTH="16" VPOS="1031" HPOS="710"/>
							<String ID="string_230" HPOS="726" VPOS="1038" WIDTH="26" HEIGHT="13" WC="0.92" CONTENT="en"/><SP WIDTH="16" VPOS="1038" HPOS="752"/>
							<String ID="string_231" HPOS="768" VPOS="1033" WIDTH="126" HEIGHT="26" WC="0.92" CONTENT="oupphörlig"/><SP WIDTH="15" VPOS="1033" HPOS="894"/>
							<String ID="string_232" HPOS="909" VPOS="1034" WIDTH="50" HEIGHT="19" WC="0.92" CONTENT="drän"/>
						</TextLine>
						<TextLine ID="line_27" HPOS="211" VPOS="1065" WIDTH="749" HEIGHT="28">
							<String ID="string_233" HPOS="211" VPOS="1067" WIDTH="23" HEIGHT="20" WC="0.92" CONTENT="af"/><SP WIDTH="21" VPOS="1067" HPOS="234"/>
							<String ID="string_234" HPOS="255" VPOS="1066" WIDTH="115" HEIGHT="26" WC="0.89" CONTENT="fullhaltigt"/><SP WIDTH="22" VPOS="1066" HPOS="370"/>
							<String ID="string_235" HPOS="392" VPOS="1065" WIDTH="81" HEIGHT="20" WC="0.91" CONTENT="silfver-"/><SP WIDTH="20" VPOS="1065" HPOS="473"/>
							<String ID="string_236" HPOS="493" VPOS="1067" WIDTH="54" HEIGHT="18" WC="0.92" CONTENT="samt"/><SP WIDTH="15" VPOS="1067" HPOS="547"/>
							<String ID="string_237" HPOS="562" VPOS="1065" WIDTH="122" HEIGHT="26" WC="0.90" CONTENT="skiljemynt"/><SP WIDTH="15" VPOS="1065" HPOS="684"/>
							<String ID="string_238" HPOS="699" VPOS="1072" WIDTH="78" HEIGHT="20" WC="0.96" CONTENT="genom"/><SP WIDTH="17" VPOS="1072" HPOS="777"/>
							<String ID="string_239" HPOS="794" VPOS="1066" WIDTH="83" HEIGHT="21" WC="0.96" CONTENT="banken"/><SP WIDTH="17" VPOS="1066" HPOS="877"/>
							<String ID="string_240" HPOS="894" VPOS="1067" WIDTH="66" HEIGHT="26" WC="0.96" CONTENT="utgått"/>
						</TextLine>
						<TextLine ID="line_28" HPOS="211" VPOS="1099" WIDTH="747" HEIGHT="28">
							<String ID="string_241" HPOS="211" VPOS="1101" WIDTH="6" HEIGHT="19" WC="0.96" CONTENT="i"/><SP WIDTH="23" VPOS="1101" HPOS="217"/>
							<String ID="string_242" HPOS="240" VPOS="1101" WIDTH="108" HEIGHT="19" WC="0.96" CONTENT="allmänna"/><SP WIDTH="24" VPOS="1101" HPOS="348"/>
							<String ID="string_243" HPOS="372" VPOS="1099" WIDTH="93" HEIGHT="20" WC="0.96" CONTENT="rörelsen"/><SP WIDTH="19" VPOS="1099" HPOS="465"/>
							<String ID="string_244" HPOS="484" VPOS="1099" WIDTH="46" HEIGHT="26" WC="0.96" CONTENT="och,"/><SP WIDTH="20" VPOS="1099" HPOS="530"/>
							<String ID="string_245" HPOS="550" VPOS="1099" WIDTH="67" HEIGHT="20" WC="0.96" CONTENT="såsom"/><SP WIDTH="18" VPOS="1099" HPOS="617"/>
							<String ID="string_246" HPOS="635" VPOS="1099" WIDTH="51" HEIGHT="20" WC="0.96" CONTENT="Tab."/><SP WIDTH="15" VPOS="1099" HPOS="686"/>
							<String ID="string_247" HPOS="701" VPOS="1099" WIDTH="50" HEIGHT="20" WC="0.95" CONTENT="XVI"/><SP WIDTH="16" VPOS="1099" HPOS="751"/>
							<String ID="string_248" HPOS="767" VPOS="1100" WIDTH="84" HEIGHT="26" WC="0.96" CONTENT="utvisar,"/><SP WIDTH="15" VPOS="1100" HPOS="851"/>
							<String ID="string_249" HPOS="866" VPOS="1101" WIDTH="7" HEIGHT="19" WC="0.96" CONTENT="i"/><SP WIDTH="17" VPOS="1101" HPOS="873"/>
							<String ID="string_250" HPOS="890" VPOS="1101" WIDTH="68" HEIGHT="26" WC="0.96" CONTENT="någon"/>
						</TextLine>
						<TextLine ID="line_29" HPOS="213" VPOS="1133" WIDTH="745" HEIGHT="28">
							<String ID="string_251" HPOS="213" VPOS="1135" WIDTH="47" HEIGHT="20" WC="0.92" CONTENT="män"/><SP WIDTH="24" VPOS="1135" HPOS="260"/>
							<String ID="string_252" HPOS="284" VPOS="1134" WIDTH="87" HEIGHT="26" WC="0.92" CONTENT="tilltagit"/><SP WIDTH="22" VPOS="1134" HPOS="371"/>
							<String ID="string_253" HPOS="393" VPOS="1133" WIDTH="53" HEIGHT="20" WC="0.96" CONTENT="efter"/><SP WIDTH="23" VPOS="1133" HPOS="446"/>
							<String ID="string_254" HPOS="469" VPOS="1133" WIDTH="42" HEIGHT="25" WC="0.96" CONTENT="det,"/><SP WIDTH="15" VPOS="1133" HPOS="511"/>
							<String ID="string_255" HPOS="526" VPOS="1133" WIDTH="7" HEIGHT="19" WC="0.96" CONTENT="i"/><SP WIDTH="15" VPOS="1133" HPOS="533"/>
							<String ID="string_256" HPOS="548" VPOS="1133" WIDTH="51" HEIGHT="26" WC="0.96" CONTENT="följd"/><SP WIDTH="24" VPOS="1133" HPOS="599"/>
							<String ID="string_257" HPOS="623" VPOS="1133" WIDTH="22" HEIGHT="20" WC="0.93" CONTENT="af"/><SP WIDTH="13" VPOS="1133" HPOS="645"/>
							<String ID="string_258" HPOS="658" VPOS="1133" WIDTH="84" HEIGHT="26" WC="0.92" CONTENT="Nädiga"/><SP WIDTH="15" VPOS="1133" HPOS="742"/>
							<String ID="string_259" HPOS="757" VPOS="1134" WIDTH="144" HEIGHT="27" WC="0.92" CONTENT="Kungörelsen"/><SP WIDTH="17" VPOS="1134" HPOS="901"/>
							<String ID="string_260" HPOS="918" VPOS="1135" WIDTH="40" HEIGHT="20" WC="0.96" CONTENT="den"/>
						</TextLine>
						<TextLine ID="line_30" HPOS="214" VPOS="1167" WIDTH="746" HEIGHT="28">
							<String ID="string_261" HPOS="214" VPOS="1169" WIDTH="24" HEIGHT="19" WC="0.95" CONTENT="18"/><SP WIDTH="24" VPOS="1169" HPOS="238"/>
							<String ID="string_262" HPOS="262" VPOS="1168" WIDTH="86" HEIGHT="20" WC="0.96" CONTENT="Januari"/><SP WIDTH="25" VPOS="1168" HPOS="348"/>
							<String ID="string_263" HPOS="373" VPOS="1167" WIDTH="60" HEIGHT="24" WC="0.93" CONTENT="1870,"/><SP WIDTH="23" VPOS="1167" HPOS="433"/>
							<String ID="string_264" HPOS="456" VPOS="1167" WIDTH="133" HEIGHT="26" WC="0.92" CONTENT="utgifvandet"/><SP WIDTH="22" VPOS="1167" HPOS="589"/>
							<String ID="string_265" HPOS="611" VPOS="1167" WIDTH="24" HEIGHT="19" WC="0.93" CONTENT="af"/><SP WIDTH="17" VPOS="1167" HPOS="635"/>
							<String ID="string_266" HPOS="652" VPOS="1167" WIDTH="73" HEIGHT="26" WC="0.92" CONTENT="dylika"/><SP WIDTH="15" VPOS="1167" HPOS="725"/>
							<String ID="string_267" HPOS="740" VPOS="1167" WIDTH="69" HEIGHT="20" WC="0.92" CONTENT="sedlar"/><SP WIDTH="16" VPOS="1167" HPOS="809"/>
							<String ID="string_268" HPOS="825" VPOS="1169" WIDTH="95" HEIGHT="26" WC="0.96" CONTENT="upphört,"/><SP WIDTH="17" VPOS="1169" HPOS="920"/>
							<String ID="string_269" HPOS="937" VPOS="1169" WIDTH="23" HEIGHT="20" WC="0.96" CONTENT="sä"/>
						</TextLine>
						<TextLine ID="line_31" HPOS="211" VPOS="1200" WIDTH="749" HEIGHT="28">
							<String ID="string_270" HPOS="211" VPOS="1203" WIDTH="39" HEIGHT="19" WC="0.93" CONTENT="har"/><SP WIDTH="23" VPOS="1203" HPOS="250"/>
							<String ID="string_271" HPOS="273" VPOS="1202" WIDTH="123" HEIGHT="20" WC="0.91" CONTENT="densamma"/><SP WIDTH="21" VPOS="1202" HPOS="396"/>
							<String ID="string_272" HPOS="417" VPOS="1200" WIDTH="65" HEIGHT="20" WC="0.91" CONTENT="likväl"/><SP WIDTH="23" VPOS="1200" HPOS="482"/>
							<String ID="string_273" HPOS="505" VPOS="1200" WIDTH="48" HEIGHT="20" WC="0.92" CONTENT="icke"/><SP WIDTH="16" VPOS="1200" HPOS="553"/>
							<String ID="string_274" HPOS="569" VPOS="1201" WIDTH="54" HEIGHT="19" WC="0.97" CONTENT="varit"/><SP WIDTH="14" VPOS="1201" HPOS="623"/>
							<String ID="string_275" HPOS="637" VPOS="1201" WIDTH="23" HEIGHT="19" WC="0.97" CONTENT="af"/><SP WIDTH="13" VPOS="1201" HPOS="660"/>
							<String ID="string_276" HPOS="673" VPOS="1203" WIDTH="65" HEIGHT="18" WC="0.96" CONTENT="större"/><SP WIDTH="19" VPOS="1203" HPOS="738"/>
							<String ID="string_277" HPOS="757" VPOS="1201" WIDTH="115" HEIGHT="27" WC="0.96" CONTENT="betydelse,"/><SP WIDTH="16" VPOS="1201" HPOS="872"/>
							<String ID="string_278" HPOS="888" VPOS="1205" WIDTH="25" HEIGHT="17" WC="0.96" CONTENT="än"/><SP WIDTH="17" VPOS="1205" HPOS="913"/>
							<String ID="string_279" HPOS="930" VPOS="1205" WIDTH="30" HEIGHT="18" WC="0.96" CONTENT="att"/>
						</TextLine>
						<TextLine ID="line_32" HPOS="212" VPOS="1235" WIDTH="746" HEIGHT="27">
							<String ID="string_280" HPOS="212" VPOS="1237" WIDTH="40" HEIGHT="19" WC="0.92" CONTENT="den"/><SP WIDTH="25" VPOS="1237" HPOS="252"/>
							<String ID="string_281" HPOS="277" VPOS="1236" WIDTH="46" HEIGHT="19" WC="0.90" CONTENT="fullt"/><SP WIDTH="19" VPOS="1236" HPOS="323"/>
							<String ID="string_282" HPOS="342" VPOS="1237" WIDTH="74" HEIGHT="18" WC="0.91" CONTENT="ersatts"/><SP WIDTH="15" VPOS="1237" HPOS="416"/>
							<String ID="string_283" HPOS="431" VPOS="1241" WIDTH="76" HEIGHT="20" WC="0.96" CONTENT="genom"/><SP WIDTH="16" VPOS="1241" HPOS="507"/>
							<String ID="string_284" HPOS="523" VPOS="1235" WIDTH="36" HEIGHT="19" WC="0.96" CONTENT="det"/><SP WIDTH="15" VPOS="1235" HPOS="559"/>
							<String ID="string_285" HPOS="574" VPOS="1235" WIDTH="65" HEIGHT="26" WC="0.96" CONTENT="ryska"/><SP WIDTH="14" VPOS="1235" HPOS="639"/>
							<String ID="string_286" HPOS="653" VPOS="1235" WIDTH="39" HEIGHT="19" WC="0.96" CONTENT="och"/><SP WIDTH="16" VPOS="1235" HPOS="692"/>
							<String ID="string_287" HPOS="708" VPOS="1235" WIDTH="112" HEIGHT="20" WC="0.93" CONTENT="utländska"/><SP WIDTH="15" VPOS="1235" HPOS="820"/>
							<String ID="string_288" HPOS="835" VPOS="1239" WIDTH="64" HEIGHT="23" WC="0.89" CONTENT="mynt,"/><SP WIDTH="17" VPOS="1239" HPOS="899"/>
							<String ID="string_289" HPOS="916" VPOS="1243" WIDTH="42" HEIGHT="14" WC="0.96" CONTENT="som"/>
						</TextLine>
						<TextLine ID="line_33" HPOS="211" VPOS="1269" WIDTH="748" HEIGHT="24">
							<String ID="string_290" HPOS="211" VPOS="1270" WIDTH="23" HEIGHT="20" WC="0.93" CONTENT="af"/><SP WIDTH="22" VPOS="1270" HPOS="234"/>
							<String ID="string_291" HPOS="256" VPOS="1269" WIDTH="84" HEIGHT="20" WC="0.96" CONTENT="banken"/><SP WIDTH="23" VPOS="1269" HPOS="340"/>
							<String ID="string_292" HPOS="363" VPOS="1269" WIDTH="67" HEIGHT="20" WC="0.96" CONTENT="under"/><SP WIDTH="21" VPOS="1269" HPOS="430"/>
							<String ID="string_293" HPOS="451" VPOS="1275" WIDTH="80" HEIGHT="13" WC="0.96" CONTENT="samma"/><SP WIDTH="23" VPOS="1275" HPOS="531"/>
							<String ID="string_294" HPOS="554" VPOS="1269" WIDTH="28" HEIGHT="19" WC="0.93" CONTENT="tid"/><SP WIDTH="20" VPOS="1269" HPOS="582"/>
							<String ID="string_295" HPOS="602" VPOS="1269" WIDTH="115" HEIGHT="24" WC="0.91" CONTENT="invexlats;"/><SP WIDTH="16" VPOS="1269" HPOS="717"/>
							<String ID="string_296" HPOS="733" VPOS="1269" WIDTH="81" HEIGHT="20" WC="0.96" CONTENT="hvilket"/><SP WIDTH="15" VPOS="1269" HPOS="814"/>
							<String ID="string_297" HPOS="829" VPOS="1269" WIDTH="130" HEIGHT="22" WC="0.96" CONTENT="förhållande"/>
						</TextLine>
						<TextLine ID="line_34" HPOS="213" VPOS="1303" WIDTH="746" HEIGHT="22">
							<String ID="string_298" HPOS="213" VPOS="1304" WIDTH="107" HEIGHT="20" WC="0.92" CONTENT="bekräftas"/><SP WIDTH="23" VPOS="1304" HPOS="320"/>
							<String ID="string_299" HPOS="343" VPOS="1303" WIDTH="61" HEIGHT="20" WC="0.92" CONTENT="deraf"/><SP WIDTH="20" VPOS="1303" HPOS="404"/>
							<String ID="string_300" HPOS="424" VPOS="1305" WIDTH="30" HEIGHT="17" WC="0.93" CONTENT="att"/><SP WIDTH="19" VPOS="1305" HPOS="454"/>
							<String ID="string_301" HPOS="473" VPOS="1303" WIDTH="119" HEIGHT="19" WC="0.92" CONTENT="metalliska"/><SP WIDTH="16" VPOS="1303" HPOS="592"/>
							<String ID="string_302" HPOS="608" VPOS="1303" WIDTH="74" HEIGHT="19" WC="0.93" CONTENT="kassan"/><SP WIDTH="16" VPOS="1303" HPOS="682"/>
							<String ID="string_303" HPOS="698" VPOS="1303" WIDTH="91" HEIGHT="20" WC="0.92" CONTENT="effektift"/><SP WIDTH="15" VPOS="1303" HPOS="789"/>
							<String ID="string_304" HPOS="804" VPOS="1303" WIDTH="93" HEIGHT="21" WC="0.93" CONTENT="förökats"/><SP WIDTH="16" VPOS="1303" HPOS="897"/>
							<String ID="string_305" HPOS="913" VPOS="1305" WIDTH="46" HEIGHT="20" WC="0.96" CONTENT="med"/>
						</TextLine>
						<TextLine ID="line_35" HPOS="213" VPOS="1337" WIDTH="747" HEIGHT="28">
							<String ID="string_306" HPOS="213" VPOS="1338" WIDTH="49" HEIGHT="20" WC="0.95" CONTENT="hela"/><SP WIDTH="17" VPOS="1338" HPOS="262"/>
							<String ID="string_307" HPOS="279" VPOS="1338" WIDTH="99" HEIGHT="25" WC="0.95" CONTENT="beloppet"/><SP WIDTH="14" VPOS="1338" HPOS="378"/>
							<String ID="string_308" HPOS="392" VPOS="1337" WIDTH="23" HEIGHT="20" WC="0.96" CONTENT="af"/><SP WIDTH="14" VPOS="1337" HPOS="415"/>
							<String ID="string_309" HPOS="429" VPOS="1337" WIDTH="40" HEIGHT="20" WC="0.96" CONTENT="den"/><SP WIDTH="16" VPOS="1337" HPOS="469"/>
							<String ID="string_310" HPOS="485" VPOS="1337" WIDTH="78" HEIGHT="25" WC="0.96" CONTENT="metall,"/><SP WIDTH="16" VPOS="1337" HPOS="563"/>
							<String ID="string_311" HPOS="579" VPOS="1343" WIDTH="44" HEIGHT="14" WC="0.96" CONTENT="som"/><SP WIDTH="16" VPOS="1343" HPOS="623"/>
							<String ID="string_312" HPOS="639" VPOS="1343" WIDTH="75" HEIGHT="20" WC="0.93" CONTENT="genom"/><SP WIDTH="17" VPOS="1343" HPOS="714"/>
							<String ID="string_313" HPOS="731" VPOS="1337" WIDTH="121" HEIGHT="20" WC="0.91" CONTENT="förberörde"/><SP WIDTH="11" VPOS="1337" HPOS="852"/>
							<String ID="string_314" HPOS="863" VPOS="1338" WIDTH="97" HEIGHT="27" WC="0.93" CONTENT="ätgärder"/>
						</TextLine>
						<TextLine ID="line_36" HPOS="211" VPOS="1370" WIDTH="749" HEIGHT="28">
							<String ID="string_315" HPOS="211" VPOS="1371" WIDTH="31" HEIGHT="20" WC="0.93" CONTENT="till"/><SP WIDTH="18" VPOS="1371" HPOS="242"/>
							<String ID="string_316" HPOS="260" VPOS="1371" WIDTH="83" HEIGHT="20" WC="0.92" CONTENT="banken"/><SP WIDTH="16" VPOS="1371" HPOS="343"/>
							<String ID="string_317" HPOS="359" VPOS="1370" WIDTH="109" HEIGHT="27" WC="0.92" CONTENT="indragits."/><SP WIDTH="16" VPOS="1370" HPOS="468"/>
							<String ID="string_318" HPOS="484" VPOS="1371" WIDTH="101" HEIGHT="19" WC="0.91" CONTENT="Deremot"/><SP WIDTH="15" VPOS="1371" HPOS="585"/>
							<String ID="string_319" HPOS="600" VPOS="1371" WIDTH="57" HEIGHT="20" WC="0.96" CONTENT="torde"/><SP WIDTH="17" VPOS="1371" HPOS="657"/>
							<String ID="string_320" HPOS="674" VPOS="1377" WIDTH="25" HEIGHT="13" WC="0.93" CONTENT="en"/><SP WIDTH="17" VPOS="1377" HPOS="699"/>
							<String ID="string_321" HPOS="716" VPOS="1371" WIDTH="94" HEIGHT="20" WC="0.93" CONTENT="starkare"/><SP WIDTH="12" VPOS="1371" HPOS="810"/>
							<String ID="string_322" HPOS="822" VPOS="1372" WIDTH="138" HEIGHT="26" WC="0.91" CONTENT="utströmning"/>
						</TextLine>
						<TextLine ID="line_37" HPOS="211" VPOS="1404" WIDTH="749" HEIGHT="26">
							<String ID="string_323" HPOS="211" VPOS="1405" WIDTH="23" HEIGHT="20" WC="0.90" CONTENT="af"/><SP WIDTH="22" VPOS="1405" HPOS="234"/>
							<String ID="string_324" HPOS="256" VPOS="1405" WIDTH="72" HEIGHT="19" WC="0.84" CONTENT="silfver"/><SP WIDTH="22" VPOS="1405" HPOS="328"/>
							<String ID="string_325" HPOS="350" VPOS="1404" WIDTH="32" HEIGHT="19" WC="0.92" CONTENT="för"/><SP WIDTH="23" VPOS="1404" HPOS="382"/>
							<String ID="string_326" HPOS="405" VPOS="1404" WIDTH="148" HEIGHT="26" WC="0.92" CONTENT="ifrägakomna"/><SP WIDTH="20" VPOS="1404" HPOS="553"/>
							<String ID="string_327" HPOS="573" VPOS="1404" WIDTH="66" HEIGHT="21" WC="0.92" CONTENT="behof"/><SP WIDTH="13" VPOS="1404" HPOS="639"/>
							<String ID="string_328" HPOS="652" VPOS="1405" WIDTH="47" HEIGHT="19" WC="0.93" CONTENT="med"/><SP WIDTH="17" VPOS="1405" HPOS="699"/>
							<String ID="string_329" HPOS="716" VPOS="1404" WIDTH="99" HEIGHT="20" WC="0.96" CONTENT="säkerhet"/><SP WIDTH="15" VPOS="1404" HPOS="815"/>
							<String ID="string_330" HPOS="830" VPOS="1405" WIDTH="85" HEIGHT="20" WC="0.96" CONTENT="komma"/><SP WIDTH="15" VPOS="1405" HPOS="915"/>
							<String ID="string_331" HPOS="930" VPOS="1408" WIDTH="30" HEIGHT="17" WC="0.96" CONTENT="att"/>
						</TextLine>
						<TextLine ID="line_38" HPOS="212" VPOS="1438" WIDTH="748" HEIGHT="27">
							<String ID="string_332" HPOS="212" VPOS="1439" WIDTH="91" HEIGHT="25" WC="0.91" CONTENT="inträffa,"/><SP WIDTH="22" VPOS="1439" HPOS="303"/>
							<String ID="string_333" HPOS="325" VPOS="1438" WIDTH="44" HEIGHT="19" WC="0.90" CONTENT="ifall"/><SP WIDTH="24" VPOS="1438" HPOS="369"/>
							<String ID="string_334" HPOS="393" VPOS="1438" WIDTH="35" HEIGHT="19" WC="0.93" CONTENT="det"/><SP WIDTH="23" VPOS="1438" HPOS="428"/>
							<String ID="string_335" HPOS="451" VPOS="1438" WIDTH="116" HEIGHT="27" WC="0.92" CONTENT="stadgande"/><SP WIDTH="16" VPOS="1438" HPOS="567"/>
							<String ID="string_336" HPOS="583" VPOS="1439" WIDTH="89" HEIGHT="19" WC="0.91" CONTENT="rörande"/><SP WIDTH="16" VPOS="1439" HPOS="672"/>
							<String ID="string_337" HPOS="688" VPOS="1439" WIDTH="175" HEIGHT="26" WC="0.92" CONTENT="sedelvalörerne,"/><SP WIDTH="17" VPOS="1439" HPOS="863"/>
							<String ID="string_338" HPOS="880" VPOS="1439" WIDTH="80" HEIGHT="20" WC="0.93" CONTENT="hvilket"/>
						</TextLine>
					</TextBlock>
				</ComposedBlock>
			</PrintSpace>
		</Page>
	</Layout>
</alto>
