1078 1692
126 198 89 17 Finlands
233 197 88 18 Ständers
339 196 130 24 underdåniga
484 197 103 22 skrifvelse,
599 198 6 16 i
618 197 101 23 anledning
731 198 21 16 af

195 226 31 17 det
237 227 43 16 utaf
290 226 112 17 Ständernas
415 225 172 23 Bankfullmäktige
600 226 105 22 uppgjorda
712 226 38 17 för-

195 255 41 23 slag
248 255 30 17 till
291 254 121 23 Reglemente
425 254 29 17 för
466 254 89 17 Finlands
567 255 64 17 Bank.
656 268 4 4 .
685 268 3 3 .
713 260 42 17 pag.

127 283 66 23 Bilaga
205 283 30 17 till
248 283 155 17 Bankutskottets
415 283 118 17 betänkande
541 284 7 15 i
556 283 102 23 anledning
664 283 21 17 af
689 283 60 17 Bank-

195 312 129 22 fullmäktiges
346 311 70 23 förslag
433 311 30 17 till
481 312 121 22 Reglemente
617 312 29 17 för
661 311 97 21 Finlands,

192 336 30 31 6:
222 340 534 23 NR
540 336 43 31 e
613 336 26 31 0
654 336 42 31 Ne
713 336 48 31 DOG

315 368 164 24 (Bankutskottets
491 369 118 17 betänkande
621 368 33 18 N:o
667 368 25 23 5.)

126 398 90 16 Finlands
235 397 88 18 Ständers
341 396 130 24 underdäniga
483 397 97 17 skrifvelse
594 398 28 16 till
638 397 50 17 Hans
707 398 42 22 Kej-

196 426 69 22 serliga
282 426 89 22 Majestät,
389 425 96 23 angäende
504 426 111 17 förändrade
635 426 115 22 stadganden

195 454 80 18 rörande
288 454 88 17 Finlands
389 454 62 17 Banks
464 454 194 23 sedelutgifningsrätt
684 468 5 4 .
713 460 41 17 pag.

128 483 154 17 Bankutskottets
295 482 118 18 betänkande
425 483 5 16 i
443 483 102 23 anledning
558 484 20 16 af
589 485 105 20 emottagen
703 482 47 18 äter-

197 513 65 16 remiss
275 512 21 17 af
306 512 10 16 4
328 512 10 20 $
350 512 6 16 i
369 511 90 23 förslaget
475 512 30 16 till
523 512 120 22 Reglemente
660 512 30 16 för
708 511 42 17 Fin-

196 540 53 18 lands
262 540 53 17 Bank
346 553 3 3 .
374 553 3 3 .
401 553 5 5 .
433 554 2 2 .
714 545 42 17 pag.

308 553 164 37 (Bankutskottets
483 553 122 33 betänkande
613 553 22 33 N:
637 574 10 12 o
658 553 31 38 9)

128 598 89 17 Finlands
236 597 87 17 Ständers
341 596 130 24 underdäniga
488 597 98 17 skrifvelse
603 598 29 16 till
645 597 50 17 Hans
708 598 42 22 Kej-

197 626 69 23 serliga
277 626 91 22 Majestät,
381 625 96 23 angäende
493 626 120 22 upphörande
626 626 20 17 af
656 626 94 17 Direktio-

197 660 46 12 nens
262 655 29 17 för
308 654 89 17 Finlands
414 654 52 17 Bank
478 654 106 23 befattning
596 654 43 18 med
650 656 54 16 stats-
716 655 35 17 och

197 683 148 18 militieverkens
358 683 66 17 fonder
459 696 5 4 =.
488 696 5 5 .
601 696 33 5 <.
686 697 5 4 0.
714 689 42 17 Pag.

129 712 156 17 Bankutskottets
297 711 117 18 betänkande
427 711 51 18 N:o8
490 712 6 16 i
509 696 102 38 anledning
620 712 21 16 af
649 712 55 17 väckt
714 711 36 17 frå-

197 746 25 17 ga
234 746 30 12 om
276 740 81 22 ändring
369 740 21 17 af
399 745 55 12 mom.
467 740 27 20 m)
507 740 21 17 af
537 739 72 24 Nådiga
619 740 132 23 kungörelsen,

197 768 96 24 angående
305 768 36 18 den
353 769 21 16 af
384 768 89 17 Finlands
485 768 79 18 Ständer
576 770 81 21 antagna
668 769 83 17 instruk-

197 798 40 16 tion
250 798 29 16 för
295 796 112 18 Ständernas
422 797 179 23 Bankfullmäktige,
613 798 65 22 gifven
690 798 6 16 i
708 797 42 17 Hel-

197 826 82 23 singfors
292 826 36 17 den
340 826 11 17 9
363 826 102 17 December
477 826 44 17 1867
545 839 4 3 .
573 840 3 3 .
601 840 5 4 .
630 840 4 4 .
659 840 3 2 .
686 840 4 4 .
715 832 41 17 pag.

129 855 89 17 Finlands
231 855 87 16 Ständers
331 854 128 23 underdäniga
471 855 98 17 skrifvelse
602 868 3 3 .
630 868 5 4 .
658 868 4 5 .
686 868 4 5 .
715 860 41 17 pag.

129 883 90 17 Finlands
231 883 88 17 Ständers
331 882 129 23 underdäniga
475 883 86 17 anmälan
573 883 29 17 till
615 883 51 18 Hans
678 883 72 22 Kejser-

198 911 39 23 liga
248 911 90 23 Majestät,
351 916 29 12 om
394 911 30 17 val
436 912 21 16 af
467 911 215 23 Banktullmäktige
651 907 32 31 och
691 911 60 18 Bank-

197 940 93 17 revisorer
300 940 58 22 jemte
372 939 52 18 deras
436 940 120 22 suppleanter
577 953 1 5 .
602 953 3 4 .
631 953 4 4 .
658 953 5 5 .
687 953 4 5 .
715 945 42 18 Pag.

129 968 155 17 Bankutskottets
302 968 118 17 betänkande
437 968 34 17 N:o
485 968 9 16 7
511 969 6 16 i
535 968 103 23 anledning
656 969 20 16 af
692 968 60 17 Bank-

199 996 128 23 fullmäktiges
348 996 70 23 förslag
438 997 30 17 till
488 997 116 22 uppförande
625 997 20 17 af
663 999 26 15 ett
708 999 44 20 nytt

197 1025 87 18 bankhus
320 1038 5 5 .
349 1038 4 4 .
376 1038 5 4 .
433 1039 5 4 &
659 1039 5 4 <
689 1039 3 2 +
716 1031 42 17 Pag

130 1054 90 17 Finlands
233 1054 87 17 Ständers
333 1038 98 33 skrifvelse
444 1039 29 32 till
486 1039 173 38 Bankfullmäktige
668 1059 30 12 om
707 1059 45 18 upp-

199 1083 77 17 förande
288 1083 21 17 af
319 1084 27 16 ett
358 1083 85 17 bankhus
461 1096 4 5 .
491 1096 2 3 .
518 1096 5 5 .
546 1096 5 5 .
631 1095 61 6 0.0.
715 1088 42 17 Pag.

778 254 96 18 510—582,

779 340 33 17 583
836 340 38 18 585.

779 454 95 17 585—588.

779 540 97 18 589—601.

780 683 95 18 601—609.

780 826 96 18 610—612.

780 855 97 18 612—613.

780 939 49 18 614—
837 939 39 18 616.

781 1025 49 17 617—
838 1025 39 18 624.

781 1082 95 19 624—628.
