1078 1692
224 107 33 17 354

276 171 40 19 3:o.
332 170 114 27 fullhaltigt
461 170 60 26 ryskt
536 171 39 19 och
592 170 108 20 utländskt
715 171 142 27 silfvermynt:

277 206 39 19 4:0.
332 205 60 26 ryskt
408 205 38 20 och
463 204 108 21 utländskt
586 205 122 27 guldmynt;
724 208 52 17 samt

278 240 38 20 5:0.
333 239 110 26 omyntadt
459 239 72 20 silfver
546 239 40 20 och
602 239 56 27 guld.

277 272 99 21 Bankens
399 273 117 20 metalliska
539 273 63 20 kassa
621 273 53 19 skall
690 273 58 20 alltid
766 273 67 27 uppgä
849 273 31 20 till
896 273 62 20 minst

208 307 28 19 tio
254 307 98 26 miljoner
368 307 68 25 mark;
452 307 39 20 och
508 307 51 20 böra
574 307 89 25 således,
678 306 44 21 ifall
740 307 131 27 betydligare
884 307 72 19 invex-

208 341 70 27 lingar
300 341 22 19 af
343 341 98 20 Bankens
460 341 125 26 utelöpande
601 341 69 20 sedlar
686 344 36 17 äro
737 343 31 18 att
782 343 82 24 motses,
881 341 78 26 nödiga

209 375 99 27 ätgärder
323 375 7 19 i
346 375 29 19 tid
391 375 96 27 vidtagas
503 375 31 19 till
550 377 30 17 att
596 375 74 19 hindra
686 375 40 19 den
742 376 119 20 metalliska
872 375 86 20 kassans

210 408 126 27 nedgäende
352 409 66 20 under
432 410 91 19 nämnda
539 409 83 27 belopp.

279 443 41 19 För
335 443 73 20 sädant
424 443 98 20 ändamä!
538 446 23 17 är
577 444 80 20 landets
675 444 106 26 Regering
795 444 117 26 berättigad
923 446 36 23 att,

211 478 53 19 efter
287 478 98 26 pröfning
408 478 22 20 af
447 478 202 26 Bankfullmäktiges
670 478 153 26 framställning
839 478 79 26 derom,
933 478 27 26 pä

211 510 130 22 Ständernas
356 515 79 23 vägnar
450 514 112 25 garantera
577 512 79 20 utrikes
671 512 34 19 län
722 512 52 20 eller
789 512 69 20 kredit
868 512 24 20 af
900 512 60 26 högst

211 546 44 20 åtta
276 546 96 26 miljoner
392 546 68 20 finska
480 546 65 26 mark,
561 546 72 20 hvilka
648 546 70 20 medel
734 546 100 26 upplänas
850 546 31 20 för
896 546 64 20 Stats-

212 580 86 20 verkets
314 580 90 27 räkning
420 580 38 20 och
475 581 139 19 öfverlemnas
625 580 30 20 till
666 580 100 20 Bankens
777 580 129 26 förfogande,
918 583 43 17 mot

213 614 128 20 förbindelse
357 616 30 18 att
401 621 89 13 ansvara
505 616 32 18 för
552 614 183 27 äterbetalningen
751 614 56 20 inom
823 614 87 26 stadgad
925 614 36 19 tid.

567 680 10 22 s
593 678 19 18 8.
696 694 13 12 =

284 716 88 20 Banken
388 719 22 17 är
425 716 86 27 skyldig
526 719 37 23 att,
579 717 34 20 vid
625 716 120 26 anfordran,
756 719 74 24 genast
841 716 67 20 inlösa
918 716 44 19 sina

214 751 83 26 utgifna
312 750 76 27 sedlar,
404 751 65 26 enligt
485 751 60 20 deras
561 750 87 27 lydelse.

286 785 39 20 För
348 785 57 20 detta
427 784 96 21 ändamål
543 784 54 20 skall
618 784 86 20 Banken
721 785 57 19 alltid
796 784 113 20 innehafva
924 784 39 20 till-

216 818 91 27 räckligt
322 819 69 20 förråd
408 819 23 19 af
443 819 139 26 silfvermynt,
598 818 92 27 lydande
706 818 12 20 å
734 819 68 19 finska
817 819 65 25 mark,
898 818 22 20 så
935 820 29 18 att

216 853 80 20 afbrott
310 853 52 20 eller
378 852 98 27 uppehåll
491 853 7 19 i
514 853 107 20 sedlarnes
636 852 111 27 invexling
762 853 20 26 ej
799 852 33 20 må
847 852 89 20 inträffa.

571 917 10 22 S
597 915 19 20 9.

287 955 69 26 Sedel,
372 961 44 14 som
432 957 22 18 är
470 955 94 20 försliten
581 955 50 20 eller
647 954 87 27 skadad,
751 955 53 20 skall
820 955 100 26 antingen
935 954 30 19 in-

219 989 55 19 lösas
291 989 47 20 med
354 989 48 20 hela
418 989 46 20 dess
480 989 77 26 belopp
573 989 53 20 eller
641 989 88 20 alldeles
745 989 101 20 kasseras.

289 1022 69 26 Sedel,
381 1029 44 14 som
448 1026 23 17 är
494 1023 88 26 styckad
603 1023 51 20 eller
672 1023 92 26 söndrig,
782 1025 101 24 mottages
898 1022 48 20 icke
962 1022 5 19 i

220 1056 96 27 Banken,
340 1063 33 14 om
397 1057 47 20 icke
468 1057 25 20 de
514 1057 89 26 stycken
620 1057 64 26 deraf,
700 1063 45 14 som
761 1057 110 25 inlemnas,
886 1059 36 17 äro
937 1056 30 19 in-

220 1092 55 18 satta
290 1091 56 19 inom
362 1091 81 26 omslag
458 1091 23 20 af
494 1098 90 19 papper:
601 1091 63 26 sedel,
681 1097 44 14 som
737 1094 22 17 är
770 1091 136 26 uppklistrad,
918 1092 50 17 mot-

221 1127 59 24 tages
296 1124 86 21 alldeles
398 1125 54 20 icke.

290 1159 41 20 För
346 1161 30 17 att
391 1159 86 26 söndrig
492 1159 57 20 sedel
565 1159 54 20 skall
635 1159 71 20 kunna
722 1161 49 18 utan
786 1159 90 27 omgäng
886 1159 84 25 inlösas,

221 1192 62 21 skola
298 1193 126 20 åtminstone
439 1194 101 26 antingen
556 1193 55 21 båda
627 1193 180 20 underskrifterna
817 1194 65 26 jemte
893 1193 78 20 endera

221 1233 111 14 nummern
355 1227 52 20 eller
430 1227 65 27 högra
514 1234 109 13 nummern
641 1228 67 26 jemte
727 1227 69 27 någon
812 1227 33 20 del
861 1227 23 20 af
898 1227 73 20 under-

222 1261 114 20 skrifterna
351 1261 103 20 inlemnas
470 1261 216 27 sammanhängande,
702 1262 107 19 hvarutom
821 1261 83 20 sedelns
915 1261 58 20 valör

222 1295 56 20 skall
294 1295 71 20 kunna
380 1295 147 26 tillförlitligen
543 1295 103 27 urskiljas.
669 1296 48 19 Men
734 1302 32 13 om
779 1296 68 26 någon
859 1296 23 20 af
890 1295 82 21 sedelns

224 1329 138 20 förenämnda
386 1329 164 27 hufvudsakliga
573 1329 59 20 delar
654 1329 84 26 saknas,
758 1329 122 21 ankommer
896 1330 35 19 det
947 1329 25 26 på

224 1363 194 26 Bankfullmäktige
438 1365 36 24 att,
495 1364 52 19 efter
569 1364 153 24 framställning
737 1364 23 19 af
774 1363 199 23 Bankdirektionen,

224 1397 81 27 afgöra,
321 1403 33 14 om
370 1397 73 20 sedeln
459 1397 53 20 skall
528 1397 23 20 af
563 1397 87 20 Banken
667 1391 85 26 inlösas.

295 1431 76 20 Likaså
394 1431 69 20 tillhör
487 1432 35 19 det
544 1432 192 26 Bankfullmäktige
756 1434 36 24 att,
808 1433 6 18 i
830 1435 44 16 näst
896 1433 78 25 antydd
