1078 1692
222 122 35 17 492

268 186 71 26 gäller
360 186 76 20 endast
459 186 80 27 riktiga
563 186 82 20 antalet
668 185 28 27 af
715 186 25 20 de
760 186 58 20 olika
836 186 75 26 slagen
926 185 29 27 af

270 219 83 25 buntar,
366 220 71 26 påsar
452 219 38 21 och
505 219 60 26 kärl;
581 220 107 20 hvaremot
704 219 77 21 Förste
796 219 108 21 Kassören
916 227 34 13 en-

268 260 46 14 sam
336 254 85 27 åligger
443 260 94 14 ansvara
555 254 42 26 för
613 254 152 27 fullständiga
788 253 117 21 innehållet
927 254 29 26 af

271 288 77 26 hvarje
364 287 57 26 bunt,
434 288 54 26 påse
503 288 39 20 och
557 288 56 20 kärl.

337 322 77 26 Början
437 322 22 20 af
477 323 36 19 det
529 322 94 26 följande
642 322 66 26 tredje
723 322 84 26 stycket
821 322 53 20 skall
892 322 58 25 lyda:

275 356 77 20 Vidare
368 358 26 18 är
409 362 79 14 samme
503 356 92 20 ledamot
607 356 7 20 i
624 356 148 25 Direktionen,
788 355 52 28 ifall
855 356 41 20 han
914 358 37 18 etc.

268 391 54 19 efter
337 390 106 27 förslaget.

337 424 35 20 Uti
388 424 66 26 fjerde
471 424 84 26 stycket
569 431 47 19 pag.
633 424 51 25 42")
700 424 75 21 ändras
786 424 73 21 orden:
875 425 75 19 ”biträ-

269 458 68 20 dande
353 458 130 26 kassörens”,
498 458 31 20 till
544 458 75 20 Andre
633 457 128 21 Kassörens.

337 492 31 20 De
385 499 27 12 nu
428 492 92 26 följande
541 492 103 27 styckena
659 499 47 19 pag.
723 492 65 25 43**)
805 492 147 26 oförändrade,

269 526 54 20 intill
340 526 35 20 det
390 527 60 25 sjette
465 526 27 26 på
507 526 70 20 denna
592 527 51 25 sida,
659 533 44 13 som
719 527 76 19 ändras
811 527 97 20 sålunda:

337 560 128 21 Försumma
487 560 26 21 de
535 561 68 27 enligt
621 561 41 20 131
676 561 16 27 $
706 560 30 27 af
750 560 202 28 Bankfullmäktige

270 594 86 20 utsedde
379 595 195 27 inventeringsmän
596 597 33 18 att
652 595 56 20 inom
727 595 95 27 stadgad
841 595 33 20 tid
892 595 59 20 verk-

269 628 66 21 ställa
354 628 32 27 på
409 628 46 21 dem
475 628 155 21 ankommande
650 629 134 27 inventering
802 628 31 28 af
843 629 108 21 kontorets

269 662 82 25 kassor,
368 664 39 19 äro
423 662 25 21 de
463 662 98 28 skyldige
576 665 33 18 att
620 663 66 26 jemte
702 662 159 21 vederbörande
876 663 76 21 kassa-

265 696 127 27 förvaltare
407 699 81 18 ersätta
503 697 40 20 den
560 696 126 26 kassabrist,
701 703 45 14 som
762 697 36 21 vid
813 697 139 21 nästskeende

269 731 135 27 inventering
419 730 43 21 kan
477 738 75 20 yppas.

338 765 44 19 Allt
397 765 35 20 det
447 765 92 26 följande
555 766 24 19 af
595 766 37 19 134
648 768 9 22 $
674 765 39 20 blir
729 766 141 20 oförändradt.

556 838 58 29 Kap.
631 838 37 23 III.

451 901 112 21 Revisionen
578 901 22 20 af
613 901 87 20 Finlands
714 901 60 20 Bank.

575 958 15 27 $
605 959 47 20 155.

338 997 128 21 Revisionen
489 997 29 27 af
533 997 108 21 Finlands
658 997 64 21 Bank
737 1009 8 4 -
761 1009 8 4 -
785 1010 8 3 -
808 997 30 27 af
851 997 103 21 Ständer-

271 1039 39 13 nas
323 1031 116 26 Revisorer,
450 1031 87 21 utsedde
544 1032 67 26 jemte
624 1031 148 28 Suppleanter,
778 1032 31 26 pä
818 1033 44 19 sätt
870 1031 84 21 Landt-

270 1065 177 28 dagsordningen
457 1065 156 27 föreskrifver.

576 1111 15 27 $
607 1111 47 21 136.

340 1151 138 21 Oförändrad.

575 1179 15 27 $
605 1180 48 20 187.

338 1219 43 21 Det
397 1219 129 21 tillkommer
541 1219 148 20 Revisorerne:

339 1254 24 26 a)
379 1255 32 19 att
431 1253 89 20 medelst
529 1253 138 27 fullständig
681 1253 134 28 inventering
831 1253 123 21 undersöka

272 1287 117 22 innehället
412 1287 30 27 af
455 1287 102 21 Bankens
576 1286 132 27 kassahvalf
719 1286 38 21 och
772 1287 22 27 ej
808 1287 84 21 mindre
903 1287 51 27 för-

272 1323 56 20 vissa
348 1322 34 27 sig
398 1328 32 14 om
446 1321 47 21 dess
509 1321 218 27 öfverensstämmelse
742 1321 48 20 med
804 1321 41 20 den
860 1322 8 19 i
883 1323 42 19 136
940 1322 15 26 $

272 1355 144 27 omförmälda
438 1355 89 28 uppgift
549 1361 33 14 om
601 1355 146 27 tillgängarne
763 1355 7 20 i
785 1354 102 21 Bankens
905 1355 50 27 huf-

272 1390 106 21 vudkassa
401 1389 40 21 den
459 1391 28 19 31
501 1389 151 28 förutgängne
667 1388 68 25 Mars,
751 1391 29 18 än
796 1389 37 20 ock
848 1389 48 21 med
911 1389 44 20 led-

340 1459 18 20 +)
372 1458 7 16 I
392 1457 61 18 denna
465 1457 37 17 bok
515 1457 34 18 sid.
561 1457 38 18 399.
623 1457 27 21 ++)
664 1457 7 16 I
684 1457 61 17 denna
757 1457 38 17 bok
807 1456 33 17 sid.
852 1456 39 18 400,
