1078 1692
217 134 35 16 510

264 198 41 26 Jag
320 204 62 13 anser
398 197 25 20 de
439 198 122 20 nuvarande
577 198 184 26 bestämningarne
777 204 32 14 om
827 197 121 27 suppleants

195 232 80 19 arvode
286 231 103 20 innebära
400 231 56 20 såväl
472 232 145 26 oegentlighet
628 239 43 13 som
686 232 116 26 obillighet.
825 232 32 19 En
873 232 37 19 här
921 231 27 26 på

196 268 58 18 orten
269 266 68 19 bosatt
348 266 116 26 suppleant,
475 272 42 14 som
529 266 86 20 träder
607 262 14 35 i
627 266 186 26 bankfullmäktigs
825 266 61 19 ställe
897 272 50 19 upp-

197 300 37 20 bär
253 300 75 19 endast
346 301 24 19 15
387 300 58 20 mark
460 299 43 27 för
517 299 76 27 hvarje
609 300 207 27 tjenstgöringsdag,
833 300 61 19 äfven
913 305 34 13 om

197 334 39 20 han
256 334 110 26 supplerar
388 334 146 26 fullmäktigen
551 334 67 20 under
634 334 49 20 flere
700 334 109 20 månaders
829 334 35 19 tid.
891 333 57 19 Hans

197 368 118 26 ersättning
332 370 61 24 utgör
406 368 27 20 då
445 368 6 20 i
465 368 119 26 vanligaste
601 368 36 20 fall
652 368 74 20 endast
742 375 24 13 en
783 368 80 20 mindre
879 367 33 20 del
928 366 24 20 af

197 402 35 20 det
247 402 86 25 arvode,
350 408 43 14 som
412 402 40 20 den
472 402 47 20 icke
540 402 158 27 tjenstgörande
718 402 146 26 fullmäktigen
882 402 66 19 under

197 436 57 20 tiden
271 436 87 26 uppbär.
388 436 32 19 En
436 436 46 20 från
497 442 68 14 annan
583 438 32 18 ort
630 436 93 20 inkallad
743 436 111 26 suppleant
868 435 81 26 uppbär

197 470 97 20 deremot
312 472 30 18 ett
362 470 183 26 dagtraktamente
560 470 23 20 af
597 471 26 19 20
640 470 57 20 mark
714 470 32 20 för
762 470 72 26 hvarje
851 470 41 25 dag
908 469 39 19 han

198 505 37 19 här
249 504 73 20 vistas.
353 504 8 19 I
385 506 86 18 motsats
493 504 32 20 till
547 504 36 20 det
601 504 63 20 ofvan
680 504 112 26 påpekade
807 503 142 20 förhållandet

197 538 97 20 kommer
315 538 40 20 han
376 538 82 20 således
477 541 28 17 att
524 538 34 20 vid
576 545 25 13 en
617 538 73 26 längre
706 537 180 27 tjenstgöringstid
903 537 45 19 här-

198 573 70 19 städes
280 572 22 20 af
312 572 204 26 bankfullmäktigen
528 572 95 26 uppbära
634 574 69 18 större
720 572 121 26 ersättning
852 573 29 18 än
896 570 53 21 den-

198 613 36 13 nes
246 605 42 27 för
304 606 58 20 tiden
382 606 151 20 motsvarande
553 606 89 26 arvode;
664 606 131 26 exempelvis
818 606 31 19 för
872 605 76 20 månad

199 641 40 19 600
255 640 67 26 mark,
346 640 75 20 medan
445 641 158 26 fullmäktigens
626 641 78 19 arvode
728 642 61 24 utgör
811 640 75 19 endast
908 639 40 19 500

200 674 66 20 mark.
283 686 26 3 —
326 674 40 20 Till
391 675 174 19 förekommande
588 675 23 19 af
632 677 29 18 ett
678 674 76 20 sådant
769 673 181 20 missförhållande

199 708 31 20 får
243 709 37 25 jag
296 708 108 20 vördsamt
419 709 76 20 föreslå
506 711 30 17 att
551 709 124 26 stadgandet
690 715 33 13 om
736 708 121 26 suppleants
872 707 77 20 arvode

199 742 55 26 finge
271 742 94 26 följande
381 742 91 27 lydelse:

336 788 128 26 ”Suppleant
489 788 90 20 erhåller
606 788 31 20 för
660 788 72 25 hvarje
759 786 191 27 tjenstgöringsdag

269 822 79 19 femton
364 822 67 25 mark,
447 829 33 13 om
497 823 39 19 han
549 825 22 17 är
583 823 6 18 i
601 822 131 25 Helsingfors
743 821 87 24 boende,
843 820 38 20 och
892 820 58 25 tjugu

269 856 59 19 mark
353 856 32 20 för
404 856 69 26 dagen
493 858 54 18 samt
567 856 35 19 två
622 856 81 19 hästars
726 855 66 26 skjuts
807 861 33 13 om
857 854 40 20 han
914 854 38 19 bor

268 891 145 19 annorstädes.
447 889 116 28 Tjenstgör
581 889 116 28 suppleant
720 889 7 20 i
749 887 203 28 Bankfullmäktigs

268 924 64 21 ställe
352 931 26 14 en
398 925 91 20 månads
512 924 33 21 tid
567 924 53 20 eller
641 922 128 27 derutöfver,
792 921 96 28 uppbäre
908 921 43 20 han

268 957 204 29 Bankfullmäktigs
488 958 48 21 hela
551 958 78 21 arvode
639 957 41 28 för
695 956 150 21 motsvarande
863 956 52 20 tid.”

339 993 9 19 I
364 993 135 20 förestående
514 993 129 19 reservation
660 992 84 19 förenar
759 991 31 26 sig

675 1047 88 21 Edvard
778 1046 107 22 Duncker.

410 1209 113 20 Finlands
549 1207 117 21 Ständers
694 1205 163 26 underdåniga
884 1205 74 20 skrif-

342 1243 72 24 velse,
434 1243 7 19 i
461 1241 103 26 anledning
583 1241 20 20 af
621 1241 32 20 det
672 1241 42 20 utaf
730 1240 115 20 Ständernas
859 1238 99 21 Bankfull-

342 1277 84 25 måktige
441 1276 107 27 uppgjorda
563 1275 73 26 förslag
650 1275 31 20 till
696 1274 117 26 reglemente
826 1273 31 20 för
869 1273 89 20 Finlands

341 1311 59 20 Bank.

205 1373 209 27 Stormäktigste,
427 1373 202 26 Allernädigste
640 1372 106 25 Kejsare
758 1370 39 21 och
807 1369 151 21 Storfurste!

274 1435 36 20 Uti
325 1435 71 27 Nådig
414 1436 126 26 kungörelse
557 1435 23 19 af
595 1435 40 19 den
652 1435 24 19 21
695 1433 59 26 April
773 1433 59 24 1840,
849 1431 109 27 angående

207 1469 113 21 förändrad
338 1469 143 26 organisation
500 1469 23 20 af
542 1468 100 20 Finlands
660 1467 86 26 Vexel-,
761 1466 142 26 Depositions-
920 1465 38 19 och
