1078 1692
824 102 32 17 163

128 168 69 24 porto-
214 166 38 20 och
268 171 104 19 assurans,
388 166 52 18 samt
456 164 72 20 ställer
547 165 31 25 sig
597 164 31 20 för
646 164 63 26 öfrigt
731 164 31 19 till
784 164 95 20 efterrät-

128 200 51 20 telse
196 200 41 20 alla
252 200 26 19 de
294 187 136 42 föreskrifter,
447 204 44 14 som
508 198 31 20 för
555 198 67 26 öfrige
637 198 185 26 försäljningsmän
843 202 35 16 äro

127 234 97 26 gällande
251 236 53 17 samt
327 233 22 19 af
366 232 307 20 Minister-Statssekreteraren
694 232 53 20 efter
765 232 113 22 förhållan-

128 269 55 19 dena
197 268 73 20 kunna
285 267 110 20 anordnas.

197 302 42 20 Hos
254 302 26 20 de
296 301 88 20 sålunda
406 303 91 23 antagna
521 300 224 26 försäljningsmännen
766 308 49 20 eger
832 302 47 20 kro-

129 343 48 19 nan,
194 336 5 19 i
218 336 101 20 händelse
342 335 22 20 af
386 335 71 19 balans
480 334 51 20 eller
555 334 105 20 bristande
683 335 141 26 redogörelse,
848 336 31 20 för

129 369 237 27 kartasigillatamedlen
394 375 79 13 samma
500 369 134 19 förmånsrätt
657 375 43 14 som
727 369 37 20 hos
788 369 91 21 kronans

130 404 156 27 uppbördsmän
302 404 5 19 i
324 403 120 20 allmänhet.

477 479 10 21 $
503 477 34 19 33.

199 524 78 26 Hvarje
293 522 212 27 försäljningskontor
521 522 23 19 så
558 522 7 19 i
581 522 45 19 stad
642 528 44 13 som
699 522 27 26 på
740 522 71 22 landet
825 524 55 20 skall

130 558 41 20 alla
187 558 152 26 söcknedagar,
355 556 45 20 från
423 556 91 20 klockan
531 556 34 20 nio
581 556 159 26 föremiddagen
756 557 32 19 till
803 558 32 26 sju
850 558 29 20 ef-

130 592 146 26 termiddagen
306 591 66 19 hållas
395 592 69 24 öppet.
502 590 100 20 Beträdes
625 590 184 27 försäljningsman
833 592 46 20 med

131 626 145 20 försummelse
292 625 51 20 eller
358 625 56 19 visar
430 625 39 19 han
485 624 94 26 ogenhet
594 624 51 20 eller
661 624 58 20 beter
734 625 32 26 sig
778 626 100 20 otillstän-

131 661 44 26 digt
191 663 57 17 emot
263 660 147 24 allmänheten,
426 658 65 20 varde
507 658 183 26 försäljningsman
707 662 74 23 genast
790 659 44 20 från
845 660 35 20 be-

131 695 118 25 fattningen
272 694 54 20 skild
351 694 39 19 och
412 699 69 14 annan
507 692 184 27 försäljningsman
713 693 7 19 i
744 693 52 20 hans
820 694 60 20 ställe

131 728 153 21 tillförordnad.

479 785 10 22 s
505 784 34 18 34.

200 832 24 25 Ej
245 831 33 19 må
298 830 182 26 försäljuingsman
501 829 23 19 af
546 829 79 26 köpare
647 829 69 20 fordra
739 837 43 13 mer
797 834 26 17 än
840 832 40 20 den

133 871 86 19 summa,
239 864 65 20 hvarå
324 863 101 26 stämpeln
445 863 70 26 lyder;
535 863 49 20 sker
607 863 74 20 sådant
702 863 72 27 likväl,
793 872 88 13 ansvare

133 899 41 19 han
191 899 82 19 derföre
289 898 67 20 såsom
374 898 30 19 för
420 898 62 25 olaga
497 897 96 26 uppbörd
609 897 37 20 och
663 904 49 13 vare
724 898 62 21 äfven
801 899 7 20 i
825 900 57 20 detta

133 932 35 20 fall
185 935 74 24 genast
274 932 44 20 från
336 932 143 27 befattningen
497 931 62 20 skild.

481 1014 9 22 $
507 1012 32 20 35.

202 1058 41 19 Vid
260 1058 104 26 utgängen
382 1057 22 20 af
418 1058 72 25 hvarje
506 1057 53 20 halft
575 1057 22 20 år
613 1057 51 20 skall
681 1057 36 20 allt
732 1058 69 20 osåldt
815 1059 67 20 karta-

133 1091 71 20 förråd
224 1092 38 19 hos
284 1091 24 20 de
328 1093 92 25 antagne
441 1091 227 26 försäljningsmännen
689 1092 125 27 inventeras,
831 1095 52 19 efter

134 1126 140 25 förteckning,
291 1131 42 14 som
350 1125 47 20 dem
414 1125 81 26 åligger
512 1125 53 20 förut
581 1125 20 19 in
618 1125 77 26 dupplo
712 1129 101 24 upprätta,
831 1131 53 17 samt

135 1159 54 20 hvad
209 1159 60 20 deraf
286 1159 36 20 hos
342 1159 47 20 dem
409 1162 23 17 är
450 1160 6 18 i
474 1159 69 20 behåll
564 1159 31 19 till
617 1161 59 18 nästa
695 1159 76 20 halfårs
790 1161 93 20 redovis-

135 1194 51 25 ning
201 1193 150 20 utbalanseras.

202 1227 58 20 Efter
282 1227 96 20 anmälan
395 1227 23 20 af
431 1227 227 26 försäljningsmannen
678 1227 96 21 förrättas
794 1230 90 21 nämnde

134 1262 133 25 inventering
290 1261 12 20 &
323 1262 101 25 tjenstens
447 1264 80 23 vägnar
543 1261 22 20 af
584 1261 34 20 två
641 1262 241 27 Magistratspersoner
872 1257 14 36 i

135 1296 46 19 stad
197 1297 53 18 samt
265 1295 23 20 af
301 1295 135 26 Kronofogde
457 1295 51 20 eller
524 1295 52 20 hans
599 1295 158 21 tillförordnade
780 1297 76 21 ombud
872 1299 12 19 å

135 1330 78 25 landet,
236 1329 78 26 hvilka,
338 1330 26 19 då
387 1330 25 19 de
435 1330 37 19 allt
495 1329 74 26 riktigt
591 1330 73 25 funnit,
681 1330 25 26 på
722 1331 162 28 förteckningen

135 1364 51 20 eller
209 1363 292 27 inventeringsinstrumentet
525 1363 74 20 sådant
623 1364 103 26 bestyrka.
762 1364 45 21 Och
831 1366 53 20 skall

136 1397 88 21 berörde
240 1398 130 25 instrument,
384 1397 68 20 såsom
470 1397 132 20 verifikation
619 1398 31 19 för
666 1398 156 27 behållningen,
832 1401 53 25 jem-

136 1434 20 18 te
175 1431 115 26 gvittanser
308 1431 12 20 &
339 1431 132 21 inlevererad
491 1431 109 27 betalning
621 1432 31 19 för
673 1432 54 20 hvad
747 1433 65 20 under
834 1434 51 20 hallf-
