1078 1692
226 122 36 17 384

204 186 54 26 gått,
273 179 86 33 skyldig
373 185 31 19 till
416 185 35 19 det
464 185 111 20 anmärkta
591 185 50 21 felet
656 186 54 20 eller
726 186 165 24 försummelsen,
908 192 50 20 eger

205 219 146 26 Direktionen,
368 220 52 19 efter
435 219 77 20 sakens
528 219 153 27 beskaffenhet,
698 220 99 27 antingen
814 219 92 21 enskildt
921 226 35 20 ge-

205 260 50 13 nom
272 253 145 20 Ordföranden
433 260 66 13 varna
515 254 39 19 den
574 254 103 27 felaktige
693 254 53 20 eller
760 254 129 26 försumlige,
905 254 52 20 eller

205 288 57 19 inför
276 287 150 20 Direktionens
441 287 106 26 protokoll
559 288 80 20 tilldela
649 288 78 20 honom
742 296 24 12 en
780 289 109 19 allvarsam
902 288 54 19 före-

205 321 108 27 ställning,
336 321 51 20 eller
410 321 61 27 skilja
493 322 76 20 honom
593 322 46 20 från
660 324 101 25 tjenstens
777 323 95 26 utöfning
888 322 26 26 på
930 329 26 13 en

205 356 53 20 eller
272 356 62 26 högst
345 355 35 20 två
389 356 98 20 månader
499 356 39 20 och
548 356 102 26 derjemte
666 357 98 27 fråntaga
780 358 76 19 honom
872 356 42 20 viss
923 356 33 20 del

205 390 23 20 af
237 390 63 20 lönen
311 390 51 25 eller
371 390 49 20 hela
428 390 61 20 lönen
499 390 32 20 för
540 397 80 13 samma
627 391 35 19 tid.
686 391 47 20 Men
746 398 60 13 anser
818 390 138 21 Direktionen

205 425 53 19 felet
268 424 52 20 eller
328 424 159 20 försummelsen
500 431 50 13 vara
559 425 91 26 svårare,
660 428 25 17 än
696 428 30 17 att
734 426 35 20 det
779 426 40 20 kan
829 425 69 26 aflöpa
910 425 46 19 med

206 460 40 19 den
264 460 61 24 näpst
340 458 37 20 här
400 458 109 26 nämndes,
525 458 52 21 eller
593 459 38 20 har
647 460 167 26 tjenstemannen
830 466 75 20 genom
922 459 35 19 sitt

205 492 149 27 ifrågakomna
377 492 119 20 förfarande
521 493 83 27 ådragit
627 494 87 20 Banken
731 494 65 20 skada
811 494 51 20 eller
878 493 79 25 förlust,

207 527 37 19 bör
260 526 138 20 Direktionen
416 526 22 20 så
453 527 41 19 fort
509 526 38 21 ske
564 527 49 26 kan,
629 528 41 20 låta
688 528 34 20 vid
742 528 133 26 vederbörlig
898 527 58 20 dom-

207 561 39 20 stol
263 560 75 20 tilltala
354 560 76 20 honom
446 563 53 17 samt
515 561 161 20 tillhandahålla
696 562 113 26 åklagaren
827 562 26 20 all
870 562 40 19 den
927 563 30 17 ut-

207 595 97 26 redning,
319 601 45 13 som
388 595 31 19 för
441 595 154 21 fastställandet
610 596 23 20 af
650 596 143 26 ersättningen
817 596 30 20 till
870 595 87 20 Banken

208 629 111 25 behöfves;
342 628 39 20 och
398 628 53 20 skall
467 629 39 20 den
534 630 102 20 tilltalade
652 630 118 20 emellertid
786 630 39 20 och
841 629 53 20 intill
910 629 48 20 dess

207 664 66 19 åtalet
296 663 69 20 blifvit
385 662 97 27 slutligen
507 663 98 27 afgjordt,
621 664 91 20 afhållas
735 664 44 20 från
797 664 138 26 tjenstgöring
951 664 6 18 i

207 698 95 20 Banken.
320 709 24 3 —
361 697 10 20 I
394 698 149 19 Direktionens
568 698 67 20 beslut
651 698 5 20 i
673 698 26 20 de
723 698 43 26 fall,
790 705 43 13 som
858 698 36 20 här
914 704 43 14 om-

207 734 91 24 nämnts,
314 732 41 19 kan
372 732 95 26 ändring,
487 738 50 14 vare
553 732 32 26 sig
600 739 75 20 genom
700 732 74 20 besvär
798 732 51 20 eller
872 732 84 26 klagan,

207 766 48 20 icke
272 766 69 20 sökas.

277 800 76 20 Likasä
369 800 37 20 bör
422 800 145 25 Direktionen,
583 807 34 13 om
641 800 96 26 domstol,
761 800 123 27 myndighet
908 800 51 20 eller

207 834 91 20 embets-
314 834 52 19 eller
382 834 123 25 tjensteman
522 836 56 18 utom
594 834 88 20 Banken
701 835 93 19 befinnes
810 835 62 19 hafva
883 840 75 19 genom

207 868 27 20 fel
259 868 52 20 eller
334 868 144 19 försummelse
496 868 6 19 i
526 869 90 25 tjensten
640 868 118 20 förorsakat
782 869 86 19 Banken
892 868 67 19 skada

208 903 52 20 eller
277 903 79 25 förlust,
373 905 49 17 utan
439 903 126 26 tidsutdrägt
581 903 37 19 hos
635 903 159 20 vederbörande
809 903 82 20 Hofrätt
904 903 54 20 eller

208 937 110 20 Guvernör
334 937 84 19 anmäla
433 936 64 21 saken
513 937 31 19 till
561 937 40 20 åtal
615 939 52 18 samt
682 936 67 21 tillika
757 937 88 20 insända
856 937 25 20 de
892 937 66 20 hand-

208 971 70 26 lingar
297 971 39 20 och
360 971 157 26 upplysningar,
534 977 44 14 som
595 971 32 20 för
643 971 119 20 utförandet
778 971 22 20 af
813 971 98 20 Bankens
927 977 31 13 er-

208 1005 195 26 sättningsanspräk
420 1005 109 20 erfordras.

277 1039 9 20 I
302 1039 43 20 alla
360 1039 27 20 de
402 1039 42 26 fall,
461 1039 26 20 dä
502 1039 41 20 ätal
559 1039 24 20 af
600 1040 28 19 fel
651 1039 52 20 eller
725 1039 143 20 försummelse
884 1039 6 20 i
907 1039 51 25 tjen-

209 1077 44 17 sten
272 1074 95 27 begäres,
383 1074 53 19 skall
452 1073 138 20 Direktionen
615 1074 71 20 derom
710 1074 121 19 underrätta
853 1073 106 20 Bankfull-

211 1108 94 26 mäktige
321 1111 59 22 samt,
397 1108 63 20 sedan
477 1108 67 27 utslag
560 1109 6 18 i
583 1108 64 21 mälet
662 1108 60 26 fallit,
739 1108 96 20 meddela
846 1108 115 20 detsamma

209 1142 147 27 Fullmäktige.

553 1207 10 22 S
580 1205 33 20 99.

282 1244 69 27 Yppas
367 1244 72 20 balans
455 1244 52 20 eller
523 1245 115 19 kassabrist
653 1245 38 19 hos
704 1244 68 26 någon
782 1243 98 20 Bankens
889 1243 71 20 kassa-

213 1279 114 19 förvaltare
343 1279 39 19 och
399 1279 75 19 varder
490 1279 123 20 densamma
629 1278 47 20 icke
691 1280 75 25 genast
778 1278 113 26 behörigen
903 1277 59 27 fylld,

209 1319 50 20 eger
268 1313 203 24 Bankdirektionen,
485 1312 63 20 sedan
563 1312 165 26 balansräkning
741 1312 69 20 blifvit
827 1312 23 19 af
863 1311 99 20 Bankens

209 1347 216 20 Kamererarekontor
448 1347 102 26 uppgjord
567 1347 39 20 och
622 1347 94 26 afgifven
733 1349 53 17 samt
802 1346 159 20 vederbörande

210 1382 128 26 redogörare
354 1381 89 20 lemnats
459 1381 82 20 tilifälle
557 1383 30 18 att
601 1381 33 26 sig
649 1381 99 20 deröfver
763 1382 99 24 förklara,
874 1381 88 19 bestäm-

211 1423 32 12 ma
259 1415 91 20 bristens
369 1415 78 27 belopp
468 1421 76 20 genom
561 1415 74 26 utslag,
651 1415 113 19 hvaröfver
780 1415 74 19 besvär
870 1414 20 19 få
906 1414 56 19 inom

209 1451 71 19 trettio
297 1450 65 26 dagar
378 1450 53 20 efter
455 1449 122 20 delfåendet
599 1449 83 20 anföras
698 1449 6 19 i
720 1449 103 20 Senatens
846 1448 117 19 Ekonomie
