1078 1692
807 126 34 18 361

112 196 36 14 ren
169 190 31 19 till
216 190 46 25 last,
279 189 43 20 ifall
338 189 35 20 det
388 190 107 25 pantsatta
511 188 75 27 godset
602 189 95 20 befinnes
712 189 6 19 i
734 189 100 20 afseende
851 189 13 20 å

114 224 83 26 mängd,
215 223 145 21 beskaffenhet
376 223 51 19 eller
442 223 163 26 förvaringsrum
617 224 47 19 icke
676 223 188 20 öfverensstämma

114 258 46 20 med
180 258 55 19 hvad
252 258 35 19 det
302 258 6 19 i
326 256 175 28 nästföregående
517 259 10 22 $
544 257 91 20 nämnda
650 257 214 27 pantsättningsbevi-

113 294 32 18 set
165 292 72 20 derom
258 291 122 25 innehåller,
396 291 6 19 i
418 290 87 20 hvilken
522 290 101 21 händelse
639 291 56 20 lånet
710 291 65 20 också
790 294 74 24 genast

113 326 91 20 utsökes.

458 366 10 22 $
484 364 34 20 31.

182 405 82 19 Räntan
284 404 28 27 på
331 405 61 19 dessa
411 404 33 20 lån
462 404 105 20 beräknas
583 404 45 20 från
645 404 39 20 den
701 404 48 27 dag,
766 404 26 20 då
807 405 57 20 lånet

114 439 50 19 stått
179 441 30 17 att
224 439 70 26 lyftas,
310 441 53 17 samt
378 438 97 26 erlägges
491 438 36 20 vid
543 438 68 20 lånets
627 438 164 21 återbetalande.

183 472 126 20 Räntefoten
330 472 125 20 bestämmes
476 472 23 20 af
513 472 201 27 Bankfullmäktige,
730 473 27 25 på
772 473 91 20 Bankdi-

115 507 121 20 rektionens
253 506 159 26 framställning.

459 553 10 22 s
486 551 33 19 32.

183 592 83 19 Betalas
282 592 55 19 länet
353 592 47 19 icke
416 592 56 19 inom
489 593 64 18 utsatt
568 591 132 27 förfallodag,
714 591 55 20 skall
781 592 83 26 lagsök-

115 626 50 26 ning
185 628 48 17 utan
254 626 96 25 dröjsmål
367 626 78 19 utföras
461 628 43 17 mot
519 625 161 20 vederbörande
695 626 100 26 päldenär
810 628 54 18 samt

115 662 77 24 panten
209 660 5 19 i
231 660 87 26 stadgäd
335 660 91 26 ordning
441 661 89 18 utmätas
546 660 38 19 och
602 660 101 26 försäljas.

461 724 9 21 $
487 721 34 21 33.

183 761 42 20 Lån
248 763 42 18 mot
308 764 50 23 pant
374 761 32 19 mä
422 763 107 23 omsättas,
545 761 45 20 ifall
608 761 96 20 Bankens
720 762 99 19 säkerhet
834 738 50 43 »

116 796 56 20 lånet
188 796 93 19 betinnes
297 795 152 27 oförminskad.
473 795 127 27 Ansökning
616 796 78 24 derom,
711 796 87 19 hvarvid
811 796 53 19 iakt-

115 830 120 25 tagelserna
258 829 31 19 för
310 829 129 26 låntagaren,
460 836 33 13 om
509 831 77 23 panten
604 829 68 20 består
688 830 22 19 af
721 829 143 26 jordbruksal-

115 865 48 21 ster,
183 863 163 26 tillverkningar
364 863 40 20 och
421 869 67 18 varor,
504 865 37 17 äro
557 863 106 20 desamma
678 870 45 13 som
740 863 34 20 vid
790 863 74 20 ansök-

116 897 77 26 ningen
218 903 33 13 om
272 896 74 26 sjelfva
365 897 63 26 lånet,
444 897 37 20 bör
497 899 62 24 göras
575 897 23 20 så
613 897 68 26 tidigt,
697 899 31 18 att
742 897 122 20 omsättnin-

115 937 41 19 gen
178 930 48 26 kan,
240 931 66 25 jemte
322 931 35 19 det
373 931 40 19 den
429 931 108 26 upplupna
553 933 72 18 räntan
642 931 109 25 inbetalas,
767 937 40 20 ega
822 938 42 13 rum

116 965 37 19 sist
175 964 27 26 på
221 964 160 27 förfallodagen.
412 965 133 19 Försummas
561 965 64 26 detta,
641 965 23 20 så
679 968 22 17 är
717 965 147 26 omsättnings-

115 998 108 20 förmånen
240 999 118 19 förverkad.

462 1058 9 21 $
488 1055 33 20 34.

183 1095 101 20 Finlands
307 1095 59 19 Bank
390 1095 87 25 beviljar
496 1095 154 19 kassakreditiv
670 1095 57 20 såväl
744 1098 42 17 mot
802 1096 64 19 första

115 1129 123 26 inteckning
254 1129 6 19 i
276 1129 191 26 kreditivtagarens
488 1128 53 19 fasta
557 1129 51 25 gods
624 1135 44 13 som
685 1131 42 17 mot
742 1129 26 20 de
784 1129 45 26 slag
845 1129 23 20 af

115 1165 57 23 pant,
195 1169 45 13 som
263 1166 87 16 nämnas
365 1163 7 19 i
388 1163 25 19 27
430 1165 9 21 $
455 1163 37 19 här
512 1163 69 27 ofvan.
613 1163 165 20 Kreditivtidens
794 1163 71 26 längd,

116 1197 124 19 kreditivets
262 1197 74 26 belopp
352 1197 39 19 och
408 1196 40 20 den
464 1196 103 26 erbjudna
583 1197 137 20 säkerhetens
735 1197 131 26 antaglighet

115 1231 48 19 med
185 1231 37 19 allt
245 1231 54 20 hvad
320 1231 69 19 dertill
410 1231 61 19 hörer
487 1231 50 19 bero
553 1231 23 19 af
589 1231 206 20 Bankdirektionens
810 1231 55 26 pröf-

115 1265 52 26 ning
189 1265 66 26 enligt
275 1265 26 19 de
320 1265 98 26 grunder,
439 1271 43 13 som
499 1267 37 17 äro
552 1265 100 26 stadgade
668 1265 7 19 i
691 1265 33 25 26,
739 1265 34 25 27,
789 1265 33 25 28,
839 1266 25 19 29

115 1299 40 20 och
171 1299 26 19 30
213 1300 28 22 $$.

464 1341 9 21 S
489 1339 34 19 35.

184 1377 40 20 Vid
245 1377 119 27 ansökning
383 1385 32 12 om
432 1377 154 20 kassakreditiv
604 1378 37 20 bör
656 1378 116 26 sökanden,
790 1379 75 20 beträf-

109 1405 68 26 Tande
201 1412 39 19 den
262 1411 102 26 erbjudna
382 1413 133 24 säkerheten,
532 1412 61 20 ställa
609 1413 31 26 sig
656 1412 145 26 stadgandena
817 1414 4 18 i
839 1413 25 20 28

115 1447 39 18 och
177 1446 26 19 29
224 1447 22 22 SS
262 1446 29 19 till
308 1447 150 24 efterrättelse;
476 1447 108 19 hvarutom
602 1447 74 19 honom
694 1447 80 26 åligger
790 1449 30 18 att
835 1447 29 20 bi-
