1078 1692
806 128 34 17 403

110 191 67 25 jemte
201 192 48 24 eget
272 191 98 25 yttrande
394 190 30 20 till
450 190 102 20 Senatens
573 190 117 20 Ekonomie
707 191 155 25 Departement,

113 230 44 14 som
175 231 49 19 eger
240 225 98 26 slutligen
362 225 73 26 afgöra
455 225 73 25 saken,
545 226 4 18 i
567 225 101 19 händelse
692 225 172 26 Departementet

113 260 86 18 stannar
214 258 6 19 i
236 265 80 13 samma
334 259 67 19 beslut
418 259 45 19 med
480 258 151 27 Fullmäktige,
643 265 47 13 men
706 258 6 20 i
729 260 82 18 motsatt
827 258 35 20 fall

113 292 5 19 i
136 292 168 26 underdånighet
329 292 140 21 öfverlemnar
494 292 89 20 ärendet
607 292 31 20 till
664 292 58 20 Hans
748 292 115 26 Kejserliga

113 326 109 26 Majestäts
237 326 53 26 Eget
306 326 60 26 Höga
381 326 122 26 afgörande.

183 360 8 19 I
207 360 151 26 sammanhang
382 360 46 19 med
451 360 126 20 berättelsen
594 360 60 20 skola
669 360 137 20 Revisorerne
823 360 39 20 ock

115 394 65 19 utlåta
201 394 38 26 sig,
258 400 33 14 om
312 394 39 20 och
367 394 6 19 i
390 394 71 20 hvilka
483 394 58 20 delar
564 394 105 26 decharge
692 394 51 20 eller
766 394 96 20 befrielse

115 428 43 18 från
176 428 71 19 vidare
263 428 135 26 ansvarighet
414 428 31 19 för
461 428 98 19 Bankens
580 428 127 25 förvaltning
723 428 65 20 under
803 428 60 20 redo-

116 462 140 25 visningsäret
277 462 42 19 kan
340 462 136 19 tillerkännas
495 462 146 20 Direktionen.
675 462 45 19 Och
740 462 123 19 ankommer

116 496 36 19 det
167 496 12 19 å
194 496 149 26 Fullmäktige,
359 498 29 17 att
404 496 64 19 sedan
491 496 26 20 de
541 496 171 25 anmärkningar,
728 502 43 13 som
788 496 23 19 af
823 496 39 20 Re-

116 530 107 19 visorerne
247 530 99 26 möjligen
367 530 72 26 gjorts,
454 532 54 17 samt
523 530 26 19 de
562 528 51 27 åtal,
630 530 82 19 hvartill
728 530 134 19 anmärknin-

115 570 65 19 garne
203 564 141 26 tilläfventyrs
366 564 111 25 föranledt,
495 564 68 19 blifvit
586 564 98 26 slutligen
708 563 99 26 pröfvade
823 564 39 18 och

115 597 103 26 afgjorda,
244 598 27 25 pä
296 598 128 19 Ständernas
449 600 80 24 vägnar
552 598 98 19 meddela
669 597 137 20 Direktionen
823 597 40 19 den

116 631 111 26 decharge,
243 638 44 13 som
304 632 149 26 Fullmäktige,
471 632 46 25 med
534 632 99 19 afseende
646 631 79 26 jemväl
736 631 13 19 &
759 629 105 27 utgängen

115 666 23 18 af
153 666 136 19 nästberörda
305 666 47 26 mäl,
368 666 58 19 finna
440 666 75 26 skälig.

185 700 161 26 Granskningen
356 700 21 19 af
387 700 113 20 kontorens
515 700 80 19 rörelse
611 699 39 20 och
667 699 126 25 förvaltning
804 698 59 20 verk-

117 734 78 24 ställes,
211 734 61 19 äfven
290 734 5 19 i
312 734 26 19 de
354 734 64 22 delar,
435 740 43 13 som
494 734 7 18 i
519 733 38 19 137
574 735 9 22 $
599 735 125 23 omnämnts,
740 733 6 19 i
762 739 102 13 samman-

118 768 56 26 hang
199 768 45 19 med
268 768 119 20 revisionen
404 768 6 19 i
426 767 95 19 Banken.
552 767 40 20 För
607 767 75 20 sädant
702 766 96 20 ändamäl
813 766 51 26 älig-

117 808 38 20 ger
175 802 36 20 det
233 802 159 20 vederbörande
415 801 208 20 Bankkommissarie
639 802 30 18 att
684 801 56 19 inom
756 801 40 19 den
812 800 6 19 i
834 800 30 20 in-

117 836 131 19 struktionen
268 836 32 19 för
320 836 103 19 kontoren
439 836 126 19 föreskrifna
579 836 29 19 tid
625 835 31 19 till
671 834 193 20 Bankdirektionen

117 869 89 20 insända
229 869 25 20 de
279 869 84 26 böcker,
379 869 142 26 räkenskaper
541 869 40 20 och
600 869 131 26 handlingar,
747 875 44 12 som
807 870 36 17 äro
858 867 7 20 i

117 903 40 19 och
173 903 32 19 för
220 904 120 19 revisionen
360 903 148 26 erforderliga;
531 903 109 20 äfvensom
656 905 31 17 att
702 902 117 26 skriftligen
836 901 28 20 af-

117 937 58 25 gifva
190 937 26 19 de
231 937 71 20 vidare
319 937 157 26 upplysningar,
492 943 44 13 som
553 937 139 19 Revisorerne
708 936 70 19 kunna
788 942 76 20 genom

117 971 139 19 Direktionen
282 971 47 20 dem
355 970 96 21 affordra.
483 971 56 19 Göra
564 971 139 19 Revisorerne
726 969 140 26 anmärkning

117 1007 43 16 mot
185 1005 155 26 förvaltningen
366 1005 22 20 af
412 1005 64 26 något
497 1005 78 19 kontor
597 1005 6 19 i
623 1004 153 20 ofvanberörda
800 1003 65 26 delar,

117 1038 60 20 skola
193 1039 193 26 Bankfullmäktige
402 1045 74 20 genom
500 1039 139 20 Direktionen
656 1039 92 19 infordra
765 1038 99 19 vederbö-

118 1073 65 19 rande
199 1073 161 20 Kommissaries
376 1073 39 19 och
430 1072 181 20 Diskontkomites
627 1072 105 26 skriftliga
751 1071 115 27 förklaring

119 1106 98 20 deröfver
233 1109 53 17 samt
302 1107 149 20 Direktionens
467 1109 48 24 eget
531 1107 106 19 utlåtande
652 1106 7 19 i
674 1105 77 26 saken;
763 1105 104 20 hvarefter

119 1141 38 19 och
174 1141 64 20 sedan
259 1141 98 26 samtliga
377 1141 152 26 handlingarne
546 1141 31 18 till
592 1139 141 26 Fullmäktige
748 1139 118 24 inkommit,

119 1175 46 19 med
178 1175 88 20 ärendet
278 1175 71 20 vidare
359 1175 93 25 förfares,
466 1174 26 27 pä
500 1175 55 19 sätti
565 1174 174 26 nästföregäende
748 1175 10 22 $
767 1176 23 17 är
798 1172 68 26 sagdt.

435 1236 57 29 Kap.
509 1236 36 22 IV.

378 1287 99 20 Särskilda
491 1287 123 26 stadganden.

471 1339 46 19 140.

201 1377 127 26 Ansökning
354 1378 37 19 hos
414 1377 194 20 Bankdirektionen
635 1377 51 20 eller
710 1376 158 20 Bankkommis-

119 1412 54 19 sarie
190 1413 5 18 i
211 1411 26 20 de
261 1412 99 24 ärenden,
382 1418 44 13 som
451 1414 88 17 nämnas
557 1411 7 19 i
582 1413 7 17 1
609 1411 46 25 kap.
672 1411 23 19 af
714 1411 57 20 detta
793 1410 75 24 Regle-

120 1447 77 24 mente,
213 1445 49 26 kan,
278 1452 34 13 om
328 1445 109 20 sökanden
453 1445 36 20 det
503 1445 86 26 önskar,
605 1445 116 26 muntligen
738 1444 131 20 framställas.
