1078 1692
814 129 34 17 345

123 194 32 26 Ty
166 194 64 20 ehuru
241 194 32 20 väl
283 194 176 26 utsökningarnes
468 193 77 26 belopp
555 193 85 25 jemlikt
648 192 52 20 1871
711 192 33 20 års
756 192 114 27 afslutning

123 228 86 25 nedgätt
224 228 30 20 till
272 228 110 26 3,306,245
400 228 57 19 mark
474 227 25 20 16
518 228 70 25 penni,
604 227 37 19 har
664 227 69 19 denna
749 226 121 27 minskning

123 264 72 25 tyvärr
211 262 122 20 tillkommit
349 262 73 20 endast
440 262 3 19 i
460 262 81 19 mindre
557 261 50 26 grad
624 268 76 19 genom
716 261 81 20 skedda
811 261 59 20 inbe-

123 297 103 26 talningar
242 296 23 20 af
278 296 26 20 de
320 296 97 20 förfallna
441 296 168 25 skuldposterna,
626 297 49 18 utan
696 295 36 20 har
748 295 122 20 densamma

123 330 177 26 hufvudsakligen
316 330 93 26 uppstätt
425 330 122 26 derigenom
559 331 30 18 att
600 329 125 26 fordringar,
736 336 45 13 som
798 330 70 19 befun-

123 365 41 19 nits
179 365 89 20 alldeles
284 364 116 26 värdelösa,
416 364 69 20 blifvit
507 364 67 26 enligt
589 364 51 19 Tab.
656 363 38 20 XV
711 364 30 19 till
758 364 76 26 belopp
850 364 22 19 af

126 399 85 25 101,491
237 398 58 20 mark
312 399 25 19 36
354 398 63 26 penni
435 399 8 18 i
464 398 107 20 böckerna
593 398 108 25 afskrifna,
723 400 54 17 samt
798 398 71 26 andra,

123 432 67 20 säsom
207 432 76 20 osäkra
298 432 100 26 ansedda,
414 432 115 26 utgörande
543 432 136 20 tillsammans
690 432 111 25 2,895,959
811 432 57 20 mark

123 466 27 20 90
169 467 63 25 penni
253 466 45 20 åter
318 466 129 20 observerats
471 466 66 20 under
556 466 31 20 sin
610 466 70 20 skilda
701 466 90 26 räkning
814 468 55 18 utom

123 500 85 20 kolumn
224 501 40 19 och
280 500 88 20 sålunda
390 507 86 13 numera
493 500 49 20 icke
558 500 49 26 ingå
623 500 28 20 uti
667 500 100 20 balansen
784 500 22 20 af
820 500 49 20 ban-

123 534 52 20 kens
198 534 79 20 aktiva.
308 534 115 26 Utskottet,
439 541 45 13 som
501 535 31 19 för
548 535 31 19 sin
596 534 33 20 del
645 534 110 26 godkändt
774 534 53 20 både
843 535 25 19 de

122 568 81 20 skedda
218 569 179 26 afskrifningarne
414 569 37 19 och
468 569 35 19 det
515 569 47 19 med
577 568 140 27 qvarstående
737 568 76 20 osäkra
828 569 40 20 for-

122 602 91 27 dringar,
229 603 59 19 öfver
312 603 71 19 hvilka
406 603 40 20 alla
468 603 101 26 specifika
594 603 158 27 förteckningar
770 604 53 19 varit
838 604 31 20 för

121 636 101 20 utskottet
238 637 139 27 tillgängliga,
393 638 101 26 vidtagna
509 637 194 27 bokföringssättet,
720 637 80 20 hvilket
813 637 55 27 åsyf-

121 673 32 17 tar
168 673 31 17 att
213 671 46 20 från
275 671 101 26 kalkylen
392 672 59 20 öfver
475 672 94 20 bankens
589 672 97 26 verkliga
701 671 122 27 behållning
839 672 29 19 af-

121 704 74 27 lägsna
210 705 146 27 tvifvelaktiga
372 706 119 26 tillgångar,
508 712 62 13 anser
585 706 32 26 sig
633 706 6 18 i
655 706 151 26 sammanhang
822 706 45 20 här-

121 739 48 19 med
193 739 50 20 böra
264 740 85 19 vidröra
371 742 30 17 ett
423 740 138 25 förhållande,
580 746 44 13 som
648 740 61 19 äfven
725 740 23 20 af
761 740 107 20 Bankfull-

121 773 94 27 mäktige
238 774 28 19 uti
289 774 60 19 deras
373 773 111 20 berättelse
507 773 56 27 (pag.
581 774 84 26 6—7*)
681 774 69 20 blifvit
769 774 99 20 särskildt

120 807 127 26 framhället,
264 807 106 27 nemligen
386 808 40 19 den
444 808 120 19 successiva
588 808 146 26 minskningen
751 808 6 19 i
774 808 93 20 bankens

119 841 112 20 inhemska
246 841 94 26 utlåning
357 841 66 20 under
438 848 26 12 nu
480 841 161 26 ifrågavarande
656 842 80 25 period.

188 881 72 26 Enligt
276 881 142 26 fullmäktiges
434 881 111 20 berättelse
561 881 61 27 (Tab.
638 881 19 27 I)
675 882 95 25 utgjorde
786 882 26 19 de
823 884 43 18 ute-

119 915 87 20 stående
221 915 63 19 lånen
300 915 71 19 ultimo
387 915 117 20 December
523 915 63 20 1867:

188 967 23 13 ur
226 961 106 25 primitiva
348 961 78 19 fonden
459 976 4 4 .
495 976 4 3 .
531 976 3 4 .
566 961 110 25 4,076,371
694 968 25 13 m.
736 961 27 20 34
778 968 20 19 p.

188 1001 23 13 ur
226 994 198 27 hypotheksfonden
459 1009 4 4 .
495 1009 4 4 .
531 995 147 25 .19,576,794
701 1010 11 11 ,
736 996 27 19 82
778 1010 12 12 »

453 1028 85 20 Summa
553 1029 124 25 23,653,166
694 1036 26 13 m.
739 1030 23 19 16
778 1037 20 18 p.

185 1074 45 19 Den
247 1074 51 19 sista
312 1073 117 20 December
447 1075 50 18 1871
515 1075 56 19 hade
587 1075 40 19 den
644 1075 96 26 verkliga
751 1076 113 27 utlänings-

118 1114 94 13 summan
228 1108 95 19 deremot
338 1108 95 25 (jemlikt
442 1108 52 20 Tab.
505 1109 28 25 II)
551 1109 50 19 ned-

173 1141 45 26 gått
233 1141 31 20 till
286 1157 1 4 .
315 1157 4 3 .
350 1157 40 4 co.
421 1157 4 4 <
456 1157 4 4 <
491 1157 4 4 <
527 1158 4 4 <
563 1158 3 4 <
597 1158 5 5 +
619 1143 125 26 15,095,362
761 1151 25 12 m.
804 1145 25 19 12
845 1151 19 20 p.

117 1175 84 20 hvartill
224 1176 54 19 dock
301 1183 27 12 nu
344 1175 50 20 böra
410 1176 73 26 läggas
498 1176 104 20 afskrifna

173 1210 39 19 och
228 1209 68 20 säsom
305 1209 76 20 osäkra
393 1210 102 19 bokförda
512 1210 89 20 fordrin-

173 1250 43 20 gar,
233 1243 123 27 utgörande,
372 1244 52 19 efter
439 1244 73 27 afdrag
523 1245 23 24 af
555 1251 45 19 pro-

174 1278 104 19 testerade
294 1277 111 20 utländska
420 1278 79 26 vexlar,
511 1285 45 13 som
569 1279 31 19 in-

172 1311 45 27 gätt
232 1311 28 20 uti
276 1311 26 20 de
318 1312 36 19 här
370 1312 63 20 ofvan
448 1313 88 26 angifna
547 1319 53 13 sum-

172 1351 44 14 mor
232 1347 32 22 (se
280 1352 47 20 pag.
345 1345 54 28 6**)
415 1347 123 20 resterande
561 1362 2 4 .
594 1362 4 4 .
629 1347 111 25 2,159,004
766 1364 11 11 ,
801 1349 26 20 63
844 1364 11 12 ,

515 1371 82 43 Summa
523 1375 341 35 17,254,366
758 1371 29 43 m.
801 1371 26 43 75
837 1371 29 43 p.

183 1453 17 20 *)
213 1452 6 17 i
232 1452 61 17 denna
304 1452 38 17 bok
354 1453 34 16 sid.
402 1453 96 19 310—312.
523 1455 28 22 **)
564 1455 6 16 i
583 1455 62 17 denna
656 1455 37 17 bok
707 1455 33 18 sid.
753 1455 96 18 310—311.
