1078 1692
229 119 35 17 446

208 182 38 20 har
270 181 79 27 utbytts
372 183 56 18 emot
451 180 39 21 den
511 180 132 20 allmännare
658 180 173 28 bestämningen:
852 182 55 20 ”som
925 186 35 16 äro

208 216 88 20 föremål
312 216 31 20 för
359 215 166 26 börsnotering”,
541 218 51 17 enär
605 215 7 20 i
627 215 74 26 sjelfva
716 216 74 20 verket
805 216 91 20 handeln
913 218 46 20 med

208 250 132 26 fondpapper
362 253 56 17 ännu
440 250 47 19 icke
507 252 22 16 är
545 250 6 19 i
567 249 46 20 vårt
633 250 47 19 land
701 250 23 20 så
739 251 119 25 utvecklad,
874 253 30 17 att
919 252 41 19 alla

207 284 26 20 de
257 284 58 20 olika
337 286 55 18 arter
414 284 23 19 af
455 283 78 20 sådana
553 283 95 26 effekter,
664 290 45 13 som
726 284 72 20 kunna
813 285 29 19 till
860 285 100 27 belåning

207 319 100 25 erbjudas
326 318 39 20 och
382 318 67 20 såsom
466 318 47 19 fullt
528 318 109 26 antagliga
651 318 131 26 godkännas,
799 319 46 19 med
862 319 96 20 säkerhet

207 353 62 19 äfven
294 352 65 24 skola,
375 353 7 19 i
398 352 35 20 fall
457 352 22 20 af
501 352 69 25 behof,
593 352 56 20 inom
673 352 73 20 landet
768 353 57 19 finna
845 353 113 20 afnämare.

207 388 48 19 Men
277 387 27 19 då
320 387 34 19 det
370 386 48 20 icke
434 386 87 20 bereder
537 386 87 20 Banken
641 386 64 26 några
720 386 136 27 olägenheter
872 390 30 17 att
917 387 42 20 låta

207 422 34 20 vid
258 421 99 20 utländsk
374 421 48 19 börs
438 421 86 25 försälja
540 420 166 27 pantförskrifna
722 420 146 27 obligationer,
884 423 26 17 de
922 422 36 19 der

206 456 48 20 icke
278 456 68 20 blifvit
366 455 81 25 utlösta,
467 462 63 19 synes
547 461 110 20 omsorgen
674 461 33 13 om
724 455 99 19 Bankens
839 455 97 20 säkerhet
953 456 5 18 i

206 490 58 20 detta
285 490 38 24 fall
342 489 48 20 icke
409 489 74 19 kräfva
504 495 68 13 annan
594 489 141 26 begränsning
750 489 7 19 i
774 489 57 20 detta
847 496 68 18 mom.,
932 492 25 17 än

205 526 30 18 att
251 524 99 26 belåning
366 524 19 24 ej
403 523 36 20 bör
455 523 37 19 ske
508 523 23 20 af
545 523 65 20 andra
621 523 140 26 obligationer
772 526 26 16 än
809 523 85 26 sådana,
907 524 50 19 hvil-

206 558 38 20 kas
265 558 109 26 gångbara
390 558 42 26 pris
448 558 69 19 städse
533 557 42 20 kan
593 564 22 13 ur
632 557 199 27 börsnoteringarne
847 558 110 20 inhemtas.

206 592 53 20 Från
280 598 60 14 mom.
358 592 22 26 d)
398 592 37 20 har
450 592 108 20 Utskottet
574 592 126 20 bortlemnat
716 592 60 20 ordet
791 592 89 20 ”första”
896 592 61 20 fram-

206 627 30 19 för
252 626 157 26 ”inteckning”,
425 629 50 17 enär
491 626 126 20 säkerheten
635 626 47 20 icke
699 626 61 20 beror
776 626 53 20 blott
840 626 26 26 på
876 627 80 19 inteck-

206 661 90 25 ningens
318 660 160 26 ordningsföljd,
502 662 48 18 utan
573 660 177 26 hufvudsakligen
772 660 26 26 på
819 660 138 20 förhållandet

205 694 91 20 emellan
317 694 206 26 fordringsbeloppet
543 694 40 20 och
599 694 40 20 den
655 694 71 20 derför
742 694 127 20 intecknade
886 695 70 26 fastig-

205 729 75 20 hetens
297 728 69 20 värde.

274 763 8 19 I
299 769 59 13 mom.
380 761 21 29 e)
423 762 86 20 föreslås
529 762 128 26 uteslutning
673 762 23 20 af
709 762 64 20 orden
789 763 79 19 ”under
885 763 71 20 låneti-

205 797 40 19 den
262 797 39 19 och
318 796 64 27 några
399 796 100 20 månader
515 796 139 25 derutöfver”,
672 796 66 20 såsom
755 797 150 25 innefattande,
922 804 34 12 en-

204 831 37 26 ligt
264 831 116 20 Utskottets
404 830 142 25 förmenande,
569 837 23 12 en
614 830 70 19 alltför
704 830 97 20 minutiös
818 831 138 26 bestämning,

204 864 40 20 den
269 864 42 26 der,
334 871 33 13 om
391 864 23 19 så
434 864 131 27 nödvändigt
585 864 110 26 erfordras,
717 864 65 20 hellre
799 865 32 24 må
848 865 26 19 uti
892 865 62 20 skildt

204 898 141 20 förordnande
362 898 113 20 meddelas.

274 933 52 19 Hela
342 933 34 19 det
392 932 92 26 följande
500 932 91 26 stycket,
608 939 43 13 som
669 932 114 20 fastställer
799 933 156 26 belåningsvär-

203 967 36 19 det
262 967 32 19 för
317 967 25 19 de
362 966 104 20 särskilda
485 966 74 26 slagen
575 967 22 19 af
612 968 80 24 panter,
708 967 37 19 har
761 967 23 19 af
797 967 107 20 Utskottet
920 974 36 13 an-

203 1003 51 18 setts
272 1001 50 20 böra
336 1001 37 19 här
390 1000 106 20 uteslutas.
527 1000 9 19 I
553 1001 47 19 dess
617 1000 59 20 ställe
693 1001 37 19 har
746 1001 107 20 Utskottet
868 1002 87 24 under
944 996 14 34 $

204 1036 26 19 70
246 1035 97 26 upptagit
358 1037 29 17 att
403 1035 168 19 bestämmandet
587 1035 22 19 af
623 1035 61 20 dessa
701 1035 91 20 maxima
807 1035 31 20 för
850 1035 106 28 belåning,

205 1069 62 20 beror
287 1069 27 26 pä
328 1068 199 27 Bankfullmäktige.
557 1069 70 26 Sagde
643 1069 129 26 uteslutning
788 1069 38 20 har
842 1070 114 20 föranledts

203 1104 23 19 af
244 1103 177 26 hufvudsakligen
437 1105 77 18 tvenne
530 1103 52 19 skäl.
613 1103 39 20 Det
670 1103 64 20 första
749 1106 29 23 är,
794 1105 30 18 att
839 1104 115 27 reglemen-

203 1139 29 19 tet
248 1137 48 20 icke
313 1138 37 19 bör
364 1137 71 20 lemna
450 1137 218 26 specialföreskrifter,
685 1144 43 13 som
746 1137 72 20 kunna
830 1145 50 13 vara
891 1139 63 26 lämp-

203 1172 43 27 liga
261 1172 7 19 i
285 1172 47 26 dag,
355 1177 46 14 men
423 1171 113 26 olämpliga
551 1171 6 20 i
575 1177 94 20 morgon,
699 1171 41 20 Det
759 1172 66 19 andra
840 1173 39 19 och
896 1173 59 26 vigti-

202 1213 50 20 gare
276 1205 68 20 skälet
366 1208 30 23 är,
418 1207 29 18 att
469 1205 73 20 endast
561 1205 27 26 pä
603 1205 40 20 den
660 1206 89 25 styrelse
765 1206 38 20 och
821 1206 135 27 förvaltning,

202 1241 21 19 ät
242 1239 87 20 hvilken
346 1239 124 26 erforderlig
485 1239 175 27 pröfningsfrihet
676 1240 88 25 lemnas,
780 1240 90 26 anspräk
887 1241 27 26 pä
929 1247 25 14 en

203 1274 92 26 skicklig
311 1273 38 20 och
366 1273 51 20 sund
430 1273 151 27 affärsledning
594 1274 71 19 kunna
675 1274 82 26 ställas;
767 1274 109 20 hvaremot
884 1275 69 26 kring-

203 1308 117 27 gärdandet
336 1308 46 20 med
399 1308 111 19 minutiösa
526 1308 131 19 föreskrifter
673 1308 108 27 lätteligen
793 1308 122 20 framkallar
926 1311 29 17 ett

204 1342 119 21 mekaniskt
345 1342 119 20 förfarande
485 1343 34 19 vid
541 1343 61 19 deras
618 1342 140 26 tillämpning.
790 1343 110 19 Dessutom
918 1343 36 19 fin-

204 1384 36 13 ues
257 1379 30 17 ett
302 1376 108 20 verksamt
426 1376 106 20 korrektiv
549 1379 56 17 emot
622 1376 30 19 för
669 1376 55 26 höga
742 1376 213 27 heläningsvärden,
943 1372 16 35 i

204 1412 39 19 den
261 1410 131 27 granskning
408 1410 137 20 Revisorerne
561 1417 40 20 ega
617 1410 77 19 utöfva.
