1078 1692
245 134 22 17 62

223 198 83 26 uppgift
328 198 27 25 på
370 198 40 19 den
427 197 22 19 år
469 198 50 18 1871
537 198 30 18 till
583 197 161 27 ifrågavarande
760 198 96 19 ändamäl
876 198 96 20 utanord-

223 234 55 18 nade
295 238 80 13 summa
390 234 54 17 ännu
461 232 83 25 saknas,
561 232 63 19 hafva
640 232 118 19 Ständerna
777 232 64 20 likväl
860 233 26 25 af,
911 232 62 20 bland

223 270 71 21 annat,
312 266 39 20 den
368 266 183 26 omständigheten
567 268 37 23 att,
621 266 66 26 enligt
702 266 41 19 den
760 266 58 19 öfver
838 266 135 26 bevillnings-

224 300 94 20 medlens
334 300 140 20 användande
490 300 30 19 till
545 300 118 20 Ständerna
686 300 116 20 aflemnade
826 301 94 23 relation,
944 300 29 20 till

224 336 39 18 och
288 334 47 19 med
362 334 22 20 år
411 334 51 19 1870
482 334 74 20 endast
574 335 87 25 115,756
679 334 58 20 mark
754 335 24 19 61
796 335 63 25 penni
876 334 97 20 utbetalts

223 370 23 18 af
268 369 25 19 de
319 368 89 25 189,020
432 368 66 25 mark,
520 375 43 13 som
584 369 31 19 till
631 368 130 20 sistnämnde
777 368 32 19 års
826 368 79 26 utgång
921 369 52 19 hade

224 404 81 19 kunnat
321 406 58 23 tagas
395 403 6 19 i
408 402 115 26 anspräk,i
533 402 100 20 händelse
643 403 97 25 samtliga
752 402 64 20 under
827 403 49 19 åren
893 403 79 19 1866
954 398 22 35 —

228 438 52 19 1870
296 437 106 25 beviljade
418 436 181 26 folkskoleanslag
615 437 30 19 till
662 437 50 19 fullo
729 436 104 21 utbetalts.
853 440 67 16 ansett
943 437 31 25 sig

224 478 40 20 ega
280 471 124 25 tillräckligt
426 470 45 20 stöd
496 471 31 19 för
543 470 35 20 det
598 471 125 25 antagande,
740 473 30 17 att
786 471 33 19 det
835 472 30 18 för
882 471 22 19 är
922 472 48 18 1871

224 506 5 19 i
247 506 40 19 den
303 505 84 26 Nädiga
403 505 156 25 propositionen
577 505 30 19 tili
626 505 87 25 130,000
731 504 57 20 mark
807 504 119 20 beräknade
938 512 34 12 an-

224 539 46 26 slag
287 539 31 19 för
334 538 116 20 folkskolor
467 538 104 26 betydligt
587 538 124 26 öfverstiger
727 538 33 19 det
775 538 108 26 verkligen
895 539 78 19 ulbeta-

226 574 47 19 lade
290 573 106 25 beloppet.

294 607 31 19 Då
348 606 119 20 Ständerna
487 606 116 19 emellertid
624 612 50 13 anse
690 606 40 19 den
748 606 139 26 förhoppning
904 607 70 19 kunna

225 642 69 25 hysas,
310 643 30 17 att
356 641 26 19 de
398 640 91 25 orsaker,
506 646 44 12 som
567 640 73 18 hittills
656 640 63 19 vållat
735 642 28 17 att
782 640 102 26 beviljade
900 641 72 26 anslag

224 675 48 19 icke
289 675 80 19 kunnat
385 674 98 25 utgifvas,
499 673 109 19 efterhand
626 673 60 20 skola
702 674 99 25 upphöra,
822 677 52 16 samt
896 676 29 18 att
944 675 30 19 in-

225 709 107 19 rättandet
347 708 23 19 af
383 708 64 26 högre
463 707 123 25 folkskolor,
603 708 65 19 under
685 708 101 19 inverkan
807 708 21 19 af
847 708 127 20 förbättrade

225 742 141 20 ekonomiska
381 741 144 20 förhållanden
543 742 5 18 i
565 742 71 19 landet
652 742 38 19 och
708 742 46 19 med
774 742 94 26 stigande
887 743 87 18 intresse

225 778 56 19 inom
306 776 153 20 kommunerna
481 776 30 19 för
535 776 180 26 folkbildningens
739 776 97 25 höjande,
853 776 122 20 hädanefter

225 811 54 20 skall
299 810 69 27 fortgå
383 810 6 19 i
406 812 65 17 större
490 810 129 25 proportion,
639 813 26 16 än
683 810 66 19 under
768 810 26 19 de
810 810 127 26 föregående
954 811 20 19 å-

225 852 45 19 ren,
287 845 62 19 hafva
365 844 123 24 Ständerna,
505 846 47 17 utan
565 843 99 20 afseende
676 843 50 20 derå
737 846 30 17 att
776 844 132 19 merberörda
920 851 53 12 sum-

226 886 33 13 ma
274 878 23 20 af
314 879 88 24 130,000
426 877 57 20 mark
507 878 31 19 för
557 879 22 18 är
601 878 51 19 1871
673 877 41 20 kan
732 884 60 13 anses
808 884 50 13 vara
877 878 31 19 för
925 879 50 24 högt

227 913 115 24 beräknad,
357 912 69 19 funnit
445 912 32 25 sig
500 911 50 20 böra
573 911 113 26 godkänna
709 912 122 19 densamma
853 912 67 19 såsom
945 915 29 16 ut-

225 947 136 27 gångspunkt
377 947 31 18 för
424 945 101 26 kalkylen
541 945 22 20 af
579 945 97 20 behofvet
692 945 66 20 under
774 945 25 20 de
811 946 91 25 följande
917 945 57 25 åren,

226 984 54 17 samt
295 981 83 19 derföre
394 980 80 19 förenat
491 980 31 25 sig
538 986 32 13 om
587 982 30 17 att
632 979 121 20 oafkortadt
769 979 76 26 bevilja
860 980 26 19 de
902 980 73 26 anslag

225 1017 31 18 för
273 1014 123 25 folkskolor,
412 1020 43 13 som
473 1014 31 19 för
519 1014 141 19 iustundande
678 1014 199 25 bevillningsperiod
898 1014 76 25 äskats,

226 1049 52 20 elier
296 1048 88 25 180,000
402 1047 56 20 mark
477 1048 30 19 för
523 1047 22 19 år
563 1048 60 24 1873,
640 1048 46 19 med
702 1047 54 26 årlig
768 1048 91 25 stegring
868 1048 22 19 af
899 1048 75 25 25,000

226 1083 59 19 mark
302 1083 32 18 för
350 1082 72 25 hvarje
437 1081 22 19 af
473 1081 26 19 de
515 1081 93 25 följande
625 1081 49 20 ären
690 1081 24 19 sä
728 1083 30 17 att
774 1081 57 20 detta
850 1082 72 26 anslag
944 1082 31 19 för

226 1117 22 20 år
266 1117 52 19 1877
336 1116 95 19 kommer
447 1117 28 17 att
492 1117 73 24 utgöra
580 1115 90 24 280,000
688 1115 65 19 mark.

296 1151 46 19 Men
363 1150 94 19 deremot
473 1149 76 25 kunde,
573 1149 68 26 enligt
662 1149 128 20 Ständernas
814 1149 70 24 tanke,
911 1150 64 25 några

226 1186 66 19 andra
319 1185 23 18 af
366 1184 25 19 de
417 1184 4 17 i
447 1183 40 18 den
513 1183 84 26 Nädiga
621 1183 158 26 propositionen
809 1186 106 23 upptagna
946 1188 30 15 ui-

227 1220 123 25 giftsposter
378 1217 111 19 nedsättas.
527 1217 31 18 Då
585 1218 74 18 endast
686 1223 26 13 en
740 1216 22 20 af
783 1217 25 19 de
836 1217 45 26 fyra
908 1218 66 19 öfver-

227 1253 140 26 inspektorer,
395 1251 71 19 hvilka
494 1250 67 19 blifvit
588 1251 83 18 tillsatte
699 1251 33 18 vid
760 1251 38 18 den
822 1251 66 26 enligt
912 1251 63 20 Nädi-

228 1293 26 20 ga
276 1286 160 25 Förordningen
460 1285 40 19 den
523 1285 26 19 24
573 1285 118 19 November
715 1284 53 19 1869
784 1284 102 20 inrättade
909 1285 67 20 öfver-

228 1320 104 26 styrelsen
359 1319 32 19 för
417 1318 158 21 skolväsendet,
603 1318 36 19 har
664 1318 30 19 till
723 1318 82 25 uppgift
830 1321 30 16 att
882 1319 94 19 öfverva-

228 1355 28 19 ka
279 1353 151 24 folkskolorna,
454 1359 47 12 men
525 1352 25 19 de
573 1354 30 17 tre
627 1351 68 27 öfriga
715 1352 130 19 uteslutande
861 1353 71 19 utöfva
947 1353 29 18 in-

229 1388 79 21 seende
324 1387 58 20 öfver
398 1386 248 25 elementarläroverken,
664 1386 58 19 finna
744 1385 116 20 Ständerna
878 1387 34 18 det
930 1387 47 19 icke

230 1429 50 13 vara
296 1421 47 20 med
361 1420 95 26 billighet
472 1420 236 22 öfverensstämmande,
725 1422 30 17 att
772 1419 76 20 hälften
872 1421 22 18 af
913 1421 63 26 sayde

230 1455 160 26 ofverstyrelses
406 1456 39 17 stat
463 1454 68 19 blifvit
546 1454 45 19 förd
607 1455 26 25 pä
650 1453 258 26 folkskolebevilluingen,
930 1457 47 17 utan
