1078 1692
835 108 21 17 71

132 171 92 25 kanaler,
240 178 44 12 som
308 171 31 19 för
362 173 78 17 statens
460 171 90 26 räkning
567 171 112 26 bedrifvas,
695 171 67 20 skulle
778 172 99 20 särskildt

132 208 100 23 upptagas
248 206 65 18 under
329 212 25 12 en
373 211 120 20 gemensam
516 205 138 20 inkomsttitel
678 205 46 20 icke
749 206 52 20 blott
819 206 5 19 i
841 206 37 19 ka-

131 239 203 26 pitalräkningarne,
358 242 47 16 utan
430 239 38 19 ock
489 239 6 19 i
515 239 164 27 statsförslagen,
695 239 6 19 i
717 240 73 20 hvilka
805 240 73 19 hittills

132 276 13 16 t.
162 280 33 12 ex.
211 273 39 19 den
268 273 108 27 betydliga
391 273 120 19 inkomsten
528 273 45 19 från
592 273 70 20 Saima
678 273 61 20 kanal
760 273 48 21 icke
831 274 47 19 blif-

132 307 29 19 vit
177 307 93 26 uppförd.
302 307 39 19 Till
365 307 68 19 denna
453 307 60 26 fråga
531 307 54 20 skall
605 307 101 20 utskottet
722 308 31 19 för
768 308 64 26 öfrigt
847 314 31 14 se-

131 347 50 13 nare
198 341 137 20 återkomma.

201 375 70 20 Under
293 375 63 20 femte
376 375 155 21 inkomsttiteln
555 375 51 20 höra
629 376 71 19 vidare
716 375 162 27 båkafgifterna,

131 409 72 20 hvilka
218 415 76 21 genom
310 409 117 26 Kejserliga
441 409 147 27 Kungörelsen
604 409 40 20 den
661 410 11 19 7
688 410 119 20 November
825 410 53 19 1866

133 443 68 19 blifvit
216 443 96 25 förhöjda
328 444 38 19 och
382 444 6 18 i
405 444 50 26 följd
472 444 61 19 deraf
547 444 44 19 från
608 446 29 17 att
652 444 22 19 år
692 444 52 19 1866
764 444 62 20 hafva
849 447 29 16 ut-

131 478 55 25 gjort
206 477 84 25 109,661
309 478 58 19 mark
384 478 22 19 år
424 478 52 19 1868
492 478 64 20 redan
573 478 59 26 stigit
650 478 30 19 till
703 478 89 26 225,027
819 478 59 20 mark

131 512 39 18 och
194 511 82 20 således
291 512 6 19 i
314 512 34 19 det
371 514 104 18 närmaste
500 512 97 20 betäckte
622 512 64 26 sagde
708 512 32 19 års
768 512 61 26 utgift
848 513 30 19 för

133 546 47 19 lots-
197 546 38 19 och
253 546 117 25 båkstaten,
386 552 43 14 som
446 546 91 26 uppgick
554 546 31 19 till
600 546 90 25 231,383
710 545 66 21 mark.
795 558 22 2 —
837 546 41 20 Ru-

133 580 73 20 briken
222 580 157 20 ”skolemedel”
396 580 6 19 i
418 580 69 20 denna
508 580 138 20 inkomsttitel
669 580 113 20 innefattar
805 580 74 20 endast

132 614 26 20 de
173 614 132 27 skolafgifter
328 615 98 19 eleverna
449 615 34 19 vid
507 614 145 20 realskolorna
670 614 38 20 och
728 615 150 19 fruntimmers-

132 649 100 19 skolorna
247 649 92 26 erlägga,
356 649 109 19 hvaremot
481 649 39 19 den
537 655 75 21 genom
628 649 118 26 Kejserliga
761 649 118 25 Kungörel-

132 690 36 12 sen
186 683 39 19 den
243 683 25 19 30
284 683 85 19 Januari
394 683 53 19 1862
466 682 31 20 för
517 683 65 26 högre
598 682 225 21 elementarskolornas
839 683 39 19 och

132 718 160 25 gymnasiernas
315 718 71 18 elever
408 716 83 20 införda
511 716 113 26 skolafgift,
640 723 42 13 som
700 716 68 20 blifvit
784 717 94 19 bestämd

132 754 30 17 att
177 751 107 20 användas
307 751 29 19 till
361 750 128 26 uppförande
513 751 23 19 af
556 750 178 27 ändamålsenliga
755 750 124 27 byggnader

132 786 38 20 och
187 785 136 20 anskaffande
338 785 23 20 af
375 785 64 26 nödig
455 785 94 19 materiel
565 785 31 19 för
615 785 123 19 läroverken
765 787 54 17 samt
841 791 37 13 un-

133 821 36 19 der
186 820 128 25 benämning
329 819 122 19 ”skolfond”
466 818 100 20 förvaltas
581 819 23 19 af
617 819 99 19 Finlands
731 819 66 25 Bank,
813 819 65 19 allde-

132 854 30 19 les
178 853 48 20 icke
241 853 141 20 förekommer
397 853 7 18 i
420 853 136 20 statsverkets
572 853 150 26 räkenskaper,
741 859 25 13 en
787 855 91 17 omstän-

133 888 80 27 dighet,
229 887 86 20 hvilken
339 887 101 20 utskottet
462 887 68 19 funnit
553 887 31 26 sig
607 887 50 20 böra
672 887 23 19 så
711 887 85 26 mycket
813 887 66 19 hellre

132 922 74 20 anföra
221 929 43 12 som
280 921 161 26 ifrågavarande
456 920 98 20 skolfond
570 921 64 19 redan
651 921 79 26 uppgår
741 921 30 19 till
782 923 98 17 närmare

132 963 26 13 en
174 956 45 19 half
234 956 71 25 miljon
322 955 64 20 mark.

202 986 147 30 Öfvergående
366 989 30 19 till
412 989 181 26 framställningen
609 989 23 19 af
645 989 25 19 de
688 989 137 19 betraktelser
840 989 39 19 och

132 1024 164 25 anmärkningar
311 1023 109 26 angående
436 1022 172 27 statsutgifterna,
627 1022 72 20 hvilka
721 1023 100 19 utskottet
843 1029 36 12 an-

132 1060 41 17 sett
195 1058 32 25 sig
251 1057 49 20 böra
323 1057 74 26 bringa
412 1056 30 19 till
459 1056 127 20 Ständernas
609 1056 103 26 kunskap,
736 1056 94 20 kommer
850 1058 29 17 ut-

133 1092 78 19 skottet
226 1092 62 19 äfven
304 1091 73 20 härvid
393 1092 30 18 att
439 1090 74 20 beröra
529 1090 26 19 de
570 1090 104 19 särskilda
694 1090 164 19 hufvudiitlarna
872 1090 7 19 i

133 1126 40 20 den
189 1125 97 26 ordning,
301 1131 44 14 som
361 1125 29 19 uti
406 1124 225 27 kapitalräkningarna
645 1124 67 25 följes.

203 1160 40 19 Det
258 1159 135 26 synnerligen
410 1159 101 18 abnorma
527 1158 136 25 förhällande,
684 1165 43 12 som
744 1158 85 19 framter
848 1157 32 26 sig

133 1194 47 19 med
197 1193 99 20 afseende
312 1193 12 19 å
339 1193 39 19 den
396 1192 165 20 extraordinarie
578 1192 149 26 afkortningen
749 1192 65 19 under
829 1191 50 20 åren

136 1229 59 24 1866,
213 1228 52 19 1867
283 1227 37 20 och
340 1227 59 25 1868,
416 1226 67 19 nådde
500 1227 31 18 sin
548 1226 48 26 höjd
613 1226 22 19 år
652 1226 60 25 1866,
731 1225 27 20 dä
777 1225 39 20 den
833 1225 46 20 här-

133 1263 22 19 af
169 1261 121 27 uppkomna
306 1261 148 26 minskningen
471 1261 6 18 i
493 1260 196 19 statsinkomsterna
705 1259 83 26 belöpte
803 1259 33 26 sig
849 1259 31 20 till

133 1296 89 25 348,350
240 1295 65 26 mark,
321 1297 56 17 emot
392 1295 75 24 59,788
484 1294 60 19 mark
560 1293 128 26 föregäende
704 1293 28 26 är,
744 1293 81 19 hvilket
839 1295 40 18 tor-

133 1331 25 19 de
182 1330 84 19 härröra
288 1329 22 19 af
332 1329 39 19 den
395 1328 111 25 inverkan,
529 1328 39 19 den
592 1328 106 19 allmänna
713 1327 128 20 missväxten
858 1326 22 20 är

135 1365 50 19 1867
205 1364 65 19 mäste
286 1363 70 20 utöfva
371 1362 27 26 pä
412 1362 123 26 uppbörden
551 1363 22 19 af
587 1362 26 19 de
629 1362 31 19 för
681 1361 52 20 1866
756 1361 124 26 uppdebite-

132 1399 50 19 rade
195 1398 163 26 jordskatterna.

200 1433 30 18 Af
243 1432 66 19 andra
324 1431 149 20 hufvudtitelns
490 1430 85 27 utgifter
591 1430 38 20 har
644 1430 39 19 den
700 1430 31 19 för
742 1423 47 26 Åbo
803 1429 78 20 hofrätt
