1078 1692
231 124 23 18 36

210 188 94 19 medlens
320 186 213 27 sammanbringande
550 186 31 20 får
597 186 100 20 utskottet
713 186 88 20 hänvisa
816 186 31 20 till
863 186 34 20 det
918 189 41 16 sär-

209 222 70 19 skilda
295 221 141 25 betänkande,
453 221 58 19 hvari
528 220 101 20 utskottet
645 221 5 18 i
663 222 29 18 ett
704 221 151 25 sammanhang
866 220 93 20 behand-

209 256 28 20 lat
253 256 97 25 samtliga
366 255 161 26 anslagsfrågor.

278 290 9 19 I
303 289 220 19 öfverensstämmelse
548 289 46 19 med
619 289 34 19 det
670 295 43 13 som
731 289 99 20 utskottet
845 289 61 19 ofvan
923 295 36 13 an-

210 325 46 24 fört,
273 324 31 19 får
320 323 102 20 utskottet
437 323 83 19 derföre
537 323 107 19 vördsamt
659 323 115 26 tillstyrka:

382 359 33 18 att
439 356 124 21 Ständerna
583 356 49 20 ville
647 357 19 26 ej
681 356 85 21 mindre
781 357 34 20 till
830 356 63 21 Hans
908 356 52 28 Kej-

312 391 80 27 serliga
409 390 103 28 Majestät
528 391 52 26 ingå
595 390 47 20 med
657 397 25 13 en
698 390 137 28 underdånig
846 390 114 25 anhållan,

314 427 32 19 att
368 424 137 27 sakkunniga
525 431 104 19 personer
651 425 66 20 måtte
739 424 29 27 af
782 425 101 27 styrelsen
902 427 58 18 utses

308 458 42 27 för
365 461 33 18 att
412 458 126 27 sorgfälligt
551 458 79 27 pröfva
646 459 46 20 alla
708 459 24 20 de
746 458 160 28 förhållanden
924 459 37 20 och

314 492 185 27 omständigheter,
523 492 72 20 hvilka
611 493 46 20 med
672 493 100 26 afseende
788 494 12 19 å
810 493 151 27 fångvårdens

314 527 189 27 ändamålsenliga
519 526 133 28 ombildning
668 527 36 20 och
725 534 41 20 nya
781 526 181 28 fängelseinrätt-

314 562 92 26 ningars
423 560 136 28 uppförande
575 561 63 20 borde
654 562 78 26 tagasi
743 561 144 26 betraktande,
898 561 64 21 hvar-

314 595 55 27 efter
384 602 26 13 en
425 595 82 20 allmän
520 595 57 26 plan
590 594 41 28 för
650 594 214 28 fängelsereformens
882 602 80 14 succes-

314 630 46 20 siva
382 628 169 28 genomförande
573 628 69 21 skulle
656 631 116 25 uppgöras,
788 632 29 18 än
833 629 35 21 ock
887 629 34 21 till
936 630 25 20 de

316 666 98 18 närmast
437 662 103 28 behöfliga
559 662 155 28 fängelsernas
733 664 155 27 uppbyggande
906 666 55 18 samt

315 698 35 20 till
372 697 40 21 den
431 696 75 28 första
528 697 170 27 uppsättningen
721 697 29 27 af
768 697 194 21 arbetsverkstäder

316 732 36 20 och
377 732 72 20 skolor
472 731 35 20 vid
524 730 262 28 jfångvårdsanstalterna
801 732 8 20 i
825 734 28 18 ett
869 731 37 26 för
921 732 40 20 allt

316 766 64 20 anslå
396 767 95 23 200,000
506 765 63 21 mark
584 765 36 24 för
635 765 73 28 hvarje
726 765 25 27 af
759 767 52 19 åren
822 767 63 25 1873,
896 767 64 24 1874,

315 801 65 25 1875,
397 801 58 19 1876
472 799 36 21 och
525 801 65 19 1877.

281 840 139 26 Helsingfors,
437 840 40 19 den
493 840 12 19 7
521 840 41 25 Maj
581 840 60 19 1872.

503 959 162 21 Reservation,

316 1022 30 20 Af
360 1022 53 20 Herr
428 1021 158 28 Montgomery:

283 1079 48 20 Med
348 1079 168 20 Statsutskottets
531 1079 68 26 öfrige
616 1079 115 19 ledamöter
747 1081 23 17 är
783 1080 36 25 jag
835 1085 49 14 ense
905 1079 57 20 såväl

214 1114 73 19 derom
304 1115 30 18 att
350 1113 34 20 det
400 1113 31 19 för
446 1113 200 26 fängelsereformen
663 1113 49 26 föga
729 1113 90 20 båtande
835 1113 127 19 kausalsam-

215 1147 61 26 band,
293 1147 58 20 hvari
368 1147 69 19 denna
453 1147 75 19 reform
546 1147 67 26 enligt
627 1147 175 26 nästföregående
818 1147 35 19 två
868 1147 94 20 landtda-

214 1188 48 20 gars
279 1181 67 20 beslut
362 1181 69 19 blifvit
445 1181 61 19 ställd
524 1181 46 20 med
588 1181 262 20 bränvinskonsumtionen
866 1182 6 18 i
892 1181 72 20 landet

215 1215 64 20 borde
296 1215 94 26 upphöra
406 1217 53 17 samt
474 1215 95 26 anslaget
585 1215 32 20 för
633 1215 134 26 fängelserna
782 1215 104 20 definitivt
896 1216 67 19 öfver-

215 1249 71 26 flyttas
301 1249 27 26 på
344 1249 65 19 andra
426 1249 190 26 bevillningstitlar,
632 1255 43 14 som
692 1249 41 20 ock
744 1251 30 18 att
785 1249 115 20 detsamma
913 1250 51 19 först

215 1282 53 20 efter
284 1283 35 19 det
336 1289 25 13 en
378 1282 122 27 fullständig
516 1283 47 26 plan
581 1283 31 20 för
627 1283 209 26 fängelseväsendets
849 1283 115 20 ombildan-

215 1317 25 20 de
257 1317 69 19 blifvit
342 1316 20 19 af
378 1317 103 25 styrelsen
498 1319 97 24 antagen,
613 1317 55 26 finge
685 1318 5 18 i
707 1317 94 26 enlighet
820 1318 84 19 dermed
928 1325 35 12 an-

215 1351 89 25 vändas;
322 1357 46 13 men
386 1351 95 20 deremot
496 1351 40 19 kan
551 1352 36 25 jag
605 1351 45 19 med
667 1351 117 20 Utskottets
805 1352 104 25 majoritet
924 1353 40 18 för-

215 1391 40 13 ena
280 1385 42 26 mig
345 1385 93 19 hvarken
464 1385 131 20 beträffande
611 1385 106 27 anslagets
734 1385 75 26 belopp
826 1385 50 19 eller
892 1385 25 20 de
934 1387 31 19 för

215 1418 164 27 användningen
396 1418 61 20 deraf
471 1419 58 26 gifna
544 1419 158 20 inskränkande
722 1419 164 26 bestämningar,
905 1420 59 19 hvar-

215 1453 85 25 igenom
316 1459 26 12 en
359 1453 118 26 väsendtlig
493 1453 33 19 del
544 1453 22 19 af
580 1453 54 20 hvad
652 1460 45 13 man
716 1453 113 20 betecknat
852 1454 46 19 med
922 1455 43 18 fän-
