1078 1692
239 118 35 18 392

216 182 148 25 förekommer,
381 182 43 19 tills
440 182 71 20 vidare
527 182 63 26 skilja
606 182 76 20 honom
699 182 45 20 från
759 183 100 25 tjenstens
871 183 96 26 utöfning

216 216 41 20 och
274 216 29 20 till
320 216 48 20 dess
385 216 133 20 bestridande
534 216 99 20 förordna
648 222 69 14 annan
733 216 86 27 lämplig
835 223 82 19 person.

559 281 10 22 $
587 279 46 19 117.

288 318 29 20 På
340 318 71 20 hvilka
434 318 53 20 tider
510 318 103 20 kontoren
637 318 60 20 skola
717 318 65 21 hållas
798 321 69 24 öppna
882 318 38 20 och
936 318 32 20 för

217 352 143 20 allmänheten
381 352 138 26 tillgängliga,
540 352 126 20 bestämmes
685 359 76 19 genom
778 353 25 19 de
819 353 5 19 i
843 353 37 20 113
897 354 10 22 $
923 359 43 13 om-

219 386 93 20 nämnda
326 386 156 20 instruktioner.

560 450 10 22 $
588 449 46 19 118.

289 489 57 19 Huru
368 488 99 20 Bankens
490 488 38 20 hos
551 488 102 20 kontoren
675 488 150 27 inneliggande
847 489 66 20 medel
930 490 38 19 och

220 522 178 27 lånehandlingar
420 522 60 20 skola
503 522 74 20 vårdas
601 522 39 20 och
662 522 93 20 förvaras
776 525 52 17 samt
849 523 53 20 hvad
918 524 6 19 i
940 524 29 20 af-

219 557 79 20 seende
318 557 12 19 å
349 556 158 27 inventeringar
531 557 61 19 deraf
612 556 105 27 iakttagas
741 556 43 26 bör,
805 557 85 27 stadgas
905 558 7 18 i
930 558 38 19 130

220 591 40 20 och
279 592 36 18 131
334 593 28 22 SS.

288 625 71 26 Yppas
382 624 115 21 kassabrist
512 625 5 19 i
534 625 64 26 nägot
620 625 24 19 af
661 624 98 21 Bankens
779 624 74 21 kontor
869 626 39 19 och
924 632 44 13 var-

220 660 38 20 der
277 659 123 20 densamma
414 659 47 20 icke
477 661 74 25 genast
568 659 115 27 behörigen
700 659 59 26 fylld,
775 665 50 21 eger
839 658 130 21 Bankdirek-

220 694 74 20 tionen
310 693 82 26 förfara,
408 693 27 27 pä
450 695 40 18 sätt
505 693 6 19 i
528 694 25 19 99
569 696 10 22 $
596 696 23 17 är
634 693 66 26 sagdt.

559 758 10 22 $
588 756 45 19 119.

290 796 169 26 Tjenstledighet
481 796 41 20 kan
543 796 22 19 af
582 795 201 27 Bankfullmäktige,
799 796 26 26 pä
840 796 129 19 Bankdirek-

220 830 84 20 tionens
328 830 76 25 förord,
426 830 43 19 ifall
489 830 23 19 af
531 830 69 25 behof,
617 830 89 25 beviljas
720 830 206 19 Bankkommissarie
943 830 27 25 pä

221 865 63 26 högst
299 864 35 19 tvä
350 864 105 19 mänader.
486 864 47 19 Men
549 863 63 20 sökes
628 863 94 27 ledighet
738 864 31 19 för
785 864 72 26 längre
868 864 36 26 tid,
916 864 53 19 skall

220 898 96 26 ärendet,
342 898 105 20 vikariens
473 898 173 20 tillförordnande
672 897 44 20 deri
743 897 125 27 inbegripet,
894 905 75 19 genom

220 932 194 27 Bankfullmäktige
433 932 141 19 öfverlemnas
594 931 30 20 tili
642 930 102 21 Senatens
759 931 117 21 Ekonomie
892 932 78 26 Depar-

222 969 90 18 tements
328 967 122 26 afgörande.

290 1001 67 20 Söker
380 1007 68 13 annan
471 1001 126 25 tjensteman
618 1000 34 20 vid
672 1000 99 20 Bankens
787 1000 75 20 kontor
877 1000 94 27 ledighet

221 1035 46 20 frän
287 1035 97 26 tjensten,
406 1035 53 20 skall
475 1035 86 20 ärendet
578 1034 116 21 behandlas
709 1035 40 19 och
764 1035 83 25 pröfvas
863 1035 66 26 enligt
945 1035 27 20 de

221 1069 99 26 grunder,
336 1075 44 14 som
396 1069 6 20 i
420 1069 38 20 105
475 1071 9 22 $
500 1069 102 27 stadgade
618 1072 42 17 äro.

562 1133 10 22 s
589 1131 47 20 120.

290 1171 97 20 Inträffar
398 1171 5 19 i
415 1171 100 20 afseende
530 1171 13 20 &
557 1171 208 20 Bankkommissarie
782 1170 64 26 något
860 1171 24 19 af
894 1171 26 20 de
932 1171 38 19 för-

222 1205 120 26 hällanden,
358 1211 44 14 som
418 1208 122 17 omnämnas
555 1206 5 19 i
577 1206 51 19 sista
644 1211 63 14 mom.
724 1205 22 20 af
760 1205 26 19 95
801 1206 18 24 $,
835 1204 52 20 skall
901 1205 69 19 Bank-

221 1239 135 20 direktionen
380 1239 70 20 derom
473 1241 75 24 genast
570 1239 84 20 anmäla
674 1239 38 20 hos
730 1238 198 27 Bankfullmäktige,
944 1238 27 26 pä

221 1273 85 20 hvilkas
321 1273 99 26 pröfning
435 1273 35 20 det
481 1273 130 26 ankommer,
623 1280 33 13 om
668 1273 163 20 Kommissarien
843 1272 127 21 fortfarande

221 1307 42 20 kan
281 1306 92 21 bestrida
388 1308 90 25 tjensten
494 1307 53 21 eller
563 1307 141 20 förordnande
720 1307 70 20 dertill
806 1307 31 19 för
853 1313 68 14 annan
935 1307 37 19 bör

220 1341 108 20 utverkas.

561 1372 10 22 s
591 1371 44 19 121.

290 1409 100 20 Finlands
412 1410 59 19 Bank
495 1410 39 25 mä,
550 1410 6 19 i
573 1410 40 20 den
633 1410 91 26 ordning
740 1410 37 19 här
793 1409 68 20 nedan
876 1411 94 23 nämnes,

220 1443 78 20 inrätta
312 1443 40 21 och
367 1443 57 21 hålla
438 1444 119 27 Agenturer
571 1444 28 26 pä
614 1444 26 20 de
656 1446 56 18 orter
727 1444 56 19 inom
800 1443 77 26 landet,
894 1443 36 20 der
944 1450 26 13 en
