1078 1692
816 106 34 18 355

124 169 90 27 ordning
229 170 39 20 och
284 170 54 20 efter
352 170 99 26 pröfning
467 170 22 20 af
503 170 72 20 dervid
592 169 120 27 åberopade
722 169 46 20 skäl
779 170 39 20 och
829 176 43 14 om-

123 203 150 27 ständigheter,
289 204 99 20 förordna
402 210 33 14 om
446 203 82 21 inlösen
539 204 24 20 af
571 204 65 26 sedel,
647 210 44 14 som
702 210 77 20 genom
788 204 84 26 olycks-

123 237 101 21 händelse
247 238 52 20 eller
321 240 105 24 vangömo
449 237 69 21 blifvit
538 238 23 20 så
579 237 89 27 styckad
684 238 40 20 och
739 238 88 26 skadad,
843 240 31 18 att

123 270 48 21 dess
186 271 98 27 giltighet
299 275 23 17 är
337 272 140 27 tvifvelaktig.

467 337 10 21 $
495 335 32 19 10.

192 374 86 20 Banken
301 374 53 20 läter
376 374 31 20 slä
426 374 39 20 och
485 374 82 26 utgifva
582 374 124 26 skiljemynt
721 374 23 20 af
757 374 88 26 koppar,
860 374 13 20 &

124 414 32 20 en,
180 408 40 20 fem
243 408 40 20 och
303 409 29 19 tio
352 409 70 26 penni,
443 411 53 17 samt
511 411 23 17 är
549 408 86 27 skyldig
650 410 37 24 att,
702 408 35 20 vid
753 408 119 26 anfordran,

124 442 85 20 invexla
231 442 117 20 detsamma
370 442 48 20 med
441 442 115 27 fullhaltigt
578 442 63 20 finskt
660 442 139 27 silfvermynt.
830 443 42 19 An-

123 477 84 27 gående
228 477 174 27 myntstyekenas
426 477 43 26 vigt
491 477 40 20 och
551 476 119 21 metalliska
689 477 64 20 värde
772 477 56 26 gälla
843 476 31 20 hit

124 512 93 20 hörande
240 512 129 26 stadganden
385 512 6 19 i
408 511 83 27 Nädiga
509 511 121 21 Manifestet
645 511 23 20 af
680 511 41 20 den
737 512 26 19 23
779 512 55 19 Mars
850 512 22 24 (4

124 546 70 26 April)
214 546 51 20 1860
281 546 39 20 och
335 545 158 27 Förordningen
509 545 23 20 af
545 545 41 21 den
603 546 11 19 8
629 545 122 21 November
768 546 59 27 1865.

153 623 44 19 Om
217 623 123 21 Bankens
361 623 107 27 uppköp
487 624 48 20 och
555 623 165 27 försäljning
739 622 26 21 af
784 623 61 26 guld

239 668 49 20 och
306 669 98 20 silfver
424 670 66 19 samt
510 668 187 28 obligationer
717 668 47 20 och

412 716 178 24 statspapper.

469 779 10 22 $
496 778 32 18 11.

194 816 41 20 Till
257 816 145 20 förstärkande
422 816 23 20 af
461 816 100 20 Bankens
576 816 120 20 metalliska
711 815 63 21 kassa
788 815 40 21 och
843 815 32 20 för

125 852 36 23 att,
181 850 3 19 i
200 849 47 20 män
270 850 22 20 af
314 851 104 25 behofvet,
441 850 108 20 användas
571 850 32 20 till
626 847 141 30 utmyntning,
786 849 88 26 inköper

125 884 99 20 Finlands
245 884 59 20 Bank
324 885 56 20 inom
396 884 52 21 eller
463 887 55 17 utom
534 884 79 26 landet,
629 884 37 20 der
682 884 35 20 det
733 883 94 21 befinnes
843 883 31 20 för

126 918 87 20 Banken
236 918 166 27 fördelaktigast,
425 918 111 27 omyntadt
555 919 72 19 silfver
646 918 40 20 och
701 918 49 27 guld
767 918 106 20 äfvensom

126 952 112 27 fallhaltigt
254 952 60 27 ryskt
329 953 38 20 och
384 952 108 21 utländskt
507 953 80 20 silfver-
603 953 40 20 och
658 952 117 27 guldmynt.

470 1017 10 22 $
497 1015 32 20 12.

194 1054 76 20 Likasä
286 1061 50 20 eger
351 1054 87 21 Banken
455 1055 100 26 uppköpa
570 1053 140 26 obligationer
722 1054 39 20 och
772 1055 102 25 statspap-

125 1095 38 19 per
174 1088 12 20 ä
196 1088 107 20 utländskt
318 1091 58 24 mynt
390 1089 24 20 af
427 1089 79 20 sädana
519 1089 54 26 slag,
584 1095 44 14 som
639 1091 84 18 noteras
734 1088 28 27 pä
772 1089 26 20 de
809 1090 65 18 större

126 1121 196 28 handelsplatserna
337 1123 6 19 i
358 1123 84 26 Europa
457 1123 39 20 och
512 1123 55 20 visat
581 1123 32 26 sig
629 1123 47 20 icke
693 1129 49 14 vara
758 1123 6 19 i
775 1122 100 21 afseende

125 1155 12 20 &
153 1157 65 25 priset
234 1156 154 21 underkastade
403 1157 70 20 alltför
488 1159 56 18 stora
559 1157 117 26 vexlingar.

471 1222 10 21 $
498 1220 33 19 13.

195 1259 87 20 Banken
302 1259 34 20 mä
355 1259 46 26 ock,
422 1259 44 20 ifall
481 1259 48 20 dess
546 1259 126 26 utelöpande
688 1259 69 20 sedlar
773 1259 104 26 betydligt

126 1293 123 26 understiga
264 1293 36 20 det
316 1293 82 27 belopp,
415 1293 85 20 hvartill
516 1293 33 26 de,
566 1293 47 20 med
630 1293 133 26 tillämpning
778 1293 23 20 af
814 1293 41 20 den
870 1293 6 19 i

127 1327 10 19 7
151 1329 9 22 S
171 1327 103 26 sladgade
290 1327 117 26 grundsats,
423 1327 20 20 få
459 1327 62 27 högst
537 1327 76 27 uppgå,
629 1326 80 27 inköpa
724 1327 152 20 räntebärande

126 1363 132 24 statspapper
278 1361 38 20 och
336 1361 140 26 obligationer
492 1361 12 20 å
519 1361 64 20 finskt
598 1363 65 24 mynt,
679 1360 55 21 dock
750 1363 30 17 att
794 1361 84 26 intrång

126 1395 6 19 i
149 1395 99 20 Bankens
264 1395 127 20 lånerörelse
407 1396 123 26 derigenom
546 1395 48 20 icke
610 1395 54 20 sker.
