1078 1692
819 128 35 18 223

297 194 40 20 6:0."
368 191 146 28 Förteckning
543 192 13 20 å
585 190 88 28 husfolk
704 190 36 21 vid
772 191 105 21 mantals-

228 226 119 28 skrifning,
375 225 87 28 uppgift
487 225 14 20 å
528 224 91 22 resande
642 225 8 20 i
673 224 50 21 stad
746 224 48 21 med
818 232 58 14 mera

229 260 77 28 dylikt,
322 260 109 28 äfvensom
451 258 142 25 orlofssedlar
606 258 41 28 för
665 258 105 22 enskildes
793 259 85 27 tjenste-

228 294 60 28 hjon.

298 330 40 20 7:0.
368 327 63 21 Bevis
447 326 59 28 öfver
513 326 119 21 verkställd
642 326 109 28 stämning
767 326 38 21 och
820 326 57 21 kom-

228 362 138 22 munikation
381 361 8 21 i
404 361 46 21 alla
466 360 125 21 kriminella
606 360 39 21 och
664 360 63 21 civila
742 361 135 27 rättegångs-

230 398 56 19 samt
307 395 173 28 utsökningsmål
496 395 67 27 jemte
585 394 56 21 bevis
658 393 60 28 öfver
736 394 87 21 kallelse
843 394 35 21 till

229 430 188 28 syneförrättning
432 429 47 21 med
493 435 66 15 mera.

298 465 42 20 80.
376 463 48 21 Mål
448 462 95 22 rörande
567 462 56 21 brott
648 464 53 18 emot
726 462 83 21 allmän
835 462 42 28 lag,

230 500 54 19 emot
308 497 113 25 ekonomi-,
447 497 88 27 politie-
565 496 38 21 och
631 495 247 29 militärförfattningar

230 534 55 20 samt
296 531 119 28 fiskaliska
437 530 104 25 aktioner,
556 530 122 21 hvarunder
700 530 68 21 likväl
789 530 21 27 ej
827 530 51 27 för-

230 566 45 21 stås
290 566 44 20 mål
350 572 32 14 om
398 564 152 28 öfverklagade
565 564 141 28 olagligheter
727 564 37 21 vid
781 564 97 27 prestval

230 600 47 21 med
295 600 56 27 flere
374 598 75 28 dylika
475 598 110 28 tillfällen,
610 598 29 21 då
662 598 70 21 målen
756 598 45 21 icke
819 598 59 28 angå

230 634 93 28 egentlig
338 632 134 28 förbrytelse,
489 634 55 19 utan
563 632 115 28 rätteligen
700 634 38 19 äro
761 634 33 19 att
815 639 63 14 anses

230 668 70 21 såsom
316 667 71 21 civila.

298 702 40 20 9:0.
368 701 48 21 Mål
425 700 95 22 rörande
530 700 174 28 anmärkningar
712 701 38 21 vid
760 700 119 28 uppbörds-

230 742 62 14 mans
308 735 38 21 och
362 742 75 14 annan
451 734 140 28 redogörares
606 734 152 28 räkenskaper.

299 776 54 20 10:0.
387 774 202 28 Värfningstvister.

299 810 55 20 11:0.
383 808 53 21 Alla
451 808 134 27 handlingar
595 808 93 21 rörande
702 808 132 28 försäkring
849 809 29 21 el-

232 843 31 20 ler
278 842 122 27 ersättning
414 841 75 27 derför
503 842 9 20 i
527 841 97 26 ärender,
648 848 44 14 som
711 842 37 20 vid
770 841 109 22 Direktio-

232 883 65 14 nerne
316 875 42 28 för
373 875 84 21 landets
481 875 114 21 allmänna
620 875 198 28 brandstodsbolag,
838 877 42 27 sjö-

232 909 262 28 assuransföreningarne
524 909 37 21 och
590 909 202 28 Mifränteanstalten
823 913 56 18 samt

231 943 38 22 hos
294 944 64 20 deras
382 945 88 26 agenter
485 943 8 20 i
507 943 104 21 städerna
630 943 38 21 och
682 943 198 22 brandstodskomi-

232 977 44 21 téer
290 978 32 27 pä
342 977 74 21 landet
437 977 52 21 eller
511 976 38 22 hos
571 977 87 21 utsedde
679 977 201 28 kompromissarier

226 1011 143 27 förekomma,
399 1010 108 28 äfvensom
536 1011 196 28 försäkringsbref,
766 1018 114 15 assurans-

228 1045 89 27 poliser,
334 1045 55 20 bevis
404 1047 56 18 samt
475 1045 201 27 premiegvittanser
693 1045 47 21 med
754 1052 65 19 mera,
835 1053 44 14 som

232 1078 29 28 af
281 1078 111 25 inhemskt,
415 1079 31 26 pä
471 1079 112 27 ömsesidig
608 1079 137 28 ansvarighet
769 1081 111 26 grundadt

230 1112 203 28 Försäkringsbolag
458 1111 111 28 utfärdas,
588 1113 67 27 jemte
679 1113 47 20 alla
743 1113 35 21 till
790 1113 90 27 försäk-

232 1146 151 27 ringsärendet
398 1145 104 22 hörandet
517 1145 145 29 handlingar;
676 1147 26 20 sä
715 1147 38 20 ock
764 1147 117 28 gvittanser

232 1179 37 22 och
284 1180 72 21 andra
371 1179 55 21 bevis
436 1179 59 28 från
509 1179 135 28 sparbanker
660 1181 60 26 öfver
734 1181 80 21 insatte
829 1182 52 20 eller

232 1216 88 25 uttagne
335 1213 73 22 medel.

300 1249 57 20 12:0.
388 1247 97 28 Skrifter
507 1247 37 21 och
567 1247 139 28 handlingar,
722 1255 45 14 som
783 1249 36 20 vid
834 1249 46 21 bor-

231 1280 125 29 gerskapets
372 1281 8 20 i
398 1281 72 28 nägon
495 1281 50 21 stad
569 1282 173 26 sammankomst,
758 1282 38 21 der
809 1283 71 28 Magi-

232 1318 146 25 stratsperson
396 1316 22 27 ej
432 1316 14 20 &
465 1315 97 22 embetets
583 1318 84 26 vägnar
688 1319 27 18 är
736 1313 144 30 närvarande,

232 1356 45 14 som
292 1349 37 21 ock
344 1349 35 21 vid
396 1349 143 28 sjömanshus,
561 1349 139 26 kommunal-,
722 1350 85 21 socken-
829 1351 52 21 eller

232 1383 166 28 kyrkostämma,
406 1383 93 21 allmänt
514 1384 36 20 val
563 1386 57 19 samt
635 1384 8 20 i
657 1383 110 28 kyrkoråd
782 1384 38 21 och
830 1385 51 27 fat-

232 1417 222 28 tigvärdsinrättning
476 1417 97 28 ingifvas
595 1417 37 22 och
654 1418 42 21 allt
709 1417 57 22 hvad
780 1418 100 27 derifrän

231 1450 109 28 utfärdas.
