1078 1692
814 110 33 18 377

119 182 50 20 eger
184 175 138 20 Direktionen
342 175 31 19 till
390 174 161 27 utmyntningen
567 174 79 26 utvälja
662 174 35 20 det
713 174 97 20 Bankens
826 174 43 20 silf-

120 216 43 19 ver,
179 209 96 26 myntadt
290 209 51 20 eller
356 209 117 26 omyntadt,
489 208 63 20 hvars
567 208 141 21 användande
727 208 95 20 befinnes
838 208 32 20 för

121 243 84 20 banken
222 243 156 26 förmånligast;

189 277 19 27 6)
224 279 30 17 att
270 276 157 27 uppmärksamt
449 276 51 26 följa
520 276 93 20 rörelsen
630 276 34 20 vid
680 276 98 20 Bankens
795 276 75 20 kontor

121 312 39 19 och
176 313 113 25 agenturer
304 311 7 19 i
327 311 120 19 landsorten
463 310 39 20 och
519 310 100 20 särskildt
634 310 63 26 tillse,
712 312 30 18 att
758 310 59 20 deras
833 311 35 19 be-

121 345 37 20 hof
171 345 23 20 af
207 345 75 26 sedlar,
306 344 114 27 klingande
445 347 58 24 mynt
526 345 39 20 och
589 345 124 26 skiljemynt
736 345 63 19 varda
818 346 6 19 i
840 346 29 19 tid

121 379 78 26 fyllda;

189 412 26 27 d)
230 415 30 17 att
275 413 6 19 i
298 412 98 21 Bankens
418 412 131 21 lånerörelse
572 412 97 21 utveckla
685 413 64 26 nödig
764 413 105 28 försigtig-

122 447 46 25 het;
184 447 6 19 i
207 447 80 20 hvilket
302 447 98 20 afseende
416 447 139 20 Direktionen
574 447 44 26 bör,
633 448 7 18 i
656 447 71 26 frågor
749 454 33 13 om
804 448 66 26 inköp

120 482 23 19 af
157 480 79 21 utrikes
252 481 38 20 och
306 482 80 19 inrikes
409 482 80 25 vexlar,
510 481 178 27 hufvudsakligen
708 481 53 20 fästa
777 482 32 26 sig
824 482 45 19 der-

121 516 42 25 vid,
179 517 30 18 att
224 515 136 21 diskontören
384 516 46 25 och,
445 516 6 19 i
467 515 60 27 fråga
546 522 32 13 om
595 516 79 19 inrikes
698 516 79 25 vexlar,
790 516 79 26 jemväl

121 551 138 25 acceptanten
277 550 57 26 njuta
349 550 106 20 anseende
471 550 32 20 för
519 550 115 20 redbarhet
645 550 38 20 och
695 550 175 26 vederhäftighet,

122 586 53 18 samt
197 584 35 20 vid
256 584 119 26 utlåningar
398 586 43 18 mot
462 586 53 24 pant
537 584 52 20 eller
604 583 130 27 inteckning,
751 586 49 24 taga
816 590 54 20 noga

122 619 81 25 hänsyn
220 618 31 20 till
267 618 40 20 den
324 618 102 26 erbjudna
441 618 138 20 säkerhetens
596 618 63 20 värde
675 618 39 20 och
730 618 115 26 duglighet.

190 652 30 20 Af
232 652 150 20 Direktionens
398 652 99 27 pröfning
514 653 67 25 beror,
597 659 34 13 om
646 653 39 19 och
697 652 31 20 till
738 652 81 20 hvilket
836 653 34 20 be-

122 686 49 26 lopp
190 686 87 21 Banken
300 687 89 26 beviljar
412 686 33 20 lån
467 686 52 20 eller
539 686 155 20 kassakreditiv
710 688 43 18 mot
768 686 101 26 erbjuden

121 722 51 24 pant
187 720 51 20 eller
253 720 130 27 inteckning.
415 720 44 20 Och
475 720 90 27 ändring
581 720 41 20 kan
638 720 48 21 icke
696 720 62 20 sökas
774 721 6 19 i
796 720 73 20 Direk-

121 755 84 20 tionens
222 754 68 21 beslut
304 755 6 19 i
327 755 61 20 dessa
403 755 51 20 eller
470 754 67 20 andra
552 754 126 28 lånefrågor.

469 831 10 22 s
495 830 34 18 84.

191 868 195 20 Bankdirektionen
412 868 53 20 skall
489 868 100 20 särskildt
613 868 64 20 vårda
696 869 32 26 sig
748 869 78 24 derom,
841 871 31 18 att

122 902 152 27 lagsökningar
289 903 39 19 och
344 902 135 27 rättegångar
495 905 44 17 mot
554 903 122 26 försumliga
691 903 124 26 gäldenärer
831 903 38 20 och

122 936 126 20 tredskande
271 936 116 26 sysslomän
407 938 48 17 utan
472 936 128 26 tidsutdrägt
615 936 78 20 utföras
709 937 38 19 och
764 937 106 26 fullföljas.

121 970 44 20 Och
181 977 50 20 eger
246 971 145 26 Direktionen,
407 971 6 19 i
428 971 39 19 och
483 971 32 19 för
531 970 40 20 mål
588 971 34 19 vid
639 971 155 20 underdomstol
810 971 7 19 i
833 977 35 14 an-

121 1011 41 13 nan
179 1006 32 18 ort
226 1007 24 17 än
267 1005 139 26 Helsingfors,
422 1005 37 19 hos
476 1004 159 21 vederbörande
658 1005 110 26 Guvernör
790 1005 80 20 erhålla

121 1038 174 20 tillförordnande
310 1039 21 19 af
346 1039 87 26 lämplig
458 1045 75 20 person
550 1041 36 23 att,
603 1041 42 18 mot
663 1039 78 26 skäligt
756 1039 78 20 arvode
849 1040 23 19 af

121 1072 99 20 Bankens
236 1073 75 25 medel,
328 1073 96 20 Bankens
444 1075 41 17 rätt
503 1073 40 20 och
559 1073 54 20 talan
630 1073 6 19 i
651 1072 66 20 saken
734 1073 81 19 bevaka
830 1073 39 20 och

121 1107 78 25 utföra;
222 1107 70 20 tillhör
314 1107 63 20 målet
399 1107 89 26 Hofrätt,
504 1107 109 20 meddelas
632 1107 76 20 sådant
722 1107 147 26 förordnande,

120 1141 27 26 på
162 1141 150 20 Direktionens
330 1141 98 26 begäran,
444 1141 23 20 af
480 1141 117 20 Hofrätten.

188 1175 113 26 Gäldenär,
318 1182 43 13 som
378 1175 61 27 gifvit
461 1175 89 20 Banken
573 1175 116 27 anledning
704 1175 31 20 till
752 1175 116 26 rättegång,

120 1209 33 19 må
168 1209 47 19 icke
232 1209 71 20 vidare
318 1211 88 25 antagas
421 1216 45 13 som
481 1209 112 27 låntagare
609 1209 52 20 eller
676 1209 110 20 löftesman
798 1209 6 20 i
816 1209 52 20 Ban-

119 1243 48 25 ken,
184 1245 48 17 utan
248 1245 30 18 att
298 1243 200 27 Bankfullmäktige,
519 1243 28 26 på
562 1243 151 20 Direktionens
729 1243 77 26 förord,
823 1243 45 20 der-

120 1277 30 19 till
168 1276 80 20 bifallit.

468 1331 10 22 s
495 1329 32 20 85.

187 1369 40 18 Det
242 1368 129 20 tillkommer
387 1369 138 20 Direktionen
540 1371 37 23 att,
589 1369 67 20 såsom
672 1369 79 24 hittills,
769 1369 100 20 fastställa

117 1403 26 19 de
168 1402 78 25 kurser,
269 1402 106 21 hvarefter
396 1403 112 20 utländska
530 1403 73 20 vexlar
624 1403 4 19 i
645 1403 87 19 Banken
756 1403 110 26 uppköpas

119 1437 39 20 och
174 1436 101 26 försäljas.
786 1434 2 2 |
