1078 1692
815 126 34 17 357

123 190 99 20 försedda
238 190 46 20 med
301 190 87 26 behörig
404 192 73 23 accept
493 190 38 20 och
549 191 99 26 antingen
665 190 115 27 behörigen
797 191 73 19 endos-

123 225 74 19 serade
216 225 31 19 till
268 224 88 20 Banken
376 224 50 20 eller
442 224 99 20 utställda
556 224 29 20 till
602 224 99 20 Bankens
717 225 81 25 ordres;
814 225 58 19 såväl

123 259 136 20 diskontören
283 265 43 13 som
350 260 137 24 acceptanten
511 258 60 20 skola
590 265 50 13 vara
658 258 32 20 för
706 258 111 20 redbarhet
833 259 39 20 och

124 293 169 26 vederhäftighet
309 292 76 26 kände,
401 292 55 20 inom
472 292 72 20 landet
560 292 81 20 bosatte
654 292 68 20 finske
734 293 138 27 medborgare

123 327 53 20 eller
198 327 78 25 firmor,
296 327 38 19 och
355 326 132 20 återstående
503 326 143 20 förfallotiden
662 327 30 19 får
708 328 19 25 ej
744 327 129 26 öfverskjuta

124 368 37 14 sex
178 361 106 20 månader.

194 396 72 19 Andra
281 395 156 27 kreditpapper,
454 395 67 19 såsom
539 395 138 26 accepterade
687 396 136 26 anvisningar
834 396 39 20 och

125 430 91 26 löpande
239 429 167 27 förskrifningar,
430 430 72 19 kunna
521 429 46 25 ock,
584 430 6 19 i
606 430 37 19 fall
659 430 26 19 de
701 432 36 17 äro
754 430 75 19 ställda
844 432 30 18 att

126 464 80 20 betalas
221 464 57 19 inom
295 464 42 19 viss
354 464 46 19 kort
416 464 35 25 tid,
469 464 47 19 med
532 464 137 26 iakttagande
684 464 23 19 af
720 464 54 19 hvad
791 464 36 19 här
843 464 29 20 of-

127 504 38 14 van
189 500 67 23 säges,
280 498 132 19 diskonteras
428 498 5 19 i
450 498 95 25 Banken,
566 504 46 13 men
634 498 59 20 skola
711 504 51 13 vara
777 498 97 20 försedda

127 532 45 20 med
193 532 147 19 diskontörens
360 532 128 20 förbindelse
504 534 30 17 att
549 538 88 14 ansvara
652 532 32 20 för
694 532 61 20 deras
771 532 103 20 infriande

127 566 26 26 på
168 568 64 18 utsatt
246 566 48 26 dag.

473 614 9 21 s
498 612 33 19 20.

196 652 97 20 Bankens
316 651 147 20 diskontränta
487 651 125 20 bestämmes
635 652 22 19 af
675 651 199 27 Bankfullmäktige,

127 688 54 18 efter
196 686 78 26 förslag
289 685 23 20 af
325 685 202 20 Bankdirektionen.

473 750 10 21 S
499 748 33 19 21.

196 794 87 20 Banken
306 794 62 26 säljer
391 793 130 26 invisningar
543 794 139 24 (Postvexlar,
702 794 172 19 Postremissvex-

128 829 40 26 lar)
184 829 12 19 &
211 828 65 19 finskt
291 830 65 23 mynt,
372 830 30 17 att
418 828 34 18 vid
469 828 140 25 uppvisandet
625 827 50 20 eller
691 830 30 17 tre
734 828 64 26 dagar
809 828 66 19 deref-

128 866 31 17 ter
181 863 79 19 inlösas
276 862 6 19 i
300 861 63 26 nägot
378 862 6 18 i
401 861 133 26 invisningen
556 861 108 26 uppgifvet
684 862 98 19 Bankens
802 861 75 20 kontor

128 897 52 20 eller
195 899 89 23 agentur
300 896 56 19 inom
372 895 77 20 landet.

197 931 67 19 Dessa
279 930 130 25 invisningar
425 929 70 20 ställas
511 930 31 19 till
559 930 40 19 viss
616 937 45 12 man
678 931 38 19 och
733 931 80 24 ordres;
830 937 46 13 men

129 966 26 19 de
171 965 20 20 få
206 965 48 19 icke
270 965 20 18 in
308 963 78 20 blanko
402 963 118 20 öfverlätas.

197 999 88 19 Banken
308 1001 23 16 är
354 998 125 19 förbehället
498 1000 30 17 att
543 998 6 19 i
566 998 71 25 hvarje
656 998 98 20 särskildt
770 998 42 26 fall,
829 1000 49 17 utan

129 1033 101 20 afseende
246 1033 12 19 &
274 1032 106 26 beloppet,
401 1032 121 22 bestämma,
539 1038 33 13 om
589 1033 133 26 invisningen
738 1033 53 19 skall
807 1033 71 19 ställas

129 1068 31 19 till
176 1067 81 20 inlösen
274 1067 34 19 vid
325 1066 139 26 uppvisandet
479 1066 53 19 eller
548 1068 31 17 tre
594 1067 64 26 dagar
674 1067 53 19 efter
742 1067 48 26 sigt.

476 1131 9 21 S
501 1129 34 20 22.

197 1174 77 20 Likaså
296 1174 63 25 säljer
382 1174 85 19 Banken
491 1174 131 27 invisningar
637 1174 12 19 &
664 1174 64 20 finskt
751 1174 50 20 eller
821 1174 59 25 ryskt

130 1211 65 24 mynt,
218 1211 30 17 att
270 1208 78 20 inlösas
365 1209 4 18 i
387 1208 97 20 Bankens
506 1208 75 20 kontor
597 1209 5 18 i
619 1209 30 19 S:t
668 1209 131 25 Petersburg.
835 1207 45 20 Och

129 1243 66 26 gäller
215 1242 111 27 angäende
345 1242 47 20 dem
408 1242 44 25 allt,
468 1248 44 15 som
530 1243 6 18 i
553 1242 175 27 nästföregäende
743 1244 10 22 $
769 1245 60 23 säges
847 1248 33 13 om

130 1277 131 26 invisningar
277 1277 13 19 å
304 1276 99 20 Bankens
419 1276 76 20 kontor
511 1277 56 19 inom
583 1277 77 19 landet.

477 1341 10 22 s
503 1329 50 30 23.
691 1366 5 4 N

200 1384 39 19 Vid
264 1384 151 26 försäljningen
439 1384 22 19 af
482 1384 130 27 invisningar
636 1384 81 26 uppbär
737 1383 86 20 Banken
841 1383 41 19 viss

131 1419 113 26 provision,
264 1418 62 19 hvars
346 1418 197 27 beräkningsgrund
561 1418 110 20 fastställes
687 1418 22 19 af
723 1416 158 21 Bankfullmäk-

131 1453 51 26 tige,
197 1453 53 19 efter
266 1452 150 20 Direktionens
431 1453 88 26 förslag;
535 1459 48 13 men
600 1452 84 25 kursen,
700 1451 106 20 hvarefter
819 1451 63 19 invis-
