1078 1692
796 128 32 17 251

102 190 56 19 såväl
175 190 25 19 de
216 190 155 26 skattskyldige
388 196 43 13 som
448 189 267 27 Bevillningskomitéerna
727 190 72 20 hunnit
810 191 39 19 för-

103 224 72 20 värfva
198 224 67 26 någon
289 230 54 13 vana
366 224 34 19 vid
424 224 40 19 den
482 230 41 19 nya
541 223 252 26 beskattningsgrundens
809 225 40 19 till-

103 258 113 26 lämpning.
247 258 122 20 Emellertid
386 258 103 19 stundade
505 260 56 17 ännu
577 257 48 20 vida
641 257 83 20 svårare
740 258 110 20 förhällan-

103 292 50 24 den;
178 298 45 13 men
241 292 40 19 den
299 291 121 26 minskning
435 291 176 19 inkomstskatten
630 291 26 19 då
671 291 40 25 led,
728 299 36 13 var
779 293 5 19 i
798 293 53 25 jem-

104 325 75 21 förelse
197 326 45 20 med
259 326 35 19 det
310 326 66 19 under
392 326 25 18 de
434 325 109 26 egentliga
560 325 92 19 nödären
669 325 92 20 rådande
771 327 80 25 betryc-

105 360 35 19 ket
161 360 60 26 högst
238 360 118 26 obetydlig.
388 360 99 18 Deremot
503 362 22 16 är
543 359 35 19 det
594 359 107 26 verkligen
718 360 133 26 förvånande,

105 396 29 17 att
149 394 53 19 efter
218 394 25 20 de
260 394 119 20 sedermera
395 393 111 20 inträffade
522 393 118 26 lyckligare
656 393 56 26 åren,
725 394 71 20 hvilka
805 395 45 19 med

105 428 44 20 skäl
174 428 65 20 måste
262 434 62 14 anses
347 428 68 19 såsom
439 428 138 19 öfverhufvud
603 428 61 26 goda,
680 428 39 20 och
734 429 118 20 hvarunder

104 462 47 20 icke
175 462 89 20 allenast
289 462 107 26 betalning
420 462 22 19 af
455 464 57 17 stora
527 462 92 25 skulder,
636 466 47 15 utan
700 462 30 20 till
747 463 38 19 och
802 464 46 19 med

107 503 25 13 en
157 497 32 19 för
208 497 45 19 vårt
277 496 49 20 land
343 496 94 26 ovanligt
453 496 68 26 hastig
539 496 95 26 bildning
650 496 22 19 af
686 496 71 26 rörligt
772 497 79 26 kapital

106 531 116 25 försiggått,
248 530 150 26 bevillningen,
422 530 26 26 på
471 532 41 18 sätt
535 530 39 19 den
598 530 82 24 Nådiga
695 531 154 25 propositionen

105 565 84 24 utvisar,
214 564 77 20 lemnat
307 565 5 19 i
330 565 34 19 det
388 567 103 17 närmaste
514 564 45 20 lika
582 564 71 26 dåliga
675 564 109 20 resultater
807 572 43 13 som

107 599 59 25 förut,
188 599 38 19 och
242 599 70 19 denna
327 598 154 26 omständighet
499 604 73 14 ensam
590 598 58 20 torde
665 598 69 20 kunna
750 599 55 26 gälla
820 600 30 19 så-

106 639 43 13 som
173 635 29 17 ett
225 632 113 27 ojäfaktigt
359 632 57 20 bevis
432 633 39 22 för,
486 634 29 18 att
532 632 35 20 det
583 632 65 26 årliga
664 633 152 20 fastställandet
831 635 23 19 af

106 668 69 19 denna
198 667 56 20 skatt
268 667 48 19 icke
332 666 79 27 tillgått
426 666 68 20 såsom
512 666 117 20 vederbort.
659 666 113 21 Skilnaden
789 668 62 20 emel-

106 702 33 19 lan
163 702 40 19 den
227 702 66 18 under
316 701 50 19 åren
389 701 52 19 1868
460 700 39 20 och
517 700 53 20 1869
588 701 120 19 uttaxerade
724 701 127 21 inkomstbe-

107 735 115 27 villningen
238 738 61 23 utgör
316 736 31 18 för
363 734 48 20 hela
426 734 69 20 landet
512 734 48 20 icke
577 734 46 19 fullt
638 734 75 26 20,000
730 736 65 25 mark,
811 737 38 19 och

107 770 53 20 dock
185 776 35 13 var
240 770 46 19 året
304 770 59 24 1867,
379 769 52 19 efter
447 769 62 19 hvars
525 775 52 13 rena
592 768 92 20 inkomst
701 770 51 19 1868
769 770 32 19 års
818 770 33 20 be-

107 804 90 26 villning
220 804 80 26 utgick,
316 803 35 20 det
367 803 140 26 olyckligaste
523 803 6 19 i
547 803 154 25 mannaminne,
718 804 5 19 i
739 804 68 20 stället
823 808 30 16 att

107 838 45 19 året
177 838 59 24 1868,
259 838 63 19 hvars
346 837 145 20 beskaffenhet
515 837 46 19 bort
584 837 64 19 verka
671 838 26 25 på
716 838 98 26 beloppet
833 840 22 18 af

110 872 52 19 1869
179 872 33 19 års
229 871 123 26 bevillning,
370 878 36 13 var
422 873 29 18 ett
466 871 32 20 för
513 873 76 18 största
604 871 60 19 delen
676 872 23 19 af
708 872 71 19 landet
789 879 63 13 ovan-

108 906 37 26 ligt
168 906 51 26 godt
240 906 28 19 år.
298 902 70 23 Äfven
392 905 49 20 åren
468 906 51 19 1869
543 905 40 20 och
602 905 52 20 1870
671 912 49 13 voro
738 906 114 21 skördarne

107 940 66 26 goda;
197 947 45 12 men
267 939 64 20 likväl
348 939 38 20 har
401 946 26 13 en
444 939 60 26 högst
520 940 61 25 ringa
597 939 93 26 stegring
706 940 23 19 af
743 940 109 20 bevillnin-

107 980 52 19 gens
183 974 76 26 belopp
283 973 49 20 åren
359 974 52 19 1870
435 974 38 19 och
497 975 49 18 1871
565 976 36 23 ägt
617 980 51 18 rum,
684 974 38 19 och
738 975 79 19 antalet
833 976 22 19 af

107 1007 54 26 dem,
185 1014 45 13 som
254 1008 68 19 betala
346 1007 123 27 bevillning,
489 1015 62 19 synes
568 1008 144 25 öfverhufvud,
728 1009 124 20 åtminstone

108 1041 26 26 på
157 1041 77 26 landet,
258 1049 50 12 vara
332 1042 5 19 i
358 1042 68 25 jemnt
449 1042 154 26 nedåtgående.
633 1042 41 19 Det
696 1043 59 19 torde
770 1043 83 20 således

108 1076 47 19 icke
171 1076 71 19 kunna
259 1076 109 25 bestridas,
384 1078 30 17 att
430 1078 61 17 sättet
507 1077 32 18 för
554 1076 124 25 taxeringen
689 1077 22 18 af
718 1077 134 26 bevillnings-

110 1110 82 19 skatten
209 1111 7 18 i
232 1111 113 18 allmänhet
363 1111 53 18 varit
431 1111 36 18 allt
483 1112 64 17 annat
563 1113 25 16 än
605 1109 197 21 tillfredsställande.

175 1141 143 23 Öfverhufvud
335 1145 37 19 har
388 1145 143 25 bevillningen
547 1145 7 18 i
570 1144 96 19 städerne
682 1144 78 20 lemnat
775 1147 29 18 ett
825 1146 28 19 vi-

107 1179 26 19 da
153 1179 163 26 fördelaktigare
333 1179 86 19 resultat
434 1182 25 16 än
477 1179 26 26 på
519 1179 76 19 landet.
628 1179 61 19 Detta
705 1179 39 19 kan
762 1180 88 19 visserli-

106 1219 40 20 gen
162 1213 31 19 till
210 1213 67 26 någon
295 1213 33 19 del
345 1212 102 20 förklaras
463 1213 64 24 deraf,
545 1215 29 17 att
590 1213 40 19 den
646 1213 77 26 rörliga
733 1213 118 26 förmögen-

107 1247 62 20 heten
191 1247 148 20 företrädesvis
355 1249 156 24 representeras
527 1247 20 19 af
563 1247 103 19 städerna.
698 1247 46 20 Men
760 1247 39 20 den
817 1255 34 12 an-

108 1281 82 19 märkta
209 1281 107 20 olikheten
333 1284 22 16 är
372 1281 54 20 dock
442 1281 70 20 alltför
527 1284 50 22 stor,
594 1281 31 19 för
640 1283 30 17 att
685 1281 71 20 kunna
771 1282 80 27 derige.

107 1321 49 14 nom
180 1315 108 20 förklaras.
319 1315 51 20 Vårt
392 1315 60 20 lands
468 1315 75 25 städer,
561 1315 46 20 med
624 1315 30 20 sin
670 1315 48 20 icke
734 1318 55 17 ännu
805 1322 46 21 syn-

108 1349 77 25 nerligt
208 1349 125 20 utvecklade
356 1349 95 26 industri,
467 1349 66 26 torde,
553 1349 60 20 äfven
631 1355 32 13 om
681 1355 46 13 man
743 1350 109 26 ihogkom-

108 1390 49 18 mer,
175 1385 30 18 att
220 1383 90 19 kronans
327 1383 59 20 flesta
402 1383 108 26 löntagare
527 1386 36 17 äro
579 1383 107 20 derstädes
703 1383 87 26 bosatte,
805 1385 47 20 icke

107 1417 71 20 kunna
194 1418 5 19 i
215 1417 100 20 afseende
330 1417 12 19 å
358 1417 60 20 deras
441 1418 140 19 innevånares
601 1423 50 14 rena
666 1417 92 20 inkomst
774 1417 77 21 likstäl-

108 1452 29 19 las
154 1451 47 20 med
218 1451 174 27 landsbyggdens
408 1452 87 25 ungefär
511 1452 76 25 fjorton
603 1451 79 26 gånger
693 1453 65 17 större
771 1451 79 20 befolk-
