1078 1692
212 135 34 19 626

191 198 91 20 varande
306 198 58 27 ligga
379 198 7 20 i
402 198 86 20 Banken
512 199 154 25 odisponerade
684 200 38 18 och
742 198 110 26 räntelösa,
872 201 68 18 ansett

191 233 68 27 någon
284 232 152 26 betänklighet,
457 233 5 19 i
482 232 101 21 afseende
605 232 13 20 å
641 232 223 27 byggnadsföretagets
887 233 52 19 utfö-

190 267 71 25 rande,
280 266 23 20 så
319 266 86 26 mycket
420 267 82 19 mindre
519 266 50 20 böra
585 269 62 23 möta,
663 273 44 13 som
726 266 115 20 detsamma
860 273 78 20 uppen-

190 300 95 27 barligen
306 306 48 14 vore
375 300 23 20 af
418 303 77 17 största
518 300 158 27 nödvändighet
698 301 31 19 för
752 300 144 26 befrämjande
918 302 23 18 af

189 334 98 20 Bankens
307 334 200 20 affärsverksamhet
518 334 12 20 å
545 336 67 24 orten,
625 335 86 19 hvilken
727 335 6 19 i
748 334 48 20 icke
811 335 61 26 ringa
887 336 51 25 grad

188 368 54 20 lider
262 369 24 19 af
299 368 99 20 Bankens
418 369 121 20 nuvarande
559 369 74 26 trånga
652 369 39 20 och
710 369 61 25 högst
786 369 152 19 ändamålsvid-

189 403 45 26 riga
249 402 64 20 lokal.

258 436 41 20 Vid
315 436 160 27 handläggning
491 437 23 19 af
528 437 58 20 detta
601 437 77 19 ärende
695 437 62 19 hafva
767 436 123 26 Ständerna,
902 444 36 12 un-

189 472 37 18 der
241 470 137 21 erkännande
394 471 22 19 af
430 471 35 19 det
485 471 46 20 utaf
551 468 186 23 Öfverdirektören
761 471 103 19 Dalström
888 477 49 20 upp-

189 506 74 26 gjorda
283 505 77 27 förslag
386 506 30 19 till
441 508 29 17 ett
494 505 102 26 bankhus,
618 505 68 20 sävidt
708 505 85 21 dermed
814 506 72 20 afsetts
909 508 30 17 att

190 540 125 26 byggnaden
337 539 64 21 borde
421 540 65 19 blifva
501 539 24 20 sä
541 539 84 27 mycket
646 546 44 13 som
709 539 82 27 möjligt
807 540 73 19 brand-
897 540 39 19 och

190 574 80 25 fuktfri,
286 576 56 17 emot
358 574 139 26 byggnadens
513 574 112 26 inredning
637 574 63 19 likväl
714 574 68 19 funnit
793 573 44 21 skäl
851 574 30 19 till
895 576 41 17 sär-

188 608 70 20 skilda
277 608 164 26 anmärkningar
461 608 138 24 förekomma,
621 608 62 20 bland
703 607 71 20 hvilka
790 607 25 20 de
831 608 106 19 förnämli-

189 644 59 24 gaste
266 644 47 17 äro:
334 644 30 17 att
382 642 127 26 vestibylen,
529 648 43 14 som
594 644 101 24 upptager
715 641 86 27 ungefär
816 648 25 13 en
862 641 75 27 tredje-

189 676 34 19 del
239 676 23 19 af
276 676 64 20 nedre
365 676 114 26 våningen,
496 676 70 20 kunde
582 682 50 13 vara
647 676 23 19 af
688 675 104 27 betydligt
811 676 80 20 mindre
907 676 29 19 di-

190 710 126 25 mensioner;
331 712 30 18 att
377 710 194 26 expeditionssalen
588 710 7 19 i
610 710 44 20 öfre
678 710 112 26 våningen,
814 710 46 19 med
883 710 53 20 afse-

188 744 53 20 ende
258 744 12 19 å
285 744 79 20 antalet
380 744 134 26 tjenstemän,
536 744 99 26 omkring
651 744 11 20 8
679 745 12 18 &
709 744 23 19 10
748 750 106 20 personer,
869 750 44 14 som
930 744 6 19 i

188 779 124 19 densamma
327 778 61 20 skola
402 778 81 26 arbeta,
500 778 63 20 borde
581 778 65 19 blifva
662 778 123 26 tillräckligt
798 780 42 18 stor
852 778 46 20 med
910 785 25 13 en

187 812 82 26 golfyta
284 813 23 19 af
325 812 55 20 circa
404 812 40 19 600
468 812 155 26 qvadratalnar,
646 812 34 19 vid
703 811 80 21 hvilket
806 812 130 20 förhållande

188 846 68 20 salens
280 845 149 20 utsträckande
451 852 78 19 genom
553 845 47 20 hela
624 845 70 20 husets
718 845 65 20 bredd
805 845 46 20 icke
871 846 65 19 heller

189 887 49 13 vore
254 879 144 27 erforderligt;
414 881 29 18 att
459 879 128 26 uppgången
604 879 44 20 från
666 880 64 19 nedra
746 879 103 27 våningen
866 880 70 19 kunde

190 914 108 20 förändras
314 913 29 26 så,
359 916 31 17 att
405 913 92 20 inträdet
520 913 30 20 till
574 913 58 20 salen
657 913 68 20 blefve
745 913 45 20 från
805 921 26 13 en
847 917 88 24 angrän-

188 948 65 20 sande
269 947 87 25 tambur,
372 948 7 19 i
395 947 70 20 stället
484 949 30 18 att
533 953 54 20 man,
603 947 65 26 enligt
688 947 111 26 ritningen,
815 948 68 20 skulle
905 949 30 19 in-

189 983 85 19 komma
289 982 6 19 i
311 981 58 20 salen
386 988 76 20 genom
479 988 25 13 en
521 982 95 25 öppning
634 981 25 26 på
674 981 79 20 midten
769 981 23 20 af
800 982 90 26 golfvet;
906 985 30 17 att

188 1015 150 21 Direktionens
360 1015 41 20 och
424 1015 152 27 Fullmäktiges
597 1023 43 12 rum
662 1022 49 13 vore
727 1015 31 20 för
774 1018 52 18 stort
840 1016 96 27 tilltagna

187 1052 53 18 samt
263 1056 26 13 en
312 1049 89 20 särskild
426 1049 57 20 lokal
507 1049 31 20 för
561 1050 132 20 revisorerne
716 1050 113 27 obehöflig,
845 1051 89 20 likasom

187 1084 39 20 ock
250 1083 223 26 nummertryckeriets
498 1083 56 20 lokal
580 1084 70 20 kunde
676 1084 106 27 betydligt
803 1085 133 25 förminskas,

187 1121 53 17 samt
256 1118 98 25 slutligen
370 1120 30 17 att
416 1124 25 13 en
459 1117 54 20 skild
534 1117 56 20 lokal
615 1118 31 19 för
669 1118 155 27 förvaltningen
840 1119 22 19 af
876 1121 58 18 stats-

187 1152 103 20 fonderna
314 1151 72 26 borde,
402 1152 6 19 i
424 1151 77 26 stället,
517 1151 54 20 helst
586 1152 27 26 på
633 1152 65 20 nedra
721 1152 71 20 botten
815 1153 120 27 anbringas,

188 1186 86 20 hvilken
290 1185 57 20 lokal
364 1185 68 20 skulle
449 1185 59 21 bestå
523 1185 23 20 af
559 1186 35 19 två
610 1186 126 20 medelstora
751 1186 40 20 och
807 1187 34 19 två
855 1187 80 20 mindre

188 1228 43 13 rum
252 1221 67 25 jemte
342 1220 82 20 tambur
445 1222 54 17 samt
515 1222 29 17 ett
560 1220 86 26 rymligt
661 1220 51 20 eller
728 1219 34 20 två
778 1223 77 17 smärre
872 1221 63 20 hvalf.

187 1256 9 19 I
211 1255 52 26 följd
287 1254 61 20 häraf
368 1254 86 20 komme
477 1254 62 19 äfven
563 1260 106 13 rummens
689 1255 5 18 i
717 1253 67 27 begge
807 1255 129 26 våningarne

187 1289 48 26 höjd
252 1290 31 18 att
298 1288 80 25 lämpas
398 1288 53 19 efter
475 1288 60 19 deras
559 1288 127 20 förändrade
708 1288 78 20 storlek
809 1289 39 19 och
871 1290 63 19 ända-

188 1323 47 20 mål.

256 1357 82 19 Främst
361 1356 63 20 hafva
446 1356 119 20 Ständerna
584 1356 54 20 dock
656 1356 98 19 anmärkt
772 1359 57 17 emot
844 1357 39 20 den
901 1357 33 20 be-

188 1391 80 27 tydliga
284 1390 89 20 kostnad
389 1390 23 20 af
426 1391 79 18 inemot
517 1391 90 25 700,000
620 1390 66 25 mark,
698 1396 45 13 som
756 1390 69 20 skulle
833 1391 103 20 erfordras

187 1425 31 20 för
234 1424 130 27 uppförande
379 1424 24 19 af
416 1426 30 19 ett
462 1424 102 26 bankhus,
580 1425 66 26 enligt
660 1425 36 19 det
711 1424 23 20 af
749 1424 141 27 Fullmäktige
905 1426 30 19 in-

187 1459 65 20 sända
272 1458 88 27 förslag:
380 1458 40 19 och
441 1458 28 20 då
483 1458 41 20 den
541 1459 92 26 mening,
650 1459 37 19 hos
702 1458 118 25 Ständerna
834 1459 55 26 gjort
904 1460 31 26 sig
