<?xml version="1.0" encoding="UTF-8"?>
<alto xmlns="http://www.loc.gov/standards/alto/ns-v3#" xmlns:xlink="http://www.w3.org/1999/xlink" xmlns:xsi="http://www.w3.org/2001/XMLSchema-instance" xsi:schemaLocation="http://www.loc.gov/standards/alto/ns-v3# http://www.loc.gov/alto/v3/alto-3-0.xsd">
	<Description>
		<MeasurementUnit>pixel</MeasurementUnit>
		<sourceImageInformation>
			<fileName>/tmp/tess_higwh9t4_input.PNG</fileName>
		</sourceImageInformation>
		<OCRProcessing ID="OCR_0">
			<ocrProcessingStep>
				<processingSoftware>
					<softwareName>tesseract 5.3.4</softwareName>
				</processingSoftware>
			</ocrProcessingStep>
		</OCRProcessing>
	</Description>
	<Layout>
		<Page WIDTH="1078" HEIGHT="1692" PHYSICAL_IMG_NR="0" ID="page_0">
			<PrintSpace HPOS="0" VPOS="0" WIDTH="1078" HEIGHT="1692">
				<ComposedBlock ID="cblock_0" HPOS="804" VPOS="126" WIDTH="33" HEIGHT="16">
					<TextBlock ID="block_0" HPOS="804" VPOS="126" WIDTH="33" HEIGHT="16">
						<TextLine ID="line_0" HPOS="804" VPOS="126" WIDTH="33" HEIGHT="16">
							<String ID="string_0" HPOS="804" VPOS="126" WIDTH="33" HEIGHT="16" WC="0.96" CONTENT="281"/>
						</TextLine>
					</TextBlock>
				</ComposedBlock>
				<ComposedBlock ID="cblock_1" HPOS="213" VPOS="188" WIDTH="648" HEIGHT="56">
					<TextBlock ID="block_1" HPOS="213" VPOS="188" WIDTH="648" HEIGHT="56">
						<TextLine ID="line_1" HPOS="213" VPOS="188" WIDTH="648" HEIGHT="28">
							<String ID="string_1" HPOS="213" VPOS="196" WIDTH="35" HEIGHT="20" WC="0.92" CONTENT="ege"/><SP WIDTH="22" VPOS="196" HPOS="248"/>
							<String ID="string_2" HPOS="270" VPOS="190" WIDTH="70" HEIGHT="26" WC="0.92" CONTENT="några"/><SP WIDTH="22" VPOS="190" HPOS="340"/>
							<String ID="string_3" HPOS="362" VPOS="188" WIDTH="95" HEIGHT="28" WC="0.88" CONTENT="afgifter"/><SP WIDTH="11" VPOS="188" HPOS="457"/>
							<String ID="string_4" HPOS="468" VPOS="188" WIDTH="42" HEIGHT="28" WC="0.93" CONTENT="för"/><SP WIDTH="22" VPOS="188" HPOS="510"/>
							<String ID="string_5" HPOS="532" VPOS="188" WIDTH="136" HEIGHT="22" WC="0.91" CONTENT="embetsverks"/><SP WIDTH="23" VPOS="188" HPOS="668"/>
							<String ID="string_6" HPOS="691" VPOS="188" WIDTH="170" HEIGHT="28" WC="0.95" CONTENT="expeditioner"/><SP WIDTH="-11" VPOS="188" HPOS="861"/>
							<String ID="string_7" HPOS="850" VPOS="184" WIDTH="14" HEIGHT="36" WC="0.96" CONTENT="i"/>
						</TextLine>
						<TextLine ID="line_2" HPOS="213" VPOS="222" WIDTH="271" HEIGHT="22">
							<String ID="string_8" HPOS="213" VPOS="223" WIDTH="84" HEIGHT="21" WC="0.96" CONTENT="sådana"/><SP WIDTH="15" VPOS="223" HPOS="297"/>
							<String ID="string_9" HPOS="312" VPOS="223" WIDTH="44" HEIGHT="21" WC="0.96" CONTENT="mål"/><SP WIDTH="14" VPOS="223" HPOS="356"/>
							<String ID="string_10" HPOS="370" VPOS="222" WIDTH="45" HEIGHT="21" WC="0.96" CONTENT="icke"/><SP WIDTH="15" VPOS="222" HPOS="415"/>
							<String ID="string_11" HPOS="430" VPOS="229" WIDTH="54" HEIGHT="14" WC="0.95" CONTENT="rum."/>
						</TextLine>
					</TextBlock>
				</ComposedBlock>
				<ComposedBlock ID="cblock_2" HPOS="211" VPOS="285" WIDTH="650" HEIGHT="400">
					<TextBlock ID="block_2" HPOS="505" VPOS="285" WIDTH="66" HEIGHT="27">
						<TextLine ID="line_3" HPOS="505" VPOS="285" WIDTH="66" HEIGHT="27">
							<String ID="string_12" HPOS="505" VPOS="285" WIDTH="16" HEIGHT="27" WC="0.87" CONTENT="$"/><SP WIDTH="14" VPOS="285" HPOS="521"/>
							<String ID="string_13" HPOS="535" VPOS="286" WIDTH="36" HEIGHT="20" WC="0.95" CONTENT="32."/>
						</TextLine>
					</TextBlock>
					<TextBlock ID="block_3" HPOS="211" VPOS="324" WIDTH="650" HEIGHT="361">
						<TextLine ID="line_4" HPOS="281" VPOS="324" WIDTH="580" HEIGHT="28">
							<String ID="string_14" HPOS="281" VPOS="324" WIDTH="16" HEIGHT="21" WC="0.95" CONTENT="I"/><SP WIDTH="12" VPOS="324" HPOS="297"/>
							<String ID="string_15" HPOS="309" VPOS="324" WIDTH="103" HEIGHT="28" WC="0.93" CONTENT="afseende"/><SP WIDTH="14" VPOS="324" HPOS="412"/>
							<String ID="string_16" HPOS="426" VPOS="325" WIDTH="14" HEIGHT="20" WC="0.89" CONTENT="å"/><SP WIDTH="15" VPOS="325" HPOS="440"/>
							<String ID="string_17" HPOS="455" VPOS="324" WIDTH="105" HEIGHT="27" WC="0.92" CONTENT="uppbörd,"/><SP WIDTH="19" VPOS="324" HPOS="560"/>
							<String ID="string_18" HPOS="579" VPOS="324" WIDTH="144" HEIGHT="27" WC="0.92" CONTENT="inleverering"/><SP WIDTH="20" VPOS="324" HPOS="723"/>
							<String ID="string_19" HPOS="743" VPOS="324" WIDTH="38" HEIGHT="21" WC="0.93" CONTENT="och"/><SP WIDTH="19" VPOS="324" HPOS="781"/>
							<String ID="string_20" HPOS="800" VPOS="324" WIDTH="61" HEIGHT="21" WC="0.84" CONTENT="redo-"/>
						</TextLine>
						<TextLine ID="line_5" HPOS="212" VPOS="358" WIDTH="649" HEIGHT="28">
							<String ID="string_21" HPOS="212" VPOS="359" WIDTH="87" HEIGHT="27" WC="0.95" CONTENT="visning"/><SP WIDTH="21" VPOS="359" HPOS="299"/>
							<String ID="string_22" HPOS="320" VPOS="358" WIDTH="30" HEIGHT="28" WC="0.90" CONTENT="af"/><SP WIDTH="18" VPOS="358" HPOS="350"/>
							<String ID="string_23" HPOS="368" VPOS="358" WIDTH="251" HEIGHT="28" WC="0.90" CONTENT="bevillningsafgifterne"/><SP WIDTH="22" VPOS="358" HPOS="619"/>
							<String ID="string_24" HPOS="641" VPOS="360" WIDTH="55" HEIGHT="19" WC="0.93" CONTENT="samt"/><SP WIDTH="23" VPOS="360" HPOS="696"/>
							<String ID="string_25" HPOS="719" VPOS="358" WIDTH="142" HEIGHT="21" WC="0.90" CONTENT="anmärknin-"/>
						</TextLine>
						<TextLine ID="line_6" HPOS="211" VPOS="392" WIDTH="650" HEIGHT="28">
							<String ID="string_26" HPOS="211" VPOS="399" WIDTH="43" HEIGHT="21" WC="0.96" CONTENT="gar"/><SP WIDTH="22" VPOS="399" HPOS="254"/>
							<String ID="string_27" HPOS="276" VPOS="395" WIDTH="43" HEIGHT="18" WC="0.96" CONTENT="mot"/><SP WIDTH="22" VPOS="395" HPOS="319"/>
							<String ID="string_28" HPOS="341" VPOS="392" WIDTH="156" HEIGHT="21" WC="0.93" CONTENT="vederbörande"/><SP WIDTH="19" VPOS="392" HPOS="497"/>
							<String ID="string_29" HPOS="516" VPOS="392" WIDTH="162" HEIGHT="27" WC="0.83" CONTENT="uppbördsmän"/><SP WIDTH="21" VPOS="392" HPOS="678"/>
							<String ID="string_30" HPOS="699" VPOS="392" WIDTH="110" HEIGHT="28" WC="0.96" CONTENT="angående"/><SP WIDTH="10" VPOS="392" HPOS="809"/>
							<String ID="string_31" HPOS="819" VPOS="392" WIDTH="42" HEIGHT="28" WC="0.96" CONTENT="för"/>
						</TextLine>
						<TextLine ID="line_7" HPOS="213" VPOS="426" WIDTH="647" HEIGHT="28">
							<String ID="string_32" HPOS="213" VPOS="427" WIDTH="66" HEIGHT="27" WC="0.94" CONTENT="ringa"/><SP WIDTH="24" VPOS="427" HPOS="279"/>
							<String ID="string_33" HPOS="303" VPOS="426" WIDTH="111" HEIGHT="21" WC="0.91" CONTENT="debiterad"/><SP WIDTH="21" VPOS="426" HPOS="414"/>
							<String ID="string_34" HPOS="435" VPOS="426" WIDTH="124" HEIGHT="28" WC="0.91" CONTENT="bevillning,"/><SP WIDTH="25" VPOS="426" HPOS="559"/>
							<String ID="string_35" HPOS="584" VPOS="426" WIDTH="109" HEIGHT="27" WC="0.84" CONTENT="äfvensom"/><SP WIDTH="25" VPOS="426" HPOS="693"/>
							<String ID="string_36" HPOS="718" VPOS="426" WIDTH="142" HEIGHT="21" WC="0.91" CONTENT="ätersökande"/>
						</TextLine>
						<TextLine ID="line_8" HPOS="213" VPOS="460" WIDTH="648" HEIGHT="28">
							<String ID="string_37" HPOS="213" VPOS="460" WIDTH="30" HEIGHT="28" WC="0.92" CONTENT="af"/><SP WIDTH="10" VPOS="460" HPOS="243"/>
							<String ID="string_38" HPOS="253" VPOS="460" WIDTH="57" HEIGHT="21" WC="0.90" CONTENT="hvad"/><SP WIDTH="22" VPOS="460" HPOS="310"/>
							<String ID="string_39" HPOS="332" VPOS="460" WIDTH="215" HEIGHT="28" WC="0.90" CONTENT="bevillningsskyldig"/><SP WIDTH="18" VPOS="460" HPOS="547"/>
							<String ID="string_40" HPOS="565" VPOS="460" WIDTH="117" HEIGHT="27" WC="0.92" CONTENT="förmenar"/><SP WIDTH="17" VPOS="460" HPOS="682"/>
							<String ID="string_41" HPOS="699" VPOS="461" WIDTH="33" HEIGHT="26" WC="0.96" CONTENT="sig"/><SP WIDTH="16" VPOS="461" HPOS="732"/>
							<String ID="string_42" HPOS="748" VPOS="461" WIDTH="8" HEIGHT="20" WC="0.96" CONTENT="i"/><SP WIDTH="16" VPOS="461" HPOS="756"/>
							<String ID="string_43" HPOS="772" VPOS="460" WIDTH="89" HEIGHT="21" WC="0.96" CONTENT="berörde"/>
						</TextLine>
						<TextLine ID="line_9" HPOS="213" VPOS="494" WIDTH="647" HEIGHT="28">
							<String ID="string_44" HPOS="213" VPOS="494" WIDTH="120" HEIGHT="22" WC="0.96" CONTENT="hänseende"/><SP WIDTH="22" VPOS="494" HPOS="333"/>
							<String ID="string_45" HPOS="355" VPOS="494" WIDTH="68" HEIGHT="28" WC="0.95" CONTENT="hafva"/><SP WIDTH="16" VPOS="494" HPOS="423"/>
							<String ID="string_46" HPOS="439" VPOS="494" WIDTH="73" HEIGHT="27" WC="0.96" CONTENT="blifvit"/><SP WIDTH="15" VPOS="494" HPOS="512"/>
							<String ID="string_47" HPOS="527" VPOS="494" WIDTH="30" HEIGHT="28" WC="0.93" CONTENT="af"/><SP WIDTH="10" VPOS="494" HPOS="557"/>
							<String ID="string_48" HPOS="567" VPOS="494" WIDTH="161" HEIGHT="28" WC="0.91" CONTENT="uppbördsman"/><SP WIDTH="14" VPOS="494" HPOS="728"/>
							<String ID="string_49" HPOS="742" VPOS="494" WIDTH="42" HEIGHT="27" WC="0.92" CONTENT="för"/><SP WIDTH="18" VPOS="494" HPOS="784"/>
							<String ID="string_50" HPOS="802" VPOS="501" WIDTH="58" HEIGHT="21" WC="0.91" CONTENT="myc-"/>
						</TextLine>
						<TextLine ID="line_10" HPOS="213" VPOS="528" WIDTH="647" HEIGHT="28">
							<String ID="string_51" HPOS="213" VPOS="528" WIDTH="34" HEIGHT="21" WC="0.93" CONTENT="ket"/><SP WIDTH="11" VPOS="528" HPOS="247"/>
							<String ID="string_52" HPOS="258" VPOS="528" WIDTH="95" HEIGHT="28" WC="0.92" CONTENT="påfördt"/><SP WIDTH="14" VPOS="528" HPOS="353"/>
							<String ID="string_53" HPOS="367" VPOS="528" WIDTH="48" HEIGHT="21" WC="0.96" CONTENT="med"/><SP WIDTH="14" VPOS="528" HPOS="415"/>
							<String ID="string_54" HPOS="429" VPOS="535" WIDTH="66" HEIGHT="19" WC="0.92" CONTENT="mera,"/><SP WIDTH="19" VPOS="535" HPOS="495"/>
							<String ID="string_55" HPOS="514" VPOS="528" WIDTH="59" HEIGHT="28" WC="0.91" CONTENT="gälle"/><SP WIDTH="15" VPOS="528" HPOS="573"/>
							<String ID="string_56" HPOS="588" VPOS="528" WIDTH="57" HEIGHT="21" WC="0.96" CONTENT="hvad"/><SP WIDTH="15" VPOS="528" HPOS="645"/>
							<String ID="string_57" HPOS="660" VPOS="528" WIDTH="114" HEIGHT="28" WC="0.92" CONTENT="angående"/><SP WIDTH="14" VPOS="528" HPOS="774"/>
							<String ID="string_58" HPOS="788" VPOS="528" WIDTH="72" HEIGHT="27" WC="0.92" CONTENT="öfrige"/>
						</TextLine>
						<TextLine ID="line_11" HPOS="212" VPOS="562" WIDTH="648" HEIGHT="28">
							<String ID="string_59" HPOS="212" VPOS="562" WIDTH="156" HEIGHT="28" WC="0.91" CONTENT="kronoutlagor"/><SP WIDTH="22" VPOS="562" HPOS="368"/>
							<String ID="string_60" HPOS="390" VPOS="564" WIDTH="27" HEIGHT="19" WC="0.90" CONTENT="är"/><SP WIDTH="21" VPOS="564" HPOS="417"/>
							<String ID="string_61" HPOS="438" VPOS="562" WIDTH="110" HEIGHT="28" WC="0.90" CONTENT="stadgadt."/><SP WIDTH="30" VPOS="562" HPOS="548"/>
							<String ID="string_62" HPOS="578" VPOS="562" WIDTH="61" HEIGHT="21" WC="0.95" CONTENT="Dock"/><SP WIDTH="14" VPOS="562" HPOS="639"/>
							<String ID="string_63" HPOS="653" VPOS="562" WIDTH="30" HEIGHT="27" WC="0.95" CONTENT="få"/><SP WIDTH="16" VPOS="562" HPOS="683"/>
							<String ID="string_64" HPOS="699" VPOS="562" WIDTH="62" HEIGHT="21" WC="0.92" CONTENT="dessa"/><SP WIDTH="25" VPOS="562" HPOS="761"/>
							<String ID="string_65" HPOS="786" VPOS="562" WIDTH="74" HEIGHT="21" WC="0.89" CONTENT="bevill-"/>
						</TextLine>
						<TextLine ID="line_12" HPOS="213" VPOS="596" WIDTH="646" HEIGHT="28">
							<String ID="string_66" HPOS="213" VPOS="596" WIDTH="133" HEIGHT="28" WC="0.91" CONTENT="ningsmedel"/><SP WIDTH="21" VPOS="596" HPOS="346"/>
							<String ID="string_67" HPOS="367" VPOS="596" WIDTH="68" HEIGHT="21" WC="0.95" CONTENT="icke"/><SP WIDTH="-6" VPOS="596" HPOS="435"/>
							<String ID="string_68" HPOS="429" VPOS="592" WIDTH="14" HEIGHT="36" WC="0.95" CONTENT="i"/><SP WIDTH="11" VPOS="592" HPOS="443"/>
							<String ID="string_69" HPOS="454" VPOS="596" WIDTH="105" HEIGHT="21" WC="0.96" CONTENT="Kronans"/><SP WIDTH="22" VPOS="596" HPOS="559"/>
							<String ID="string_70" HPOS="581" VPOS="596" WIDTH="148" HEIGHT="28" WC="0.92" CONTENT="räkenskaper"/><SP WIDTH="22" VPOS="596" HPOS="729"/>
							<String ID="string_71" HPOS="751" VPOS="603" WIDTH="108" HEIGHT="14" WC="0.91" CONTENT="samman-"/>
						</TextLine>
						<TextLine ID="line_13" HPOS="213" VPOS="630" WIDTH="646" HEIGHT="26">
							<String ID="string_72" HPOS="213" VPOS="630" WIDTH="92" HEIGHT="21" WC="0.96" CONTENT="blandas"/><SP WIDTH="24" VPOS="630" HPOS="305"/>
							<String ID="string_73" HPOS="329" VPOS="631" WIDTH="48" HEIGHT="20" WC="0.95" CONTENT="med"/><SP WIDTH="25" VPOS="631" HPOS="377"/>
							<String ID="string_74" HPOS="402" VPOS="630" WIDTH="70" HEIGHT="21" WC="0.95" CONTENT="andra"/><SP WIDTH="25" VPOS="630" HPOS="472"/>
							<String ID="string_75" HPOS="497" VPOS="631" WIDTH="114" HEIGHT="20" WC="0.94" CONTENT="allmänna"/><SP WIDTH="24" VPOS="631" HPOS="611"/>
							<String ID="string_76" HPOS="635" VPOS="630" WIDTH="73" HEIGHT="26" WC="0.94" CONTENT="medel,"/><SP WIDTH="22" VPOS="630" HPOS="708"/>
							<String ID="string_77" HPOS="730" VPOS="633" WIDTH="54" HEIGHT="18" WC="0.96" CONTENT="utan"/><SP WIDTH="23" VPOS="633" HPOS="784"/>
							<String ID="string_78" HPOS="807" VPOS="630" WIDTH="52" HEIGHT="21" WC="0.96" CONTENT="böra"/>
						</TextLine>
						<TextLine ID="line_14" HPOS="212" VPOS="664" WIDTH="238" HEIGHT="21">
							<String ID="string_79" HPOS="212" VPOS="664" WIDTH="107" HEIGHT="21" WC="0.96" CONTENT="särskildt"/><SP WIDTH="15" VPOS="664" HPOS="319"/>
							<String ID="string_80" HPOS="334" VPOS="664" WIDTH="116" HEIGHT="21" WC="0.96" CONTENT="redovisas."/>
						</TextLine>
					</TextBlock>
				</ComposedBlock>
				<ComposedBlock ID="cblock_3" HPOS="207" VPOS="727" WIDTH="653" HEIGHT="744">
					<TextBlock ID="block_4" HPOS="504" VPOS="727" WIDTH="65" HEIGHT="27">
						<TextLine ID="line_15" HPOS="504" VPOS="727" WIDTH="65" HEIGHT="27">
							<String ID="string_81" HPOS="504" VPOS="727" WIDTH="15" HEIGHT="27" WC="0.88" CONTENT="$"/><SP WIDTH="16" VPOS="727" HPOS="519"/>
							<String ID="string_82" HPOS="535" VPOS="727" WIDTH="34" HEIGHT="21" WC="0.95" CONTENT="33."/>
						</TextLine>
					</TextBlock>
					<TextBlock ID="block_5" HPOS="207" VPOS="765" WIDTH="653" HEIGHT="598">
						<TextLine ID="line_16" HPOS="280" VPOS="765" WIDTH="579" HEIGHT="29">
							<String ID="string_83" HPOS="280" VPOS="766" WIDTH="67" HEIGHT="20" WC="0.95" CONTENT="Hvad"/><SP WIDTH="22" VPOS="766" HPOS="347"/>
							<String ID="string_84" HPOS="369" VPOS="765" WIDTH="105" HEIGHT="21" WC="0.95" CONTENT="särskildt"/><SP WIDTH="23" VPOS="765" HPOS="474"/>
							<String ID="string_85" HPOS="497" VPOS="766" WIDTH="71" HEIGHT="28" WC="0.93" CONTENT="angår"/><SP WIDTH="15" VPOS="766" HPOS="568"/>
							<String ID="string_86" HPOS="583" VPOS="766" WIDTH="125" HEIGHT="28" WC="0.91" CONTENT="uppbörden"/><SP WIDTH="16" VPOS="766" HPOS="708"/>
							<String ID="string_87" HPOS="724" VPOS="766" WIDTH="30" HEIGHT="27" WC="0.96" CONTENT="af"/><SP WIDTH="11" VPOS="766" HPOS="754"/>
							<String ID="string_88" HPOS="765" VPOS="766" WIDTH="41" HEIGHT="21" WC="0.93" CONTENT="den"/><SP WIDTH="15" VPOS="766" HPOS="806"/>
							<String ID="string_89" HPOS="821" VPOS="768" WIDTH="38" HEIGHT="19" WC="0.93" CONTENT="nä-"/>
						</TextLine>
						<TextLine ID="line_17" HPOS="213" VPOS="800" WIDTH="646" HEIGHT="28">
							<String ID="string_90" HPOS="213" VPOS="800" WIDTH="179" HEIGHT="28" WC="0.91" CONTENT="ringsbevillning"/><SP WIDTH="21" VPOS="800" HPOS="392"/>
							<String ID="string_91" HPOS="413" VPOS="800" WIDTH="115" HEIGHT="21" WC="0.91" CONTENT="utländske"/><SP WIDTH="23" VPOS="800" HPOS="528"/>
							<String ID="string_92" HPOS="551" VPOS="800" WIDTH="124" HEIGHT="21" WC="0.95" CONTENT="handlande"/><SP WIDTH="19" VPOS="800" HPOS="675"/>
							<String ID="string_93" HPOS="694" VPOS="800" WIDTH="47" HEIGHT="21" WC="0.95" CONTENT="med"/><SP WIDTH="10" VPOS="800" HPOS="741"/>
							<String ID="string_94" HPOS="751" VPOS="800" WIDTH="56" HEIGHT="27" WC="0.90" CONTENT="flere"/><SP WIDTH="15" VPOS="800" HPOS="807"/>
							<String ID="string_95" HPOS="822" VPOS="807" WIDTH="37" HEIGHT="14" WC="0.91" CONTENT="en-"/>
						</TextLine>
						<TextLine ID="line_18" HPOS="213" VPOS="834" WIDTH="647" HEIGHT="28">
							<String ID="string_96" HPOS="213" VPOS="835" WIDTH="40" HEIGHT="27" WC="0.91" CONTENT="ligt"/><SP WIDTH="14" VPOS="835" HPOS="253"/>
							<String ID="string_97" HPOS="267" VPOS="835" WIDTH="15" HEIGHT="26" WC="0.91" CONTENT="$"/><SP WIDTH="15" VPOS="835" HPOS="282"/>
							<String ID="string_98" HPOS="297" VPOS="836" WIDTH="13" HEIGHT="19" WC="0.96" CONTENT="6"/><SP WIDTH="16" VPOS="836" HPOS="310"/>
							<String ID="string_99" HPOS="326" VPOS="836" WIDTH="38" HEIGHT="18" WC="0.96" CONTENT="äro"/><SP WIDTH="15" VPOS="836" HPOS="364"/>
							<String ID="string_100" HPOS="379" VPOS="834" WIDTH="165" HEIGHT="25" WC="0.96" CONTENT="underkastade,"/><SP WIDTH="21" VPOS="834" HPOS="544"/>
							<String ID="string_101" HPOS="565" VPOS="834" WIDTH="83" HEIGHT="27" WC="0.96" CONTENT="åligger"/><SP WIDTH="15" VPOS="834" HPOS="648"/>
							<String ID="string_102" HPOS="663" VPOS="834" WIDTH="35" HEIGHT="20" WC="0.93" CONTENT="det"/><SP WIDTH="15" VPOS="834" HPOS="698"/>
							<String ID="string_103" HPOS="713" VPOS="834" WIDTH="86" HEIGHT="26" WC="0.91" CONTENT="enhvar,"/><SP WIDTH="15" VPOS="834" HPOS="799"/>
							<String ID="string_104" HPOS="814" VPOS="841" WIDTH="46" HEIGHT="14" WC="0.96" CONTENT="som"/>
						</TextLine>
						<TextLine ID="line_19" HPOS="213" VPOS="867" WIDTH="646" HEIGHT="28">
							<String ID="string_105" HPOS="213" VPOS="868" WIDTH="67" HEIGHT="27" WC="0.96" CONTENT="enligt"/><SP WIDTH="16" VPOS="868" HPOS="280"/>
							<String ID="string_106" HPOS="296" VPOS="869" WIDTH="12" HEIGHT="19" WC="0.95" CONTENT="1"/><SP WIDTH="15" VPOS="869" HPOS="308"/>
							<String ID="string_107" HPOS="323" VPOS="869" WIDTH="110" HEIGHT="19" WC="0.95" CONTENT="momentet"/><SP WIDTH="23" VPOS="869" HPOS="433"/>
							<String ID="string_108" HPOS="456" VPOS="867" WIDTH="29" HEIGHT="28" WC="0.95" CONTENT="af"/><SP WIDTH="17" VPOS="867" HPOS="485"/>
							<String ID="string_109" HPOS="502" VPOS="867" WIDTH="95" HEIGHT="21" WC="0.93" CONTENT="nämnde"/><SP WIDTH="20" VPOS="867" HPOS="597"/>
							<String ID="string_110" HPOS="617" VPOS="868" WIDTH="16" HEIGHT="27" WC="0.92" CONTENT="$"/><SP WIDTH="21" VPOS="868" HPOS="633"/>
							<String ID="string_111" HPOS="654" VPOS="867" WIDTH="38" HEIGHT="21" WC="0.96" CONTENT="bör"/><SP WIDTH="22" VPOS="867" HPOS="692"/>
							<String ID="string_112" HPOS="714" VPOS="867" WIDTH="60" HEIGHT="28" WC="0.93" CONTENT="dylik"/><SP WIDTH="15" VPOS="867" HPOS="774"/>
							<String ID="string_113" HPOS="789" VPOS="868" WIDTH="70" HEIGHT="27" WC="0.90" CONTENT="afgift"/>
						</TextLine>
						<TextLine ID="line_20" HPOS="212" VPOS="901" WIDTH="647" HEIGHT="28">
							<String ID="string_114" HPOS="212" VPOS="903" WIDTH="85" HEIGHT="26" WC="0.96" CONTENT="utgöra,"/><SP WIDTH="16" VPOS="903" HPOS="297"/>
							<String ID="string_115" HPOS="313" VPOS="903" WIDTH="39" HEIGHT="24" WC="0.96" CONTENT="att,"/><SP WIDTH="16" VPOS="903" HPOS="352"/>
							<String ID="string_116" HPOS="368" VPOS="902" WIDTH="24" HEIGHT="20" WC="0.96" CONTENT="så"/><SP WIDTH="16" VPOS="902" HPOS="392"/>
							<String ID="string_117" HPOS="408" VPOS="903" WIDTH="62" HEIGHT="19" WC="0.96" CONTENT="snart"/><SP WIDTH="19" VPOS="903" HPOS="470"/>
							<String ID="string_118" HPOS="489" VPOS="901" WIDTH="41" HEIGHT="21" WC="0.93" CONTENT="den"/><SP WIDTH="23" VPOS="901" HPOS="530"/>
							<String ID="string_119" HPOS="553" VPOS="901" WIDTH="71" HEIGHT="21" WC="0.92" CONTENT="deruti"/><SP WIDTH="23" VPOS="901" HPOS="624"/>
							<String ID="string_120" HPOS="647" VPOS="901" WIDTH="109" HEIGHT="21" WC="0.96" CONTENT="bestämda"/><SP WIDTH="26" VPOS="901" HPOS="756"/>
							<String ID="string_121" HPOS="782" VPOS="903" WIDTH="77" HEIGHT="20" WC="0.96" CONTENT="termin"/>
						</TextLine>
						<TextLine ID="line_21" HPOS="211" VPOS="935" WIDTH="647" HEIGHT="28">
							<String ID="string_122" HPOS="211" VPOS="935" WIDTH="31" HEIGHT="27" WC="0.96" CONTENT="af"/><SP WIDTH="18" VPOS="935" HPOS="242"/>
							<String ID="string_123" HPOS="260" VPOS="938" WIDTH="32" HEIGHT="18" WC="0.96" CONTENT="tre"/><SP WIDTH="24" VPOS="938" HPOS="292"/>
							<String ID="string_124" HPOS="316" VPOS="935" WIDTH="70" HEIGHT="28" WC="0.95" CONTENT="dagar"/><SP WIDTH="22" VPOS="935" HPOS="386"/>
							<String ID="string_125" HPOS="408" VPOS="935" WIDTH="55" HEIGHT="28" WC="0.95" CONTENT="efter"/><SP WIDTH="21" VPOS="935" HPOS="463"/>
							<String ID="string_126" HPOS="484" VPOS="935" WIDTH="55" HEIGHT="21" WC="0.96" CONTENT="hans"/><SP WIDTH="19" VPOS="935" HPOS="539"/>
							<String ID="string_127" HPOS="558" VPOS="935" WIDTH="99" HEIGHT="21" WC="0.96" CONTENT="ankomst"/><SP WIDTH="15" VPOS="935" HPOS="657"/>
							<String ID="string_128" HPOS="672" VPOS="935" WIDTH="35" HEIGHT="21" WC="0.96" CONTENT="till"/><SP WIDTH="15" VPOS="935" HPOS="707"/>
							<String ID="string_129" HPOS="722" VPOS="935" WIDTH="73" HEIGHT="21" WC="0.93" CONTENT="landet"/><SP WIDTH="10" VPOS="935" HPOS="795"/>
							<String ID="string_130" HPOS="805" VPOS="936" WIDTH="53" HEIGHT="27" WC="0.92" CONTENT="för-"/>
						</TextLine>
						<TextLine ID="line_22" HPOS="207" VPOS="969" WIDTH="651" HEIGHT="28">
							<String ID="string_131" HPOS="207" VPOS="969" WIDTH="70" HEIGHT="28" WC="0.40" CONTENT="Jutit,"/><SP WIDTH="25" VPOS="969" HPOS="277"/>
							<String ID="string_132" HPOS="302" VPOS="969" WIDTH="35" HEIGHT="21" WC="0.95" CONTENT="till"/><SP WIDTH="21" VPOS="969" HPOS="337"/>
							<String ID="string_133" HPOS="358" VPOS="971" WIDTH="109" HEIGHT="19" WC="0.93" CONTENT="närmaste"/><SP WIDTH="23" VPOS="971" HPOS="467"/>
							<String ID="string_134" HPOS="490" VPOS="969" WIDTH="230" HEIGHT="28" WC="0.91" CONTENT="kronouppbördsman"/><SP WIDTH="14" VPOS="969" HPOS="720"/>
							<String ID="string_135" HPOS="734" VPOS="970" WIDTH="10" HEIGHT="20" WC="0.96" CONTENT="i"/><SP WIDTH="14" VPOS="970" HPOS="744"/>
							<String ID="string_136" HPOS="758" VPOS="970" WIDTH="50" HEIGHT="21" WC="0.93" CONTENT="stad"/><SP WIDTH="19" VPOS="970" HPOS="808"/>
							<String ID="string_137" HPOS="827" VPOS="977" WIDTH="31" HEIGHT="14" WC="0.91" CONTENT="er-"/>
						</TextLine>
						<TextLine ID="line_23" HPOS="212" VPOS="1003" WIDTH="647" HEIGHT="28">
							<String ID="string_138" HPOS="212" VPOS="1003" WIDTH="66" HEIGHT="28" WC="0.92" CONTENT="lägga"/><SP WIDTH="23" VPOS="1003" HPOS="278"/>
							<String ID="string_139" HPOS="301" VPOS="1003" WIDTH="181" HEIGHT="28" WC="0.92" CONTENT="etthundratjugu"/><SP WIDTH="29" VPOS="1003" HPOS="482"/>
							<String ID="string_140" HPOS="511" VPOS="1003" WIDTH="64" HEIGHT="21" WC="0.94" CONTENT="mark"/><SP WIDTH="21" VPOS="1003" HPOS="575"/>
							<String ID="string_141" HPOS="596" VPOS="1003" WIDTH="42" HEIGHT="28" WC="0.88" CONTENT="för"/><SP WIDTH="30" VPOS="1003" HPOS="638"/>
							<String ID="string_142" HPOS="668" VPOS="1003" WIDTH="131" HEIGHT="28" WC="0.86" CONTENT="rättigheten"/><SP WIDTH="28" VPOS="1003" HPOS="799"/>
							<String ID="string_143" HPOS="827" VPOS="1007" WIDTH="32" HEIGHT="18" WC="0.94" CONTENT="att"/>
						</TextLine>
						<TextLine ID="line_24" HPOS="211" VPOS="1037" WIDTH="648" HEIGHT="26">
							<String ID="string_144" HPOS="211" VPOS="1037" WIDTH="70" HEIGHT="21" WC="0.96" CONTENT="under"/><SP WIDTH="15" VPOS="1037" HPOS="281"/>
							<String ID="string_145" HPOS="296" VPOS="1045" WIDTH="26" HEIGHT="13" WC="0.93" CONTENT="en"/><SP WIDTH="14" VPOS="1045" HPOS="322"/>
							<String ID="string_146" HPOS="336" VPOS="1037" WIDTH="92" HEIGHT="21" WC="0.91" CONTENT="mänads"/><SP WIDTH="15" VPOS="1037" HPOS="428"/>
							<String ID="string_147" HPOS="443" VPOS="1037" WIDTH="32" HEIGHT="21" WC="0.93" CONTENT="tid"/><SP WIDTH="15" VPOS="1037" HPOS="475"/>
							<String ID="string_148" HPOS="490" VPOS="1037" WIDTH="53" HEIGHT="21" WC="0.93" CONTENT="idka"/><SP WIDTH="16" VPOS="1037" HPOS="543"/>
							<String ID="string_149" HPOS="559" VPOS="1037" WIDTH="90" HEIGHT="26" WC="0.96" CONTENT="handel;"/><SP WIDTH="15" VPOS="1037" HPOS="649"/>
							<String ID="string_150" HPOS="664" VPOS="1037" WIDTH="38" HEIGHT="21" WC="0.96" CONTENT="och"/><SP WIDTH="15" VPOS="1037" HPOS="702"/>
							<String ID="string_151" HPOS="717" VPOS="1037" WIDTH="57" HEIGHT="22" WC="0.93" CONTENT="skall"/><SP WIDTH="15" VPOS="1037" HPOS="774"/>
							<String ID="string_152" HPOS="789" VPOS="1038" WIDTH="70" HEIGHT="21" WC="0.92" CONTENT="sädan"/>
						</TextLine>
						<TextLine ID="line_25" HPOS="211" VPOS="1071" WIDTH="646" HEIGHT="28">
							<String ID="string_153" HPOS="211" VPOS="1071" WIDTH="131" HEIGHT="26" WC="0.91" CONTENT="handlande,"/><SP WIDTH="24" VPOS="1071" HPOS="342"/>
							<String ID="string_154" HPOS="366" VPOS="1071" WIDTH="69" HEIGHT="21" WC="0.91" CONTENT="derest"/><SP WIDTH="23" VPOS="1071" HPOS="435"/>
							<String ID="string_155" HPOS="458" VPOS="1071" WIDTH="43" HEIGHT="21" WC="0.96" CONTENT="han"/><SP WIDTH="23" VPOS="1071" HPOS="501"/>
							<String ID="string_156" HPOS="524" VPOS="1071" WIDTH="57" HEIGHT="28" WC="0.93" CONTENT="efter"/><SP WIDTH="22" VPOS="1071" HPOS="581"/>
							<String ID="string_157" HPOS="603" VPOS="1072" WIDTH="93" HEIGHT="20" WC="0.92" CONTENT="nämnde"/><SP WIDTH="15" VPOS="1072" HPOS="696"/>
							<String ID="string_158" HPOS="711" VPOS="1072" WIDTH="43" HEIGHT="21" WC="0.92" CONTENT="tids"/><SP WIDTH="11" VPOS="1072" HPOS="754"/>
							<String ID="string_159" HPOS="765" VPOS="1071" WIDTH="92" HEIGHT="28" WC="0.93" CONTENT="förlopp"/>
						</TextLine>
						<TextLine ID="line_26" HPOS="211" VPOS="1105" WIDTH="647" HEIGHT="28">
							<String ID="string_160" HPOS="211" VPOS="1105" WIDTH="73" HEIGHT="21" WC="0.95" CONTENT="vidare"/><SP WIDTH="24" VPOS="1105" HPOS="284"/>
							<String ID="string_161" HPOS="308" VPOS="1106" WIDTH="40" HEIGHT="20" WC="0.96" CONTENT="vill"/><SP WIDTH="23" VPOS="1106" HPOS="348"/>
							<String ID="string_162" HPOS="371" VPOS="1113" WIDTH="82" HEIGHT="14" WC="0.96" CONTENT="samma"/><SP WIDTH="22" VPOS="1113" HPOS="453"/>
							<String ID="string_163" HPOS="475" VPOS="1108" WIDTH="45" HEIGHT="18" WC="0.93" CONTENT="rätt"/><SP WIDTH="19" VPOS="1108" HPOS="520"/>
							<String ID="string_164" HPOS="539" VPOS="1105" WIDTH="81" HEIGHT="27" WC="0.92" CONTENT="utöfva,"/><SP WIDTH="17" VPOS="1105" HPOS="620"/>
							<String ID="string_165" HPOS="637" VPOS="1106" WIDTH="35" HEIGHT="20" WC="0.93" CONTENT="till"/><SP WIDTH="14" VPOS="1106" HPOS="672"/>
							<String ID="string_166" HPOS="686" VPOS="1105" WIDTH="104" HEIGHT="21" WC="0.92" CONTENT="Kronans"/><SP WIDTH="14" VPOS="1105" HPOS="790"/>
							<String ID="string_167" HPOS="804" VPOS="1113" WIDTH="54" HEIGHT="20" WC="0.92" CONTENT="upp-"/>
						</TextLine>
						<TextLine ID="line_27" HPOS="211" VPOS="1139" WIDTH="647" HEIGHT="26">
							<String ID="string_168" HPOS="211" VPOS="1140" WIDTH="115" HEIGHT="20" WC="0.91" CONTENT="bördsman"/><SP WIDTH="16" VPOS="1140" HPOS="326"/>
							<String ID="string_169" HPOS="342" VPOS="1140" WIDTH="8" HEIGHT="20" WC="0.96" CONTENT="i"/><SP WIDTH="14" VPOS="1140" HPOS="350"/>
							<String ID="string_170" HPOS="364" VPOS="1139" WIDTH="50" HEIGHT="21" WC="0.96" CONTENT="stad"/><SP WIDTH="18" VPOS="1139" HPOS="414"/>
							<String ID="string_171" HPOS="432" VPOS="1140" WIDTH="58" HEIGHT="20" WC="0.96" CONTENT="inom"/><SP WIDTH="20" VPOS="1140" HPOS="490"/>
							<String ID="string_172" HPOS="510" VPOS="1139" WIDTH="36" HEIGHT="21" WC="0.96" CONTENT="det"/><SP WIDTH="19" VPOS="1139" HPOS="546"/>
							<String ID="string_173" HPOS="565" VPOS="1140" WIDTH="44" HEIGHT="25" WC="0.96" CONTENT="län,"/><SP WIDTH="20" VPOS="1140" HPOS="609"/>
							<String ID="string_174" HPOS="629" VPOS="1139" WIDTH="39" HEIGHT="21" WC="0.96" CONTENT="der"/><SP WIDTH="14" VPOS="1139" HPOS="668"/>
							<String ID="string_175" HPOS="682" VPOS="1139" WIDTH="44" HEIGHT="21" WC="0.95" CONTENT="han"/><SP WIDTH="14" VPOS="1139" HPOS="726"/>
							<String ID="string_176" HPOS="740" VPOS="1139" WIDTH="38" HEIGHT="21" WC="0.92" CONTENT="vid"/><SP WIDTH="15" VPOS="1139" HPOS="778"/>
							<String ID="string_177" HPOS="793" VPOS="1139" WIDTH="65" HEIGHT="21" WC="0.92" CONTENT="betal-"/>
						</TextLine>
						<TextLine ID="line_28" HPOS="211" VPOS="1173" WIDTH="647" HEIGHT="28">
							<String ID="string_178" HPOS="211" VPOS="1174" WIDTH="125" HEIGHT="27" WC="0.92" CONTENT="ningstiden"/><SP WIDTH="26" VPOS="1174" HPOS="336"/>
							<String ID="string_179" HPOS="362" VPOS="1174" WIDTH="33" HEIGHT="27" WC="0.89" CONTENT="sig"/><SP WIDTH="26" VPOS="1174" HPOS="395"/>
							<String ID="string_180" HPOS="421" VPOS="1173" WIDTH="133" HEIGHT="28" WC="0.89" CONTENT="uppehäller,"/><SP WIDTH="25" VPOS="1173" HPOS="554"/>
							<String ID="string_181" HPOS="579" VPOS="1174" WIDTH="127" HEIGHT="27" WC="0.93" CONTENT="ytterligare"/><SP WIDTH="10" VPOS="1174" HPOS="706"/>
							<String ID="string_182" HPOS="716" VPOS="1173" WIDTH="142" HEIGHT="28" WC="0.93" CONTENT="förskottsvis"/>
						</TextLine>
						<TextLine ID="line_29" HPOS="210" VPOS="1207" WIDTH="647" HEIGHT="28">
							<String ID="string_183" HPOS="210" VPOS="1207" WIDTH="96" HEIGHT="21" WC="0.88" CONTENT="inbetala"/><SP WIDTH="22" VPOS="1207" HPOS="306"/>
							<String ID="string_184" HPOS="328" VPOS="1207" WIDTH="115" HEIGHT="21" WC="0.91" CONTENT="enahanda"/><SP WIDTH="15" VPOS="1207" HPOS="443"/>
							<String ID="string_185" HPOS="458" VPOS="1207" WIDTH="68" HEIGHT="28" WC="0.92" CONTENT="afgift"/><SP WIDTH="11" VPOS="1207" HPOS="526"/>
							<String ID="string_186" HPOS="537" VPOS="1207" WIDTH="42" HEIGHT="27" WC="0.96" CONTENT="för"/><SP WIDTH="22" VPOS="1207" HPOS="579"/>
							<String ID="string_187" HPOS="601" VPOS="1214" WIDTH="25" HEIGHT="14" WC="0.93" CONTENT="en"/><SP WIDTH="24" VPOS="1214" HPOS="626"/>
							<String ID="string_188" HPOS="650" VPOS="1207" WIDTH="81" HEIGHT="21" WC="0.91" CONTENT="mänad"/><SP WIDTH="18" VPOS="1207" HPOS="731"/>
							<String ID="string_189" HPOS="749" VPOS="1208" WIDTH="8" HEIGHT="19" WC="0.93" CONTENT="i"/><SP WIDTH="18" VPOS="1208" HPOS="757"/>
							<String ID="string_190" HPOS="775" VPOS="1207" WIDTH="82" HEIGHT="21" WC="0.92" CONTENT="sender."/>
						</TextLine>
						<TextLine ID="line_30" HPOS="211" VPOS="1241" WIDTH="646" HEIGHT="27">
							<String ID="string_191" HPOS="211" VPOS="1241" WIDTH="61" HEIGHT="21" WC="0.93" CONTENT="Dock"/><SP WIDTH="21" VPOS="1241" HPOS="272"/>
							<String ID="string_192" HPOS="293" VPOS="1248" WIDTH="50" HEIGHT="14" WC="0.93" CONTENT="vare"/><SP WIDTH="25" VPOS="1248" HPOS="343"/>
							<String ID="string_193" HPOS="368" VPOS="1241" WIDTH="44" HEIGHT="20" WC="0.93" CONTENT="han"/><SP WIDTH="19" VPOS="1241" HPOS="412"/>
							<String ID="string_194" HPOS="431" VPOS="1241" WIDTH="124" HEIGHT="27" WC="0.87" CONTENT="berättigad"/><SP WIDTH="15" VPOS="1241" HPOS="555"/>
							<String ID="string_195" HPOS="570" VPOS="1243" WIDTH="38" HEIGHT="23" WC="0.96" CONTENT="att,"/><SP WIDTH="17" VPOS="1243" HPOS="608"/>
							<String ID="string_196" HPOS="625" VPOS="1247" WIDTH="32" HEIGHT="15" WC="0.96" CONTENT="om"/><SP WIDTH="16" VPOS="1247" HPOS="657"/>
							<String ID="string_197" HPOS="673" VPOS="1241" WIDTH="44" HEIGHT="21" WC="0.96" CONTENT="han"/><SP WIDTH="14" VPOS="1241" HPOS="717"/>
							<String ID="string_198" HPOS="731" VPOS="1242" WIDTH="25" HEIGHT="20" WC="0.91" CONTENT="sä"/><SP WIDTH="16" VPOS="1242" HPOS="756"/>
							<String ID="string_199" HPOS="772" VPOS="1241" WIDTH="85" HEIGHT="26" WC="0.91" CONTENT="önskar,"/>
						</TextLine>
						<TextLine ID="line_31" HPOS="211" VPOS="1274" WIDTH="647" HEIGHT="29">
							<String ID="string_200" HPOS="211" VPOS="1275" WIDTH="90" HEIGHT="28" WC="0.91" CONTENT="erlägga"/><SP WIDTH="20" VPOS="1275" HPOS="301"/>
							<String ID="string_201" HPOS="321" VPOS="1275" WIDTH="142" HEIGHT="27" WC="0.91" CONTENT="omförmälde"/><SP WIDTH="22" VPOS="1275" HPOS="463"/>
							<String ID="string_202" HPOS="485" VPOS="1274" WIDTH="70" HEIGHT="28" WC="0.91" CONTENT="afgift"/><SP WIDTH="18" VPOS="1274" HPOS="555"/>
							<String ID="string_203" HPOS="573" VPOS="1275" WIDTH="33" HEIGHT="27" WC="0.96" CONTENT="pä"/><SP WIDTH="23" VPOS="1275" HPOS="606"/>
							<String ID="string_204" HPOS="629" VPOS="1282" WIDTH="25" HEIGHT="13" WC="0.93" CONTENT="en"/><SP WIDTH="17" VPOS="1282" HPOS="654"/>
							<String ID="string_205" HPOS="671" VPOS="1275" WIDTH="58" HEIGHT="28" WC="0.88" CONTENT="gäng"/><SP WIDTH="10" VPOS="1275" HPOS="729"/>
							<String ID="string_206" HPOS="739" VPOS="1275" WIDTH="119" HEIGHT="28" WC="0.90" CONTENT="förskotts-"/>
						</TextLine>
						<TextLine ID="line_32" HPOS="210" VPOS="1309" WIDTH="649" HEIGHT="27">
							<String ID="string_207" HPOS="210" VPOS="1309" WIDTH="31" HEIGHT="20" WC="0.94" CONTENT="vis"/><SP WIDTH="25" VPOS="1309" HPOS="241"/>
							<String ID="string_208" HPOS="266" VPOS="1309" WIDTH="42" HEIGHT="26" WC="0.96" CONTENT="för"/><SP WIDTH="24" VPOS="1309" HPOS="308"/>
							<String ID="string_209" HPOS="332" VPOS="1309" WIDTH="58" HEIGHT="26" WC="0.59" CONTENT="Here"/><SP WIDTH="28" VPOS="1309" HPOS="390"/>
							<String ID="string_210" HPOS="418" VPOS="1309" WIDTH="111" HEIGHT="24" WC="0.95" CONTENT="månader,"/><SP WIDTH="33" VPOS="1309" HPOS="529"/>
							<String ID="string_211" HPOS="562" VPOS="1309" WIDTH="67" HEIGHT="20" WC="0.95" CONTENT="likväl"/><SP WIDTH="28" VPOS="1309" HPOS="629"/>
							<String ID="string_212" HPOS="657" VPOS="1309" WIDTH="67" HEIGHT="21" WC="0.96" CONTENT="alltid"/><SP WIDTH="19" VPOS="1309" HPOS="724"/>
							<String ID="string_213" HPOS="743" VPOS="1309" WIDTH="43" HEIGHT="27" WC="0.96" CONTENT="för"/><SP WIDTH="23" VPOS="1309" HPOS="786"/>
							<String ID="string_214" HPOS="809" VPOS="1309" WIDTH="50" HEIGHT="27" WC="0.75" CONTENT="full"/>
						</TextLine>
						<TextLine ID="line_33" HPOS="210" VPOS="1343" WIDTH="88" HEIGHT="20">
							<String ID="string_215" HPOS="210" VPOS="1343" WIDTH="88" HEIGHT="20" WC="0.92" CONTENT="mänad."/>
						</TextLine>
					</TextBlock>
					<TextBlock ID="block_6" HPOS="210" VPOS="1372" WIDTH="648" HEIGHT="99">
						<TextLine ID="line_34" HPOS="280" VPOS="1372" WIDTH="578" HEIGHT="32">
							<String ID="string_216" HPOS="280" VPOS="1372" WIDTH="66" HEIGHT="31" WC="0.95" CONTENT="Öfver"/><SP WIDTH="16" VPOS="1372" HPOS="346"/>
							<String ID="string_217" HPOS="362" VPOS="1377" WIDTH="40" HEIGHT="20" WC="0.93" CONTENT="den"/><SP WIDTH="14" VPOS="1377" HPOS="402"/>
							<String ID="string_218" HPOS="416" VPOS="1377" WIDTH="81" HEIGHT="20" WC="0.93" CONTENT="skedda"/><SP WIDTH="12" VPOS="1377" HPOS="497"/>
							<String ID="string_219" HPOS="509" VPOS="1377" WIDTH="163" HEIGHT="27" WC="0.89" CONTENT="inbetalningen"/><SP WIDTH="15" VPOS="1377" HPOS="672"/>
							<String ID="string_220" HPOS="687" VPOS="1376" WIDTH="38" HEIGHT="21" WC="0.88" CONTENT="bör"/><SP WIDTH="14" VPOS="1376" HPOS="725"/>
							<String ID="string_221" HPOS="739" VPOS="1377" WIDTH="119" HEIGHT="27" WC="0.82" CONTENT="uppdörds-"/>
						</TextLine>
						<TextLine ID="line_35" HPOS="210" VPOS="1410" WIDTH="648" HEIGHT="29">
							<String ID="string_222" HPOS="210" VPOS="1417" WIDTH="94" HEIGHT="15" WC="0.90" CONTENT="mannen"/><SP WIDTH="20" VPOS="1417" HPOS="304"/>
							<String ID="string_223" HPOS="324" VPOS="1411" WIDTH="70" HEIGHT="20" WC="0.92" CONTENT="lemna"/><SP WIDTH="20" VPOS="1411" HPOS="394"/>
							<String ID="string_224" HPOS="414" VPOS="1412" WIDTH="115" HEIGHT="26" WC="0.92" CONTENT="gvittenser"/><SP WIDTH="16" VPOS="1412" HPOS="529"/>
							<String ID="string_225" HPOS="545" VPOS="1411" WIDTH="13" HEIGHT="20" WC="0.89" CONTENT="&amp;"/><SP WIDTH="15" VPOS="1411" HPOS="558"/>
							<String ID="string_226" HPOS="573" VPOS="1411" WIDTH="85" HEIGHT="28" WC="0.92" CONTENT="tryckta"/><SP WIDTH="15" VPOS="1411" HPOS="658"/>
							<String ID="string_227" HPOS="673" VPOS="1410" WIDTH="124" HEIGHT="27" WC="0.91" CONTENT="blanketter,"/><SP WIDTH="16" VPOS="1410" HPOS="797"/>
							<String ID="string_228" HPOS="813" VPOS="1418" WIDTH="45" HEIGHT="14" WC="0.96" CONTENT="som"/>
						</TextLine>
						<TextLine ID="line_36" HPOS="211" VPOS="1444" WIDTH="647" HEIGHT="27">
							<String ID="string_229" HPOS="211" VPOS="1446" WIDTH="7" HEIGHT="19" WC="0.96" CONTENT="i"/><SP WIDTH="15" VPOS="1446" HPOS="218"/>
							<String ID="string_230" HPOS="233" VPOS="1445" WIDTH="51" HEIGHT="20" WC="0.96" CONTENT="män"/><SP WIDTH="14" VPOS="1445" HPOS="284"/>
							<String ID="string_231" HPOS="298" VPOS="1444" WIDTH="30" HEIGHT="27" WC="0.93" CONTENT="af"/><SP WIDTH="12" VPOS="1444" HPOS="328"/>
							<String ID="string_232" HPOS="340" VPOS="1444" WIDTH="67" HEIGHT="27" WC="0.85" CONTENT="behof"/><SP WIDTH="15" VPOS="1444" HPOS="407"/>
							<String ID="string_233" HPOS="422" VPOS="1445" WIDTH="29" HEIGHT="26" WC="0.92" CONTENT="af"/><SP WIDTH="20" VPOS="1445" HPOS="451"/>
							<String ID="string_234" HPOS="471" VPOS="1444" WIDTH="104" HEIGHT="21" WC="0.92" CONTENT="Senatens"/><SP WIDTH="22" VPOS="1444" HPOS="575"/>
							<String ID="string_235" HPOS="597" VPOS="1444" WIDTH="106" HEIGHT="21" WC="0.91" CONTENT="Kammar"/><SP WIDTH="22" VPOS="1444" HPOS="703"/>
							<String ID="string_236" HPOS="725" VPOS="1445" WIDTH="133" HEIGHT="26" WC="0.82" CONTENT="Expedition"/>
						</TextLine>
					</TextBlock>
				</ComposedBlock>
				<GraphicalElement ID="cblock_4" HPOS="1074" VPOS="684" WIDTH="3" HEIGHT="342"></GraphicalElement >
			</PrintSpace>
		</Page>
	</Layout>
</alto>
