1078 1692
222 112 34 18 494

338 176 14 20 I
373 176 157 27 sammanhang
553 176 47 20 med
625 176 127 20 berättelsen
775 188 3 4 -
794 188 103 4 -----
912 176 43 21 kan

269 210 145 21 tillerkännas
433 210 150 20 Direktionen.
615 210 42 20 Och
677 209 122 22 ankommer
815 210 34 21 det
864 210 12 20 å
892 210 61 22 Full-

268 244 95 27 mäktige
378 246 39 22 att,
430 244 32 27 på
479 244 136 21 Ständernas
631 246 89 26 vägnar,
736 244 98 21 meddela
845 244 110 21 Direktio-

268 285 42 14 nen
325 278 41 20 den
382 278 111 27 decharge,
509 284 44 14 som
569 278 147 27 Fullmäktige
725 278 66 27 finna
807 278 80 28 skälig;
902 278 53 21 dock

268 312 48 21 med
330 312 148 28 iakttagande,
494 314 33 18 att
543 312 26 20 de
583 312 62 21 delar
660 312 30 27 af
695 312 101 21 Bankens
807 312 147 28 förvaltning,

268 353 46 15 som
330 346 147 27 tilläfventyrs
501 347 57 19 varit
569 346 98 26 föremål
680 346 42 27 för
740 346 144 28 anmärkning
896 346 58 27 från

269 380 151 21 Revisorernes
435 380 50 21 sida
501 380 38 20 och
549 380 69 21 hvarå
630 381 51 27 laga
692 380 47 21 åtal
744 380 65 28 följt,
821 380 51 21 eller
882 380 72 21 hvilka

268 415 68 20 måste
352 415 81 20 lemnas
449 414 104 21 beroende
569 415 45 20 tills
630 415 118 27 utredning
764 416 8 19 i
783 414 87 28 frågan
880 414 75 28 fram-

270 449 56 21 deles
346 449 42 20 kan
412 450 83 23 vinnas,
511 448 58 27 från
589 448 120 28 dechargen
724 449 146 27 undantagas,
885 448 70 21 intill-

270 483 48 21 dess
333 483 67 21 åtalet
416 482 72 28 blifvit
503 483 103 27 slutligen
619 482 108 28 pröfvadt
738 482 37 21 och
787 482 104 28 afgjordt,
902 483 53 20 eller

270 518 40 20 den
326 517 66 27 nödig
407 517 97 21 ansedda
519 516 145 28 utredningen
680 516 107 22 erhållits.

339 552 34 19 Uti
392 552 50 19 sista
461 551 82 27 stycket
558 551 75 19 ändras
649 551 12 19 å
676 551 51 20 sista
742 551 65 20 raden
823 551 74 20 orden:
914 551 41 26 ”pä

269 586 41 20 sätt
323 586 3 19 i
338 585 176 27 nästföregående
530 587 9 22 $
555 588 23 17 är
593 584 80 28 sagdt”,
690 585 41 19 till:
744 585 31 27 på
791 586 43 19 sätt
849 584 105 25 härofvan

269 621 27 19 är
310 620 72 27 sagdt.

558 670 57 28 Kap.
632 670 36 22 IV.

497 737 99 21 Särskilda
611 737 123 26 stadganden.

575 800 15 26 $
606 800 48 20 140.

338 833 139 22 Oförändrad.

574 867 15 26 $
604 867 48 20 141.

338 907 139 25 Oförändrad,
501 909 55 17 utom
579 909 30 17 att
633 913 48 19 pag.
703 906 52 26 47*)
772 906 25 19 de
814 906 50 19 sista
878 906 77 19 orden:

270 941 52 19 ”och
340 940 82 21 försedd
440 941 46 20 med
504 941 97 26 behörigt
616 941 60 25 intyg
692 946 34 13 om
738 940 164 19 underskriftens
915 939 39 20 rik-

270 975 87 26 tighet”,
374 974 55 27 utgå.

574 1014 15 26 $
604 1014 49 20 142.

340 1054 145 21 Skuldsedlar
508 1053 37 21 och
569 1053 163 27 löftesskrifter,
753 1059 45 14 som
817 1053 35 21 till
866 1053 90 20 Banken

270 1088 111 27 utfärdas,
402 1087 61 21 skola
483 1094 53 14 vara
551 1087 108 27 afattade
675 1087 68 27 enligt
758 1087 104 27 gällande
872 1087 85 27 formu-

270 1123 35 20 lär
321 1121 38 22 och
375 1121 145 28 egenhändigt
537 1121 165 27 underskrifna.

339 1157 41 19 Det
394 1156 92 26 följande
502 1156 107 20 uteslutes.

510 1202 31 27 $$
556 1202 43 20 143
615 1201 36 21 och
668 1202 48 20 144.

338 1248 152 20 Oförändrade.

341 1283 41 19 Här
397 1282 79 20 införes
491 1288 25 13 en
533 1281 115 27 sälydande
898 1286 14 7 o

580 1332 35 27 Ny
630 1333 21 26 $.

341 1379 91 21 Banken
455 1379 35 20 mä
513 1378 44 21 icke
580 1385 39 20 ega
643 1384 75 14 annan
736 1377 115 28 fastighet,
874 1379 28 19 än
922 1377 37 26 för

340 1447 16 19 +)
370 1447 8 17 I
391 1447 61 18 denna
464 1447 38 16 bok
515 1446 34 19 sid,
561 1446 39 17 404.
