1078 1692
194 112 12 18 8

175 176 120 26 räeklighet
319 175 54 20 dock
394 175 47 20 icke
457 176 82 19 kunnat
557 176 111 19 motverka
682 176 36 20 det
734 176 134 27 synnerligen
884 177 41 21 för-

174 210 99 20 lamande
288 210 118 26 inflytande
422 210 26 26 på
463 210 85 20 stadens
564 209 120 27 borgerliga
700 210 105 26 näringar,
826 211 26 19 de
867 211 6 19 i
890 211 34 19 ha-

175 244 41 26 stig
231 244 135 26 progression
382 244 123 26 tilltagande
521 244 115 26 utgifterna
651 244 86 20 utöfvat.
759 244 29 20 På
802 245 66 26 grund
880 245 45 19 här-

175 278 24 20 af
212 278 40 20 och
268 278 27 20 då
310 278 133 25 statsverket,
460 278 64 19 sedan
541 278 40 19 den
597 278 81 20 indelta
694 278 104 20 militären
818 278 108 26 indragits,

176 312 67 21 borde
267 318 39 20 ega
329 314 87 24 utvägar
439 315 30 17 att
494 312 110 26 öfvertaga
630 312 297 26 ingvarteringskostnaderna

176 347 32 19 för
224 346 41 20 den
281 346 6 19 i
304 346 72 20 landet
391 346 96 26 förlagda
503 346 63 26 ryska
582 346 112 25 militären,
713 346 65 26 yrkas
793 346 7 19 i
819 346 108 26 petitions-

177 380 101 26 förslaget
301 382 31 17 alt
354 380 93 26 änsagde
470 380 120 26 kostnader,
615 380 67 20 såsom
709 383 29 17 ett
760 380 87 20 allmänt
868 387 60 19 onus,

178 414 112 19 framdeles
307 413 63 20 måtte
386 414 45 20 helt
446 414 39 19 och
502 414 66 20 hållet
583 414 102 20 bestridas
700 414 24 20 af
737 414 152 20 militiefonden
898 414 28 20 el-

178 448 29 19 ler
223 448 67 20 andra
305 448 138 20 statsverkets
459 448 118 27 tillgångar.

248 516 46 20 Den
310 517 65 19 sedan
391 517 57 19 äldre
465 516 53 20 tider
538 516 211 20 stadskommunerna
769 517 38 19 och
829 516 98 27 lägenhe-

180 552 60 18 terne
255 550 13 20 å
283 550 72 20 landet
378 550 112 26 åliggande
513 550 129 27 skyldighet,
666 552 29 18 att
710 550 22 20 åt
746 550 91 26 tågande
853 550 75 20 militär

180 584 40 20 och
236 584 6 20 i
258 585 101 25 garnison
384 584 95 26 förlagda
501 587 85 23 trupper
609 584 85 26 upplåta
713 587 83 23 gvarter
813 584 45 20 med
875 584 54 19 vissa

181 618 70 20 dertill
275 618 94 20 hörande
385 618 171 26 förnödenheter,
577 619 38 19 har
630 619 54 19 varit
699 618 81 20 ordnad
796 625 75 20 genom
887 621 41 17 sär-

181 652 69 20 skilda
273 652 147 27 författningar
443 653 22 19 af
483 653 58 19 äldre
558 652 78 26 datum,
652 652 73 20 hvilka
740 653 45 19 dels
801 652 106 20 bestämde
923 652 6 19 i

182 686 54 20 hvad
253 686 146 26 utsträckning
415 687 69 19 denna
500 686 79 20 förmån
596 687 81 19 tillkom
694 687 109 25 militären,
827 687 45 19 dels
896 687 33 19 be-

181 720 67 20 friade
265 721 55 19 vissa
336 720 81 20 klasser
432 720 23 20 af
469 721 108 19 städernas
592 721 100 19 invånare
709 721 39 19 och
760 721 170 26 hemmansegare

182 755 11 19 å
209 755 73 19 landet
305 755 45 19 från
375 755 69 20 denna
467 757 69 24 tunga.
567 755 47 19 Med
631 755 115 26 anledning
762 756 23 18 af
798 756 61 19 dessa
876 755 54 20 stad-

183 796 48 20 gars
247 789 119 20 föråldrade
384 789 147 20 beskaffenhet
547 789 44 20 blef
605 790 30 18 till
651 792 70 17 senast
736 790 125 20 församlade
872 790 60 19 Stän-

183 823 37 20 der
236 830 27 13 en
279 823 69 26 Nådig
365 824 130 25 proposition
511 823 77 20 afläten
606 824 46 19 med
668 824 78 25 förslag
762 824 30 19 till
811 824 121 25 förordning

183 857 111 26 angående
309 857 120 26 grunderna
445 858 31 19 för
492 857 182 26 inqvarteringens
691 857 122 26 utgörande,
829 858 103 25 hvarjem-

184 893 19 18 te
219 891 128 20 Ständernas
362 891 99 27 yttrande
477 891 132 20 inhemtades
625 891 89 20 rörande
731 893 29 17 ett
776 891 63 26 sagde
851 891 82 26 Nådiga

183 926 130 25 proposition
339 925 115 26 åtföljande
479 926 78 26 förslag
583 926 31 19 till
637 925 296 26 ingvarteringsreglemente;

185 967 47 12 men
256 962 51 17 enär
331 960 25 19 de
380 959 70 20 skilda
473 959 92 20 Ständen
590 959 130 20 beträffande
736 959 141 20 förstberörda
892 959 40 20 för-

183 994 45 25 slag
251 993 103 20 stannade
377 994 6 19 i
406 994 57 19 olika
487 993 73 26 beslut,
586 994 38 19 har
646 993 120 20 sedermera
786 993 39 20 den
846 994 23 19 19
885 993 49 20 Juni

186 1027 53 20 1868
262 1027 76 20 endast
360 1030 46 23 nytt
428 1027 286 27 inqvarteringsreglemente
734 1027 67 20 blifvit
819 1028 6 19 i
845 1027 89 20 admini-

184 1061 72 20 strativ
272 1064 42 24 väg
329 1061 31 20 till
376 1061 139 20 efterrättelse
531 1062 111 19 utfärdadt.
672 1062 35 19 Ett
723 1061 34 20 vid
774 1061 88 20 berörda
875 1061 60 20 Stän-

185 1096 95 19 dermöte
293 1096 79 26 jemväl
390 1096 112 26 framlagdt
517 1096 78 26 förslag
611 1098 30 17 att
655 1103 26 12 en
700 1102 81 13 summa
802 1096 23 19 af
845 1096 90 25 300,000

187 1129 59 21 mark
262 1130 23 19 af
298 1130 118 20 Ständerna
432 1130 67 20 skulle
515 1130 84 19 anvisas
616 1132 29 17 att
661 1130 65 19 under
742 1129 43 20 åtta
799 1129 23 20 år
838 1129 48 27 utgå
906 1130 30 19 till

186 1164 113 19 understöd
322 1164 22 19 åt
368 1164 25 19 de
417 1164 70 19 städer
510 1164 39 19 och
566 1163 193 26 landskommuner,
775 1163 93 20 hvilka
859 1159 16 34 i
885 1166 50 17 mot-

186 1201 41 16 sats
250 1198 31 19 till
304 1198 36 20 det
361 1198 69 26 öfriga
451 1198 78 25 landet,
554 1204 49 13 vore
620 1198 45 19 med
683 1197 144 26 inqvartering
845 1197 92 20 särdeles

186 1231 128 27 betungade,
337 1232 71 19 kunde
424 1233 6 18 i
446 1232 106 20 anseende
575 1232 31 19 till
629 1232 40 19 den
690 1231 118 20 dåvarande
826 1231 110 26 betryckta

186 1265 140 20 ekonomiska
342 1266 126 27 ställningen
485 1266 48 20 icke
549 1266 89 20 bifallas.
668 1266 41 19 Vid
728 1265 75 20 sådant
823 1265 111 20 förhållan-

186 1300 26 19 de
228 1299 40 20 och
284 1299 27 20 då
326 1300 40 19 den
384 1301 55 19 vissa
453 1300 189 25 stadskommuner,
658 1300 29 19 till
705 1299 49 26 följe
770 1300 24 19 af
805 1299 61 20 deras
881 1301 52 18 stra-

186 1333 84 27 tegiska
284 1334 48 26 läge
348 1334 39 19 och
403 1334 155 27 krigsmaktens
573 1334 179 20 centraliserande
768 1333 12 20 å
796 1334 60 19 dessa
871 1336 63 23 orter,

187 1368 113 26 åliggande
324 1368 221 27 inqvarteringstunga
568 1369 65 19 under
649 1370 70 18 senast
735 1367 96 20 förflutna
847 1368 85 19 femårs-

186 1402 74 26 period
282 1402 49 20 icke
354 1402 53 20 blott
429 1403 105 26 ansenligt
556 1405 90 24 stegrats
668 1404 48 17 utan
730 1402 79 25 jemväl
825 1408 62 20 synes
903 1402 31 19 för

188 1436 65 27 några
268 1436 70 20 städer
354 1436 103 20 innebära
471 1443 26 13 en
514 1437 31 19 för
561 1437 60 19 deras
640 1436 99 20 framtida
760 1435 85 20 bestånd
869 1435 71 28 vådlig
