1078 1692
229 116 35 19 516

213 180 109 26 vansagda
337 179 83 27 Nådiga
434 179 133 27 Förordning
582 179 23 20 af
618 179 40 20 den
674 179 11 19 9
702 179 117 21 December
839 180 57 24 1867,
909 179 51 25 jem-

212 214 46 20 förd
283 214 47 20 med
350 214 83 26 Nådiga
454 214 139 25 kungörelsen
610 213 23 20 af
645 220 80 13 samma
740 213 48 27 dag,
803 213 109 27 angående
928 212 31 20 In-

211 248 105 20 struktion
335 248 31 19 för
382 247 199 27 Bankfullmäktige,
597 248 6 19 i
619 250 69 17 ämnet
703 247 127 25 innehåller;
846 248 114 25 hvarjemte

212 283 125 25 Ständerna,
353 282 138 26 öfvertygade
507 284 30 17 att
552 282 35 20 det
604 282 36 19 bör
655 282 62 19 lända
732 282 87 19 Banken
836 282 30 19 till
881 281 80 25 verklig

212 314 96 28 fromma,
324 322 32 14 om
374 316 211 26 bankförvaltningen
603 316 87 20 beredes
706 316 83 20 tillfälle
805 318 36 24 att,
852 316 46 20 icke
911 315 50 20 blott

212 351 90 19 medelst
318 350 106 26 skriftliga
438 350 167 20 hemställanden
621 350 39 20 och
676 350 86 26 förslag,
774 352 47 18 utan
834 350 38 20 ock
884 356 76 20 genom

213 384 89 26 muntlig
325 384 150 26 föredragning
498 384 34 19 vid
555 390 157 20 gemensamma
734 384 175 25 sammanträden,
928 382 33 20 för

213 419 40 19 den
270 418 116 27 afgörande
403 418 157 26 myndigheten,
577 418 200 26 Bankfullmäktige,
791 418 113 26 framlägga
915 418 46 18 sina

212 453 80 25 åsigter
314 452 39 20 och
377 454 96 17 närmare
492 452 104 26 redogöra
616 452 31 20 för
663 452 117 20 motiverna
796 452 29 20 till
842 452 118 26 föreslagna

212 486 105 27 åtgärder,
336 486 3 19 i
355 487 22 23 $$
401 485 25 20 56
447 486 39 19 och
507 486 24 20 59
552 486 75 26 intagit
642 486 131 20 föreskrifter
788 492 33 14 om
837 486 73 26 dylika
924 492 35 20 ge-

213 526 130 14 mensamma
358 520 175 19 sammanträden.

282 554 149 26 Stadgandena
461 553 110 27 angående
600 553 203 27 Bankfullmäktiges
828 554 132 26 ansvarighet

213 588 63 20 hafva
292 588 118 20 Ständerna
425 588 95 26 upptagit
535 588 6 19 i
557 590 10 22 $
583 588 34 25 63,
633 588 87 19 emedan
738 588 26 20 de
779 594 63 20 synas
858 588 61 20 hafva
929 588 31 19 sin

213 624 54 18 rätta
282 622 54 26 plats
349 622 7 18 i
367 621 144 27 reglementet.
542 621 77 20 Härvid
637 621 63 20 hafva
714 622 124 25 Ständerna,
854 628 42 14 som
913 622 47 20 icke

213 662 76 20 genom
306 656 70 20 denna
390 655 118 27 anordning.
524 655 77 27 åsyftat
616 658 29 17 att
660 658 52 24 göra
728 662 24 14 en
770 656 88 20 särskild
869 656 91 19 Instruk-

213 690 43 20 tion
279 690 31 19 för
330 689 193 27 Bankfullmäktige
542 690 109 26 umbärlig,
668 690 114 20 utelemnat
797 690 64 20 första
877 696 61 13 mom.
955 690 5 18 i

213 723 94 27 punkten
330 722 20 28 1)
366 723 24 20 af
402 724 39 19 den
459 730 26 12 nu
501 724 98 26 gällande
614 723 164 20 Instruktionen.
808 724 152 26 Ordalydelsen

213 758 5 19 i
236 758 58 19 detta
312 764 62 13 mom.
396 758 58 19 torde
471 758 105 26 nemligen
593 757 71 20 kunna
680 757 108 27 begagnas
802 758 30 19 till
848 758 112 19 slutsatser,

213 798 43 13 som
280 792 48 19 icke
348 792 32 19 stå
400 792 33 19 väl
454 792 136 19 tillsammans
605 792 47 19 med
668 792 26 19 de
711 798 57 14 mera
785 792 107 20 bestämda
906 792 54 20 stad-

213 826 83 25 ganden
308 826 7 19 i
326 828 77 23 ämnet,
419 825 72 20 hvilka
505 826 64 25 sagde
585 826 67 25 punkt
662 826 6 19 i
680 826 35 19 det
731 825 92 26 följande
839 826 121 19 innehåller.

284 859 32 20 Då
332 859 26 20 78
364 855 10 35 S
390 859 98 26 tillägger
503 859 193 26 Bankfullmäktige
712 859 127 26 befogenhet
850 861 30 18 att
890 860 5 19 i
908 859 54 20 vissa

214 893 36 20 fall
276 893 132 20 tillförordna
431 893 80 20 vikarie
532 893 31 20 för
579 893 90 20 medlem
685 893 6 19 i
708 893 201 26 Bankdirektionen,
925 893 37 20 har

215 927 59 20 detta
289 926 62 26 skett,
368 927 46 20 dels
430 927 47 19 med
493 927 100 20 afseende
609 927 13 20 ä
637 927 40 20 den
694 927 99 26 ställning
804 927 156 20 Bankfullmäk-

214 961 44 26 tige
278 961 72 26 intaga
365 961 30 19 till
412 961 83 19 verkets
511 961 136 26 förvaltning,
663 961 45 20 dels
724 961 32 19 för
770 963 29 18 att
815 961 39 20 den
871 961 91 27 omgång

215 994 39 20 och
272 994 132 27 tidsutdrägt,
420 1001 44 13 som
481 997 35 17 äro
530 995 46 20 med
588 995 98 20 ärendets
696 995 172 20 öfverlemnande
884 996 30 19 till
926 994 35 21 Se-

216 1030 75 18 natens
306 1029 32 19 för
353 1029 90 19 Finland
459 1029 98 26 pröfning
573 1028 107 26 förenade,
696 1029 34 20 mä
744 1029 72 20 kunna
831 1029 109 20 undvikas.

284 1063 92 20 Emedan
398 1063 35 19 det
453 1065 58 24 synts
530 1063 117 20 Ständerna
662 1063 111 26 tillbörligt
788 1065 29 18 att
832 1063 129 20 Bankdirek-

215 1097 80 25 tionen,
311 1097 67 19 säsom
395 1097 97 26 ansvarig
509 1097 30 19 för
555 1097 99 20 Bankens
665 1097 101 26 behöriga
778 1097 132 26 förvaltning,
922 1097 39 20 till-

215 1131 58 20 delas
294 1130 100 27 rättighet
409 1132 30 18 att
454 1130 48 26 sjelf
515 1133 78 24 antaga
607 1131 39 19 och
662 1132 100 18 utnämna
778 1131 41 19 alla
835 1131 26 20 de
877 1131 83 25 tjenste-

214 1168 55 22 män,
281 1164 82 20 hvilkas
380 1164 81 20 biträde
476 1164 137 20 Direktionen
630 1165 6 18 i
651 1164 75 26 antydt
740 1165 99 19 afseende
856 1165 105 25 behöfver,

214 1199 24 19 sä
260 1201 31 17 att
310 1198 48 20 icke
377 1198 68 26 nägon
463 1199 124 25 tjensteman
605 1198 33 19 mä
652 1199 78 23 kunna,
747 1205 49 13 vare
811 1199 32 26 sig
859 1199 21 20 af
895 1199 65 26 Rege-

215 1232 75 26 ringen
306 1232 52 20 eller
373 1231 202 28 Bankfullmäktige,
591 1232 137 20 Direktionen
745 1235 43 17 mot
803 1233 48 20 dess
867 1233 49 25 vilja
927 1233 33 26 pä-

215 1266 91 26 tvingas,
329 1266 37 19 har
390 1266 115 26 stadgande
527 1266 70 20 derom
618 1266 78 19 influtit
715 1266 2 19 i
738 1268 5 22 $
760 1267 32 19 84.
823 1267 58 19 Hvad
898 1267 65 26 angär

215 1300 25 19 de
256 1302 76 24 yngste
349 1300 176 25 tjenstemännen,
543 1299 191 20 kontorsskrifvare
746 1300 39 20 och
797 1300 117 25 kanslister,
925 1301 37 20 har

215 1334 35 19 det
270 1335 79 18 ansetts
368 1333 127 27 lämpligast,
512 1340 33 13 om
561 1334 26 19 de
602 1333 70 20 ställas
689 1333 26 26 pä
731 1336 60 18 extra
805 1337 40 17 stat
860 1335 39 19 och
914 1335 48 20 icke

215 1369 67 19 förses
306 1368 45 19 med
373 1367 106 20 bindande
498 1367 105 26 fullmakt,
619 1371 51 16 enär
685 1368 62 19 dessa
761 1375 67 20 yngre
845 1369 94 20 biträden
956 1369 4 18 i

216 1402 76 26 sjelfva
307 1401 75 20 verket
398 1401 59 20 torde
474 1401 50 20 böra
539 1401 107 21 betraktas
661 1401 68 20 såsom
741 1402 100 27 lärlingar
851 1403 6 19 i
868 1403 95 24 Banken,

215 1435 74 20 hvilka
311 1435 118 26 qvarhållas
452 1435 39 20 och
515 1435 106 20 befordras
643 1436 29 19 till
694 1435 64 26 högre
779 1437 69 24 tjenst,
863 1437 7 18 i
885 1436 36 19 fall
937 1437 25 19 de
