1078 1692
813 110 34 18 139

111 172 752 11 RAA
730 162 91 28 ramar
851 162 15 28 m1

147 219 33 19 2:0
196 218 32 20 för
243 217 97 20 utländsk
356 217 115 25 adelsman,
491 218 31 18 att
545 217 102 25 upptagas
670 214 66 20 under

177 252 65 20 redan
258 251 148 20 introducerad
422 252 30 18 ätt
589 265 4 4 ö

149 285 32 19 3:o
199 285 30 19 för
245 284 106 19 vinnande
367 284 22 19 af
403 283 181 26 medborgarerätt
599 283 7 19 i
621 263 99 39 Finland:

177 319 31 19 för
224 318 156 26 ståndsperson,
397 317 120 19 handlande
533 316 39 20 och
596 315 106 21 fabrikant

177 353 32 19 för
224 352 72 26 hvarje
312 358 68 14 annan

116 431 2 15 |
179 420 36 20 det
228 426 50 14 vara
294 420 52 19 mä.

129 453 57 21 Pass
202 453 91 20 utfärdas
308 453 27 26 pä
344 434 111 45 stämpladt
466 459 81 20 papper
555 434 40 38 ull
601 432 136 40 nedanståens

180 488 26 19 de
223 487 82 26 belopp,
322 487 115 26 nemligen:

118 525 2 24 |
155 523 30 19 1:o
201 522 103 26 Resepass
320 522 30 19 till
368 522 79 19 utrikes
463 523 41 18 ort:

182 556 31 19 för
228 556 149 26 ståndsperson

182 590 31 19 för
228 589 86 26 gesäll
305 585 14 34 .
734 603 5 5 E

182 624 31 19 för
228 624 91 26 allmoge
334 624 40 19 och
390 604 136 45 tjenstehjon
534 604 47 38 sä
593 603 55 39 fos
663 604 76 38 höran-

211 658 25 19 de
252 658 30 19 till
298 658 39 19 den
354 657 114 20 arbetande
484 657 84 19 klassen

155 692 32 19 2:0
204 692 76 25 Biljett,
304 698 43 13 som
367 692 92 19 utfärdas
475 691 22 20 af
511 691 110 20 Guvernör
636 691 21 20 åt
665 672 75 38 utlän-

212 725 50 26 ning
278 725 32 19 för
324 732 48 13 resa
386 726 39 19 och
441 725 86 20 vistelse
542 726 57 19 inom
615 725 97 20 Finland:

185 758 31 19 för
231 758 149 26 ståndsperson
396 759 26 25 på
438 759 11 19 3
466 758 101 20 månader

185 792 30 20 för
231 792 147 26 ståndsperson
395 792 27 27 på
439 794 8 18 1
465 792 23 20 år

185 826 31 19 för
231 826 66 26 gesäll
312 827 28 25 på
356 827 11 19 3
384 826 99 20 månader

186 859 31 19 för
256 874 12 11 »
312 859 28 26 på
357 859 67 20 lår.

124 907 2 13 |
186 893 31 19 för
232 893 90 26 allmoge
340 893 46 19 med
403 893 56 26 flera,
475 893 27 26 pä
517 875 14 37 3
549 875 99 38 månader

124 921 2 3 |
187 927 31 19 för
269 942 11 11 »
394 943 11 10 ”
477 927 28 26 pä
524 928 7 18 1
549 927 24 19 är

159 961 32 19 3:0
207 961 57 26 Pass,
289 968 43 13 som
356 961 102 20 utlemnas
477 961 23 20 af
514 961 110 20 Guvernör
639 961 21 20 ät
678 942 66 39 utlän-

187 995 57 26 ning,
260 995 32 19 för
306 1001 47 13 resa
368 995 40 19 och
423 995 92 26 vistelse,
531 995 27 26 på
575 996 8 18 1
601 995 23 20 år
635 995 50 20 eller
699 995 44 20 der-

188 1029 66 19 under
269 1029 57 20 inom
343 1029 52 20 både
411 1029 89 20 Finland
517 1029 38 20 och
573 1029 113 26 Ryssland:

188 1063 32 19 för
236 1063 148 26 ständsperson

188 1097 31 20 för
234 1097 89 26 gesäll
313 1093 14 35 .

190 1131 30 20 för
236 1131 90 26 allmoge
343 1131 47 20 med
406 1131 51 20 flera
565 1147 4 4 -

161 1166 33 19 4:o
210 1165 190 26 Tillständsbiljett,
423 1172 43 13 som
489 1166 24 19 af
532 1147 109 46 Magistrat
656 1147 90 38 ätfardas

189 1199 32 20 för
244 1199 97 20 utländsk
365 1199 104 26 kargadör
491 1200 52 19 eller
563 1200 140 26 superkargör
718 1202 30 17 att

127 1247 2 6 i
189 1233 27 26 pä
233 1234 9 18 1
260 1233 76 20 månad
352 1233 79 20 besöka
446 1240 69 13 annan
533 1234 44 19 stad
600 1235 56 29 inom
677 1234 71 19 landet

128 1275 1 22 |
162 1268 32 19 5:o
210 1267 229 20 Hinderslöshetsbevis
466 1268 91 19 skrifves
586 1268 28 26 pä
635 1258 113 30 enahanda

191 1301 59 19 karta
274 1301 46 20 med
344 1301 67 26 öfriga
426 1302 147 25 expeditioner
589 1302 45 19 från
655 1303 35 18 det
706 1309 40 13 em-

190 1335 106 26 betsverk,
313 1342 43 13 som
373 1336 116 19 detsamma
504 1337 99 19 utfärdar.

163 1369 32 20 6:0
211 1369 103 26 Resepass
330 1370 32 19 för
377 1370 53 20 finsk
443 1370 138 27 medborgare
593 1371 30 19 till
638 1371 110 26 Ryssland,

190 1403 108 20 äfvensom
314 1404 173 26 tillständsbiljett
503 1405 32 19 till
551 1405 95 26 förlängd
665 1405 84 19 vistelse

190 1437 118 20 derstädes:

128 385 172 21 Notariatsbevis
322 386 24 19 af
366 385 54 20 hvad
443 391 63 13 namn
521 366 48 38 sh
591 360 157 52 beskaffenhet]

773 248 38 19 100

786 316 27 18 40

788 350 25 19 10

807 859 9 19 =
792 837 25 3 |
805 758 12 53 er

839 804 23 2 I

839 827 11 86 a
829 824 28 18 a

852 827 12 86 [=-K=-K=]
