1078 1692
815 117 32 17 371

123 188 38 12 ner
177 180 30 20 till
222 181 104 20 Senatens
341 180 118 20 Ekonomie
470 180 157 26 Departement,
644 180 32 20 till
692 180 129 27 granskning
831 180 39 20 och

123 215 139 26 fastställelse,
278 215 99 25 insända;

191 255 20 24 c)
227 256 38 19 hos
289 255 96 20 bemälda
408 255 151 26 Departement
581 255 78 20 föreslå
681 255 77 26 nödiga
781 254 91 20 befunna

122 288 114 28 ändringar
258 290 6 18 i
288 290 63 19 redan
375 290 124 20 meddelade
522 289 152 21 instruktioner
694 289 39 20 och
749 289 6 19 i
773 289 97 20 Bankens

123 323 117 21 fastställda
255 326 53 23 stat;

193 364 23 26 d)
242 364 82 20 besluta
348 371 33 13 om
408 364 127 20 inrättandet
565 364 23 20 af
615 363 77 21 kontor
716 363 40 20 och
784 364 86 25 agentu-

123 405 34 13 rer
173 398 56 20 inom
246 398 72 20 landet
333 401 59 23 samt,
409 398 42 20 ifall
469 398 64 20 sådan
550 398 73 26 åtgärd
647 398 84 26 pröfvas
748 397 63 27 nödig
831 398 39 20 och

123 432 32 20 för
174 432 86 20 Banken
278 432 106 27 gagnelig,
408 432 72 27 frågan
505 433 71 19 derom
600 432 67 20 tillika
684 432 46 20 med
746 432 77 27 förslag
838 434 33 18 rö-

124 466 64 20 rande
205 466 108 27 omfånget
328 467 23 19 af
364 466 40 20 den
421 473 42 20 nya
478 467 115 20 anstaltens
611 466 135 20 verksamhet
761 466 30 20 till
807 466 64 20 Sena-

123 503 46 17 tens
185 496 118 24 Ekonomie
314 501 159 26 Departements
489 500 115 27 afgörande
620 501 140 25 öfverlemna;

192 540 20 26 e)
228 540 37 20 hos
281 547 80 14 samma
384 541 150 26 Departement
557 541 110 19 hemställa
689 547 33 14 om
746 540 126 28 indragning

123 574 23 20 af
159 574 79 20 sädana
260 575 98 20 Bankens
381 575 76 20 kontor
479 575 38 20 och
534 578 112 24 agenturer
662 577 56 18 inom
734 575 77 26 landet,
827 581 43 14 som

124 610 53 18 visat
193 609 31 27 sig
240 616 50 13 vara
306 610 22 19 af
341 610 61 26 ringa
417 616 62 20 gagn,
499 611 54 18 samt
575 616 33 13 om
631 609 126 20 förändrade
783 609 86 20 bestäm-

125 644 76 26 ningar
216 644 110 26 angäende
342 644 26 20 de
384 644 75 20 kontor
475 644 38 20 och
529 645 119 25 agenturer,
664 644 6 19 i
688 644 98 19 afseende
793 639 9 36 ä
819 643 53 20 hvil-

124 678 28 20 ka
167 685 26 13 en
210 678 121 27 förändring
346 678 23 20 af
383 678 60 20 deras
459 678 134 20 verksamhet
608 678 66 20 finnes
690 684 50 14 vara
750 678 23 20 af
782 680 88 17 omstän-

124 712 125 26 digheterna
264 712 110 26 påkallad;
390 712 107 20 äfvensom

187 752 26 27 £)
235 752 44 20 ifall
296 752 116 20 förhanden
429 752 92 20 varande
541 752 181 26 omständigheter
740 752 39 20 och
795 752 75 20 förhål-

124 786 77 20 landen
224 787 59 26 gifva
305 786 68 27 skälig
397 786 114 27 anledning
527 788 30 18 att
573 786 78 26 befara,
670 788 30 18 att
717 786 96 20 Bankens
830 793 42 13 me-

123 820 85 20 talliska
230 820 62 20 kassa
312 820 53 20 skall
382 821 6 19 i
404 821 64 19 sådan
485 820 46 20 mån
549 824 60 23 tagas
624 821 7 19 i
646 820 91 27 anspråk
752 820 32 20 för
799 821 73 19 invex-

125 854 43 27 ling
184 855 23 19 af
220 855 98 20 Bankens
342 855 126 26 utelöpande
484 855 75 25 sedlar,
576 857 31 18 att
622 855 121 20 densamma
757 855 48 20 icke
823 855 49 26 kan,

125 889 89 19 medelst
224 889 136 26 användning
377 889 22 20 af
412 889 99 20 Bankens
527 889 69 26 öfriga
612 889 80 20 valutor
708 889 32 20 för
752 889 119 26 sedelutgif-

124 923 78 26 ningen
219 923 121 26 uppehällas
357 923 33 20 vid
408 923 33 20 det
458 924 6 18 i
479 924 11 18 7
508 925 9 22 $
535 923 100 26 stadgade
653 923 75 20 minsta
743 923 82 26 belopp,
834 923 38 19 hos

124 957 57 19 Hans
202 957 118 27 Kejserliga
343 958 97 25 Majestät
455 960 51 24 göra
522 957 131 27 underdånig
670 957 153 26 framställning
838 963 33 14 om

124 991 144 26 upptagandet
284 992 22 19 af
320 991 74 20 sådant
409 992 78 19 utrikes
504 992 33 19 län
554 992 51 20 eller
620 992 77 26 kredit,
713 998 43 13 som
764 991 15 20 "i
794 997 79 14 samma

124 1027 10 22 $
151 1025 139 20 omförmäles.

192 1059 8 20 I
218 1060 26 19 de
264 1061 93 19 ärenden
382 1061 37 19 här
441 1063 89 23 nämnts,
554 1061 51 20 böra
627 1060 200 27 Bankfullmäktige,
843 1060 29 19 in-

125 1099 40 13 nan
183 1093 26 20 de
224 1095 96 25 företaga
336 1094 46 20 dem
400 1095 30 18 till
446 1095 71 26 slutlig
537 1095 106 26 pröfning,
666 1095 94 20 inhemta
782 1094 90 20 Bankdi-

125 1127 123 20 rektionens
271 1129 104 26 skriftliga
398 1128 106 20 utlåtande
520 1129 5 19 i
542 1129 65 20 saken
631 1129 39 20 och
694 1129 90 20 derefter
803 1128 71 27 bifoga

125 1161 116 20 detsamma
257 1162 151 27 Fullmäktiges
424 1169 52 20 egen
493 1163 153 26 framställning
662 1163 6 19 i
684 1165 77 18 ämnet.

193 1201 151 28 Fullmäktiges
368 1203 177 27 framställningar
565 1203 39 20 och
621 1203 78 24 förslag
714 1203 7 19 i
737 1203 61 20 dessa
813 1205 59 18 ären-

124 1235 39 20 den
181 1235 72 21 kunna
269 1236 47 20 icke
332 1237 66 19 delvis
414 1237 130 26 godkännas,
565 1239 48 18 utan
637 1237 61 20 skola
720 1237 99 26 antingen
843 1237 29 19 till

125 1269 42 20 alla
182 1269 58 20 delar
257 1270 81 20 bifallas
354 1271 51 20 eller
421 1271 68 20 afslås.

473 1335 9 22 S
499 1334 33 19 70.

192 1379 78 20 Vidare
286 1379 70 20 tillhör
372 1379 36 20 det
427 1379 194 27 Bankfullmäktige
637 1382 36 23 att,
689 1379 53 20 efter
757 1379 35 20 det
807 1379 67 20 Bank-

125 1413 132 20 direktionen
275 1413 69 20 blifvit
358 1414 6 19 i
380 1413 63 20 saken
460 1414 59 25 hörd,

193 1448 24 25 a)
234 1448 99 20 förordna
350 1448 29 20 till
396 1449 87 19 ombuds
503 1449 131 19 anställande
650 1449 32 19 för
699 1448 86 20 Banken
801 1447 27 26 på
844 1449 28 18 ut-
