1078 1692
223 121 34 17 508

201 185 144 27 fullmäktiges
360 186 134 24 instruktion,
511 185 87 26 nyligen
616 186 80 26 utgifna
712 186 89 26 samling
817 186 23 19 af
853 186 96 26 stadgan-

200 219 40 21 den
264 220 111 26 angående
394 220 100 20 Finlands
514 219 63 26 bank,
594 219 100 20 ehuruväl
718 220 64 26 sagde
805 220 145 26 förordningar

200 254 54 20 dock
270 260 64 20 synas
349 254 107 19 innehålla
475 253 81 27 ganska
572 254 133 26 väsendtliga
720 254 138 26 stadganden,
874 254 75 19 beträf-

200 288 62 20 fande
287 287 95 20 bankens
404 288 39 19 och
463 287 201 20 bankdirektionens
681 288 128 26 åligganden
826 295 26 12 m.
869 294 33 19 m.,
918 288 32 19 för

200 322 82 19 hvilkas
294 322 146 19 uraktlåtande
454 328 76 13 ansvar
542 321 41 19 kan
596 321 56 26 följa.
677 322 48 19 Men
742 322 105 20 måhända
862 328 35 13 var
908 322 39 19 den

201 363 25 12 nu
243 356 93 19 uttalade
352 356 106 19 allmänna
474 355 142 25 relegationen
633 356 63 19 redan
713 356 27 19 då
755 356 5 19 i
778 356 65 26 fråga.

269 389 40 20 Vid
326 389 149 21 ofvananfördt
490 389 131 20 förhållande
637 390 39 19 och
692 389 73 20 såvida
776 390 32 25 de,
821 397 33 12 om
865 390 35 20 det
916 396 31 20 ry-

200 424 38 20 ska
254 426 54 17 samt
324 424 26 19 de
366 423 112 25 utländska
493 423 114 20 statslånen
628 424 98 26 gällande
744 424 67 20 vilkor
826 424 39 20 och
882 424 66 20 förbe-

200 458 41 20 håll
258 460 54 18 samt
326 458 27 19 de
368 457 101 20 Finlands
486 457 55 20 bank
557 458 6 18 i
580 457 58 20 detta
660 458 121 20 hänseende
801 458 76 26 ålagda
892 458 55 26 skyl-

200 492 104 26 digheter,
315 492 82 26 grunda
408 492 31 26 sig
455 491 27 27 på
497 492 75 25 sjelfva
587 492 177 20 lånekontrakten
775 492 39 20 och
830 492 119 20 sedermera

200 526 68 20 blifvit
292 532 76 20 genom
392 526 140 26 öfverhetliga
554 526 148 26 författningar
725 526 123 26 kungjorde,
867 526 30 19 för
919 528 29 18 att

199 560 57 26 tjena
272 559 18 27 ej
308 560 53 20 blott
377 560 90 26 banken,
483 562 47 18 utan
551 560 124 20 framförallt
694 560 119 26 respektive
833 560 115 27 långifvare

199 596 53 17 samt
268 594 48 25 alla,
333 591 125 23 både”inom
475 594 89 20 Finland
583 594 40 20 och
640 594 25 26 på
681 594 79 20 utrikes
776 597 55 17 orter
847 595 101 25 vistande,

199 628 137 19 innehafvare
352 628 23 19 af
389 627 139 27 obligationer
547 628 30 19 till
597 628 118 20 kännedom
734 628 39 20 och
790 628 103 26 efterföljd
909 629 39 19 och

199 662 87 20 hvarvid
303 662 61 20 dessa
380 668 39 20 ega
433 664 30 17 att
483 664 76 24 trygga
574 663 39 25 sig,
630 662 58 20 torde
705 662 93 20 hvarken
815 663 132 26 Regeringen

199 696 52 20 eller
267 696 119 20 Ständerna
404 702 40 20 ega
464 696 58 20 makt
541 698 30 18 att
589 696 92 26 ensidigt
697 697 105 25 upphäfva
817 697 51 19 eller
883 697 65 19 ändra

199 737 79 13 samma
293 730 119 20 lånevilkor
428 730 38 20 och
483 730 136 26 föreskrifter,
632 730 50 20 eller
698 732 30 18 att
743 730 27 26 på
785 737 24 13 en
826 737 68 13 annan
911 726 35 24 an-

199 764 49 20 stalt
270 764 122 26 öfverflytta
414 764 41 25 det,
472 770 44 14 som
539 764 68 26 gäller
629 764 74 20 endast
718 765 32 19 för
765 764 99 20 Finlands
882 764 66 26 bank;

199 798 38 20 och
254 801 56 17 ännu
335 798 81 20 mindre
439 798 54 20 lärer
513 798 75 20 sådant
603 798 72 20 kunna
690 798 159 27 åvägabringas,
865 798 27 26 på
907 801 41 17 sätt

199 832 132 26 fullmäktige
347 832 83 26 pröfvat
449 832 84 26 skäligt,
549 838 77 20 genom
643 832 61 19 deras
719 833 6 18 i
741 832 100 26 förslaget
857 832 29 19 till
903 839 43 19 reg-

200 867 90 19 lemente
306 866 83 20 införda
405 867 11 18 4
432 869 16 21 $.
474 866 41 19 För
531 866 42 19 min
585 866 34 19 del
636 866 74 19 förstår
723 867 37 25 jag
771 866 54 25 icke,
837 866 51 19 huru
900 873 46 13 man

199 908 36 13 ens
251 901 67 19 skulle
335 900 71 20 kunna
422 901 36 19 hos
474 900 26 20 de
517 900 120 25 bankirhus,
650 900 46 19 med
713 900 72 19 hvilka
801 900 61 20 lånen
880 900 68 19 blifvit
962 896 3 3 '

199 935 162 25 kontraherade,
378 935 66 19 väcka
463 935 59 26 fråga
541 941 33 13 om
592 934 148 26 upphäfvande
756 934 51 20 eller
823 934 89 26 ändring
927 935 23 18 af

199 970 25 19 de
240 969 166 25 bestämmelser,
422 975 44 13 som
488 969 56 26 legat
565 969 30 19 till
613 969 67 26 grund
696 969 32 18 för
744 968 71 19 länens
831 968 117 20 afslutande

199 1004 38 20 och
254 1004 6 19 i
276 1003 130 20 kontrakten
418 1003 69 20 blifvit
502 1003 89 25 införda,
602 1003 51 20 eller
669 1005 30 17 att
714 1003 40 19 den
772 1003 117 26 befattning
900 1003 47 19 Fin-

198 1038 60 20 lands
280 1037 58 20 bank
361 1037 81 26 äligger
465 1037 47 20 med
532 1037 65 26 sagde
613 1037 41 26 län,
671 1037 57 26 finge
744 1037 26 26 pä
786 1043 25 13 en
827 1043 67 14 annan
912 1043 35 13 an-

199 1072 54 25 stalt,
269 1078 44 13 som
330 1072 19 25 ej
370 1071 67 20 skulle
458 1071 50 20 höra
527 1071 31 19 till
581 1071 83 20 banken
682 1071 38 19 och
738 1071 52 20 hade
807 1073 63 17 annat
886 1077 60 13 namn

201 1108 53 17 samt
271 1107 31 18 för
319 1105 152 20 affärsverlden
486 1111 50 14 vore
553 1105 89 20 alldeles
657 1105 100 23 obekant,
773 1105 136 26 öfvertlyttas.

267 1139 29 20 På
307 1139 65 26 grund
385 1139 23 20 af
416 1139 54 20 hvad
479 1140 37 25 jag
532 1139 44 20 haft
591 1142 50 17 äran
657 1139 81 25 anföra,
749 1139 32 20 till
797 1139 80 20 hvilket
892 1142 55 17 ännu

200 1173 69 20 kunde
290 1173 72 26 läggas
382 1173 103 26 åtskilligt
505 1179 34 14 om
559 1174 111 26 förslagets
686 1173 110 26 praktiska
811 1173 136 26 olämplighet

198 1207 40 20 och
253 1207 27 20 de
295 1207 137 26 olägenheter
448 1207 47 20 dess
511 1208 111 19 utförande
638 1208 84 19 komme
738 1210 30 17 att
784 1207 100 26 medföra,
900 1214 47 13 men

199 1241 87 25 hvilket,
303 1241 27 20 dä
345 1241 59 20 detta
418 1242 136 26 andragande
574 1242 64 19 redan
654 1242 61 25 eljest
732 1242 67 19 blifvit
815 1248 42 20 nog
872 1241 75 26 vidlyf-

199 1276 45 26 tigt,
257 1275 38 20 här
308 1275 100 26 förbigås,
419 1276 31 19 får
459 1277 44 25 jag,
516 1276 31 19 för
559 1277 42 18 min
618 1276 39 25 del,
670 1276 38 19 hos
724 1276 81 19 landets
821 1275 128 27 Högloflliga

198 1309 89 21 Ständer
298 1309 106 20 vördsamt
420 1310 116 26 hemställa,
548 1312 30 18 att
593 1311 40 19 den
649 1311 6 18 i
672 1310 139 26 reglementet
829 1310 118 26 föreslagna

199 1346 11 17 4
226 1346 10 22 $
253 1343 63 20 måtte
335 1343 93 20 derifrän
447 1344 87 20 alldeles
549 1345 51 26 utgå
614 1347 54 17 samt
683 1347 30 16 att
729 1345 47 19 med
793 1336 155 34 förvaltningen

199 1379 21 19 af
234 1380 62 17 stats-
315 1378 39 19 och
370 1377 166 21 militieverkens
552 1385 26 13 m.
595 1378 20 19 fl.
631 1378 107 20 allmänna
753 1379 74 19 fonder
842 1379 7 19 i
866 1379 82 19 banken

199 1412 67 20 skulle
278 1412 80 25 jemväl
370 1412 112 19 framdeles
498 1413 105 25 förhällas,
615 1413 26 25 pä
656 1415 42 17 sätt
713 1413 71 19 derom
801 1413 63 19 redan
882 1412 66 20 finnes

199 1446 104 26 stadgadt,
315 1446 54 20 helst
382 1446 36 20 det
433 1453 28 12 nu
477 1446 108 21 bestämda
602 1447 202 26 förvaltningssättet
819 1449 24 18 är
859 1446 52 20 bäde
927 1447 23 19 af
