1098 1750
452 118 35 21 N:o
502 118 32 22 21.
815 117 26 20 37

118 186 70 27 öfriga
203 188 149 22 testamenten,
369 186 137 26 hvarigenom
523 187 109 25 egendom,
650 192 46 14 som
712 186 6 20 i
735 186 92 20 kontant
843 186 28 20 el-

117 220 32 21 ler
172 221 65 20 värde
260 221 17 26 ej
301 220 83 26 uppgår
404 221 32 20 till
459 220 115 21 etthundra
595 221 66 24 mark,
679 220 68 25 någon
765 220 106 25 tillägges.

118 253 82 22 Sådant
223 256 126 18 testamente
374 255 37 19 bör
435 255 60 25 dock,
517 256 38 18 när
576 255 36 20 det
631 255 34 19 vid
682 255 91 19 domstol
791 254 79 20 företes

118 288 33 21 till
168 289 126 25 bevakning,
311 288 98 21 karteras
426 289 43 20 lika
485 295 45 14 som
548 289 71 25 bilaga
634 289 7 20 i
658 288 123 25 allmänhet,
799 287 72 21 derest

118 322 46 27 den,
181 323 33 20 för
230 323 85 20 hvilken
332 323 147 26 bevakningen
495 323 56 26 sker,
568 323 18 26 ej
603 324 24 19 är
643 323 47 20 från
707 322 53 21 bruk
773 322 22 20 af
806 323 65 19 stäm-

117 357 118 27 pelpapper
252 357 90 26 befriad;

186 399 55 20 24:0.
272 398 48 21 Alla
343 398 241 21 arfskiftesinstrument
608 398 38 20 och
670 397 103 20 likaledes
790 397 82 26 boupp-

118 432 248 27 teckningsinstrument,
390 433 27 20 då
440 433 61 20 boets
526 432 98 21 behållna
648 438 82 15 summa
749 432 18 26 ej
790 431 82 26 uppgår

118 467 33 20 till
166 467 127 20 femhundra
309 467 69 26 mark;

186 508 55 20 25:0.
272 507 115 26 Donation,
405 513 44 15 som
465 507 6 21 i
488 508 118 25 penningar
622 507 53 20 eller
692 507 64 20 värde
773 507 18 25 ej
804 505 68 21 öfver-

118 541 67 27 stiger
202 542 120 21 tvähundra
338 542 71 25 mark;

186 583 54 20 26:0.
269 582 108 27 Resepass
397 582 33 21 för
446 581 69 22 finska
531 582 144 26 medborgare
691 581 31 21 till
740 585 57 17 orter
813 581 57 21 inom

118 616 102 26 Finland;

186 657 55 20 27:0.
271 656 155 26 Läkarebevis;

186 697 55 20 28:0.
264 696 234 27 Förtullningsinlagor
512 696 66 26 jemte
594 696 71 20 dertill
683 696 93 20 hörande
789 695 83 26 bilagor

118 731 33 20 till
174 730 155 21 tuilkamrarne
352 731 39 20 och
411 730 217 26 tullexpeditionerna
648 731 6 19 i
670 730 97 26 Finland,
784 729 88 21 skrifter

118 765 39 20 och
181 765 132 26 handlingar,
337 771 46 14 som
406 765 32 20 till
459 765 191 25 tullexpeditionen
671 765 6 20 i
693 763 31 21 S:t
740 764 131 26 Petersburg

118 799 93 25 ingifvas
235 799 52 20 eller
311 799 94 20 derifrän
424 798 108 25 utfärdas;
550 798 109 21 äfvensom
676 798 145 26 ansökningar
837 804 33 14 om

118 833 123 20 erhållande
259 833 22 20 af
296 833 86 20 trisedel
399 833 32 20 till
448 833 96 25 lossning
562 833 51 20 eller
629 833 102 25 lastning;

188 867 55 20 29:0.
273 867 64 21 Bevis
353 867 58 20 öfver
428 867 147 20 hinderlöshet
591 867 33 20 till
640 867 130 26 äktenskap;

186 901 55 21 30:o.
274 901 109 21 Fullmakt
410 901 33 20 till
465 903 59 24 post-
548 901 38 20 och
611 901 260 26 jeruvägsförsändelsers

121 937 116 25 uttagande
261 938 56 19 samt
340 938 32 19 att
396 936 11 21 ä
426 937 142 20 landtränteri
588 935 51 21 eller
659 935 47 21 från
722 941 68 15 annan
807 935 64 21 kassa

118 971 54 26 lyfta
188 971 35 20 lön
239 973 55 18 samt
310 971 57 20 läne-
383 971 52 20 eller
451 971 67 20 andra
533 971 79 25 medel;

188 1006 54 20 31:0.
257 1005 194 28 Poliskammares
475 1005 183 26 tillständsbiljett
678 1004 32 21 för
736 1005 55 20 finsk
815 1005 56 20 med-

118 1039 92 26 borgare
226 1041 31 18 att
274 1039 66 20 vistas
357 1040 6 19 i
379 1040 86 25 staden;

186 1074 53 20 32:0.
270 1073 225 26 Embetsskrifvelser;

188 1108 55 20 33:0.
266 1107 147 27 Tjenstemans
430 1108 121 25 ansökning
566 1113 33 15 om
612 1108 160 26 handräckning
783 1110 32 18 att
826 1108 46 20 utfä

118 1142 78 21 honom
213 1142 22 20 af
250 1142 108 26 menighet
373 1142 162 20 tillkommande
552 1141 103 27 atlöning;

186 1177 54 20 34:0.
264 1176 68 21 Skrift
348 1177 37 20 och
403 1177 77 26 bilaga,
497 1183 45 14 som
559 1177 104 20 inlemnas
680 1177 22 20 af
711 1183 86 20 person,
809 1176 62 22 hvars

118 1211 114 26 fattigdom
252 1213 23 18 är
295 1211 99 26 antingen
417 1211 88 20 allmänt
521 1211 58 20 känd
595 1211 52 21 eller
663 1211 162 26 vederbörligen
841 1212 31 20 in-

119 1246 71 27 tygad,
215 1248 24 18 sä
262 1245 46 26 ock
325 1245 130 28 expedition,
479 1251 45 15 som
548 1246 34 21 tili
598 1246 67 20 sådan
681 1252 77 21 person
775 1246 98 21 utfärdas

118 1280 39 21 och
174 1279 32 22 för
223 1279 84 21 hvilken
324 1280 18 26 ej
359 1280 67 20 heller
442 1281 60 20 lösen
519 1286 49 19 eger
584 1286 54 20 rum,
654 1281 87 20 hvarom
757 1281 68 26 tydlig
836 1286 36 15 an-

119 1314 88 26 tekning
224 1313 11 22 å
251 1314 150 27 expeditionen
419 1315 37 20 bör
473 1314 47 26 ske;

188 1349 54 20 35:0.
272 1347 84 27 Utslag,
380 1349 124 25 resolution,
524 1349 74 20 ordres
620 1350 55 19 samt
691 1349 182 20 löftesförbindel-

118 1387 41 20 ser,
183 1381 198 26 vederhäftighets-,
405 1382 145 25 intecknings-
575 1382 39 19 och
634 1385 65 17 annat
715 1383 66 26 bevis,
797 1388 46 14 som
859 1383 13 20 å

118 1415 58 20 förut
193 1415 114 26 behörigen
325 1415 100 21 karterad
441 1415 72 26 inlaga
529 1416 52 19 eller
597 1415 101 26 handling
715 1417 99 24 tecknas;
