1095 1728
426 122 40 21 N:o
483 124 32 19 11.
803 124 11 19 9

95 189 31 21 vis
149 191 49 26 taga
214 190 7 21 i
236 190 91 27 anspråk
343 197 25 14 en
384 197 45 16 mer
444 191 51 21 eller
510 191 82 21 mindre
606 190 84 27 rundlig
705 191 38 26 tid,
759 191 38 21 har
812 191 32 22 uti

97 225 10 20 1
124 230 62 15 mom.
204 227 12 18 6
232 225 10 27 8
258 225 75 21 införts
357 231 25 15 en
403 226 134 26 bestämning
555 225 71 21 derom
642 227 32 19 att
690 225 105 26 förslagen
810 225 33 21 till

95 259 236 26 skjutsningsbesvärets
347 259 106 21 ordnånde
468 260 53 21 böra
537 266 49 15 vara
601 259 117 27 uppgjorda
732 260 57 20 inom
804 261 39 19 Fe-

94 292 70 21 bruari
188 292 75 21 månad
286 293 45 21 året
355 293 44 20 före
418 293 42 26 det,
479 294 26 20 då
520 293 131 27 gästgifveri-
668 293 37 20 och
721 293 122 26 skjutshåll-

93 325 137 28 ningsperiod
251 327 155 26 tilländalöper,
423 327 121 27 hvarjemte,
560 328 33 20 till
608 327 132 21 undvikande
756 327 23 21 af
793 329 49 19 onö-

95 360 48 27 diga
159 360 121 27 omgångar,
296 360 21 22 ät
332 361 169 27 kronofogdarne
517 361 149 21 öfverlempats
678 363 31 19 att
727 361 72 27 sjelfve
810 363 33 19 ut-

95 396 56 20 sätta
166 394 68 27 dagen
250 395 38 21 och
304 397 60 19 orten
379 396 33 20 för
426 395 116 28 förslagens
558 396 140 27 uppgörande.

165 430 44 20 Den
233 429 126 22 förändrade
374 430 86 27 lydelse,
476 436 63 15 mom.
555 437 13 14 a
584 431 7 20 i
607 430 103 27 sistsagde
724 431 12 26 $
752 430 90 27 erhållit,

94 464 39 21 har
148 465 31 20 sin
194 465 68 26 grund
278 465 31 20 uti
323 464 164 27 postgårdarnes
503 465 118 27 föreslagna
637 465 129 26 indragning.

99 498 8 2 N
166 499 38 21 Uti
226 505 63 15 mom.
309 506 10 13 c
338 499 23 21 af
374 505 80 15 samma
469 500 11 26 &
496 499 65 21 finnes
576 499 98 26 stadgadt
690 501 31 19 att
737 499 106 22 afständet

94 534 89 21 emellan
199 534 36 21 tvä
250 534 172 27 skjutsanstalter
432 535 8 20 i
450 534 115 21 allmänhet
580 535 46 20 icke
641 533 33 22 fär
689 533 113 28 öfverstiga
816 536 26 19 20

92 570 63 24 verst,
178 569 81 20 hvilket
282 568 84 22 afständ
389 569 58 26 dock,
470 569 48 21 med
533 569 83 26 hänsigt
631 569 33 20 till
680 569 25 20 de
720 569 39 20 här
773 569 68 20 nedan

93 602 119 27 föreslagna
228 603 92 20 ändrade
335 603 92 26 grunder
442 603 33 20 för
490 603 167 21 bestämmandet
672 603 23 20 af
704 603 139 26 skjutsnings-

93 636 147 27 skyldigheten
261 637 47 21 frän
327 637 180 27 gästgifverierna,
523 637 94 21 nedsatts
632 637 33 20 till
681 639 26 20 20
723 637 118 26 kilometer,

92 671 149 22 motsvarande
258 674 58 24 18,71
334 673 63 20 verst.

163 706 64 21 Mom.
244 706 14 20 d
272 706 30 22 uti
328 706 160 28 ifrågavarande
503 707 11 27 $
529 706 117 22 innehåller
667 708 97 20 närmare
787 706 55 22 före-

93 740 85 22 skrifter
201 741 90 21 rörande
314 742 80 20 antalet
418 741 97 27 skjutsar,
534 747 45 15 som
593 742 8 20 i
617 741 75 27 dygnet
708 741 46 21 från
769 741 72 27 hvarje

92 775 122 27 gästgifveri
230 775 38 21 bör
283 778 92 24 utgöras,
393 776 38 20 och
449 776 78 26 hästar,
543 782 45 14 som
603 776 33 20 för
651 775 121 21 ändamålet
788 776 54 21 skall

91 810 74 26 hållas,
181 810 7 20 i
204 810 80 21 hvilket
307 810 98 21 afseende
426 812 23 19 är
468 810 97 27 stadgadt
581 812 32 19 att
628 810 32 21 till
676 810 67 26 grund
759 810 32 21 för
806 811 35 20 be-

91 844 142 22 stämmandet
249 844 23 21 af
285 845 131 27 skjutsarnas
433 845 57 21 antal
505 845 39 20 bör
558 846 72 25 läggas
646 844 122 22 medeltalet
783 845 24 21 af
816 845 26 21 de

91 879 98 26 skjutsar,
206 885 45 15 som
265 880 65 20 under
344 879 35 21 det
390 879 126 27 föregående
528 879 45 21 året
583 880 7 20 i
601 879 77 27 dygnet
688 879 76 27 utgått,
777 880 64 20 ökadt

91 914 48 20 med
155 913 73 21 femtio
244 915 93 25 procent,
355 914 38 20 och
408 916 38 24 att,
463 914 36 20 der
515 914 102 26 betydligt
632 914 56 20 olika
704 914 57 20 antal
775 914 66 21 under

91 948 57 20 olika
162 948 56 20 tider
233 947 23 21 af
270 948 45 21 året
331 948 121 26 erfordrats,
468 948 101 27 förslaget
585 948 53 20 skall
650 948 92 21 derefter
752 948 88 27 lämpas,

91 982 108 22 äfvensom
222 984 31 20 att
268 983 81 21 antalet
365 982 140 28 skjutshästar
521 982 18 27 ej
555 983 33 21 får
603 982 120 27 understiga
739 983 102 21 medelta-

91 1017 30 21 let
144 1017 22 21 af
188 1017 26 21 de
236 1017 99 27 skjutsar,
359 1024 44 14 som
418 1018 8 20 i
441 1017 76 27 dygnet
541 1017 44 21 från
605 1016 143 28 gästgifveriet
763 1018 78 26 utgått.

91 1051 72 27 Enligt
182 1051 55 21 hvad
253 1051 25 22 de
293 1052 7 20 i
315 1052 87 21 ärendet
417 1051 111 22 tillkomna
543 1052 152 26 handlingarna
710 1053 75 25 utvisa,
801 1052 39 21 har

89 1087 91 20 nämnda
203 1087 116 26 stadgande
341 1087 32 20 uti
395 1087 46 20 icke
463 1086 21 21 få
506 1087 38 20 fall
562 1086 104 21 föranledt
686 1093 25 14 en
727 1087 76 26 ökning
820 1087 23 21 af

91 1121 221 27 skjutsningsdygnens
328 1121 58 21 antal
401 1121 49 21 med
464 1121 96 26 omkring
572 1123 26 19 20
609 1121 13 20 å
633 1121 33 26 50,
677 1121 99 21 stundom
787 1121 54 21 ända

90 1155 33 21 till
148 1157 39 20 100
210 1157 86 24 procent
319 1155 84 22 utöfver
418 1156 36 20 det
469 1155 94 26 verkliga
578 1155 98 21 behofvet
692 1155 39 21 och
746 1155 93 27 sålunda,

90 1190 8 20 i
113 1189 53 21 strid
189 1189 48 21 med
259 1189 161 27 författningens
444 1189 103 26 syftemål,
566 1189 104 22 föranledt
686 1196 25 14 en
728 1189 113 27 opåkallad

91 1224 92 26 stegring
199 1223 23 21 af
235 1224 222 26 skjutningsbesväret.
487 1224 32 21 De
539 1223 159 27 ifrågavarande
713 1224 127 21 bestämnin-

89 1264 66 20 garna
169 1256 65 23 hafva
248 1258 83 21 derföre
347 1260 80 19 ansetts
442 1258 46 21 icke
503 1258 71 21 vidare
590 1258 50 21 böra
655 1257 123 28 bibehållas,
789 1260 51 19 utan

91 1293 39 20 har
146 1293 7 20 i
168 1292 72 21 stället
262 1293 120 26 föreslagits
406 1293 35 21 det
457 1292 114 27 stadgande
587 1295 32 19 att
633 1292 36 21 vid
684 1293 157 21 fastställandet

91 1327 24 20 af
129 1327 276 27 skjutsningsskyldigheten
420 1327 7 20 i
443 1327 76 27 dygnet
535 1327 45 21 från
594 1327 72 26 hvarje
678 1327 122 26 gästgifveri
811 1327 30 20 af-

90 1361 76 19 seende
189 1361 66 20 borde
278 1361 65 20 fästas
360 1361 12 19 å
387 1361 115 25 lifligheten
519 1361 22 20 af
556 1361 39 19 den
609 1360 70 25 trafik,
696 1366 44 15 som
756 1361 86 25 pröfvas

89 1394 88 20 komma
192 1395 32 19 att
239 1394 35 20 vid
289 1394 145 26 gästgifveriet
451 1400 39 20 ega
504 1400 53 20 rum,
573 1396 54 18 samt
642 1394 78 26 jemväl
736 1393 55 27 derå,
803 1394 38 20 hu-

89 1427 74 21 rävida
186 1428 122 20 densamma
326 1428 42 20 kan
384 1429 87 25 antagas
485 1427 86 21 komma
586 1430 31 18 att
632 1427 66 21 under
713 1428 57 20 olika
785 1428 55 20 tider
