1100 1745
425 131 53 24 N:o
496 131 49 23 21.

386 437 65 21 Hans
473 437 148 27 Kejserliga
641 436 135 27 Majestäts
791 436 73 28 nädiga

327 471 125 27 proposition
477 471 29 21 till
528 471 92 21 Finlands
645 470 93 27 Ständer,
759 470 105 28 angäende

327 506 202 26 stämpelbevillning.

179 574 42 22 Vid
244 574 59 21 tiden
324 574 34 21 för
378 576 73 19 senast
465 574 74 21 hällna
553 574 104 26 landtdag
672 574 83 26 föreläg
770 574 95 20 afslutad

112 609 121 27 räkenskap
257 608 59 21 öfver
340 608 235 27 stämpelbeviilningen
596 609 32 20 till
645 609 38 20 och
699 609 48 20 med
764 608 24 21 år
805 609 61 20 1883.

111 643 218 25 Nettobehällningen
351 642 23 21 af
389 644 68 19 denna
474 643 59 20 skatt
549 643 54 20 hade
619 642 32 21 för
667 643 26 20 de
704 644 33 19 tre
748 643 51 20 ären
812 643 51 20 1881

111 678 85 20 —1883
212 677 92 27 uppgätt
319 678 6 20 i
342 677 65 27 ärligt
423 677 101 20 medeltal
540 677 32 21 till
584 678 90 24 699,239
686 677 60 20 mark
760 678 24 20 15
794 676 70 27 penni.

178 712 101 21 Derefter
294 711 40 21 har
350 710 195 22 bruttoinkomsten
562 712 91 26 utgjort:

284 746 25 21 är
326 746 54 21 1884
403 760 6 5 .
439 761 5 5 .
476 761 3 4 .
511 762 4 4 .
546 746 97 25 802.751:
661 747 33 19 76.

291 798 11 8 »
325 780 83 21 1885
405 768 15 43 .
440 796 4 5 .
475 797 4 4 .
510 796 5 4 .
546 781 97 25 812.749:
661 781 33 20 62.

290 832 12 9 »
325 816 54 20 1886
403 830 5 4 .
438 830 5 4 .
475 831 5 5 .
511 831 5 4 .
546 816 97 25 807.817:
660 816 33 20 63.

180 849 125 27 Utgifterna
325 849 33 21 för
374 850 63 20 karta
453 849 96 26 sigillata
565 850 100 20 kontoret
681 851 56 19 samt
751 849 34 21 för
801 850 65 20 stäm-

112 884 139 27 pelpapprets
274 883 39 21 och
337 883 207 26 stämpelmärkenas
567 883 139 26 tillverkning
725 883 39 20 och
782 882 84 27 försälj-

112 919 51 25 ning
178 918 64 21 hafva
256 917 94 27 uppgätt

282 952 24 20 är
324 952 54 21 1884
393 951 33 21 till
455 968 4 5 .
490 967 5 5 .
525 967 5 4 .
561 953 84 24 66,157:
661 953 34 19 63.

291 1002 12 11 »
326 987 53 20 1885
410 1003 12 9 »
453 1001 5 6 .
489 1002 5 5 .
525 1002 5 5 .
561 987 83 26 79,668:
660 987 34 20 07.

292 1037 10 9 5
325 1021 54 20 1886
453 1037 5 4 o»
489 1035 6 5 +
561 1021 83 24 69,845:
661 1021 34 20 63.

162 1069 2 2 »
183 1054 45 21 Och
250 1054 39 21 har
309 1054 64 21 alltså
392 1055 40 20 den
449 1037 100 38 behällna
563 1055 122 21 inkomsten
701 1054 23 21 af
738 1053 129 28 stämpelbe-

114 1069 115 47 villningen
246 1089 93 26 utgjort:

285 1124 24 20 år
327 1124 54 20 1884
405 1139 4 5 .
441 1139 4 5 .
475 1138 5 5 .
510 1139 5 5 .
547 1124 98 25 736,594:
663 1124 33 20 13.

293 1174 12 10 »
327 1159 83 20 1885
404 1145 17 43 .
441 1174 4 4 .
476 1173 6 6 .
513 1174 4 4 .
549 1159 96 24 788,081:
662 1158 33 20 55.

293 1208 11 9 »
327 1192 54 21 1886
476 1206 42 6 «2
550 1193 97 25 787,972:
663 1204 28 3 —

183 1226 34 20 Dä
240 1226 124 20 medeltalet
387 1207 34 39 för
440 1207 71 45 sagde
533 1228 33 18 tre
581 1226 25 21 är
621 1228 24 18 är
661 1226 98 27 735,882:
776 1226 34 25 56,
826 1225 42 21 kan

116 1260 36 21 det
167 1261 91 25 antagas
274 1261 32 19 att
323 1260 212 26 nettoafkastningen
552 1260 23 21 af
588 1260 237 26 stämpelbevillningen
835 1260 34 20 för

116 1294 173 26 treärsperioden
306 1294 140 21 1886—1888
462 1294 47 20 icke
525 1294 55 21 skall
597 1294 126 25 understiga
739 1294 37 20 det
791 1294 77 26 belopp

116 1328 23 21 af
153 1329 91 25 730,000
260 1328 61 21 mark
337 1329 5 20 i
358 1329 109 27 medeltal,
486 1329 87 20 hvartill
593 1329 124 20 densamma
731 1328 36 21 vid
783 1330 87 19 senaste

116 1363 105 25 landtdag
236 1363 124 20 beräknats.

185 1396 59 21 Enär
260 1397 36 20 det
311 1396 57 21 visat
384 1397 32 24 sig
432 1397 32 19 att
479 1395 165 26 ifrägavarande
659 1395 96 21 inkomst
764 1395 69 21 under
843 1401 26 15 en

116 1429 53 27 följd
184 1429 23 21 af
222 1430 24 21 är
261 1429 62 22 hällit
339 1430 34 26 sig
389 1430 101 26 temligen
506 1429 109 27 konstant,
630 1429 63 21 torde
709 1431 31 19 ett
755 1429 67 26 högre
837 1435 33 14 re-
