1098 1748
366 140 24 20 U.
404 141 22 21 B.
443 152 26 3 —
484 141 59 25 Prop.
558 141 38 20 N:o
610 142 29 19 21.

144 246 174 23 Notariatsdevis
347 246 27 22 af
393 246 62 22 hvad
480 254 68 14 namn
571 247 46 21 och
640 248 38 21 be-

173 280 132 22 skaffenhet
321 280 39 22 det
375 287 55 14 vara
446 281 37 21 mä
498 293 4 4 .
526 293 4 4 -
555 293 5 4 -
583 293 5 4 -
612 293 4 4 +
641 293 4 4 +
669 293 4 4 +

144 314 56 22 Pass
222 314 36 21 för
280 321 52 15 resa
354 315 64 21 utom
440 314 102 22 Finland
558 315 120 21 äfvensom

172 348 176 28 vistelsebiljett
370 348 36 21 för
427 348 126 28 utländing
576 348 102 22 skrifves

172 383 30 27 pä
217 382 121 21 enahanda
353 382 67 21 karta
435 388 44 15 som
494 382 76 28 öfriga
585 382 93 28 expedi-

172 416 76 21 tioner
262 416 52 21 frän
323 416 45 22 den
378 416 144 28 myndighet,
532 416 87 22 hvilken
629 416 49 22 det-

172 457 86 14 samma
272 450 106 22 utfärdar

200 484 164 28 Anmärkning.
401 484 110 22 Utfardas
536 474 135 49 gemensamt
683 478 5 41 |

170 526 54 21 pass
240 519 36 21 för
290 526 54 14 man
360 518 43 22 och
413 518 90 28 hustru,
512 518 114 22 föräldrar
634 518 54 30 och
682 514 10 38 |

170 552 64 28 barn,
259 552 121 22 husbonde
402 552 58 22 eller
481 553 130 21 matmoder
635 552 36 22 och
686 549 1 37 |

172 587 52 21 dess
238 586 152 29 tjenstehjon,
405 587 56 21 eller
476 587 35 21 för
526 587 47 21 alla
589 587 37 21 till
641 589 34 19 ett

170 620 94 22 hushåll
295 621 103 21 hörande
418 628 117 21 personer,
559 621 128 28 begagnas!

170 655 72 22 sådan
263 656 74 26 karta,
361 662 47 14 som
424 655 36 21 för
475 662 53 22 pass
544 656 23 20 åt
583 662 28 14 en
627 662 51 21 per-

172 696 48 15 son.

142 724 58 22 Pass
215 724 35 21 för
265 724 133 26 handlande,
413 723 116 27 fabrikant
536 723 52 22 eller
595 730 82 16 annan

170 758 176 28 näringsidkare,
369 758 131 21 inskrifven
518 758 8 21 i
541 757 61 22 finsk
618 757 57 27 stad,

172 795 35 19 att
228 793 74 21 vistas
325 793 8 21 i
354 792 124 29 Ryssland,
495 793 119 22 äfvensom
630 793 46 21 till-

170 827 160 29 ståndsbiljett
344 827 38 21 till
397 827 109 29 förlängd
520 827 96 22 vistelse
627 827 50 22 der-

128 861 89 22 städes:

195 896 37 21 för
247 895 133 22 handlande
396 896 43 21 och
454 896 130 21 fabrikant:
609 908 4 4 -
637 907 5 5 -
665 907 21 16 -j

195 931 36 20 för
248 937 76 14 annan
339 930 169 27 näringsidkare
524 943 4 4 »
554 943 3 4 -
581 942 4 5 -
610 942 4 4 -
638 941 5 5 -
667 941 4 5 -

144 963 200 28 Tullkammarpass
364 963 121 22 äfvensom
500 963 174 30 sjömansrulla:

196 1000 24 23 a)
235 998 36 22 för
286 998 89 22 utrikes
391 998 89 28 gäende
496 999 87 28 fartyg:

224 1033 72 21 finskt
311 1032 44 22 och
369 1032 74 28 ryskt,
460 1033 101 21 däckadt
581 1045 4 4 -
608 1044 5 5 -
637 1044 5 5 »
665 1044 5 4 -

252 1083 12 11 a
402 1083 12 10 »
440 1062 9 36 =
459 1066 126 22 Oodäekadt.
609 1079 4 4 «
637 1079 5 4 -
666 1078 4 5 -

224 1101 123 22 utländskt.
380 1112 4 5 +
410 1113 3 4 +
437 1113 4 4 .
465 1113 33 5 kk
522 1113 4 4 »
551 1113 5 5 .
581 1113 4 4 =
609 1113 4 4 »
637 1113 4 4 .
666 1112 5 5 «

196 1135 21 25 b)
239 1135 36 22 för
302 1135 88 22 inrikes
416 1135 56 21 eller
497 1135 37 21 till
556 1135 119 28 Ryssland

224 1169 90 29 gående
328 1169 88 29 fartyg:

224 1204 102 21 däckadt
352 1216 5 4 +
382 1216 3 5 +
408 1216 5 4 +
437 1200 16 31 ss
466 1216 4 4 =
495 1215 175 5 Ne

222 1238 116 21 odäekadt
355 1250 3 5 +
382 1250 4 4 -
410 1250 4 4 +
438 1249 233 6 kkk
553 1234 40 30 «rs
621 1234 53 30 sr

141 1272 132 27 Patentbref
294 1273 102 21 karteras
419 1273 30 27 pä
465 1274 47 19 sätt
527 1279 36 13 om
578 1271 95 28 privile-

169 1306 89 28 giibref
275 1307 4 20 i
294 1313 66 15 mom.
378 1308 9 20 1
405 1310 24 18 är
444 1305 116 29 stadgadt.

141 1340 166 23 Pensionsbret:

172 1376 33 19 1:0
221 1375 13 20 &
249 1375 100 27 pension
364 1381 28 14 ur
406 1375 108 26 kronans,
523 1375 78 26 nägon
612 1373 63 21 stads

196 1408 56 21 eller
268 1415 77 14 annan
361 1407 86 22 allmän
462 1407 74 25 kassa,
550 1407 37 21 vid
601 1407 75 27 afsked

133 575 7 5 E

141 556 15 24 be

819 141 28 21 29

731 891 138 28 100
790 887 16 45 |
824 887 16 45 —
854 887 20 45 |

743 932 103 20 25
789 918 21 47 |
821 918 28 47 —

818 1079 26 3 I

196 1442 54 27 från
268 1441 77 23 embete
362 1441 51 22 eller
428 1441 72 28 tjenst,
516 1449 28 14 en
560 1441 51 22 half
623 1447 52 22 pro-

190 1482 208 25 Bevillningsutskottets
408 1481 109 20 betänkande
528 1483 39 17 N:o
579 1482 16 17 5.
