1109 1764
246 151 28 21 30

426 151 70 22 Ständ.
511 151 31 22 Sv.
558 163 27 3 —
604 151 57 26 Prop.
677 150 35 21 N:o
729 150 32 21 21.

347 299 71 28 Ingår
432 300 8 20 i
455 299 129 28 kontraktet,
607 302 58 19 utom
680 301 44 20 viss
738 300 98 20 summa
824 295 16 37 i

330 334 132 28 penningar,
472 334 72 27 beting
551 341 34 14 om
592 335 93 27 förmän
694 335 52 20 eller
750 336 84 25 presta-

333 369 76 25 tioner,
426 375 46 14 som
487 367 44 22 icke
546 371 39 18 äro
601 369 35 20 till
651 369 84 20 värdei
744 368 90 27 pennin-

331 409 42 21 gar
395 404 91 23 utsatta,
509 403 52 20 eller
576 403 71 27 angär
662 401 122 22 kontraktet
800 409 34 13 en-

333 436 50 21 dast
404 437 84 20 sådana
507 436 124 29 förmåner,
654 437 73 26 varde,
746 437 8 20 i
766 436 68 28 förra

328 471 76 39 fallet,
420 470 80 22 kartan
516 471 78 21 tillökt.
602 471 48 22 med
687 487 4 5 .
722 487 5 4 .
792 487 6 5 t

332 505 36 22 och
385 505 8 21 i
406 505 35 22 det
456 512 83 19 senare,
554 505 123 22 kontraktet
680 487 90 47 försedt
778 484 55 51 med.

330 542 35 20 2:0
381 540 113 27 angående
509 540 41 27 köp
566 540 37 21 och
619 540 47 28 byte
682 540 26 28 af
717 539 61 28 jord,
794 539 40 22 hus

332 582 26 14 m.
375 581 33 19 m.
422 575 30 20 då
467 575 106 21 särskildt
589 574 107 29 köpebref
710 576 132 27 upprättas,
834 570 11 38 |

328 609 43 28 för
387 609 75 27 hvarje
478 609 42 20 ark
543 626 3 4 .

332 650 47 14 men
401 644 8 20 i
432 646 69 18 annat
520 643 50 28 fall
590 625 100 40 karleras
705 625 62 39 dessa
782 625 51 39 kon:

332 678 60 21 trakt
407 677 45 22 lika
467 678 47 21 med
529 678 109 28 köpebref.

331 714 34 20 3:o
388 720 33 14 om
443 712 63 28 bolag
529 714 7 19 i
558 713 85 24 handel,
654 713 88 27 fartyg,
758 719 75 15 manu-

342 747 89 29 faktur,
447 747 61 27 bruk,
520 747 80 28 fabrik
616 748 51 21 eller
678 754 74 14 annan
762 748 71 21 sådan

346 783 84 26 rörelse,
458 782 130 28 handtering
611 783 51 21 eller
685 783 81 56 näring
792 783 42 57 för

345 818 75 27 hvarje
435 817 41 21 ark
580 834 39 6 mi

332 855 33 20 4:o
388 853 46 21 alla
452 853 77 27 öfriga
545 854 91 20 emellan
651 834 109 40 enskilda
761 835 41 47 ven
803 862 29 14 S0-

346 895 38 15 ner
399 888 127 28 skriftligen
536 888 132 28 upprättade
676 888 157 27 öfverenskom-

346 923 76 21 melser
449 923 37 21 och
508 922 157 28 förbindelser,
688 923 72 21 hvilka
790 924 44 21 icke

346 958 74 22 kunna
442 958 70 21 under
534 958 182 28 ofvanupptagna
734 958 100 22 rubriker

346 994 114 28 hänföras,
472 994 43 27 för
530 992 73 29 hvarje
618 993 41 21 ark
720 1012 4 4 E

304 1029 70 28 Köpe-
398 1028 51 21 eller
472 1029 60 20 salu-
547 1031 55 18 samt
616 1028 78 28 gäfvo-
711 1028 38 21 och
756 1010 20 39 [

332 1064 52 27 bref
396 1064 14 20 å
420 1063 52 28 fast
487 1063 101 27 egendom
604 1063 8 21 i
626 1063 50 21 stad
690 1063 89 27 eller
754 1059 21 36 pä
788 1064 46 20 lan-

332 1098 41 25 det,
390 1098 60 26 bruk,
466 1098 153 28 manufaktur,
630 1098 88 28 fabrik,
734 1098 48 21 med
792 1098 43 28 fle-

332 1140 26 14 ra
377 1132 50 22 verk
442 1133 38 21 och
496 1133 158 28 inrättningar,
669 1140 44 14 som
725 1133 109 28 fastighe-

332 1171 34 18 ten
382 1168 82 28 ätfölja
480 1170 56 18 samt
551 1168 69 20 under
635 1167 81 27 egande
732 1169 44 19 rätt
784 1168 51 27 för-

332 1204 71 26 yttras
424 1202 39 20 och
486 1202 37 21 vid
546 1202 90 21 domstol
658 1202 123 28 uppbjudas
797 1203 37 20 och

333 1236 117 26 intecknas,
466 1236 112 27 äfvensom
594 1236 14 21 å
622 1236 65 28 skepp
704 1236 38 21 och
746 1237 88 27 fartyg,

328 1270 80 28 fabrik
424 1270 38 21 och
477 1277 75 14 annan
568 1271 130 27 inrättning,
714 1278 45 14 som
774 1272 20 27 ej
808 1272 30 27 af

328 1305 110 26 fastighet
460 1305 97 25 åtföljes,
576 1305 76 26 förses
671 1305 46 19 med
732 1306 101 26 stämpel-

329 1344 85 20 papper
442 1338 9 19 i
461 1337 148 27 förhållande
632 1337 36 21 till
696 1338 138 26 egendomens

332 1370 65 22 värde
412 1370 106 21 sålunda:

347 1405 35 22 till
398 1405 38 21 och
452 1405 46 21 med
514 1407 42 20 100
570 1406 86 22 mark
645 1401 15 37 .

346 1443 56 19 samt
424 1440 127 57 vat
568 1442 43 55 far
630 1441 75 56 hoardo
715 1422 62 76 fulta
793 1423 41 40 100

361 1475 81 22 mark.
474 1493 6 4 .
617 1493 4 4 R
794 1494 6 4 €

887 485 20 2 —
920 473 41 20 '50
