1125 1759
354 137 19 23 U.
389 136 19 24 B.
423 150 27 4 —
465 136 54 30 Prop.
535 138 35 22 N:o
584 137 37 24 26.
819 138 13 21 5

114 200 34 22 len
164 200 25 22 af
201 200 185 22 bränvinsskatten
401 201 7 21 i
424 202 76 20 tvänne
515 202 78 26 poster,
607 201 124 27 bestämma,
754 202 33 20 att
805 200 56 22 hvad

114 240 46 16 som
175 234 84 28 inflyter
273 241 76 22 genom
364 235 191 27 bränvinsskatten,
571 236 64 21 sedan
654 235 69 27 öfriga
744 236 8 20 i
767 236 41 21 den
823 235 38 21 nä-

116 268 50 28 diga
190 269 159 27 propositionen
372 270 139 26 uppräknade
535 270 74 27 anslag
631 268 93 23 derifrän
748 268 112 28 afdragits,

114 303 54 21 skall
184 302 117 22 öfverföras
315 303 34 21 till
359 303 278 22 kommunikationsfonden.

182 337 31 22 Pä
227 338 68 27 grund
309 337 25 22 af
347 337 37 22 det
398 338 63 22 ofvan
476 337 90 23 anförda
579 338 33 22 fär
626 338 111 22 Utskottet
752 338 109 22 vördsamt

113 372 120 28 tillstyrka:

317 426 33 19 att
365 423 124 23 Ständerna
504 418 49 28 ville
566 424 118 28 godkänna
692 426 31 19 att
727 424 59 28 från
794 423 66 22 brän-

249 458 132 22 vinsskatten
396 459 69 21 under
480 459 52 21 åren
548 460 63 25 1889,
621 460 58 20 1890
686 458 39 22 och
732 460 58 20 1891
798 458 62 21 skola

249 493 52 28 utgå
316 492 107 28 följande
446 494 78 27 anslag
548 494 64 21 iden
634 493 93 28 ordning
746 493 114 28 nedanför

250 530 109 26 upptages,
375 528 117 29 nemligen:

312 586 23 27 1)
351 586 130 28 Ersättning
498 587 35 21 till
551 586 123 22 statsverket

245 620 42 28 för
311 620 170 29 eftergifvandet
502 622 31 27 af
553 621 35 21 det
605 622 70 26 förra

249 654 323 30 bränvinsbränningsarrendet
596 672 5 5 .
632 672 5 4 .
667 672 5 4 .
714 656 104 25 660,000:
832 666 28 4 —

314 692 27 26 2)
359 690 45 22 Till
412 690 120 22 kontrollen
540 691 61 27 öfver
609 690 65 22 brän-

247 724 219 29 vinstillverkningen,
478 725 133 29 förslagsvis
635 741 1 5 .
666 740 5 5 .
713 725 103 25 200,000:
830 736 29 4 —

315 760 24 27 3)
364 759 45 22 Till
427 760 132 28 fördelning
584 760 91 21 emellan

248 794 101 28 samtliga
365 794 75 22 lands-
454 794 39 22 och
517 794 157 22 stadskommu-

248 836 44 18 ner,
303 830 67 28 enligt
378 836 83 15 samma
466 830 99 28 grunder
572 836 44 15 som
624 828 49 22 här-

248 863 69 22 intills
349 880 5 5 .
384 881 5 4 .
419 881 5 5 .
454 881 6 6 ss
493 881 2 5 =
528 859 18 35 ss
561 881 5 5 «=
667 880 5 5 .
715 864 102 25 400,000:
833 874 25 5 —

587 905 88 22 Summa
693 906 124 26 1,260,000:
832 916 26 4 —

315 958 23 27 4)
362 958 66 22 Hvad
449 958 127 28 härutöfver
597 958 87 28 inflyter
704 964 76 21 genom
800 956 59 28 ifrä-

246 992 72 29 gande
331 992 59 22 skatt
405 993 64 28 ingår
483 993 33 21 uti
531 991 285 29 kommunikationsfonden.

179 1130 38 23 Uti
239 1130 155 28 behandlingen
416 1130 24 22 af
460 1131 60 21 detta
537 1130 76 22 ärende
627 1130 65 22 hafva
706 1129 90 28 deltagit
810 1129 48 22 ord-

111 1165 103 21 föranden
241 1165 99 22 Friherre
363 1165 61 27 Boije
448 1167 56 19 samt
528 1165 145 22 ledamöterne
703 1164 100 22 Friherre
830 1164 28 22 K.

110 1200 163 28 Langenskiöld,
305 1200 118 27 Hackman,
451 1199 107 27 Kihlman,
585 1199 122 26 Danielson,
724 1198 133 27 Nordström,

111 1234 83 27 Elving,
217 1234 83 27 Heikel,
323 1234 119 27 Lindblom,
466 1230 89 31 Öhman,
570 1234 116 26 Meurman,
702 1233 69 27 Värri,
786 1233 72 21 Klami

111 1268 39 22 och
172 1268 88 28 Kiipula
281 1268 109 22 äfvensom
412 1269 163 27 suppleanterne
589 1268 122 28 Lagerborg
725 1267 40 23 och
780 1267 78 27 Appel-

111 1303 62 27 qvist.

178 1337 142 28 Helsingfors,
336 1338 41 21 den
392 1340 12 18 7
420 1337 43 28 Maj
481 1338 60 21 1888.

178 1478 156 19 Statsutskottets
345 1478 120 19 betänkande
476 1477 36 19 N:o
526 1479 25 18 13.
