1700 1895
609 216 64 23 Ständ.
689 216 30 23 $v.
739 228 24 4 —
777 217 55 28 Prop.
848 217 31 23 N:o
894 217 29 24 13.
1101 218 25 22 11

540 283 58 26 fasta
621 282 36 21 och
679 283 45 21 lösa
745 283 59 27 gods,
829 283 35 22 och
881 283 54 28 gälle
955 283 33 22 det
1005 283 74 28 förord
1094 285 62 26 äfven

541 317 136 32 egendomens
693 317 97 26 afkomst.

607 350 33 21 Ar
659 351 88 21 hustrus
769 351 166 28 arbetsförtjenst
953 351 47 22 eller
1024 353 95 26 afkomst
1135 353 26 26 af

541 383 89 22 enskildt
648 385 59 26 gods,
726 385 107 26 hvaröfver
848 385 41 22 hon
903 385 69 27 råder,
988 386 10 21 i
1011 393 72 14 annan
1098 393 58 20 egen-

540 418 48 22 dom
609 418 132 28 förvandlad,
763 420 64 22 varde
849 420 36 22 ock
906 419 39 23 den
970 421 27 26 af
1014 420 75 22 hustru
1112 421 44 27 för-

539 452 78 22 valtaa.

608 486 99 23 Hustrun
727 495 46 20 eger
793 488 51 21 söka
860 488 36 22 och
911 495 69 20 svara,
997 489 29 21 dä
1040 489 64 22 saken
1120 495 36 16 an-

538 521 41 26 går
594 521 103 27 egendom,
713 521 109 28 hvaröfver
838 522 41 22 hon
893 523 69 21 råder.

820 592 17 24 $
851 593 20 20 4

607 635 47 22 Har
669 635 75 23 hustru
757 643 74 20 genom
844 637 66 27 gäfva
925 637 48 22 eller
988 639 120 20 testamente
1124 645 30 14 er-

539 669 61 22 hållit
615 671 97 26 egendom
727 671 47 21 med
787 671 71 27 vilkor,
871 673 30 20 att
917 671 38 22 den
970 671 54 22 skall
1038 671 66 22 henne
1118 677 35 16 en-

539 704 64 22 skildt
625 705 87 26 tillhöra,
734 705 35 22 och
788 707 25 20 är
832 705 109 28 föreskrift
956 706 66 22 tillika
1035 706 71 28 gifven
1122 713 32 16 om

538 739 70 22 sädan
630 739 110 28 egendoms
759 740 134 27 förvaltning,
914 741 62 21 lände
991 740 39 23 den
1045 741 32 22 till
1092 741 61 27 efter-

538 773 90 23 rättelse.

818 845 12 24 $
842 845 27 24 5.

606 889 85 23 Hustru
706 889 39 22 mä
765 890 18 27 e
802 892 52 20 utan
869 897 101 15 mannens
985 891 104 27 samtycke
1101 892 53 25 göra

536 924 58 28 gälä,
617 926 52 20 utan
684 925 26 20 sä
733 926 30 25 är,
785 927 30 19 att
835 925 41 21 hon
894 925 63 21 råder
973 925 55 26 öfver
1043 925 39 22 sitt
1095 925 59 26 fasta

537 959 54 27 gods
613 959 48 21 eller
683 959 50 26 efter
751 959 81 28 behörig
853 959 99 22 anmälan
972 959 78 27 drifver
1069 959 84 27 näring.

538 993 16 20 I
565 993 62 22 dessa
642 993 39 27 fall
695 1000 59 15 svare
769 993 41 22 hon
827 993 35 22 ock
876 994 9 21 i
899 993 49 27 mål,
964 1000 46 15 som
1025 993 69 22 sådan
1103 993 53 28 gäld

538 1029 63 20 rörer.

819 1097 14 24 $
844 1097 26 24 6.

607 1143 30 27 Ej
656 1144 36 21 mä
711 1143 90 22 hustrun
821 1144 61 27 sälja,
903 1143 70 27 skifta,
989 1143 104 28 bortgifva
1109 1143 47 21 eller

539 1178 100 27 förpanta
659 1178 60 27 gods,
742 1178 107 27 hvaröfver
871 1178 41 21 hon
931 1178 18 27 ej
967 1177 69 26 väder,
1057 1179 53 20 utan
1125 1180 31 19 att

540 1213 34 21 det
589 1212 47 22 sker
650 1213 49 20 med
711 1219 102 14 mannens
827 1212 104 27 samtycke
947 1212 36 21 och
997 1211 102 28 fullmakt.
1122 1206 34 27 Är

540 1254 91 15 mannen
646 1247 66 26 afvita
727 1247 48 21 eller
789 1246 143 27 fränvarande
947 1246 48 22 eller
1009 1247 90 26 förlöper
1114 1246 41 22 han

540 1281 103 26 hustrun;
665 1281 59 22 sitter
746 1281 41 22 hon
809 1281 30 21 dä
857 1281 48 21 med
922 1281 78 22 barnen
1019 1281 81 21 hemma
1121 1281 35 21 och

540 1316 81 27 tarfvar
635 1315 50 27 föda
699 1315 34 27 för
747 1316 34 27 sig
797 1315 36 22 och
848 1316 51 27 dem,
915 1315 48 22 eller
977 1318 26 19 är
1017 1315 41 22 hon
1073 1315 83 22 barnlös

541 1351 37 22 och
599 1351 42 22 kan
660 1351 33 27 sig
712 1350 18 27 ej
745 1351 122 21 annorledes
882 1351 57 26 föda,
955 1351 48 21 eller
1017 1351 87 27 tränger
1119 1356 37 15 an-

541 1392 44 15 nan
599 1385 55 26 nöd;
669 1385 29 21 dä
713 1385 36 21 mä
763 1384 42 22 hon
821 1385 31 21 till
867 1385 94 26 nödtorft
975 1385 63 27 sälja,
1051 1384 50 22 dock
1110 1384 48 21 med

540 1421 65 19 nästa
617 1419 101 27 fränders
732 1419 42 21 råd
789 1419 36 21 och
840 1419 64 27 bifall,
921 1425 32 15 om
964 1419 34 21 det
1008 1421 26 19 är
1043 1419 44 26 fast
1096 1419 60 26 gods,

541 1460 46 14 som
605 1453 70 26 säljes.
707 1452 52 21 Sker
777 1453 128 25 annorledes,
924 1452 61 26 hafve
1002 1459 91 14 mannen
1107 1452 51 21 våld

541 1487 34 21 det
597 1486 46 27 köp,
667 1493 45 14 som
733 1486 48 21 med
798 1486 90 21 hustrun
906 1485 72 28 gjordt
996 1487 32 25 är,
1045 1488 31 19 att
1090 1492 66 20 rygga

542 1520 37 22 och
594 1520 105 27 återkalla,
716 1527 45 15 som
776 1521 8 20 i
798 1519 167 23 Handelsbalken
981 1521 25 20 är
1021 1519 106 28 stadgadt.
