1109 1736
437 137 34 21 N:o
487 137 30 22 13.
812 138 12 20 3

99 206 102 21 inbördes
223 205 142 22 förhållande.
397 205 38 21 Om
459 206 84 21 således
558 206 51 26 gäld
625 206 70 21 blifvit
709 206 79 27 gulden
803 206 49 21 med

100 241 68 21 andra
191 240 116 26 tillgångar
331 242 27 19 än
381 240 32 26 de,
437 240 72 21 hvilka
533 240 48 21 bort
603 240 72 21 dertill
695 241 117 25 användas,
829 242 23 19 så

102 274 55 21 skall
178 274 36 21 vid
236 274 103 21 framtida
362 274 87 26 delning
469 274 22 20 af
508 274 49 20 boet
573 275 39 20 den
628 274 69 25 make,
714 280 45 15 som
774 280 77 20 genom

101 308 36 21 det
159 308 92 27 oriktiga
267 308 134 21 förfarandet
416 307 71 21 blifvit
503 307 92 26 lidande,
613 308 82 21 erhålla
711 308 100 27 vederlag
827 315 25 14 ur

100 342 41 21 den
164 343 66 20 andre
253 343 88 20 makens
364 341 97 28 giftorätt
481 341 52 22 eller
550 342 97 21 enskilda
663 342 109 26 egendom.
802 342 49 21 Men

99 379 109 23 gentemot
224 377 137 26 borgenärer,
377 377 84 20 hvilkas
477 377 121 26 fordringar
614 377 61 20 skola
686 383 76 20 genom
773 379 78 19 utmät-

99 411 52 26 ning
166 411 51 21 eller
232 411 96 21 konkurs
343 411 109 26 betäckas,
469 413 37 18 äro
518 411 66 26 sagda
596 411 134 26 stadganden
741 411 47 21 icke
799 414 53 19 utan

99 445 73 22 vidare
195 445 134 28 tillämpliga,
350 448 51 18 utan
416 445 44 22 kan
477 445 28 21 all
521 445 113 22 makarnes
651 446 102 25 egendom
768 448 62 25 tagas
845 447 8 20 i

100 480 100 26 anspråk,
224 480 25 21 så
264 481 63 26 länge
343 481 41 20 den
400 482 23 19 är
439 480 90 21 förenad
544 480 7 20 i
567 481 36 20 det
619 480 88 21 odelade
723 479 55 22 boet.
809 480 42 21 En-

100 515 48 21 dast
164 521 33 15 om
213 515 112 21 boskilnad
341 515 91 21 emellan
448 515 103 21 makarne
568 515 102 26 antingen
687 515 66 21 redan
768 515 84 21 inträdt

100 550 52 20 eller
169 550 39 20 ock
224 550 5 20 i
246 549 141 22 föreskrifven
399 550 92 26 ordning
502 550 65 26 sökts,
579 550 98 26 vidtager
687 550 164 26 tillämpningen

99 584 23 21 af
144 583 140 22 omförmälda
303 584 133 26 stadganden
452 584 63 21 äfven
531 585 56 19 emot
604 583 165 26 borgenärerne.
799 583 51 21 Med

99 618 99 21 afseende
220 618 53 21 härå
298 620 24 18 är
345 619 12 20 &
381 619 68 20 andra
472 618 61 21 sidan
551 618 63 21 make
630 618 119 26 berättigad
765 618 33 21 till
813 618 38 21 bo-

99 652 90 26 skilnad,
205 653 28 20 då
248 652 61 21 boets
325 652 102 26 ställning
443 654 24 19 är
483 652 75 28 sådan,
569 654 33 19 att
613 659 81 14 samma
705 652 72 21 makes
788 651 63 28 gifto-

98 689 44 19 rätt
165 687 52 21 eller
240 687 99 21 enskilda
361 687 110 27 egendom
488 687 42 20 kan
553 693 76 20 genom
653 687 98 20 exekutiv
775 687 76 26 åtgärd

98 721 67 22 blifva
180 723 85 20 använd
281 721 32 22 till
329 721 111 26 betalning
456 721 23 21 af
488 721 56 27 gäld,
555 721 33 21 för
599 721 87 21 hvilken
697 721 40 21 den
748 721 102 26 antingen

100 757 39 20 alls
154 757 47 20 icke
217 757 52 20 eller
285 757 129 20 åtminstone
431 756 47 21 icke
495 756 142 27 obegränsadt
653 755 77 22 häftar.
758 755 45 22 Och
818 756 33 21 för

99 793 32 19 att
153 791 125 27 ytterligare
302 791 83 27 skydda
406 791 77 21 hustru
506 792 56 20 emot
584 790 108 21 missbruk
711 790 22 21 af
747 797 103 15 mannens

99 826 162 21 målsmansrätt
285 827 24 20 är
331 825 70 22 henne
425 826 110 21 dessutom
553 825 117 27 medgifvet
686 827 32 19 att
733 824 65 22 vinna
813 825 38 21 bo-

99 860 92 27 skilnad,
214 862 24 19 så
258 863 62 18 snart
335 866 92 15 mannen
443 860 42 20 kan
501 867 62 14 anses
579 859 64 22 hafva
658 859 126 21 försummat
799 859 53 21 eller

98 895 118 21 vanvårdat
232 894 60 22 boets
309 894 181 27 angelägenheter
507 894 51 22 eller
574 894 94 22 belastat
684 894 36 20 det
729 894 49 21 med
789 896 62 25 onyt-

98 930 32 27 tig
152 930 56 26 gäld.
239 930 126 20 Oberoende
387 929 64 21 häraf
474 929 39 21 och
535 931 52 19 utan
603 930 33 19 att
652 928 114 22 boskilnad
781 928 71 22 blifvit

99 964 48 22 sökt
170 964 42 21 kan
234 964 69 27 make,
323 970 45 14 som
385 963 35 21 vid
435 964 121 26 utmätning
571 964 56 20 visar
643 965 32 19 att
690 963 43 21 viss
749 963 102 26 egendom

98 998 7 21 i
120 998 53 27 följd
188 998 24 21 af
225 998 73 22 förord
314 998 53 21 eller
382 997 28 27 på
425 1004 72 14 annan
513 998 68 26 grund
597 999 24 19 är
637 998 48 20 dess
700 996 97 22 enskilda
808 997 44 21 till-

98 1032 105 27 hörighet,
227 1033 53 26 yrka
302 1034 33 19 att
357 1032 76 27 godset
449 1032 36 21 må
501 1031 47 22 från
564 1031 109 27 betalning
689 1031 23 21 af
726 1031 41 22 den
783 1031 70 21 andra

98 1067 89 21 makens
202 1067 50 27 gäld
270 1067 143 26 undantagas.

167 1102 87 21 Verkan
277 1102 23 21 af
320 1107 85 16 vunnen
428 1101 113 22 boskilnad
556 1103 31 23 är,
604 1102 32 20 att
652 1101 60 21 såväl
727 1100 126 27 egendoms-

100 1137 158 26 gemenskapen
281 1143 45 14 som
348 1141 105 16 mannens
476 1135 187 26 förvaltningsrätt
683 1135 32 20 för
733 1135 118 21 framtiden

98 1170 91 27 upphör,
205 1170 40 21 och
261 1172 33 19 att
309 1170 7 20 i
331 1170 53 26 följd
400 1170 62 20 deraf
476 1170 39 20 allt
529 1170 57 20 hvad
601 1169 103 21 makarne
715 1168 42 22 fått
767 1169 85 21 undan-

100 1204 66 22 skifta
182 1204 51 22 eller
249 1204 47 21 dem
313 1204 54 21 efter
382 1203 283 27 boskilnadsansökningens
676 1202 123 27 ingifvande
809 1202 44 21 till-

99 1239 64 21 faller
179 1238 40 21 blir
235 1238 84 21 enskild
335 1238 110 27 egendom,
461 1244 46 14 som
523 1239 23 19 är
561 1236 102 22 frikallad
678 1236 48 22 från
740 1236 112 26 betalning

100 1274 23 20 af
136 1274 69 20 andra
219 1273 89 21 makens
323 1272 57 27 gäld,
397 1274 55 19 samt
467 1273 32 20 att
514 1272 91 21 hustrun
622 1271 34 21 får
671 1271 53 21 råda
739 1270 59 22 öfver
814 1270 39 21 sitt

100 1308 53 26 gods
168 1307 45 21 lika
228 1313 45 15 som
289 1307 63 21 enka.
381 1306 62 22 Hvad
455 1306 26 21 de
492 1306 55 22 efter
557 1312 85 15 vunnen
653 1305 114 21 boskilnad
775 1310 78 22 genom

100 1341 91 22 samfäld
207 1341 136 21 verksamhet
357 1341 72 21 kunna
445 1340 115 27 förvärfva,
576 1346 63 15 anses
657 1340 54 21 dock
724 1339 71 22 såsom
809 1346 45 14 ma-

100 1376 78 20 karnes
201 1380 160 21 gemensamma
382 1374 139 26 tillhörighet,
544 1374 103 20 hvarmed
667 1374 64 20 deras
750 1374 40 20 och
805 1373 49 20 bar-

100 1415 53 15 nens
168 1408 114 27 uppehälle
302 1408 55 21 skall
373 1408 108 25 bekostas,
497 1408 49 21 med
561 1406 124 28 skyldighet
699 1406 34 22 för
747 1406 105 22 makarne
