1100 1745
276 147 25 20 14
581 148 34 21 N:o
632 148 31 21 21.

356 260 49 21 Men
420 260 113 21 förordnas
549 261 46 25 den,
608 267 45 14 som
662 261 58 20 förut
729 261 87 21 erhållit

334 294 100 21 fullmakt
454 295 12 20 å
485 297 137 24 prostenamn
641 296 38 20 och
695 296 136 25 värdighet,
822 290 12 36 |

335 329 32 20 till
384 329 182 26 kontraktsprost,
584 336 49 20 eger
646 330 168 26 kartasigillata-

334 363 63 26 afgift
416 363 33 20 för
465 364 59 20 detta
539 364 145 21 förordnande
700 365 46 20 icke
761 371 53 14 rum.

296 397 33 20 5:0
346 397 12 20 å
370 397 265 27 kyrkoherdebeställning
651 399 97 20 karteras
760 398 54 21 efter

334 431 41 20 den
391 431 6 20 i
418 431 69 20 första
503 432 95 25 punkten
616 432 112 20 bestämda
745 432 68 26 grund

333 465 34 20 för
383 465 55 21 hvad
455 465 20 21 af
491 466 80 21 kronan
590 467 73 20 bestås
679 467 38 20 och
729 467 84 26 sysslan

334 500 86 26 åtföljer
436 501 6 19 i
457 501 150 26 penningelön,
619 501 52 20 eller
682 501 38 20 ock
732 501 6 20 i
751 507 63 20 span-

333 535 49 24 mål,
394 535 97 20 hemman
502 535 51 20 eller
563 535 179 26 räntepersedlar,
752 535 61 21 hvar-

333 570 60 19 utom
416 569 33 20 för
473 569 161 26 kyrkoherdens
658 569 119 21 inkomster
792 570 22 20 af

333 603 152 26 församlingen
518 604 105 20 beräknas
649 604 38 20 och
713 604 99 26 tillägges

334 638 109 25 särskildt,
456 639 66 20 ehvad
534 641 121 24 pastoratet
663 641 24 18 är
697 639 115 28 imperielt,

334 673 154 23 konsistorielt,
504 673 108 26 patronelt
628 673 52 20 eller
695 673 70 21 såsom
777 679 35 14 an-
827 672 2 18 |

333 713 40 14 nex
390 707 136 26 disponeras:

333 741 33 20 för
383 741 165 26 stadspastorat,
565 742 33 21 för
614 742 73 25 hvarje
699 741 50 21 fullt
760 742 52 20 hun-

362 775 39 20 dra
417 775 22 20 af
450 775 164 26 församlingens
625 776 139 25 invånaretal,
776 777 36 20 be-

361 809 93 21 räknadt
480 810 54 21 efter
558 813 85 18 senaste
666 811 146 26 folkmängds-

360 844 65 21 tabell
593 840 40 36 Pow
665 840 38 36 koa
736 840 36 36 mo
798 860 12 5 &

334 878 40 20 och
389 878 34 21 för
439 878 166 26 landspastorat,
622 878 33 21 för
670 879 73 26 hvarje
754 879 23 21 af
786 879 26 21 de

362 913 80 20 mantal
465 914 6 19 i
495 915 126 24 pastoratet,
638 920 44 14 som
699 914 35 20 vid
751 916 61 23 utgö-

361 947 66 21 rande
451 947 22 21 af
494 947 188 27 pastorsaflöning:
698 948 58 26 tjena
779 948 32 20 till

360 982 70 26 ETÄ
453 999 3 3 »
488 998 40 4 ss
559 998 5 5 a
595 998 4 5 6
615 978 55 35 owoa
701 978 40 35 mos
771 998 5 5 k
807 998 4 5 n

332 1016 40 20 och
395 1016 39 20 bör
454 1016 103 21 särskildt
575 1016 22 21 af
611 1017 199 21 häradsskrifvaren

359 1051 128 26 upprättadt
498 1051 151 25 sammandrag
661 1051 60 21 öfver
730 1052 37 20 det
775 1058 36 14 an-

360 1085 31 20 tal
409 1085 114 20 betalande
543 1085 88 21 mantal.
648 1085 76 21 hvaraf
738 1088 72 24 pasto-

360 1121 57 19 ratet
431 1119 52 21 eller
495 1120 137 25 kyrkogället
643 1120 80 26 bestär,
735 1120 76 26 ätfölja

360 1153 127 25 vallängden
508 1153 33 20 till
558 1152 147 26 domkapitlet,
722 1153 34 21 för
772 1155 38 24 att,

359 1192 33 15 om
415 1186 92 27 tjensten
529 1186 111 21 derstädes
657 1187 102 25 besättes,
776 1187 35 21 vid

358 1220 262 26 kartasigillataafgiftens
672 1221 138 21 beräknande

360 1255 58 26 tjena
429 1255 33 20 till
473 1254 154 26 efterrättelse;
640 1255 103 20 skolande
752 1256 58 19 dom-

358 1289 93 25 kapitlet
466 1290 92 18 nämnda
569 1290 150 24 sammandrag
729 1290 33 19 till
774 1289 36 20 Se-

358 1323 64 19 naten
446 1322 96 25 insända,
564 1322 27 20 då
608 1322 100 21 fullmakt
723 1323 39 20 der
778 1324 32 19 ut-

358 1356 73 21 färdas
447 1355 52 21 eller
515 1356 89 21 utlöses.

387 1390 42 21 För
451 1390 101 21 förenadt
567 1391 72 20 lands-
656 1391 39 20 och
711 1391 99 27 stadspa-

358 1427 70 19 storat
443 1425 107 21 beräknas
566 1425 77 21 kartan
660 1425 32 21 till
704 1431 105 16 samman-

358 1459 63 27 lagda
437 1459 100 27 beloppet
553 1460 23 20 af
590 1459 55 21 hvad
657 1460 34 21 för
701 1460 109 21 hvardera

952 846 43 24 50
988 842 10 38 |

903 971 91 40 1/50
983 967 15 48 |
