1100 1748
351 123 20 23 U.
387 122 19 24 B.
423 136 25 2 —
464 123 54 29 Prop.
535 124 32 23 N:o
582 124 36 24 20.
824 126 12 19 5

114 184 172 29 utdimitterats,
309 185 90 30 årligen
421 186 66 22 skola
508 187 174 22 kommenderas
704 187 37 22 till
762 187 9 21 i
793 187 72 29 läger-

114 221 61 19 möte
198 219 137 29 deltagande
358 223 101 26 trupper,
482 221 48 22 dels
546 222 8 21 i
569 221 45 22 den
635 229 47 21 nya
704 221 162 28 aflöningsstat

114 252 36 22 för
172 253 64 22 detta
258 254 112 28 läroverk,
392 255 96 22 hvarom
512 255 100 22 Senaten
631 256 96 29 nyligen
742 255 42 22 hos
799 255 66 22 Hans

113 287 131 29 Kejserliga
259 288 108 29 Majestät
382 290 62 27 gjort
458 289 145 29 underdänig
618 289 144 22 hemställan.
782 289 83 28 Nägon

114 321 152 29 nedsättning
280 322 140 22 härutinnan
440 322 42 23 har
496 323 120 22 Utskottet
631 323 76 22 derför
722 325 77 20 ansett
813 323 51 22 icke

114 355 79 22 kunna
207 356 173 29 ifrägakomma.

183 391 162 22 Kostnaderna
353 391 36 22 för
400 387 246 33 Öfverkrigsdomstolen
652 391 71 22 hafva
730 391 73 22 under
812 392 54 22 ären

117 426 139 22 1884—1886
271 425 89 30 utgjort
376 427 60 26 8,271
453 426 65 22 mark
534 428 26 20 92
576 426 70 29 penni
662 426 95 29 årligen.
786 426 80 22 Under

115 459 25 21 är
156 460 54 21 1887
226 459 42 22 har
281 459 36 22 för
333 460 75 22 denna
424 460 132 22 institution
572 461 124 21 utbetalats
708 461 77 26 14,425
793 461 72 25 mark,

115 493 98 22 hvarvid
236 493 58 23 dock
319 494 42 22 bör
388 495 131 21 observeras
545 496 34 20 att
603 494 203 29 utbetalningarne
830 494 36 22 för

116 527 60 22 årets
198 530 90 19 senaste
311 529 91 28 gvartal
424 529 50 21 icke
490 533 39 17 äro
545 529 50 22 häri
610 528 144 29 inbegripna.
784 528 82 29 Enligt

116 562 45 21 den
185 569 47 22 nya
256 563 36 21 för
317 558 262 34 Öfverkrigsdomstolen
610 563 45 22 den
685 564 25 20 16
735 562 50 23 Juli
812 564 53 21 1886

117 596 123 22 faststälda
255 599 82 25 staten,
352 599 78 28 uppgå
444 597 128 30 utgifterna
587 597 36 22 för
638 597 63 22 detta
712 597 107 22 ändamål
830 597 36 22 till

117 631 39 22 det
169 631 9 21 i
193 631 86 29 nådiga
293 633 173 27 propositionen
482 632 95 29 angifna
587 633 107 28 beloppet
706 633 77 26 18,700
792 632 72 27 mark,

116 665 95 22 hvarför
226 668 61 19 emot
302 665 76 22 denna
392 668 54 27 post
459 666 51 22 icke
525 667 72 28 något
612 670 24 18 är
652 668 34 19 att
701 667 116 21 anmärka.

184 700 151 22 Beträffande
357 700 40 22 det
417 700 37 22 för
476 701 120 28 byggnads-
614 701 38 21 och
670 701 196 27 reparationskost-

116 735 69 22 nåder
207 734 130 22 beräknade
353 735 105 28 anslaget
474 735 26 22 af
512 736 92 27 200,000
622 735 66 21 mark
703 742 37 15 om
755 735 55 28 året,
825 734 42 22 har

116 769 120 22 Utskottet
258 769 51 22 icke
330 769 91 22 kunnat
442 769 79 29 undgå
544 772 34 19 att
595 769 63 22 finna
681 769 127 22 detsamma
829 769 37 22 be-

116 803 88 28 tydligt
230 803 77 28 högre,
335 807 30 18 än
387 803 62 22 hvad
475 803 37 22 för
534 806 89 19 remont
650 803 25 22 af
695 803 141 29 byggnader,
858 803 9 22 i

116 837 71 22 värde
202 838 162 21 motsvarande
386 838 250 29 kasernbyggnaderna
658 838 8 21 i
687 837 86 27 landet,
795 838 9 21 i
826 837 40 22 all-

117 872 94 22 mänhet
234 872 118 22 erfordras.
383 873 84 22 Likväl
487 873 42 21 har
546 873 121 22 Utskottet
681 872 68 22 hållit
763 872 56 28 före,
833 873 35 21 att

118 907 76 21 denna
208 910 58 26 post,
281 908 53 21 med
349 907 90 29 hänsyn
455 908 36 21 till
507 908 39 21 det
560 907 139 29 bristfälliga
714 907 72 27 skick,
801 907 66 22 hvari

118 949 28 14 en
157 942 37 21 del
209 942 26 21 af
247 942 176 29 ifrågavarande
434 942 136 28 byggnader
582 942 92 22 befinna
685 942 42 28 sig,
743 942 51 21 icke
802 941 65 22 torde

117 976 79 22 kunna
210 976 127 22 reduceras,

185 1010 127 30 Angående
335 1010 74 30 öfriga
424 1012 8 20 i
448 1010 44 23 den
507 1011 86 29 nådiga
607 1010 174 29 propositionen
795 1010 73 22 under

117 1045 80 22 rubrik
220 1046 110 21 ordinarie
352 1046 94 28 utgifter
460 1048 120 26 upptagna
595 1045 81 28 anslag
690 1044 42 22 har
747 1044 121 23 Utskottet

118 1080 51 21 icke
192 1082 76 19 ansett
287 1080 36 28 sig
345 1080 71 22 hafva
439 1080 126 28 anledning
587 1081 35 20 att
644 1082 56 26 göra
721 1079 74 28 några
809 1078 59 22 erin-

118 1114 82 28 ringar,

185 1148 121 22 Utskottet
329 1148 107 29 öfvergår
454 1148 76 22 derför
545 1148 37 22 till
597 1148 110 29 pröfning
722 1147 26 22 af
761 1148 29 21 de
804 1147 9 22 i
827 1148 40 21 nå-

118 1182 54 28 diga
186 1183 174 28 propositionen
375 1182 131 29 föreslagna
522 1184 59 22 extra
596 1182 120 29 utgifterna.

185 1216 185 23 Vidkommande
392 1216 59 23 först
474 1218 104 28 anslaget
589 1217 45 28 för
650 1217 127 28 utvidgning
793 1217 31 28 af
834 1216 34 21 lä-

116 1253 122 26 gerplatsen
254 1253 8 20 i
280 1252 187 25 Willmanstrand,
489 1252 42 21 har
544 1251 121 22 Utskottet
675 1251 51 21 icke
741 1252 77 20 ansett
832 1250 36 29 sig

119 1285 111 29 befogadt
244 1288 35 19 att
293 1286 137 29 ifrågasätta
449 1286 171 29 behöfligheten
636 1285 26 22 af
674 1293 28 14 en
718 1285 45 21 slik
777 1284 90 29 utvidg-

118 1320 59 28 ning
198 1320 43 21 och
264 1320 77 22 derför
355 1321 9 21 i
378 1321 36 21 sin
428 1320 81 29 kalkyl
524 1320 85 29 intagit
627 1319 45 22 den
686 1319 131 28 föreslagna
832 1321 36 19 ut-

118 1354 140 28 giftsposten
273 1355 78 26 50,000
365 1355 72 21 mark.

187 1387 148 22 Beträffande
351 1388 49 21 åter
414 1388 46 21 den
470 1388 8 21 i
488 1388 85 27 nådiga
587 1387 174 28 propositionen
770 1387 97 28 intagna

118 1424 52 27 post
188 1423 91 25 270,000
300 1421 65 22 mark
384 1422 43 27 för
454 1422 142 27 uppförande
618 1422 14 19 &
652 1421 216 28 gardesbataljonens

119 1457 135 27 kaserngärd
268 1457 31 27 af
310 1463 26 14 en
351 1463 29 21 ny
390 1455 169 29 fygelbyggnad
570 1456 44 28 för
628 1456 46 27 gift
688 1454 132 29 underbefäl
829 1453 39 23 och

188 1497 148 18 Statsutskottets
349 1496 114 19 betänkande
476 1497 34 17 N:o
524 1495 17 18 2.
