1117 1759
447 144 39 21 N:o
502 145 34 20 23.
826 144 12 20 3

188 211 20 27 0)
224 212 68 20 under
315 211 74 27 sjelfva
412 212 165 27 tillverkningen
600 212 52 22 eller
668 212 93 21 derefter
776 212 34 21 till
825 212 41 20 den

116 246 53 25 grad
184 246 94 26 skadats,
294 249 32 18 att
341 247 47 25 den,
405 247 67 26 enligt
487 246 123 27 tillförlitlig
626 246 120 26 utredning,
762 246 47 21 icke
825 246 41 20 kan

116 281 69 20 såsom
201 280 119 27 maltdryck
335 280 116 22 användas.

466 344 11 26 $
493 345 20 19 4.

186 383 34 21 Då
242 384 120 26 maltdryck
384 383 48 21 från
455 386 66 18 annat
544 384 51 20 land
617 383 34 21 till
673 383 92 21 Finland
779 383 87 27 införes,

115 418 55 21 skall
192 418 72 21 derför
287 418 97 27 erläggas
399 418 45 25 tull,
460 419 28 25 på
503 420 43 19 sätt
561 418 74 21 derom
651 420 23 18 är
691 418 102 21 särskildt
809 418 57 20 stad-

114 453 61 27 gadt;
192 452 54 22 dock
262 455 31 19 att
309 454 66 25 sague
390 452 63 28 afgift
467 453 46 21 icke
529 454 34 20 må
574 453 126 26 understiga
710 452 33 21 för
754 452 50 21 liter
815 452 51 22 fem-

114 490 38 19 ton
174 488 65 26 penni
262 488 27 20 då
311 494 66 15 varan
401 488 106 21 inhemtas
530 488 7 21 i
553 476 74 43 butelj,
643 487 40 22 och
698 487 41 21 tolf
753 488 64 26 penni
833 494 33 14 om

114 528 66 15 varan
196 522 80 21 införes
292 523 28 26 på
335 522 38 21 fat.

467 586 11 26 $
495 586 18 20 5.

187 620 82 26 Önskar
284 626 70 26 någon
371 628 32 19 att
418 625 6 21 i
440 626 33 20 för
489 626 77 21 sådant
577 625 100 22 ändamål
689 626 69 20 afsedt
769 626 98 26 bryggeri

114 660 34 22 till
170 661 127 27 försäljning
317 660 99 21 tillverka
431 660 128 27 maltdryck,
575 661 54 21 skall
644 661 43 20 han
703 661 39 20 hos
759 660 107 21 Guvernö-

115 702 38 14 ren
169 696 7 20 i
191 695 59 21 länet
266 695 72 21 derom
354 695 84 21 anmäla
454 695 66 21 minst
537 698 33 18 tre
585 695 78 21 veckor
678 695 45 21 före
734 695 132 21 tillverknin-

116 736 52 21 gens
182 730 137 26 vidtagande.

186 764 147 27 Tillverkning
349 764 23 21 af
386 764 120 27 maltdryck
521 770 62 15 anses
598 764 92 21 fortfara
701 764 40 21 och
751 764 116 26 bevillning

114 798 39 22 bör
169 800 96 26 erläggas
281 799 55 21 intill
351 799 48 20 dess
414 798 123 22 tillverkare
554 805 34 15 om
603 798 106 21 rörelsens
727 798 140 27 upphörande

115 833 80 21 anmält
218 833 38 21 hos
277 833 137 21 Guvernören
431 833 6 21 i
453 833 64 27 länet,
533 833 86 21 hvilken
635 834 36 20 det
687 833 81 26 åligger
783 835 33 19 att
833 839 33 15 om

114 867 68 22 sådan
199 868 98 21 anmälan
314 868 125 21 underrätta
453 868 161 21 vederbörande
629 867 119 22 kontrollör
763 868 40 22 och
818 868 48 21 kro-

114 903 144 27 nobetjening.

468 932 11 26 $
496 932 18 21 6.

185 972 42 22 Vid
241 972 122 21 beredande
379 972 23 20 af
414 972 120 26 maltdryck
550 973 34 20 må
600 973 99 25 surrogat
711 971 34 21 för
755 971 53 21 malt
819 971 47 21 icke

115 1007 117 21 användas.

467 1035 11 27 $
495 1036 19 20 7.

186 1076 70 26 Egare
278 1076 53 20 eller
354 1074 138 22 innehafvare
515 1074 23 22 af
559 1075 108 27 bryggeri,
691 1074 70 22 afsedt
776 1075 33 21 för
824 1074 43 22 till-

114 1110 103 26 verkning
241 1110 23 20 af
284 1110 146 26 maltdrycker
449 1110 32 20 till
497 1109 134 27 försäljning,
648 1115 50 14 vare
713 1109 84 27 skyldig
813 1110 31 20 att
859 1109 7 21 i

114 1144 123 27 bryggeriet
260 1144 51 21 eller
335 1144 126 21 dithörande
481 1144 99 26 byggnad
596 1143 107 27 uppställa
719 1144 40 20 och
775 1143 92 21 derefter

114 1180 8 20 i
141 1178 60 22 skick
217 1178 59 21 hålla
291 1184 26 15 en
333 1178 49 21 med
398 1178 130 21 automatisk
545 1178 135 21 maltmätare
696 1177 88 21 försedd
801 1183 66 21 gvarn

115 1213 51 21 eller
181 1213 70 26 kross,
268 1218 51 20 som,
336 1212 54 21 efter
407 1211 97 23 deröfver
519 1212 110 22 inlemnad
645 1211 141 27 beskrifning,
797 1211 71 21 blifvit

114 1247 23 21 af
150 1247 137 21 Guvernören
303 1247 8 20 i
326 1247 58 21 länet
400 1246 106 27 godkänd.
537 1247 127 26 Ansökning
675 1246 74 21 härom
760 1246 39 21 bör
811 1246 55 20 inom

114 1283 36 20 två
173 1282 79 20 veckor
267 1280 55 22 efter
338 1281 49 21 dess
402 1281 136 21 inlemnande
554 1281 23 21 af
591 1280 112 22 Guvernör
718 1280 34 21 till
768 1280 100 27 pröfning

114 1318 112 25 upptagas.

184 1350 61 25 Malt,
268 1356 46 15 som
337 1350 33 20 till
388 1350 68 26 brygd
472 1350 55 20 skall
544 1350 116 25 användas,
675 1349 36 21 må
726 1349 47 21 icke
789 1355 77 15 annor-

114 1385 72 20 städes
210 1384 93 24 skrotas,
327 1386 28 18 än
374 1385 8 19 i
397 1384 132 25 bryggeriets
545 1390 58 19 egen,
619 1384 50 20 med
685 1384 68 20 sådan
768 1384 98 20 maltmä-

113 1420 47 18 tare
174 1417 100 21 försedda
290 1423 67 20 qvarn
373 1417 53 21 eller
442 1418 69 19 kross.

183 1446 18 26 Å
229 1451 104 22 Senatens
360 1450 268 27 Ekonomiedepartement
655 1450 124 21 ankommer
801 1449 66 21 likväl
