1125 1745
535 151 2 2 N
711 150 14 16 S

281 171 14 20 8
492 170 20 24 U.
528 170 19 23 B.
564 183 25 3 —
605 170 54 27 Prop.
676 168 38 28 No
731 169 33 24 28.

322 232 70 23 Sedan
413 233 104 22 utskottet
531 233 8 21 i
553 233 35 22 det
611 216 94 47 anförda
719 233 30 20 uti
765 232 87 22 korthet
866 233 94 26 angifvit-
967 234 37 21 det

253 267 133 27 väsendtliga
400 267 7 21 i
422 267 41 22 den
477 267 139 28 uppfattning,
625 273 22 16 soy/n
689 267 32 22 för
735 267 106 22 utskottet
856 268 40 21 och
910 267 66 23 komit

254 302 8 21 i
277 302 69 22 denna
369 301 61 28 fråga
444 304 24 19 är
483 308 126 22 gemensam,
646 308 36 15 fror
696 302 31 27 sig
742 301 111 28 utskottet,
867 302 67 23 under
949 299 60 26 ät$i-

254 337 97 26 gifvande
366 337 7 21 i
388 336 120 23 hufvudsak
530 337 24 22 af
568 337 108 21 komätens
690 336 102 22 definitivt
806 333 127 25 formulerad

255 371 52 28 slag,
315 371 53 22 böra
383 371 39 22 hos
429 371 83 22 landets
523 369 117 51 höglofiga
651 371 86 21 ständer
746 370 86 27 föreslå,
842 371 34 20 att
883 373 35 19 stä

255 406 7 21 i
277 406 99 21 afseende
391 405 13 21 å
418 406 126 26 angifvande
566 405 22 22 af
609 407 30 20 ide
654 405 98 26 grunder,
767 405 65 26 enligt
847 405 69 20 hvilkaf
939 409 126 28 frågar...

255 446 76 20 genom
346 440 177 21 statsmakternas
538 439 247 27 lagstyftningsätgärder
798 438 8 22 i
820 438 87 22 framtid&n
928 443 86 21 borde

257 474 84 27 ordnas,
356 474 49 21 ville
420 476 52 25 göra
487 474 31 22 ett
532 474 126 21 uttadlande:
964 487 3 1 ä

460 540 32 19 att
514 537 244 29 skdf!!fogdesysslorna
773 536 35 21 mä
824 534 90 30 afskafi

393 568 135 45 brofogdetje
541 574 80 19 isterna
640 571 117 21 bibehållas
775 571 48 21 med
838 570 123 29 skyldighet
973 576 42 27 för

394 606 173 29 innehafvaren:
589 611 29 15 ut
643 606 210 27 tjenstyvra-säsom
869 606 146 26 läpsmännen

393 642 72 20 under
471 640 93 22 brdnade
579 642 115 20 allmemsa
709 639 169 28 kronobetjente
870 635 10 38 ;

383 704 3 4 |
469 676 30 17 att
514 674 47 22 bro-
575 676 38 20 och
628 665 62 49 skall
697 665 176 49 foydekapparne
886 677 36 20 mä
937 678 77 22 indra-

379 710 4 6 *
399 713 40 21 gas
454 707 35 21 till
503 708 93 28 kranan;
631 708 6 25 |
887 715 2 5 s
962 731 38 7 AE

468 744 31 19 att
513 744 9 20 i
536 744 74 29 hvarje
631 742 203 24 länsmansdistrikt
848 744 38 22 bör
894 733 78 44 finnas
986 756 26 14 en

400 775 104 29 brofogde
523 781 56 20 samt
600 780 9 20 i
627 782 90 20 svårare
739 777 71 22 skötta
832 778 89 24 distrikt
936 784 77 20 tvänne

400 810 51 22 eller
468 812 55 26 flere
541 814 96 27 sådana;

466 848 32 19 att
520 847 144 30 brofogdarne
687 850 32 20 mä
737 831 85 54 Yhälla
833 848 52 30 fast
900 850 111 27 kronolön,
1024 868 36 11 =...

399 879 48 22 med
465 881 101 28 rättighet
580 883 35 21 till
632 881 180 30 löneförhöjning
828 884 59 28 efter
902 885 57 22 vissa
974 886 36 21 års

400 914 114 29 oförvitlig
528 917 76 26 tjenst;
617 920 55 19 samt

467 951 32 20 att
514 951 34 20 till
562 951 104 29 brofogde
681 953 22 27 ej
715 953 37 20 mä
767 955 92 26 antagas
874 954 79 28 någon,
963 962 45 14 som

400 983 23 26 €)
436 985 27 19 är
478 984 43 21 läs-
536 986 38 21 och
589 986 148 29 skrifkunnig
760 990 56 19 samt
837 994 47 22 eger
895 989 115 29 färdighet

400 1016 8 20 i
423 1017 25 21 de
458 1017 58 30 fyra
530 1020 64 22 enkla
608 1021 143 22 räknesätten.

332 1101 37 23 Uti
391 1104 98 22 ärendets
511 1106 156 29 handläggning
687 1109 57 21 inom
766 1109 106 23 utskottet
890 1110 63 22 hafva
967 1110 44 22 del-

265 1135 54 27 tagit
334 1136 140 24 ordföranden
489 1140 23 21 L.
528 1140 24 22 L.
567 1142 102 28 Lindelöf,
684 1142 144 23 ledamöterne
843 1144 22 21 T.
880 1145 20 21 J.
911 1144 98 28 Aminoff,

265 1170 24 21 A.
312 1170 24 22 L.
358 1177 42 16 von
422 1172 112 30 Knorring,
556 1175 19 21 J.
591 1176 125 28 Johansson,
732 1176 25 23 G.
773 1177 25 22 G.
813 1178 109 27 Forsman,
936 1178 24 23 F.
975 1179 33 22 W.

265 1203 108 28 Sandelin,
389 1206 33 22 W.
437 1207 84 28 Wallin,
536 1210 24 21 E.
575 1210 116 28 Molander,
706 1211 25 21 R.
746 1212 25 21 A.
787 1212 137 27 Hasselblatt,
935 1213 22 22 L.
969 1220 41 16 von

264 1238 77 28 Pfaler,
365 1239 27 23 M.
416 1240 108 30 Hallberg,
546 1244 23 21 E.
588 1244 105 27 Duncker,
708 1245 24 22 F.
747 1246 33 21 W.
796 1246 131 27 Lagerstedt,
942 1248 26 21 K.
984 1248 25 22 A.

265 1272 110 22 Karlstedt
390 1275 38 20 och
443 1275 25 21 A.
484 1277 107 25 Häyrinen
606 1280 54 19 samt
675 1280 138 25 suppleanten
826 1281 24 20 V.
868 1288 42 14 von
920 1277 89 36 Wright.

333 1334 131 28 Helsingfors
479 1337 40 21 den
530 1338 12 20 5
558 1338 58 27 April
634 1339 59 22 1888.

416 1547 109 20 Helsingfors,
534 1549 183 19 Hufvudstadsbladets
725 1553 79 19 tryckeri,
814 1555 41 14 1888.

1061 872 36 15 e
