1100 1720
429 122 40 21 N:o
487 124 32 19 11.
795 123 26 20 23

99 189 66 27 giften
181 190 73 20 härför
268 190 40 26 må,
325 196 34 15 om
374 190 129 27 gästgifvare
517 191 57 21 inom
589 190 37 22 två
641 190 100 22 månader
757 190 93 22 derefter

100 224 38 24 hos
161 224 103 21 exekutor
285 224 72 21 derom
376 226 38 24 gör
430 224 104 27 anhållan,
550 227 51 19 utan
616 225 72 21 vidare
704 226 91 26 omgång
811 226 38 20 hos

99 258 41 20 den
161 258 215 27 betalningsskyldige
398 260 99 25 utmätas,
514 260 69 20 derest
599 259 67 20 denne
680 260 46 20 icke
741 260 58 20 inom
815 259 35 21 två

100 292 65 27 dagar
187 292 54 21 efter
262 293 115 26 bevisligen
400 292 94 21 erhållen
508 293 115 26 tillsägelse
639 293 122 21 densamma
776 296 74 19 ersatt.

170 326 74 20 Ehvad
267 326 145 27 skjutsningen
434 328 24 19 är
480 327 56 20 stäld
550 326 28 27 på
593 327 139 26 entreprenad
747 328 52 20 eller
814 334 36 14 an-

98 360 98 20 norledes
210 360 100 26 besörjes,
326 360 39 20 bör
380 360 67 26 alltid,
463 360 55 21 både
533 361 7 20 i
555 361 47 20 stad
618 361 37 20 och
671 360 27 27 på
713 361 78 26 landet,
803 361 45 27 den,

99 393 85 21 hvilken
206 393 53 21 först
281 394 34 20 till
329 394 123 26 gästgifveri
467 394 116 21 ankommit
598 395 52 20 eller
665 394 90 27 tidigare
770 395 33 21 för
818 396 31 26 sig

99 428 68 25 skjuts
190 428 119 27 skriftligen
328 428 78 21 bestält
421 428 38 21 och
474 435 62 14 resan
551 431 50 18 utan
618 428 98 27 dröjsmål
732 429 116 26 fortsätter,

100 461 92 21 derifrån
207 461 53 22 först
275 462 82 21 erhålla
372 462 54 26 häst,
443 462 53 21 dock
511 464 31 19 att
556 462 33 21 för
600 463 152 21 fortskaffande
763 463 23 21 af
794 465 54 25 post,

100 496 26 21 då
148 496 66 21 sådan
236 497 101 26 inväntas,
361 497 143 26 skjutshästar
526 497 41 21 alla
584 497 56 22 tider
660 497 23 21 af
697 497 76 27 dygnet
790 498 60 21 skola

98 531 67 21 finnas
180 533 32 18 att
228 533 67 19 straxt
310 531 67 27 tillgå.

170 559 18 27 Å
204 566 150 20 reservstation
370 565 54 21 skall
439 566 100 26 postiljon
549 568 74 25 genast
634 566 39 20 och
684 572 67 15 annan
761 566 88 21 resande

99 601 71 19 senast
185 606 24 14 en
225 600 73 20 timme
314 600 54 20 efter
384 600 72 20 derom
472 600 60 26 gjord
547 600 103 26 anhållan,
667 600 81 21 erhålla
758 600 49 22 häst
816 601 33 21 till

99 640 72 15 resans
186 634 147 21 fortsättande.

170 669 68 26 Tager
254 668 87 22 resande
357 668 145 28 egenmäktigt
517 670 48 20 häst
580 670 52 20 eller
647 668 75 28 åkdon,
735 670 50 20 böte
796 670 54 20 ända

98 703 33 21 till
146 702 119 22 tvåhundra
280 703 67 21 mark.

444 766 11 28 $
472 768 33 20 22.

170 806 44 21 Gör
239 806 129 27 gästgifvare
394 807 52 21 eller
470 806 146 22 föreståndare
641 806 33 21 för
699 807 151 21 reservstation

100 840 112 27 ändringar
227 841 52 20 eller
292 841 76 26 tillägg
384 841 7 20 i
406 841 90 27 dagbok,
512 841 101 21 hvarmed
632 841 148 26 skjutsanstalt
796 842 53 20 skall

98 881 75 20 genom
196 875 147 21 Guvernörens
365 875 83 27 försorg
472 876 38 20 och
532 875 28 27 på
574 875 118 21 bekostnad
707 875 23 21 af
743 875 107 21 allmänna

98 910 69 20 medel
182 909 73 26 förses,
270 910 68 26 plikte
358 910 54 21 ända
429 910 33 21 till
476 910 119 21 tvåhundra
610 910 67 20 mark.
707 905 31 25 Är
753 910 96 21 anmärk-

97 944 50 27 ning
162 944 7 21 i
184 944 84 26 dagbok
282 944 76 26 införd,
374 944 38 21 bör
427 944 163 21 kronolänsman
606 944 12 21 å
632 943 72 22 landet
720 944 40 21 och
775 944 74 21 veder-

97 977 94 22 börande
214 978 121 27 myndighet
351 978 7 21 i
373 978 54 26 stad,
451 977 54 22 efter
528 977 94 22 erhållen
643 978 96 27 kunskap
764 984 34 15 om
814 984 35 15 an-

98 1012 144 26 märkningen,
258 1012 6 20 i
279 1012 66 20 saken
360 1013 91 19 anställa
470 1012 154 26 undersökning
640 1014 54 19 samt
709 1012 88 20 insända
813 1012 37 21 sitt

98 1046 73 21 dervid
186 1046 60 20 förda
261 1046 108 27 protokoll
383 1046 33 21 till
431 1045 140 27 Guvernören,
588 1052 52 20 som,
652 1046 37 20 der
699 1046 46 21 skäl
756 1046 33 21 till
800 1046 49 27 laga

99 1080 43 22 åtal
164 1080 147 26 förekommer,
335 1080 90 22 förvisar
448 1080 66 21 saken
535 1080 33 22 till
586 1080 99 26 domstol,
700 1080 64 21 hvars
779 1080 71 27 utslag

98 1116 39 20 bör
152 1114 136 22 Guvernören
301 1114 115 22 meddelas.
446 1115 42 21 Vid
503 1115 182 27 undersökningen
700 1121 51 15 vare
767 1115 40 21 den
817 1121 32 15 re-

98 1149 75 21 sandes
188 1149 93 21 hörande
296 1149 46 21 icke
356 1149 74 27 nödigt
445 1149 49 21 med
507 1149 81 21 mindre
598 1149 42 21 han
652 1149 48 27 sjelf
709 1149 73 21 derom
793 1149 57 27 gjort

98 1183 105 21 förbehäll
214 1184 52 20 eller
276 1183 104 21 särskilda
391 1183 181 27 omständigheter
582 1184 61 26 eljest
654 1184 70 21 dertill
733 1183 116 21 föranleda.

446 1246 11 26 8
473 1247 33 19 28.

170 1285 32 20 Pä
224 1285 58 20 släde
304 1286 53 19 eller
379 1284 163 22 sommaräkdon
564 1285 54 21 efter
640 1291 26 14 en
684 1286 118 26 skjutshäst
817 1285 33 21 fär

98 1319 74 26 läggas
195 1319 54 20 ända
264 1319 33 20 till
312 1319 182 21 etthundrasextio
509 1319 111 27 kilogram,
636 1319 85 21 hvilken
737 1319 65 26 tyngd
817 1319 32 21 för

98 1353 73 26 hvarje
186 1353 48 20 häst
250 1353 121 20 derutöfver
386 1353 33 20 fär
432 1353 51 20 ökas
494 1353 49 20 med
552 1353 175 26 etthundratjugu
737 1353 112 26 kilogram.

99 1386 61 21 Efter
182 1392 26 15 en
230 1386 47 21 häst
293 1386 34 21 mä
342 1385 18 28 ej
377 1385 40 21 äka
432 1385 52 22 flera
498 1388 27 19 än
540 1385 35 22 tvä
589 1392 101 20 personer
705 1385 49 22 med
768 1386 82 27 bagage

98 1420 24 22 af
142 1420 63 27 högst
227 1420 76 27 fyratio
326 1420 115 27 kilograms
464 1420 44 27 vigt
526 1421 52 20 eller
593 1427 26 14 en
632 1427 77 20 person
724 1420 47 21 med
787 1420 63 27 högst
