1114 1748
265 189 13 20 4
572 187 33 21 N:o
622 186 35 22 28.

306 250 20 26 b)
351 250 27 20 då
396 249 57 21 inom
473 248 110 22 distriktet
601 248 103 22 föröfvats
725 248 65 26 brott,
811 248 63 22 hvars
893 248 101 22 åtalande

237 285 47 21 icke
300 285 64 20 beror
380 284 22 20 af
416 284 143 26 målsegande,
571 283 55 21 efter
642 282 96 22 erhållen
754 283 120 21 kännedom
889 283 23 21 af
920 283 74 27 saken,

238 320 73 20 derom
330 318 127 21 underrätta
473 318 206 26 kronobetjeningen
695 318 40 20 och
751 318 244 21 kommunalnämndens

238 353 130 22 ordförande
384 354 62 25 samt,
463 353 37 20 der
516 352 77 21 sådant
609 352 94 26 lagligen
720 352 39 21 ske
774 352 50 27 kan,
835 352 45 21 låta
891 354 49 25 taga
952 352 42 21 den

237 388 114 26 brottslige
367 387 7 21 i
389 386 82 27 förvar;

306 422 19 26 e)
342 421 87 21 anhålla
439 421 127 21 lösdrifvare
577 421 39 21 och
629 420 82 27 tiggare
723 422 56 20 samt
789 421 101 21 befordra
902 421 47 21 dem
962 421 33 21 till

238 456 244 22 kommunalnämndens
501 455 51 21 eller
570 455 178 21 kronolänsmans
763 455 74 21 vidare
852 455 141 27 behandling;

307 491 23 26 d)
349 490 86 27 vidtaga
455 490 105 21 anstalter
576 490 33 20 till
625 490 128 21 hämmande
770 489 22 21 af
806 490 100 26 skogseld
922 490 73 21 äfven-

238 532 52 19 som,
314 525 38 20 der
372 525 18 26 ej
411 524 92 21 särskild
519 524 109 21 brandkår
643 524 48 20 med
707 526 49 24 eget
771 524 57 21 befäl
844 524 68 20 finnes
927 524 67 21 inrät-

237 560 44 26 tad,
306 559 96 21 anordna
424 558 39 21 och
482 558 48 21 leda
550 558 111 26 släckning
680 558 22 21 af
716 558 76 21 vådeld
808 559 7 20 i
830 558 27 27 by
873 561 56 18 samt
945 561 50 24 taga

236 594 53 21 vård
304 600 34 14 om
354 593 121 21 distriktets
491 592 52 22 eller
558 593 140 20 kommunens
713 592 173 27 brandredskap;

306 628 19 27 e)
348 627 124 22 handhafva
495 627 187 21 sundhetsvården
706 627 66 27 enligt
794 627 200 21 kommunalnämn-

240 664 51 21 dens
307 663 112 26 anvisning
435 662 40 21 och
490 662 39 21 hos
545 663 107 20 nämnden
668 662 85 21 anmäla
769 669 34 14 om
820 662 38 21 allt
873 662 56 21 hvad
945 662 50 21 här-

238 698 91 21 utinnan
351 698 43 21 kan
412 697 88 26 påkalla
521 697 77 26 åtgärd
616 697 49 20 från
680 696 118 22 nämndens
814 697 54 26 sida,
885 697 109 21 äfvensom

238 733 36 20 vid
290 732 100 21 utbruten
407 731 68 21 farsot
491 731 66 21 bland
572 731 123 21 menniskor
712 731 52 21 eller
778 732 89 20 kreatur
883 733 53 19 utan
947 733 47 19 sär-

239 767 65 21 skildt
320 766 97 27 uppdrag
433 766 97 20 anordna
546 766 25 20 de
587 765 69 21 första
672 765 243 27 försigtighetsmåtten;

302 801 29 26 £)
347 800 73 21 utöfva
435 799 71 27 tillsyn
523 799 58 22 öfver
597 799 154 22 efterlefnaden
768 799 22 22 af
804 800 190 27 ordningsstadgar

239 835 39 21 och
294 835 123 26 föreningar
433 834 58 21 inom
507 834 138 25 kommunen;
661 835 56 19 samt

306 870 22 26 g)
348 869 70 21 utföra
438 869 26 20 de
483 869 96 26 uppdrag
594 869 57 21 inom
668 869 116 26 distriktet,
800 875 46 15 som
861 869 23 21 af
897 869 98 21 kommu-

238 904 145 21 nalnämnden
398 903 79 21 honom
494 903 114 21 anförtros.

594 950 11 27 8
621 951 19 19 5.

306 984 159 26 Ordningsman
481 984 38 20 bör
535 983 44 22 låta
595 984 32 26 sig
642 984 102 20 särskildt
760 984 114 27 angeläget
891 990 57 20 vara,
961 986 33 19 att

238 1018 118 27 ordningen
377 1018 47 21 icke
440 1020 69 19 störes
525 1018 35 20 vid
576 1019 108 20 allmänna
700 1018 192 22 sammankomster
908 1018 40 21 och
964 1018 31 22 of-

237 1053 89 26 fentliga
348 1052 147 21 lustbarheter
517 1052 57 22 inom
595 1052 117 27 distriktet,
729 1055 57 18 samt
802 1058 49 22 eger
866 1053 33 20 för
915 1053 79 21 sädant

238 1087 102 21 ändamä]
356 1086 102 27 antingen
473 1086 50 27 sjelf
537 1087 73 21 dervid
625 1088 94 19 närvara
735 1087 52 20 eller
803 1086 31 22 dit
851 1086 91 21 beordra
956 1087 39 21 ho-

237 1127 49 15 nom
310 1121 128 21 biträdande
462 1121 190 26 uppsyningsman.
686 1120 95 27 Uppstär
797 1121 34 20 vid
848 1120 78 21 sädant
941 1121 53 20 eller

238 1158 65 18 annat
322 1154 86 22 tillfälle
427 1154 111 27 oordning,
563 1161 45 15 som
624 1154 23 21 af
661 1155 182 26 uppsyningsman
859 1154 52 21 eller
927 1155 68 21 andra

237 1189 203 21 tillstädesvarande
463 1189 18 26 ej
504 1188 43 22 kan
571 1189 74 25 stillas,
669 1190 56 20 skall
749 1189 197 26 ordningsmannen
966 1188 29 27 pä

237 1224 91 20 kallelse
344 1223 33 26 sig
392 1223 81 21 infinna
489 1225 56 19 sämt
560 1224 6 20 i
582 1224 74 26 lagens
672 1230 64 14 namn
748 1223 53 21 äska
812 1223 124 21 hörsamhet
946 1223 48 25 och,

238 1258 38 21 der
294 1258 42 20 han
355 1264 64 14 anser
440 1257 78 21 sådant
534 1258 107 26 behöfligt,
657 1258 73 21 fordra
746 1257 163 26 handräckning
924 1257 24 21 af
962 1257 31 21 di-

238 1292 98 20 striktets
351 1292 102 20 invänare
469 1292 34 19 för
518 1292 143 25 oordningens
678 1291 114 26 stäfjande.

305 1325 46 21 Den
368 1325 67 20 sädan
451 1325 164 27 handräckning
630 1328 83 24 vägrar,
729 1332 51 14 vare
796 1324 100 22 förfallen
912 1325 33 21 till
956 1325 37 21 bö-

237 1362 40 24 ter,
293 1360 63 25 högst
370 1359 31 20 tio
417 1358 68 21 mark.

593 1387 11 28 8
620 1389 19 20 6.

305 1422 169 26 Handräckning
496 1422 55 21 skall
574 1422 35 21 vid
631 1422 142 21 förefallande
792 1421 66 22 behof
874 1423 82 20 lemnas
973 1422 19 27 ej

237 1458 83 21 mindre
344 1457 24 22 af
388 1457 233 22 kommunalnämnden
644 1457 23 21 ät
689 1457 215 28 kronobetjeningen,
928 1459 27 19 än
972 1456 24 22 af

238 1493 69 21 denna
330 1493 22 20 ät
374 1492 233 21 kommunalnämnden
627 1492 39 21 och
686 1492 126 21 distriktens
831 1492 163 27 ordningsmän.
