1109 1739
270 139 27 20 32
477 138 24 24 U.
516 138 22 23 B.
554 150 27 4 —
597 138 65 28 Prop.
677 137 39 23 N:o
732 137 30 23 13.

241 202 86 23 makars
348 200 171 30 förmögenhets-
541 204 40 21 och
602 202 214 28 gäldsförhällanden
837 201 25 23 af
878 200 118 23 ständerna

241 238 98 27 antages,
355 237 65 23 äfven
434 235 55 23 böra
503 237 134 27 godkännas.

309 271 33 22 På
355 266 68 37 grund
435 271 68 22 'häraf
519 270 36 22 får
569 272 107 21 utskottet
690 270 110 23 vördsamt
814 270 88 23 föreslå:

448 336 32 20 att
496 334 127 23 Ständerna
636 335 49 22 ville
700 335 147 27 oförändradt
860 336 84 25 antaga
952 334 45 28 för-

378 370 69 27 slaget
462 369 32 21 till
506 370 134 26 förordning
654 370 151 27 innefattande
820 369 98 27 ändring
932 370 29 26 af
970 370 28 21 10

378 405 14 24 $
405 405 9 20 i
426 404 162 28 förordningen
604 404 42 22 den
661 405 14 21 9
689 404 119 22 November
824 405 62 26 1868,
902 410 35 16 om
952 404 45 20 bor-

378 440 108 25 genärers
506 439 47 21 rätt
575 438 38 22 och
632 439 112 27 företräde
762 439 38 27 för
819 438 131 22 hvarandra
964 438 33 22 till

378 472 110 28 betalning
509 478 30 16 ur
560 473 110 27 egendom,
692 479 48 15 som
762 473 68 27 blifvit
852 473 32 21 till
898 472 98 22 konkurs

378 508 98 26 afträdd.

310 567 109 28 Derjemte
434 568 36 22 får
484 568 108 22 utskottet
606 568 110 22 vördsamt
730 568 123 22 hemställa:

446 633 32 19 att
502 631 128 23 Ständerna
654 632 48 21 ville
727 632 32 21 till
784 632 66 21 Hans
872 632 125 28 Kejserliga

378 665 103 28 Majestät
496 666 133 28 öfverlemna
644 667 32 21 att
690 666 121 23 bestämma
826 666 58 23 tiden
898 666 30 23 då
941 668 56 27 före-

378 700 88 22 stående
490 703 80 20 tvänne
591 702 233 28 författningsförslag
846 702 62 21 skola
930 703 67 21 träda

378 735 9 21 i
400 735 103 27 gällande
518 736 67 28 kraft.

309 907 12 21 I
340 906 102 22 ärendets
461 907 132 28 behandling
614 907 67 22 hafva
696 907 93 28 deltagit
803 907 145 23 ordföranden
962 907 36 22 fri-

241 940 63 22 herre
326 941 26 21 R.
375 941 27 22 A.
424 941 86 28 Wrede,
533 942 146 22 ledamöterne
698 941 92 23 friherre
810 942 26 22 G.
855 942 27 22 A.
898 942 101 27 Langen-

242 975 76 27 skiöld,
344 975 74 28 Prytz,
445 975 94 23 Herman
562 977 110 28 Räbergh,
695 976 171 29 Schwartzberg,
889 977 109 28 Tallgren,

242 1009 114 28 Stenbäck,
376 1010 125 29 Rönnbäck,
524 1011 26 22 A.
574 1005 79 34 Öberg,
676 1011 145 28 Tuomikoski,
836 1011 108 28 Vuolijoki
960 1011 38 22 och

240 1043 106 28 Hollmén,
369 1047 56 20 samt
446 1045 8 22 i
476 1045 83 22 mindre
582 1045 60 22 delar
663 1045 167 28 suppleanterne
852 1045 145 29 Jägerskiöld,

241 1078 105 28 Torckell,
362 1079 89 28 Nyberg
466 1081 38 20 och
519 1080 26 22 V.
562 1080 132 22 Gummerus.

309 1141 137 28 Helsingfors
462 1143 40 22 den
517 1145 27 19 27
560 1143 62 28 April
638 1145 60 20 1888.
