1106 1745
320 140 65 24 Ständ.
401 140 30 24 Sv.
446 154 28 3 —
489 141 54 29 Prop.
559 141 32 23 N:o
606 141 19 24 H.
790 143 25 21 11

232 208 56 20 samt
310 207 60 28 afgör
392 207 121 23 densamma
533 215 75 20 genom
629 208 78 27 utslag,
727 215 46 15 som
788 208 57 22 inom

233 241 69 21 trettio
318 242 66 26 dagar
399 242 51 26 efter
467 242 49 21 dess
533 242 128 27 utfärdande
676 242 53 22 skall
743 242 103 22 särskildt

232 275 106 22 meddelas
359 276 70 27 hvarje
442 276 104 27 kommun,
569 277 72 22 såvidt
664 276 123 28 skjutslaget
809 284 36 14 an-

232 310 48 26 går.

513 387 12 23 s
546 387 21 21 8

304 436 71 22 Sedan
392 436 145 23 Guvernörens
555 437 70 27 utslag
639 437 76 22 vunnit
729 437 48 27 laga
791 437 57 27 kraft

234 470 53 29 eller,
302 471 68 22 derest
383 471 73 22 besvär
471 471 56 28 öfver
542 472 115 21 detsamma
666 471 88 28 anförts,
767 471 81 28 slutligt

235 506 71 27 utslag
328 506 26 27 af
374 505 90 23 Senaten
481 507 121 26 meddelats,
623 505 59 23 skola
701 506 147 28 skjutsanstal-

236 543 59 20 terna
310 541 37 22 och
361 541 143 28 hållgöringen
517 542 31 26 på
563 541 53 22 tider
631 541 36 22 och
678 543 61 25 orter,
749 548 46 15 som
805 541 43 22 Gu-

234 577 100 20 vernören
350 583 46 20 eger
413 576 120 27 bestämma,
553 575 100 28 utbjudas
664 577 33 26 på
712 576 137 26 entreprenad

236 611 24 21 åt
274 610 81 22 enskild
365 617 80 21 person
461 610 48 21 eller
524 611 66 27 bolag,
611 617 45 14 som
671 610 27 27 af
708 610 82 28 behörig
801 617 48 20 per-

236 652 40 15 son
299 645 122 27 företrädes.
459 645 85 22 Sådant
566 645 130 27 utbjudande
717 645 59 27 skall,
800 645 51 27 efter

237 680 71 21 derom
329 681 66 20 minst
416 680 69 21 trettio
507 680 66 27 dagar
590 680 58 27 förut
669 679 33 22 uti
716 679 134 28 skjutslagets

236 715 75 28 kyrkor
322 715 113 26 afkunnad
443 715 128 27 kungörelse,
581 715 123 22 verkställas
714 714 57 22 inom
781 714 70 27 hvarje

237 749 105 27 kommun,
364 747 32 23 dit
410 749 148 27 skjutsanstalt
578 749 68 27 blifvit
664 749 90 27 förlagd,
771 749 26 27 af
807 749 45 21 kro-

237 784 167 22 nolänsmannen
419 784 8 21 i
442 784 109 22 distriktet.
585 783 42 22 Vid
647 784 164 32 bestämmandet
830 783 26 28 af

238 819 57 22 tiden
309 818 35 28 för
358 819 62 21 dessa
439 818 153 28 förrättningar
612 819 37 21 bör
669 818 71 28 tillses,
757 820 30 20 att
803 818 48 22 auk-

239 854 95 22 tionerna
348 854 72 21 kunna
435 854 27 27 af
473 861 81 14 samma
566 860 79 20 person
660 853 93 22 bivistas.

519 948 16 23 $
547 943 24 35 9.

307 999 55 22 Före
384 998 111 22 auktionen
517 997 59 22 skola
599 997 41 22 alla
659 997 87 21 ärendet
763 997 90 21 rörande

240 1033 126 28 handlingar
381 1033 118 27 offentligen
513 1033 105 27 uppläsas
633 1033 55 20 samt
697 1031 157 27 spekulanterne

241 1068 79 22 erhålla
342 1068 126 27 fullständig
489 1067 153 22 underrättelse
662 1073 33 14 om
710 1066 145 27 entreprenad-

240 1103 98 26 vilkoren,
354 1103 84 22 hvartill
451 1103 66 26 hörer,
539 1104 31 19 att
584 1101 145 28 skjutsningen
744 1100 54 22 skall
811 1103 44 18 mot

241 1137 103 28 faststäld
365 1137 114 27 skjutslega
497 1136 123 22 verkställas
639 1135 14 21 å
669 1135 68 21 dertill
761 1135 95 21 bestämd

242 1171 148 29 skjutsanstalt
404 1172 47 21 med
465 1171 85 27 dugliga
564 1171 81 25 hästar,
661 1169 76 27 åkdon,
748 1169 62 22 båtar
820 1169 36 21 och

241 1207 89 26 redskap
346 1209 56 19 samt
411 1205 98 28 pålitlige
523 1206 123 21 körsvenner
662 1204 36 21 och
711 1203 96 27 roddare,
823 1203 33 26 äf-

242 1248 85 15 vensom
343 1243 31 20 att
388 1241 158 26 entreprenören
554 1238 79 29 jemväl
647 1239 9 20 i
671 1238 64 27 öfrigt
745 1239 26 20 är
781 1237 76 22 under-

242 1275 77 23 kastad
333 1275 159 27 föreskrifterna
509 1275 8 20 i
532 1274 69 21 denna
615 1272 123 27 förordning
755 1271 36 22 och
805 1271 52 28 skyl-

244 1310 36 27 dig
295 1312 31 19 att
343 1309 35 27 för
398 1308 124 28 åtagandets
538 1307 96 26 behöriga
648 1305 132 28 fullgörande
795 1306 63 21 ställa

244 1344 128 28 vederhäftig
394 1344 81 26 borgen,
499 1341 128 29 omfattande
648 1340 125 28 förbindelse
797 1342 36 24 att,
851 1340 9 20 i

244 1378 100 22 händelse
366 1378 132 25 entreprenör
521 1376 74 20 brister
610 1375 9 19 i
633 1375 38 20 sitt
689 1374 104 26 åtagande
811 1374 48 20 eller

244 1412 76 22 varder
341 1412 51 26 från
411 1411 33 20 sin
465 1409 117 28 befattning
597 1408 55 21 skild
666 1408 49 20 eller
731 1407 78 26 aflider,
825 1413 34 20 ge-

246 1448 49 21 nast
306 1446 32 27 på
357 1444 112 28 tillsägelse
487 1444 106 27 öfvertaga
613 1441 37 22 och
669 1441 113 27 ombesörja
801 1447 58 21 syss-
