1103 1734
290 107 31 23 U.
337 108 38 23 B.
392 122 25 4 —
432 109 97 31 Prop.
544 110 53 24 N:o
611 111 48 23 19.

374 517 211 26 Statsutskottets
610 518 147 25 betänkande
781 519 30 25 N:o
835 519 12 22 2

304 552 7 23 i
326 551 99 31 anledning
443 552 20 24 af
477 552 48 25 Hans
541 552 103 32 Kejserliga
659 553 97 31 Majestäts
778 553 69 30 nädiga

306 586 121 31 proposition,
451 586 95 30 angående
570 587 100 25 anvisande
694 588 22 24 af
737 588 58 24 medel
818 588 30 24 för

305 620 136 26 folkskolornas
457 621 6 24 i
478 621 64 25 landet
556 621 103 25 underhåll.

169 718 51 22 Den
235 718 85 30 nådiga
334 718 172 30 propositionen
520 719 42 21 har
577 719 27 21 af
616 719 107 29 samtliga
738 719 68 22 stånd
814 726 34 15 re-

101 753 114 22 mitterats
230 753 36 22 till
281 753 176 29 handläggning
479 753 26 22 af
519 753 184 29 Statsutskottet,
726 761 48 15 som
796 754 52 22 från

101 787 131 29 Kejserliga
248 787 100 23 Senaten
362 787 46 22 fått
423 790 115 26 emottaga
553 796 27 14 en
597 788 40 22 vid
652 787 93 31 frågans
768 788 80 23 bered-

101 823 59 29 ning
182 822 117 22 derstädes
322 822 145 22 tillkommen
489 823 41 22 akt
554 822 118 23 äfvensom
696 822 152 23 meddelande

102 856 84 29 derom,
195 858 34 21 att
244 856 39 23 vid
298 856 106 23 ärendets
419 856 141 31 behandling
574 857 9 22 i
598 857 101 23 Senaten
713 858 77 29 någon
801 865 46 15 om-

101 891 106 29 röstning
221 891 51 22 icke
287 894 39 27 egt
340 899 56 15 rum,

169 1059 77 22 Jemte
274 1059 213 29 protokollsutdrag
519 1059 51 22 från
599 1059 175 22 Bondeståndet
805 1058 43 22 har

103 1093 176 22 Statsutskottet
298 1093 69 22 äfven
388 1093 46 22 fätt
455 1093 36 22 till
513 1093 142 29 behandling
676 1095 116 27 emottaga
815 1094 33 20 ett

102 1127 29 28 pä
149 1127 73 22 finska
238 1127 93 29 språket
346 1127 107 22 affattadt
474 1127 235 29 petitionsmemorial,
732 1127 89 22 hvilket
838 1127 9 21 i

102 1161 84 22 svensk
201 1162 167 29 öfversättning
382 1165 26 18 är
422 1163 25 20 sä
461 1161 110 29 lydande:

240 1292 53 19 Till
310 1293 179 18 Hedervärda
500 1292 210 19 Bondeständet.

170 1361 244 22 Bildningsförhällandena
431 1361 7 16 i
456 1361 68 17 Salmis
541 1361 61 16 härad
619 1360 59 17 hafva
694 1361 59 17 redan
765 1361 82 22 tidigare

102 1389 50 17 varit
176 1389 79 17 föremäl
278 1388 30 18 för
332 1389 80 18 särskild
436 1388 115 18 omvärdnad
575 1388 43 17 frän
642 1390 71 15 statens
736 1387 46 18 sida.
810 1388 38 18 Vid

103 1418 75 17 senaste
196 1417 91 23 landtdag
304 1417 106 23 beviljades
427 1418 60 21 10,000
504 1416 54 19 mark
575 1416 29 18 till
622 1415 107 20 inrättande
749 1416 21 18 af
787 1416 60 23 högre

102 1445 106 19 folkskolor
219 1446 7 17 i
238 1446 74 22 Salmis,
324 1446 89 23 Suojärvi
425 1445 36 18 och
473 1445 114 24 Korpiselkä
599 1445 117 23 kommuner,
729 1445 36 18 och
776 1446 71 23 Styrel-

102 1481 34 12 son
142 1475 36 18 har
184 1475 82 18 derefter
278 1475 83 24 anslagit
373 1485 21 3 —
401 1476 52 17 utom
461 1475 96 24 betydliga
565 1475 67 24 belopp
644 1473 30 19 för
684 1473 132 25 befrämjande
828 1473 20 20 at

171 1510 150 19 Statsutskottets
334 1509 115 20 betänkande
461 1511 35 18 N:o
508 1511 16 16 2.
