1100 1736
443 115 33 21 N:o
493 115 30 21 13.
803 117 24 18 11

170 182 26 27 Ej
219 181 67 22 heller
308 182 58 27 njute
382 183 61 20 make
459 183 97 26 giftorätt
572 183 6 20 i
593 183 109 26 egendom,
719 189 46 15 som
780 189 75 21 genom

102 216 62 27 gåfva
180 216 52 21 eller
247 218 128 19 testamente
391 219 23 18 är
429 217 34 20 till
479 217 66 20 andra
560 217 76 20 maken
649 217 71 26 gifven
731 217 49 20 med
789 217 77 21 vilkor”

102 251 32 20 att
150 251 40 20 den
205 250 55 21 skall
275 250 79 21 honom
370 251 51 20 eller
437 251 68 20 henne
521 251 91 20 enskildt
627 251 93 21 tillhöra.

458 307 11 27 $
486 309 19 19 4.

171 342 30 25 Är
219 346 45 21 före
288 346 139 27 äktenskapet
451 346 72 22 förord
546 347 71 27 gjordt
640 353 33 15 om
698 347 40 20 den
760 346 98 27 giftorätt

102 381 104 21 hvardera
230 381 77 21 maken
330 381 6 20 i
359 381 50 21 boet
431 381 60 27 njuta
507 382 59 26 skall,
582 382 62 20 lände
660 381 35 21 det
710 381 34 21 till
760 381 97 21 efterrät-

103 415 59 27 telse,
179 415 53 21 dock
248 415 18 26 ej
282 416 34 20 till
331 414 83 28 förfång
429 415 33 21 för
479 416 53 26 dem,
549 422 50 20 som,
614 416 28 26 på
653 416 40 20 den
702 415 33 21 tid
746 416 35 20 det
791 415 66 27 ingås,

102 450 71 21 bättre
189 451 43 20 rätt
247 450 33 20 till
296 449 131 27 egendomen
441 450 70 21 hafva.

171 484 82 21 Genom
272 484 73 21 förord
360 484 35 21 må
410 484 18 27 ej
444 485 33 21 till
493 484 82 22 enskild
591 491 39 21 ego
646 484 128 22 förbehållas
790 491 68 14 annan

103 519 109 27 egendom,
236 520 26 20 än
286 519 42 21 den
350 519 62 21 make
435 522 35 24 egt
490 519 45 21 före
551 520 140 25 äktenskapet
706 519 52 21 eller
772 519 86 21 hvilken

104 552 104 22 derunder
230 559 76 21 genom
329 553 38 26 arf,
391 553 62 27 gåfva
469 554 52 20 eller
537 555 128 19 testamente
681 554 42 20 kan
738 553 62 21 make
814 554 44 20 till-

102 586 58 22 falla.
190 587 25 27 Ej
239 587 67 23 heller
328 587 34 22 må
385 594 76 21 genom
484 587 72 22 förord
574 587 107 27 arfvejord
695 587 27 27 på
737 587 72 22 landet
824 587 33 21 till

104 621 90 22 samfäld
210 622 103 27 egendom
328 624 70 25 göras.
458 651 11 27 N

486 657 19 15 5.

172 687 30 25 Är
217 691 73 21 makes
302 691 96 21 enskilda
409 691 102 26 egendom
521 691 67 21 under
598 691 141 26 äktenskapet
750 691 46 20 säld
806 691 52 20 eller

104 725 124 21 annorledes
240 725 131 26 förvandlad,
383 725 53 21 skall
448 725 56 21 hvad
517 725 87 22 sälunda
615 725 89 21 kommit
719 725 7 21 i
737 725 49 20 dess
796 725 62 21 ställe

104 765 61 16 anses
182 760 69 21 säsom
267 759 81 22 enskild
364 760 109 27 egendom.

173 857 34 21 All
224 857 99 26 afkomst,
340 863 45 15 som
401 857 66 21 under
483 857 140 27 äktenskapet
638 856 23 21 af
674 857 73 20 makes
763 856 95 22 enskilda

105 891 103 27 egendom
223 891 67 27 faller,
306 897 51 15 vare
373 891 98 21 samfäld.

459 949 12 26 S
487 950 20 20 7.

175 989 87 25 Ovinna,
281 995 45 15 som
342 988 22 22 af
378 989 107 20 Domaren
501 990 23 19 är
539 988 33 21 för
587 988 51 21 äkta
653 988 75 21 hustru
743 987 115 27 förklarad,

105 1023 59 27 njute
186 1023 98 27 giftorätt
306 1023 7 21 i
336 1028 100 16 mannens
458 1023 33 26 bo,
511 1022 54 22 ändå
581 1024 32 20 att
627 1022 66 26 vigsel
709 1022 18 26 ej
744 1021 115 22 äkommer.

105 1058 84 26 Drager
206 1058 43 21 han
263 1058 32 26 sig
310 1057 71 21 undan
395 1058 82 26 vigseln
492 1057 23 21 af
528 1056 101 27 motvilja,
645 1056 63 21 hafve
723 1056 89 22 förlorat
828 1056 32 22 sin

106 1092 98 27 giftorätt
226 1093 7 20 i
255 1092 79 21 hennes
356 1092 109 26 egendom,
483 1092 37 20 der
535 1092 42 20 han
592 1091 31 27 sig
639 1091 18 26 ej
673 1093 69 19 rättar
758 1091 38 21 och
811 1090 49 21 med

106 1127 68 21 henne
189 1126 145 27 sammanvigd
349 1126 82 21 varder.

425 1199 20 24 ?
462 1199 81 28 Kap.

173 1253 34 22 Om
224 1251 153 24 mäismansrätt
393 1253 38 21 och
448 1252 97 27 rättighet
560 1251 31 22 att
607 1251 55 22 öfver
678 1250 47 23 boet
741 1251 57 21 räda.

461 1298 48 27 81.

177 1339 69 22 Sedan
269 1345 49 15 man
341 1338 39 21 och
403 1339 76 26 gvinna
501 1340 37 19 äro
559 1337 163 27 sammanvigde,
738 1336 28 21 dä
781 1338 23 19 är
819 1336 42 21 han

108 1374 78 20 hennes
208 1375 56 19 rätte
287 1373 104 20 mälsman
413 1373 40 20 och
475 1378 49 20 eger
547 1372 52 20 söka
615 1371 39 20 och
669 1377 62 14 svara
746 1371 34 20 för
794 1371 68 20 henne

108 1409 55 20 samt
178 1407 53 21 räda
246 1407 59 20 öfver
320 1407 57 26 boet,
393 1405 48 22 med
457 1406 40 20 den
512 1405 151 26 inskränkning
677 1404 69 21 nedan
761 1406 54 25 sägs.

177 1442 96 21 Hustrun
288 1441 62 27 följer
365 1446 101 16 mannens
482 1439 62 22 ständ
559 1439 38 22 och
613 1439 74 21 vilkor.
