1098 1756
385 148 23 20 U.
423 149 22 19 B.
459 160 29 4 —
503 149 58 25 Prop.
576 149 38 19 N:o
628 149 28 20 21.

341 455 371 27 Bevillningsutskottets
729 456 165 21 betänkan-

279 490 32 21 de
328 489 43 22 N:o
387 490 14 21 5
417 489 5 22 i
437 489 109 28 anledning
562 489 21 22 af
598 490 55 21 Hans
664 489 113 28 Kejserliga
788 490 105 27 Majestäts

280 523 73 28 nädiga
369 524 132 27 proposition,
517 523 107 28 angäende
639 524 205 28 stämpelbevillning.

211 585 79 23 Under
312 586 141 28 föregående
476 586 151 29 Tandtdagar
648 586 42 22 har
709 576 124 32 efterhand
848 586 45 22 den

141 620 79 29 praxis
242 620 103 23 utbildat
365 621 36 28 sig
416 623 35 19 att
465 621 266 28 Bevillningsutskottet
745 621 96 29 afgifvit
856 621 38 22 be-

142 655 135 22 tänkanden
291 655 8 22 i
315 655 128 29 anledning
467 656 26 21 af
510 655 28 22 de
554 655 38 22 till
606 655 52 22 dess
673 655 167 23 förberedande
855 655 39 23 be-

141 689 116 29 handling
278 690 172 22 öfverlemnade
473 690 178 29 propositioner,
676 691 72 21 innan
764 690 130 23 Ständerna

141 724 104 22 faststält
260 724 39 22 det
314 724 91 30 belopp,
422 732 48 14 som
486 725 83 22 inalles
585 725 70 22 borde
666 732 83 22 genom
761 725 131 28 bevillning

142 759 205 28 sammanbringas.

120 820 3 2 N
209 793 41 22 Ett
272 793 83 22 sädant
378 793 196 30 tillvägagäende,
595 794 151 29 hvarigenom
763 794 130 22 Ständerna

141 831 73 20 sättas
229 829 8 21 i
253 828 94 23 tillfälle
363 831 34 20 att
412 829 8 22 i
435 829 34 22 tid
484 832 55 27 taga
554 829 75 22 under
638 829 173 29 öfvervägande
822 829 71 28 lämp-

140 863 106 29 ligheten
268 863 25 22 af
306 863 138 29 ifrågasatta
460 863 238 29 bevillningsafgifter
713 863 47 22 och
774 863 119 22 eventuelt

141 898 92 21 besluta
255 905 36 14 om
314 898 66 21 deras
404 898 90 29 belopp,
511 905 69 22 synes
596 899 70 21 äfven
680 905 56 16 vara
751 899 28 21 af
791 900 102 20 omstän-

141 932 192 29 ständigheterna
353 933 126 29 päkalladt.
511 933 35 28 Ty
569 933 30 22 dä
620 933 40 22 det
675 933 152 29 totalbelopp,
843 940 49 22 som

140 966 62 22 skall
223 974 84 22 genom
325 967 131 29 bevillning
471 968 125 28 anskaffas,
611 968 8 20 i
634 967 128 22 allmänhet
777 967 59 23 först
851 974 42 15 un-

141 1002 41 22 der
204 1002 71 21 slutet
297 1002 26 22 af
342 1002 155 28 Landtdagen
521 1002 46 22 kan
587 1002 144 28 bestämmas,
749 1006 25 18 är
789 1002 39 22 det
842 1002 50 22 fara

140 1036 69 22 värdt
232 1039 39 25 att,
295 1037 76 21 derest
393 1037 123 23 Utskottet
539 1037 76 22 skulle
636 1038 49 20 läta
702 1038 68 20 anstä
784 1036 53 22 med
852 1036 40 22 det

140 1072 97 28 slutliga
251 1072 138 21 affattandet
404 1072 26 21 af
443 1072 50 22 sina
508 1072 167 22 betänkanden
690 1072 37 21 till
741 1072 53 21 dess
809 1071 84 22 sädant

141 1106 67 28 skett,
232 1106 67 22 dessa
321 1106 52 21 icke
396 1106 75 22 skulle
494 1106 72 22 hinna
584 1106 102 28 tryckas,
702 1106 92 22 utdelas
810 1106 43 21 och
869 1106 26 20 af

140 1140 131 23 Ständerna
285 1140 182 28 slutbehandlas,
483 1141 73 21 innan
572 1140 45 22 den
631 1141 37 21 för
683 1140 142 22 Ständernas
836 1147 57 15 sam-

140 1182 111 15 manvaro
267 1176 7 20 i
289 1175 265 29 Landtdagsordningen
578 1175 132 22 fastställda
733 1175 35 21 tid
788 1175 51 29 gätt
855 1175 38 21 till

141 1210 68 22 ända.

210 1244 264 30 Bevillningsutskottet
497 1245 40 22 vid
560 1244 76 22 denna
655 1244 126 29 Landtdag
797 1244 41 22 har
854 1251 38 15 an-

142 1281 46 20 sett
204 1279 37 29 sig
256 1279 51 22 icke
324 1279 56 22 böra
395 1279 108 29 iakttaga
518 1282 34 19 ett
568 1282 72 19 annat
654 1278 139 28 förfarande,
805 1278 43 22 och
857 1279 37 21 får

141 1314 98 28 derföre,
262 1314 97 22 oaktadt
381 1314 169 29 totalbeloppet
572 1314 26 21 af
618 1313 164 28 bevillningen
804 1313 37 22 för
855 1313 37 21 in-

142 1348 130 22 stundande
294 1348 158 29 finansperiod
467 1353 63 17 ännu
550 1348 51 22 icke
616 1348 83 22 blifvit
715 1347 127 26 faststäldt,
858 1348 35 21 af-

141 1382 65 28 gifva
227 1382 148 20 betänkande
390 1382 86 27 jemväl
492 1383 8 19 i
516 1382 128 27 anledning
659 1382 26 20 af
698 1382 195 26 nuifrågavaran-

142 1416 28 21 de
188 1416 153 28 proposition,
364 1422 49 14 som
435 1416 26 20 af
482 1416 108 28 samtliga
612 1415 74 23 Stånd
701 1415 80 21 blifvit
796 1414 37 21 till
849 1414 42 22 Ut-

143 1449 99 22 skottets
257 1449 130 29 beredning
402 1449 166 22 öfverlemnad.

210 1489 208 24 Bevillningsutskottets
429 1490 110 17 betänkande
551 1490 37 17 N:o
600 1491 16 16 5.
