1100 1753
443 139 37 21 N:o
498 139 35 21 21.

211 254 123 25 pastoratet
357 253 54 21 efter
434 254 155 20 ofvannämnde
609 260 64 19 grun-

213 287 37 20 der
265 287 95 20 utfaller.

150 321 33 20 6:0
200 320 12 21 å
235 321 251 27 kapellansbeställning,
514 322 26 20 då
563 322 63 21 lönen
650 324 24 19 är

183 354 33 22 till
239 355 55 21 visst
314 355 77 27 belopp
410 356 6 20 i
432 356 120 26 penningar
568 356 104 26 bestämd,

183 390 13 20 4
212 391 89 25 procent
317 389 22 21 af
354 390 70 21 lönen.

182 424 43 21 För
248 424 139 27 kapellanens
411 425 127 21 obestämda
553 424 120 22 inkomster

212 458 22 21 af
248 459 153 26 församlingen
420 459 116 21 beräknas:

182 494 6 20 i
205 493 196 27 landsförsamling,
421 494 33 20 för
471 494 73 26 hvarje
560 494 114 21 betalande
694 515 2 7 |

212 524 79 35 mantal
313 544 4 4 .
455 544 5 4 S
491 544 5 4 R
527 525 39 34 mos
598 525 38 34 mor
669 544 4 4 B

183 564 57 20 samt
254 563 7 20 i
281 562 197 28 stadsförsamling,
494 570 26 14 en
536 563 100 21 femtedel
653 562 22 21 af

212 597 40 21 den
274 597 69 26 karta,
365 603 44 15 som
434 597 34 21 för
487 597 187 27 pastorsfullmakt

212 632 7 20 i
235 632 181 26 nyssföregäende
434 632 69 26 punkt
522 634 24 19 är
562 631 111 21 föreskrif-

211 672 47 14 ven.
316 694 2 2 |

150 702 32 19 7:0
198 701 13 20 å
226 701 256 26 sockneadjunktstjenst,
500 701 28 20 då
538 701 93 20 boställe
643 700 31 21 åt-

182 735 69 26 följer,
263 735 34 22 för
305 735 74 26 hvarje
388 735 57 21 inom
456 735 218 28 aflöningsdistriktet

183 769 107 28 befintligt
306 770 114 21 betalande
436 771 94 20 mantal.

183 811 55 18 men,
255 811 33 14 om
304 805 93 20 boställe
414 805 17 26 ej
448 805 74 26 finnes,
540 805 76 21 endast
631 821 6 4 .

150 840 34 20 8:0
200 839 12 20 å
228 839 234 26 adjunktsbeställning
479 839 52 21 eller
545 845 69 15 annan
625 845 48 20 pre-

184 874 74 25 sterlig
270 873 128 27 befattning,
411 874 33 20 för
455 874 85 21 hvilken
552 873 121 26 aflöningen

183 908 64 21 beror
263 908 23 21 af
300 908 95 21 enskildt
410 908 52 21 aftal
478 909 88 20 emellan
579 909 40 20 den
630 908 43 21 för-

183 943 96 21 ordnade
303 943 39 20 och
364 943 54 20 hans
441 943 111 26 principal,
576 943 12 20 å
607 943 65 20 sådan

183 977 70 25 karta,
277 983 45 15 som
346 977 34 20 för
403 977 27 20 de
452 977 55 20 ifrån
527 977 146 26 domkapitlen

183 1011 108 26 utgående
315 1011 148 27 expeditioner
482 1013 24 19 är
524 1011 149 22 föreskrifven.

149 1047 34 20 9:0
200 1046 12 20 å
234 1045 111 21 klockare-
366 1046 52 20 eller
441 1046 179 26 orgelnisttjenst,
641 1046 33 20 för

184 1080 85 21 hvilken
286 1080 62 21 lönen
365 1082 24 19 är
404 1080 33 21 till
453 1080 44 21 viss
512 1086 82 15 summa
605 1081 6 19 i
623 1086 51 20 pen-

184 1114 76 26 ningar
281 1114 105 27 bestämd,
402 1115 13 20 4
430 1117 90 24 procent
536 1114 66 26 deraf,
619 1120 54 19 men,

184 1149 38 21 der
238 1149 63 21 lönen
317 1149 18 26 ej
352 1151 24 19 är
392 1149 91 21 sålunda
498 1151 74 21 utsatt,
584 1149 6 20 i
601 1149 73 21 lands-

183 1183 128 27 församling
334 1184 54 20 efter
411 1184 112 20 enahanda
546 1183 68 27 grund
635 1182 39 22 och

184 1218 33 21 till
233 1218 44 21 lika
292 1218 86 26 belopp,
395 1224 44 15 som
456 1218 12 20 å
482 1217 191 27 sockneadjunkts-

184 1252 73 26 tjenst,
281 1254 56 19 samt
355 1252 6 20 i
378 1252 189 26 stadsförsamling
582 1252 50 21 med
649 1257 25 15 en

184 1286 108 22 tiondedel
314 1288 19 18 as
355 1286 40 22 den
411 1286 33 21 för
460 1286 214 27 pastorsfullmakten

184 1321 6 21 i
207 1327 82 15 samma
304 1321 126 27 församling
445 1321 113 21 bestämda
573 1321 68 21 karta.

152 1356 46 21 10:0
215 1356 13 20 å
242 1356 81 20 lärare-
334 1356 39 20 och
388 1356 175 26 lärarinnetjenst
573 1356 35 20 vid
620 1356 54 20 folk-

184 1390 68 24 skola,
268 1395 46 15 som
331 1390 94 25 ätnjuter
436 1390 132 24 statsanslag
580 1390 32 19 till
624 1390 50 19 aflö-

184 1423 69 20 nande
276 1423 24 20 af
320 1423 155 26 läropersonal,
496 1423 38 20 tvä
548 1424 90 25 procent
654 1422 22 21 af

184 1457 38 22 det
236 1458 7 20 i
258 1457 63 21 lönen
339 1457 105 27 ingäende
461 1457 160 27 statsanslaget,
638 1457 36 20 be-

834 810 11 19 a
834 775 11 20 Ot
