1100 1725
265 136 35 25 U.
315 137 42 23 B.
373 150 29 6 —
417 138 102 31 Prop.
534 139 57 24 N:o
605 141 43 22 11.

344 548 248 27 Ekonomiutskottets
610 550 149 25 betänkande
773 551 31 25 N:o
819 551 11 24 8

287 583 7 23 i
316 583 99 29 anledning
436 584 21 24 af
477 584 50 25 Hans
549 585 102 31 Kejserliga
676 585 98 30 Majestäts
800 587 31 23 nå-

288 618 44 28 diga
346 618 117 30 proposition
480 618 31 24 N:o
525 618 23 27 Il,
563 619 128 25 innefattande
712 619 72 30 förslag
798 620 33 24 till

286 652 96 24 särskilda
405 652 102 30 ändringar
529 654 7 23 i
558 653 86 29 gällande
659 654 117 29 stadganden
798 661 32 17 an-

286 686 70 30 gående
371 686 170 31 skjutshällningen
555 688 34 24 och
604 688 164 29 gästgifverierna.

150 790 146 22 Förevarande
318 791 76 27 nådiga
415 791 130 27 proposition
568 792 38 21 har
621 792 22 20 af
655 791 97 27 samtliga
766 792 63 22 stånd

83 824 68 22 blifvit
172 824 126 28 hänskjuten
321 825 31 21 till
374 825 215 27 Ekonomiutskottet,
612 832 45 16 som
677 826 77 27 jemväl
776 826 54 22 ifrån

82 859 160 22 Bondeståndet
262 859 40 22 fått
324 861 107 27 emottaga
452 860 193 27 protokollsutdrag
667 860 58 22 öfver
740 860 40 22 den
795 861 35 21 vid

81 894 169 27 propositionens
272 894 149 21 remitterande
443 894 147 28 försiggängoa
612 895 123 21 diskussion.
773 895 57 21 Från

82 928 117 27 Kejserliga
221 928 91 22 Senaten
333 928 39 21 har
394 929 103 21 utskottet
511 930 28 26 på
553 929 92 26 begäran
661 929 83 21 erhållit
760 929 34 21 del
810 929 22 21 af

82 963 18 26 ej
123 963 82 21 mindre
228 963 26 21 de
275 963 34 20 vid
331 963 97 21 ärendets
451 962 114 28 beredning
580 963 110 21 tillkomna
705 963 125 26 handlingar

83 995 39 22 och
143 997 129 26 protokollet
294 997 57 21 öfver
373 997 41 21 den
429 997 34 20 vid
478 997 83 26 frågans
576 997 84 26 slutliga
675 997 155 27 handläggning

81 1030 8 21 i
104 1030 90 22 Senaten
210 1031 108 21 förefallna
333 1031 135 29 omröstning,
484 1033 26 19 än
525 1031 60 22 äfven
597 1031 103 22 särskilda
714 1031 67 21 under
795 1031 33 21 Ja-

80 1065 60 21 nuari
156 1065 76 21 månad
246 1061 141 26 innevarande
402 1065 24 21 år
440 1065 32 21 till
487 1065 101 22 Senatens
604 1065 186 27 Civil-Expedition
800 1065 30 22 in-

80 1098 100 23 fordrade
202 1099 110 27 uppgifter,
335 1099 90 22 rörande
442 1099 206 27 skjutsanstalternas
663 1099 39 22 och
717 1099 113 28 skjutsnin-

81 1139 51 21 gens
154 1133 108 22 ordnande
277 1134 6 21 i
300 1134 24 22 de
340 1133 103 23 särskilda
464 1133 61 23 länen
544 1134 32 21 för
591 1133 168 27 treårsperioden
774 1134 55 21 1888

82 1168 90 21 —1890.
202 1168 44 22 För
268 1168 139 27 bearbetning
421 1168 22 21 af
459 1168 137 21 nästberörde
618 1168 104 27 uppgifter
744 1168 38 21 har
798 1170 32 19 ut-

82 1202 80 22 skottet
178 1202 74 22 anlitat
267 1202 121 27 Statistiska
398 1202 151 27 centralbyrän,
560 1208 46 16 som
616 1202 153 21 sammanställt
782 1202 48 21 dem

81 1236 47 21 ien
151 1236 72 27 tabell,
245 1236 62 22 hvars
328 1236 161 27 huivudsakliga
505 1236 95 25 resultat,
623 1235 67 21 tillika
712 1236 48 21 med
782 1242 22 15 en
823 1235 7 21 i

82 1270 214 27 Civil-Expeditionen
319 1270 112 22 utarbetad
450 1270 64 22 tabell
529 1270 58 21 öfver
602 1270 108 21 enahanda
725 1269 105 27 uppgifter

81 1304 33 21 för
136 1305 50 20 åren
210 1305 145 25 1885—1887,
374 1305 103 20 utskottet
491 1304 39 21 har
545 1306 50 19 äran
616 1303 7 21 i
646 1304 31 20 ett
698 1303 132 22 tabellariskt

83 1338 146 26 sammandrag
244 1338 69 26 bifoga
328 1338 60 27 detta
401 1338 37 21 sitt
453 1338 138 21 betänkande.

152 1508 186 19 Ekonomiutskottets
351 1507 115 21 betänkande
479 1509 36 16 N:o
527 1508 16 17 8.
