1098 1739
265 141 12 20 8

566 141 40 21 N:o
624 142 32 19 19.

237 202 62 21 mark
323 203 80 26 årligen
427 203 53 21 eller
502 203 76 22 inalles
600 204 74 25 15,000
690 203 61 21 mark
766 203 33 21 för
815 205 32 19 att
862 203 55 22 efter
931 203 60 27 pröf-

235 237 52 26 ning
301 237 86 20 utdelas
401 237 34 20 till
451 237 118 21 understöd
588 238 22 20 åt
621 237 170 27 folkskollärare,
803 243 45 16 som
859 243 76 21 genom
946 238 42 20 irå-

235 270 44 21 kad
301 271 98 26 sjukdom
422 271 67 21 blifvit
511 271 33 21 för
567 277 27 15 en
616 271 32 21 tid
667 272 148 20 urståndsatte
831 273 32 19 att
878 271 63 21 sköta
955 272 33 21 sin

237 305 66 26 tjenst
321 305 38 21 och
380 306 69 20 måste
465 305 70 21 aflöna
551 305 87 25 vikarie,
654 305 40 22 har
709 305 70 22 blifvit
795 306 93 21 användt
903 305 33 22 för
952 311 36 16 an-

236 339 47 26 tydt
298 339 111 25 ändamål;
425 339 40 21 och
481 340 90 21 emedan
588 346 82 14 samma
685 339 65 21 behof
763 339 39 22 allt
812 340 107 27 framgent
929 339 61 22 kom-

235 379 46 15 mer
303 374 33 20 att
357 373 123 26 förefinnas,
501 376 105 25 upptages
626 374 40 20 här
681 373 7 22 i
703 374 77 21 sådant
795 374 54 26 syfte
865 376 31 19 ett
911 374 76 27 belopp

237 407 23 21 af
280 409 63 24 5,000
366 408 61 21 mark
450 408 33 21 för
506 409 46 20 året
575 408 52 21 eller
646 407 33 22 för
694 408 49 21 hela
758 408 230 26 bevillningsperioden

237 442 76 26 15,000
329 442 66 20 mark.

306 550 223 27 Folkskolebudgeten
545 550 33 21 för
595 550 51 21 ären
664 550 60 26 1889,
741 551 55 20 1890
813 550 39 21 och
865 551 60 26 1891,
937 551 54 20 stäl-

236 585 30 21 ler
282 584 33 27 sig
331 584 67 27 enligt
414 584 155 22 ofvanstäende
585 584 144 27 beräkningar
744 584 102 21 sälunda:

251 779 38 18 Till
301 778 99 18 underhåll
413 778 19 18 af
444 779 97 18 städernas

274 813 105 18 folkskolor
395 827 4 5 .
480 826 32 6 son

251 848 37 18 Till
307 847 98 19 underhåll
423 847 20 18 af
457 848 84 18 folksko-

275 883 54 17 lorna
340 882 25 22 pä
376 882 78 18 landet.

251 917 36 18 Till
300 917 150 22 löneförhöjning
463 917 20 17 ät
493 916 48 18 folk-

274 952 103 17 skollärare
389 951 35 17 och
435 950 106 18 lärarinnor

273 985 25 24 pä
310 985 64 18 landet
394 997 4 5 .
508 998 3 3 a

250 1020 37 18 Till
299 1019 132 24 pensionering
443 1019 19 18 af
473 1019 29 18 d:o
511 1019 30 18 d:o

251 1055 69 22 Bidrag
332 1054 29 17 till
373 1054 69 18 fonden
454 1053 30 18 för
496 1059 43 16 pen-

274 1089 94 22 sionering
400 1088 21 17 af
443 1088 97 17 städernas

273 1121 233 24 folkskollärarepersonal

251 1157 36 17 Till
293 1152 157 27 Öfverstyrelsens
454 1156 30 17 för
489 1155 49 18 skol-

267 1191 88 18 väsendet
359 1191 110 22 disposition
473 1190 30 18 för
508 1195 32 12 un-

267 1225 75 18 derstöd
358 1223 20 19 åt
397 1224 144 18 folkskollärare

464 1263 76 18 Summa

551 665 2 16 |

562 681 22 17 är
597 682 48 16 1889.

675 681 21 17 är
708 682 49 17 1890.
766 677 9 31 |
783 681 21 18 år
817 682 48 17 1891.
877 677 9 31 |
889 681 83 18 Summa.

582 724 44 37 Fn
690 724 47 37 Try
799 724 44 37 Fi
911 734 40 22 Try:

571 816 75 21 215,000
657 811 10 30 |
680 815 73 21 230,000
764 811 13 30 |
788 815 75 20 245,000
908 814 75 21 690,000|

571 884 74 20 595,000
657 874 10 35 |
680 884 73 21 630,000
765 874 10 35 |
788 883 74 21 665,000
873 874 9 35 |
892 883 91 21 1,890;000]

581 982 66 30 47,000
690 982 66 30 53,000
799 981 69 31 63,000
909 985 74 20 163,000

593 1020 52 21 2,670
702 1021 51 20 3,510
810 1019 52 21 4,350
920 1019 62 21 10,530|

582 1122 62 21 12,400
656 1113 13 35 |
692 1123 61 21 13,800|
800 1122 61 21 15,200
918 1122 64 20 41,400]

592 1220 56 30 5,000
701 1220 56 30 5,000
810 1220 54 30 5,000
920 1224 63 21 15,000i

569 1264 75 21 877,070
655 1259 12 32 |
678 1264 75 21 935,310
765 1259 11 32 |
787 1263 74 24 997,550
871 1259 12 32 |
890 1264 92 20 2,809,930]

297 1334 2 4 *
309 1331 98 28 ngäende
435 1331 62 22 detta
519 1330 167 28 anslagsbelopp
709 1331 32 21 för
756 1331 174 22 folkskoleväsen
942 1331 45 27 det,

232 1367 122 29 utgörande
370 1367 113 26 2,809,930
505 1366 62 21 mark
589 1365 33 22 för
642 1367 51 20 ären
709 1366 146 26 1889—1891,
871 1366 40 21 har
926 1366 62 21 Hans

232 1402 120 28 Kejserliga
371 1401 104 27 Majestät
490 1400 59 22 velat
572 1400 132 22 öfverlemna
717 1400 34 22 till
766 1399 120 23 Ständerna
901 1402 33 20 att
949 1401 37 21 be-
