1103 1745
247 139 14 20 6
424 137 69 22 Ständ.
508 137 32 21 Sv.

598 136 58 27 Prop.
672 136 34 23 N:o
720 137 32 21 17.

219 202 28 19 än
266 200 33 21 för
320 201 168 21 reservmännen
507 200 5 21 i
528 199 117 22 allmänhet
667 201 24 19 är
713 199 105 27 stadgadt.
848 200 39 21 Det
910 200 56 21 enda

218 235 77 27 riktiga
317 235 69 20 måste
409 234 89 21 sålunda
520 240 65 15 anses
606 239 60 21 vara,
689 235 31 19 att
738 233 69 22 sådan
822 239 85 21 person,
923 233 43 22 ifall

218 269 43 21 han
283 269 52 21 stått
354 269 7 20 i
381 269 58 20 aktiv
460 269 65 26 tjenst
545 268 68 21 under
633 268 41 21 den
693 267 32 22 för
740 273 112 16 reservens
868 267 98 28 öfningar

218 303 103 27 stadgade
343 303 31 20 tid
389 303 24 21 af
429 303 61 21 nittio
506 303 66 26 dagar
588 302 50 22 eller
653 301 128 28 derutöfver,
796 302 40 21 bör
851 308 52 16 vara
918 302 47 22 från

217 337 73 22 vidare
313 336 205 28 öfningsskyldighet
539 336 27 22 fri
589 338 56 19 samt
664 336 6 21 i
686 338 88 19 motsatt
797 336 35 21 fall
846 337 73 27 pligtig
934 339 32 18 att

217 372 90 27 fullgöra
325 371 36 22 det
375 371 109 22 bristande
507 371 102 28 antingen
631 377 79 20 genom
724 371 86 21 fortsatt
825 371 140 28 tjenstgöring

217 407 35 21 vid
273 412 84 16 samma
379 406 72 22 aktiva
473 408 63 25 trupp
558 406 50 22 eller
622 411 79 22 genom
717 405 127 28 deltagande
859 406 7 21 i
881 412 83 16 reserv-

217 441 149 28 öfningsmöte.
396 440 68 21 Häraf
480 440 42 21 kan
540 441 41 26 väl,
597 439 63 22 äfven
675 446 36 15 om
726 440 36 21 vid
776 440 27 22 de
818 440 72 21 aktiva
904 442 59 25 trup-

217 481 67 22 perna
298 475 129 27 öfningarna
441 475 100 28 begynna
556 475 49 22 med
620 480 27 16 en
662 474 87 22 kortare
764 475 139 27 rekrytskola,
917 475 46 27 följ-

217 510 41 21 den
280 509 65 22 blifva
364 511 31 20 att
414 509 147 28 värnepligtig,
584 515 47 16 som
651 509 52 21 stått
722 509 62 22 nittio
803 509 66 28 dagar
884 509 7 21 i
905 509 59 22 aktiv

216 545 71 26 tjenst,
303 543 106 22 derunder
424 543 47 22 icke
486 544 76 21 hunnit
572 544 107 27 genomgå
689 543 121 28 fullständig
821 543 142 28 öfningskurs,

217 585 49 15 men
281 584 78 22 genom
375 578 41 21 den
432 579 69 21 större
516 584 57 15 vana
588 578 34 21 vid
639 577 90 28 ordning
744 578 42 21 och
802 578 103 28 disciplin,
916 585 47 15 som

216 613 41 21 den
272 612 154 27 värnepligtige
441 613 108 21 härunder
563 611 123 27 förvärfvat,
698 613 69 21 måste
778 612 55 22 dock
844 613 54 21 hans
909 613 54 20 mili-

216 648 47 20 tära
285 647 120 26 utbildning
427 653 64 16 anses
511 647 43 21 lika
573 647 35 21 väl
628 647 147 26 tillgodosedd,
799 653 47 15 som
866 653 36 15 om
919 647 44 21 han

217 681 135 22 uteslutande
367 681 87 28 deltagit
469 681 6 21 i
491 687 112 16 reservens
618 681 104 27 öfningar.
751 681 33 22 Då
798 681 103 28 derjemte
915 681 5 21 i
933 681 30 22 öf-

215 715 137 28 vervägande
366 718 67 25 tages,
449 717 31 20 att
496 716 80 21 antalet
592 715 22 22 af
627 721 29 16 nu
669 715 164 28 ifrågavarande
843 716 120 27 värneplig-

215 750 43 27 tige
273 751 24 20 är
312 750 83 27 ganska
410 750 67 27 ringa,
493 750 86 21 hvadan
594 750 18 27 ej
628 750 66 21 heller
708 750 42 22 den
760 750 24 21 af
792 756 27 16 en
830 751 50 21 eller
889 757 74 15 annan

216 785 164 26 genomgängne
396 784 176 27 öfningskursens
587 784 173 28 ofullständighet
774 785 43 21 kan
832 785 88 22 inverka
934 786 29 27 pä

215 820 92 26 truppen
321 819 8 20 i
344 819 50 22 dess
416 819 77 27 helhet,
516 819 115 22 förefinnas
647 820 18 27 ej
681 819 73 28 giltiga
769 819 46 22 skäl
830 819 32 22 för
878 822 30 19 att
923 821 38 27 pä-

214 853 63 28 lägga
292 853 42 22 den
349 853 95 22 enskilde
458 860 28 15 en
501 854 124 27 skyldighet,
645 860 47 15 som
707 854 86 22 komme
809 857 31 19 att
856 861 45 15 mer
911 855 51 21 eller

214 888 83 21 mindre
321 887 52 22 bero
391 888 28 27 pä
438 888 162 22 vederbörande
622 888 68 21 befäls
712 888 104 28 pröfning.
845 889 31 22 På
898 889 64 22 dessa

214 922 93 27 grunder
321 921 64 22 hafva
401 921 121 22 Ständerna
538 922 160 22 omformulerat
713 922 164 27 ifrågavarande
892 924 17 27 8.

281 955 172 22 Vidkommande
476 957 35 21 det
533 957 30 20 till
581 957 13 27 &
611 957 40 20 114
666 956 122 28 föreslagna
802 957 79 28 tillägg,
896 958 64 21 hvar-

213 990 86 27 igenom
313 990 138 27 bestämmes,
466 991 55 21 huru
537 991 41 22 den
593 997 48 16 som
656 991 124 22 förfallolöst
796 991 102 22 uteblifvit
913 992 48 22 från

213 1024 218 28 reservöfningsmöte
452 1025 51 22 eller
524 1025 83 22 sentida
630 1025 72 22 instält
720 1026 32 27 sig
768 1026 117 27 derstädes,
908 1027 53 21 skall

213 1059 89 28 fullgöra
317 1059 33 21 sin
365 1059 211 30 öfningsskyldighet,
591 1060 40 21 har
645 1060 125 28 visserligen
784 1061 41 22 hos
840 1061 121 22 Ständerna

213 1094 6 20 i
234 1093 121 22 beaktande
371 1093 96 28 kommit,
483 1095 105 21 huruvida
604 1101 27 15 en
644 1094 124 29 förändring
778 1095 24 22 af
810 1096 26 21 de
846 1096 7 21 i
863 1096 29 28 8:s
903 1096 58 21 förra

212 1134 64 15 mom.
291 1128 106 27 ingående
420 1128 258 28 straffbostämningarna,
695 1129 6 21 i
716 1129 54 28 syfte
786 1132 31 19 att
832 1130 75 27 bringa
923 1131 36 21 do-

212 1169 84 15 samma
315 1163 7 20 i
337 1162 223 23 öfverensstämmelse
580 1164 49 21 med
648 1164 114 21 enahanda
777 1165 134 27 stadganden
926 1166 6 20 i
947 1166 13 27 $
983 1170 2 2 '

212 1197 28 20 92
255 1196 23 21 af
291 1197 123 27 strafilagen
429 1197 32 21 för
476 1197 68 22 finska
559 1198 106 22 militären
680 1199 42 21 den
738 1199 26 20 16
779 1199 42 22 Juli
837 1200 60 26 1886,
908 1206 52 15 vore

211 1231 106 29 påkallad,
339 1238 56 20 men,
417 1232 27 21 dä
460 1238 27 15 en
502 1233 93 21 rovision
610 1232 24 21 af
647 1233 71 21 denna
733 1233 98 28 strafflag
846 1235 6 20 i
868 1235 92 26 enlighet

211 1265 49 22 med
282 1264 133 23 Ständernas
437 1266 74 21 derom
535 1267 94 21 uttalade
650 1267 90 27 önskan,
756 1268 61 22 torde
833 1268 86 27 förestä,
935 1270 25 21 sä

211 1301 60 18 snart
286 1305 29 20 ny
330 1299 79 21 allmän
425 1300 97 26 strafflag
537 1300 67 21 blifvit
619 1300 33 21 för
666 1301 73 21 landet
754 1301 125 27 stadfästad,
895 1303 64 20 hafva

211 1332 120 22 Ständerna
347 1335 70 20 ansett
433 1334 32 26 sig
480 1334 74 21 kunna
568 1334 116 27 godkänna
699 1334 163 27 ifrågavarande
877 1336 12 27 8
901 1336 58 22 oför-

210 1363 88 37 ändrad.
711 1379 2 2 :

277 1402 32 22 På
327 1403 69 27 grund
415 1403 24 21 af
458 1403 36 22 det
516 1403 90 23 anförda
626 1403 21 22 få
665 1404 122 23 Ständerna
806 1406 163 28 underdänigst
963 1398 11 40 -

211 1437 94 22 anmäla:
