1117 1761
395 170 215 28 Bevillningsutsk.
626 170 92 22 betänk.
735 171 39 22 N:o
789 170 19 21 4.

364 233 40 21 den
419 233 69 22 deruti
502 233 107 22 bestämda
624 234 76 21 termin
714 233 28 28 af
746 235 30 20 tre
782 233 68 28 dagar
859 233 53 28 efter
920 233 54 22 hans

363 267 95 21 ankomst
482 268 32 21 till
536 268 70 21 landet
616 268 100 27 förflutit,
733 268 33 21 till
780 269 108 20 närmaste
904 267 70 22 krono-

365 301 157 27 uppbördsman
537 302 8 20 i
560 302 48 21 stad
625 302 86 27 erlägga
726 301 174 28 etthundratjugu
914 302 62 21 mark

360 336 40 27 för
414 336 125 28 rättigheten
554 338 30 19 att
597 336 67 22 under
678 343 26 14 en
719 336 91 22 månads
823 336 31 22 tid
863 336 51 22 idka
924 336 51 22 han-

365 370 41 26 del;
425 370 37 21 och
482 370 56 22 skall
555 371 69 21 sådan
640 370 126 26 handlande,
782 371 69 21 derest
865 371 43 21 han
923 370 53 28 efter
995 400 5 3 N

365 404 90 22 nämnde
480 405 43 21 tids
540 404 87 28 förlopp
650 404 72 22 vidare
742 405 38 22 vill
794 413 82 14 samma
890 407 44 20 rätt
947 407 30 20 ut-

366 439 57 27 öfva,
447 439 33 22 till
501 439 92 22 kronans
610 439 160 28 uppdördsman
787 440 9 21 i
810 440 49 22 stad
872 441 58 20 inom
945 440 33 21 det

366 474 42 26 län,
431 474 37 21 der
490 473 42 22 han
554 475 35 20 vid
610 474 176 27 betalmingstiden
800 475 33 27 sig
848 474 129 28 uppehåller,

364 509 122 28 ytterligare
504 509 136 27 förskottsvis
662 509 92 22 inbetala
776 509 112 22 enahanda
910 509 69 28 afgift

362 543 40 28 för
424 551 26 14 en
468 543 80 22 mänad
562 545 8 19 i
584 543 82 22 sender.
696 543 60 22 Dock
773 551 50 14 vare
838 543 43 22 han
896 544 82 21 berätti-

367 578 43 26 gad
431 580 36 23 att,
490 585 32 13 om
540 577 41 22 han
598 579 25 19 sä
638 578 84 26 önskar,
739 579 87 27 erlägga
842 579 138 27 omförmälde

367 612 67 28 afgift
452 614 32 25 pä
498 619 26 15 en
538 613 56 27 gång
605 612 136 28 förskottsvis
752 612 39 28 för
802 613 54 27 flere
870 613 109 26 månader,

368 646 64 22 likväl
446 646 62 22 alltid
518 646 41 27 för
569 646 45 27 full
628 647 84 21 månad.

414 681 63 34 Öfver
497 687 41 21 den
552 686 77 22 skedda
643 686 159 30 inbetalningen
816 688 36 21 bör
866 688 114 27 uppbörds-

368 728 92 15 mannen
476 722 68 21 lemna
558 722 112 26 qvittenser
685 723 14 19 å
714 722 80 28 tryckta
810 722 119 26 blanketter,
938 729 43 15 som

371 757 7 20 i
393 757 51 20 mån
462 756 28 28 af
506 755 62 28 behof
580 756 28 28 af
620 756 232 27 Finansexpeditionen
866 758 8 20 i
892 757 90 21 Senaten

371 790 112 22 tillsändas
502 790 159 22 Guvernörerne
673 791 40 26 för
728 793 30 20 att
766 791 93 22 kronans
866 791 116 28 uppbörds-

371 827 50 20 män
436 826 9 20 i
459 826 101 21 städerna
582 826 180 26 tillhandahållas,
785 826 36 22 och
841 826 70 22 hvilka
926 826 56 22 blan-

372 860 64 21 ketter
454 860 50 21 böra
524 860 108 22 innehålla
646 861 88 21 erinran
754 868 33 14 om
802 861 93 27 behörigt
909 862 75 21 iaktta-

372 894 68 28 gande
462 894 28 28 af
509 894 55 22 hvad
581 895 79 21 allmän
676 895 34 27 lag
725 895 36 22 och
776 896 109 21 särskilda
895 896 89 28 författ.

372 929 79 27 ningar
466 930 8 20 i
488 929 99 27 afseende
606 930 14 20 å
633 929 101 22 utländsk
756 930 78 22 handel
848 930 136 28 töreskrifva.

415 968 123 23 Enahanda
555 970 132 27 stadganden
704 970 54 26 gälle
770 970 80 27 jemväl
864 971 122 27 uppbörden

373 1004 28 27 af
413 1004 40 21 den
468 1004 66 28 afgift
547 1004 145 28 utländingar,
707 1011 44 15 som
765 1005 112 21 härstädes
889 1006 50 21 idka
948 1013 36 14 an-

374 1045 44 14 nan
432 1039 79 27 näring
526 1040 29 19 än
569 1038 82 26 handel,
668 1039 64 27 enligt
755 1041 7 19 2
776 1046 60 14 mom.
851 1040 14 27 $
880 1042 13 19 1
902 1041 38 20 äro
950 1047 36 15 un-

374 1072 130 26 derkastade,
520 1072 50 22 dock
584 1074 31 20 att
629 1072 93 28 afgiften
732 1073 40 28 för
780 1074 74 27 hvarje
861 1074 80 22 månad
944 1075 43 27 får

377 1107 127 21 inlevereras
509 1107 81 27 jemväl
601 1107 33 21 till
645 1107 154 23 vederbörande
806 1108 180 29 kronouppbörds-

379 1148 50 14 man
441 1142 31 26 pä
488 1141 75 21 landet.

416 1174 104 22 Beträdes
536 1175 68 22 sådan
620 1175 43 22 icke
674 1176 59 27 finsk
748 1176 133 28 medborgare
896 1178 48 21 med
957 1180 31 19 att

375 1210 56 20 inom
454 1209 70 22 landet
542 1209 66 22 under
629 1210 72 27 längre
716 1210 33 21 tid
762 1212 29 20 än
806 1213 31 19 tre
853 1212 67 27 dagar
935 1212 53 27 efter

378 1244 35 20 sin
435 1243 98 22 hitkomst
555 1243 64 27 bjuda
641 1246 23 19 ut
683 1244 49 21 eller
747 1245 57 21 sluta
819 1245 78 22 handel
910 1253 33 14 om
957 1249 30 19 ut-

380 1277 89 22 ländska
496 1285 69 17 varor,
587 1279 60 26 gifva
669 1278 248 29 cirkusföreställningar
938 1281 50 22 eller

376 1311 112 25 konserter,
511 1311 94 27 uppföru
622 1312 112 26 skådespel
748 1313 50 20 eller
808 1313 134 27 föranstalia
958 1315 29 27 öf-

376 1345 49 26 riga
440 1345 8 20 i
463 1345 69 20 denna
543 1344 131 28 förordning
688 1347 128 21 omnämnda
818 1347 170 29 förevisningar,

376 1380 52 20 utan
450 1380 31 20 att
502 1378 66 28 hafva
590 1379 90 27 stadgad
698 1380 70 28 afgift
790 1381 110 29 behörigen
915 1384 72 28 erlagt,

376 1413 44 21 böte
434 1413 105 28 afgiftens
553 1414 71 27 belopp
639 1414 36 22 och
689 1414 65 23 betale
762 1416 58 22 ändå
835 1418 70 20 såsom
918 1418 70 27 ofvan-

376 1447 38 27 för
430 1448 62 27 sagdt
510 1450 30 19 är.
571 1448 146 29 Förbrytelser
734 1450 93 22 häremot
844 1454 106 25 upptagas
964 1454 28 27 af

375 1481 173 27 Poliskammare,
568 1483 37 21 der
620 1484 68 21 sädan
702 1485 74 26 finnes,
792 1485 36 22 och
844 1486 50 27 eljes
910 1488 28 27 af
949 1488 38 22 all-
