1103 1720
348 123 19 23 U.
383 122 19 24 B.
418 135 28 3 —
461 123 54 29 Prop.
532 124 35 23 N:o
583 123 23 23 Il.
798 124 26 21 15

242 192 58 15 man.
329 185 107 21 Rösterna
458 186 37 21 vid
509 187 70 21 sådan
594 188 92 20 stämma
701 186 105 21 beräknas
821 186 31 27 ef-

242 222 32 18 ter
288 220 91 21 mantal.

312 252 40 22 Om
374 254 127 20 röstantalet
517 254 45 26 för
577 254 38 21 och
631 256 53 19 emot
699 254 153 26 entreprenads

241 287 126 21 inrättande
377 289 26 19 är
418 287 52 25 lika,
483 288 57 26 gälle
555 288 41 21 den
606 288 93 27 mening,
714 294 45 14 som
773 287 80 21 uttalat

241 321 33 27 sig
284 322 41 26 för
339 322 148 26 entreprenad.

309 354 35 22 De
365 354 37 22 vid
424 355 142 21 auktionerna
589 355 38 21 och
642 356 41 20 den
696 361 156 21 gemensamma

241 388 230 22 kommunalstämman
486 390 113 21 tillkomna
611 389 135 28 protokollen
756 388 62 22 skola
828 388 29 26 af

240 425 118 19 stämmans
380 424 133 27 ordjörande
534 424 58 21 inom
614 426 31 19 tre
659 423 75 21 veckor
748 424 104 26 aflemnas

240 457 35 21 till
297 457 152 28 kronofogden,
471 464 45 15 som
539 457 132 28 oförtöfvadt
692 457 105 21 insänder
816 456 37 22 de-

240 498 83 15 samma
336 491 66 28 jemte
417 494 43 25 eget
474 492 100 27 yttrande
589 492 34 21 till
640 492 144 24 Guvernören,
799 491 53 21 hvil-

240 525 40 21 ken
303 533 47 20 eger
364 526 97 21 meddela
480 527 82 27 slutligt
577 527 72 27 utslag
664 527 8 19 i
686 525 66 21 saken
767 528 61 22 samt,
844 526 8 20 i

240 560 102 20 händelse
364 562 138 25 entreprenör
520 560 92 27 befinnes
627 560 91 28 lämplig
740 560 39 20 och
801 560 52 20 stält

240 594 135 28 vederhäftig
397 594 76 27 borgen
491 594 42 27 för
555 594 128 28 åtagandets
702 594 150 28 fullgörande,

239 627 114 27 fastställa
370 628 26 20 de
412 628 116 27 godkända
545 628 106 22 anbuden.
676 628 50 20 Den
741 628 112 20 ordinarie

241 661 123 28 skjutsning
387 662 36 21 vid
443 662 136 28 gästgifveri,
601 668 45 15 som
668 662 46 21 icke
730 662 72 27 blifvit
818 662 34 21 till

241 698 137 25 entreprenör
394 696 151 28 öfverlemnad,
561 696 57 21 skall
633 696 107 26 derjemte,
755 696 48 21 med
819 696 34 20 be-

240 730 113 20 räknande
376 730 29 28 af
422 737 26 14 en
469 730 49 21 häst
541 730 38 22 och
601 732 29 19 ett
652 730 58 28 dygn
720 730 44 28 för
778 730 74 27 hvarje

240 763 76 27 skjuts,
339 764 54 28 efter
414 765 83 20 mantal
515 764 102 28 fördelas
639 765 90 21 emellan
750 764 103 28 samtliga

240 798 124 21 kommuner
374 799 9 20 i
392 798 133 28 skjutslaget,
541 798 48 22 med
604 799 124 21 utsättande
743 798 73 22 tillika
826 798 30 28 af

241 832 86 21 tiderna
342 833 38 21 och
395 832 211 27 skjutsanstalterna,
623 833 13 20 å
651 832 73 21 hvilka
739 833 26 20 de
780 832 72 22 skilda

241 865 153 22 kommunerna
410 873 38 20 ega
463 867 35 20 sin
513 866 116 27 hållskjuts
646 868 88 25 utgöra;
748 866 104 21 skolande

240 900 154 21 kommunerna
409 900 84 25 härvid,
509 901 25 20 så
549 900 45 21 vidt
609 901 91 26 möjligt,
711 900 87 21 beredas
809 900 43 21 till-

236 934 58 27 fälle
317 937 31 18 att
366 934 101 27 fullgöra
489 935 57 20 detta
569 935 115 33 åliggande
703 935 32 26 på
748 935 43 27 för
806 934 47 21 dem

241 969 126 26 lämpligast
383 968 90 27 belägna
487 968 157 28 gästgifverier.

516 1032 12 27 8
544 1032 33 21 15.

309 1076 51 21 Har
382 1076 214 28 enireprenadanbud
612 1077 45 27 för
672 1076 112 21 ordinarie
798 1076 56 20 häll-

241 1110 123 28 skjutsning
386 1110 21 28 ej
426 1111 70 27 gjorts
518 1112 51 20 eller
588 1110 47 22 icke
650 1110 72 28 blifvit
735 1110 117 28 godkändi,

240 1144 62 21 skola
312 1144 26 21 de
350 1144 229 29 skjutsningsskyldige
589 1146 59 20 inom
662 1144 74 28 hvarje
746 1144 107 25 kommun,

241 1181 72 18 senast
328 1178 69 21 trettio
412 1178 71 28 dagar
497 1180 55 26 efter
565 1179 97 21 erhållen
676 1179 35 21 del
726 1183 27 23 aj
766 1178 35 21 det
818 1178 8 20 i
838 1178 16 27 $

241 1214 29 20 12
284 1212 131 21 omnämnda
436 1212 77 28 utslag,
539 1214 5 20 &
563 1212 217 22 kommunalstämma
802 1212 52 27 ingå

242 1246 209 27 Ojverenskommelse
465 1253 34 14 om
507 1247 126 27 grunderna
643 1246 40 26 för
692 1246 162 27 skjutsningens

236 1280 130 27 Jördelning
380 1280 48 21 dem
442 1281 97 20 emellan.

309 1314 64 21 Inom
396 1315 35 20 två
452 1313 75 22 veckor
547 1314 94 27 derefter
656 1314 56 21 skall
724 1313 130 28 protokollet

242 1348 29 26 af
281 1350 119 18 stämmans
415 1348 136 26 ordförande
568 1348 103 23 aflemnas
682 1348 34 20 till
726 1348 129 20 kronoläns-

241 1388 100 19 mannen,
364 1387 44 15 som
429 1383 76 25 genast
524 1388 47 20 eger
585 1383 105 25 upprätta
705 1381 41 20 den
761 1381 93 27 speciela

242 1415 170 28 skjutslängden,
428 1414 85 22 hvilken
528 1415 57 21 skall
591 1415 41 28 för
642 1415 75 27 hvarje
726 1414 129 28 gästgifveri

242 1453 98 24 upptaga
354 1449 26 21 de
398 1449 128 28 lägenheter,
541 1456 45 15 som
608 1449 72 28 blifvit
694 1449 40 21 der
749 1449 36 21 till
799 1449 54 21 häll-

175 1489 188 19 Ekonomiutskotteis
376 1488 113 19 betänkande
501 1491 35 16 N:o
548 1489 17 17 8.
