1100 1756
238 147 26 21 10
444 148 24 19 U.
482 148 22 20 B.
520 159 26 2 —
562 148 59 25 Prop.
636 148 37 20 N:o
688 149 28 19 21.

208 209 92 25 699,239
318 207 67 22 mark
401 209 26 20 15
441 208 73 28 penni
529 208 8 21 i
551 208 110 21 medeltal
676 208 37 21 för
728 208 57 27 året,
800 208 43 22 har
858 209 46 21 den
918 216 42 14 un-

208 243 41 21 der
264 243 54 21 åren
336 243 139 22 1884—1886
490 243 90 28 utgjort
595 242 91 27 735,882
700 242 67 21 mark
783 243 28 22 56
826 243 72 28 penni
909 243 8 21 i
927 243 35 22 är-

208 277 46 28 ligt
267 276 117 22 medeltal.
414 277 53 21 Den
482 277 133 28 tillökning,
631 283 49 15 som
693 284 84 21 genom
794 277 45 22 den
849 277 112 29 föreslag-

208 319 30 14 na
261 311 168 29 obligatoriska
451 311 148 29 karteringen
622 311 26 22 af
667 311 86 26 vexlar,
778 311 76 23 derest
876 312 45 22 den
935 313 24 21 af

208 346 130 23 Ständerna
360 346 142 29 godkännes,
526 347 90 21 komme
631 348 35 20 att
680 346 89 27 vinnas,
786 346 46 22 kan
846 346 10 22 i
871 347 89 22 saknad

208 381 27 22 af
255 381 31 21 all
308 381 132 21 erfarenhet
462 381 52 22 icke
536 381 54 22 med
604 381 109 21 säkerhet
727 381 132 29 uppgifvas.
889 381 13 22 I
916 381 45 22 den

208 415 87 29 nädiga
317 415 178 29 propositionen
517 416 114 21 beräknas
654 415 133 22 densamma
809 415 38 22 till
869 417 92 27 100,000

209 450 65 22 mark
289 457 36 15 om
340 450 56 22 äret.

277 485 253 28 Bevillningutskottet
545 485 40 22 vid
602 485 54 22 1882
667 485 36 21 ärs
714 485 115 28 landtdag
839 485 59 22 hade
911 484 49 22 kal-

208 520 93 28 kylerat
320 519 134 22 inkomsten
474 519 24 22 af
511 527 29 14 en
556 519 29 22 dä
600 519 122 29 ifrågasatt
739 519 169 29 stämpelafgift
922 519 36 22 för

208 555 81 21 vexlar
311 555 13 20 &
346 562 30 14 en
397 561 41 21 per
453 554 63 21 mille
531 555 38 21 till
586 555 91 26 140,000
691 554 71 27 mark,
778 553 92 22 hvilket
885 554 74 29 enligt

209 596 32 14 nu
263 589 133 28 föreslagna
418 589 174 28 bestämningar
614 588 75 22 skulle
711 590 118 20 motsvara
852 589 108 28 omkring

209 624 77 27 70,000
301 623 72 22 mark.

279 658 12 21 I
313 658 72 29 ingen
408 658 110 22 händelse
542 658 64 21 torde
628 657 59 22 dock
707 660 66 19 netto
788 657 132 22 inkomsten
935 657 26 22 af

209 693 179 29 ifrägavarande
399 693 138 28 bevillning,
553 693 155 21 inberäknadt
723 693 40 21 det
773 692 101 22 tillskott
885 692 78 22 vexel-

210 728 149 28 karteringen
371 728 47 22 kan
428 728 116 28 inbringa,
554 728 74 21 under
638 727 157 22 instundande
803 726 158 29 finansperiod

209 762 92 22 komma
323 766 35 18 att
380 762 137 28 understiga
539 763 93 27 830,000
646 762 65 21 mark
728 769 37 14 om
780 762 56 22 äret.
864 761 48 22 Vid
928 762 34 21 sä-

210 797 57 21 dant
281 796 149 22 förhällande
446 799 66 19 torde
527 797 35 21 för
577 796 158 29 nästföljande
751 798 36 19 tre
803 796 25 21 är
842 803 30 14 en
886 797 77 20 netto-

209 831 140 29 behällning
364 831 26 21 af
403 831 83 21 inalles
503 832 113 26 2,500,000
631 831 65 21 mark
710 832 58 20 utan
783 831 50 21 fara
848 830 36 22 för
899 830 66 22 miss.

209 868 41 27 tag
272 866 80 21 kunna
374 868 116 26 upptagas
513 866 75 21 säsom
608 865 101 22 inkomst
725 872 82 22 genom
825 864 137 29 stämpelbe-

210 900 107 28 villning.

278 935 34 21 Pä
335 935 77 28 grund
438 935 26 21 af
488 934 61 22 hvad
571 935 117 21 utskottet
702 934 8 21 i
726 934 145 22 förestäende
886 934 72 22 mätto

210 970 130 22 framhällit
356 970 36 22 fär
408 969 122 22 Utskottet
545 969 118 21 vördsamt
678 968 95 22 föreslä:

416 1006 34 20 att
474 1004 84 22 landets
580 1004 122 28 Höglofliga
728 1003 95 23 Ständer
844 1004 49 21 ville
915 1003 47 22 med

346 1039 162 29 godkännande
522 1039 9 21 i
546 1038 124 29 hufvudsak
690 1038 27 28 af
733 1038 43 22 den
791 1038 81 28 nådiga
885 1044 78 22 propo-

349 1074 96 22 sitionen
462 1076 84 26 antaga
561 1080 28 15 en
603 1073 118 28 sälydande

420 1137 149 33 Förordning,
588 1136 123 34 angäende
729 1137 229 33 stämpelbevillning

349 1178 6 25 i
374 1177 230 28 Storfurstendömet
622 1178 102 26 Finland.

533 1242 15 20 I
565 1241 80 27 Kap.

463 1293 104 20 Allmänna
582 1293 134 20 föreskrifter.

566 1337 12 26 &
595 1337 18 20 1.

281 1381 55 22 Alla
351 1381 147 28 handlingar,
514 1388 48 15 som
578 1382 26 21 af
616 1381 92 22 landets
724 1381 131 29 domstolar,
866 1382 98 22 embets-

213 1417 57 22 verk
293 1416 43 22 och
351 1415 165 30 myndigheter
530 1416 112 27 utfärdas,
660 1416 66 22 skola
741 1423 55 16 vara
811 1417 13 21 å
840 1416 125 29 stämpladt

213 1459 88 22 papper
323 1451 117 27 affattade,
460 1453 59 20 samt
542 1451 46 22 alla
603 1451 92 29 inlagor
710 1451 44 22 och
770 1451 72 23 andra
856 1451 108 23 handlin-

281 1493 209 23 Bevillningsutskottets
502 1493 109 18 betänkande
623 1492 35 19 N:o
672 1493 16 17 5.
