1086 1748
425 120 40 21 N:o
483 122 32 20 19.
804 122 12 20 5

168 189 104 26 Slutligen
281 189 39 21 bör
330 189 75 21 härvid
416 191 124 20 omnämnas
551 192 33 19 att
594 190 48 21 med
654 190 116 27 anledning
778 189 66 26 deraf,

96 227 32 18 att
151 223 122 21 Ständerna
296 224 30 20 uti
348 223 87 27 afgifvet
450 230 49 14 svar
515 226 12 19 å
543 225 31 20 till
592 225 45 20 dem
655 224 78 21 aflåten
748 224 97 27 proposi-

96 258 51 26 tion,
171 257 110 27 angående
303 258 83 21 inlösen
410 257 22 22 af
453 258 193 27 donationsgodsen
670 259 7 20 i
693 258 97 26 Wiborgs
806 258 39 20 och

97 291 31 22 S:t
147 291 88 21 Michels
255 291 42 26 län,
313 293 78 20 uttalat
406 292 41 21 den
463 291 143 28 förhoppning
622 294 32 19 att
670 293 105 25 styrelsen
791 292 54 20 skall

96 326 96 27 behjerta
215 326 42 21 den
280 326 6 21 i
310 326 59 21 såväl
385 326 81 27 andligt
483 333 45 14 som
544 326 135 21 ekonomiskt
694 326 101 21 afseende
811 326 35 21 be-

97 361 86 26 tryckta
205 361 133 27 belägenhet,
362 361 61 21 hvari
440 361 220 26 donationsallmogen
677 361 118 21 tillsvidare
811 361 35 20 be-

96 395 65 21 funne
177 395 38 27 sig,
232 396 38 21 och
291 396 86 26 vidtaga
392 395 88 28 tjenliga
496 396 99 27 åtgärder
610 395 33 21 för
658 396 136 21 densammas
804 395 42 21 för-

96 430 121 26 bättrande,
233 432 56 19 samt
304 430 117 21 framhållit
435 430 186 27 nödvändigheten
637 429 23 22 af
674 432 32 19 att
716 430 64 26 högre
792 430 53 20 folk-

96 464 71 21 skolor
182 465 7 20 i
206 465 123 26 tillräckligt
338 465 58 20 antal
405 465 69 22 blefve
482 465 107 21 inrättade
600 465 102 21 särskildt
712 465 32 20 för
755 464 91 27 höjande

97 499 23 21 af
134 499 40 21 den
190 500 33 20 till
239 499 162 27 grekisk-ryska
416 499 189 22 trosbekännelsen
617 499 95 22 hörande
723 499 123 21 donations-

98 534 163 28 befolkningens
284 534 106 27 bildning,
409 535 118 21 understöd
550 534 23 21 af
594 534 109 21 allmänna
722 534 123 21 statsmedel

97 569 103 27 anslagits
223 569 18 27 ej
257 569 83 21 mindre
359 568 33 22 för
407 569 122 21 inrättande
545 569 23 21 af
581 568 117 22 folkskolor
712 569 8 20 i
735 568 111 28 Soanlaks,

97 603 106 22 Suistamo
230 604 39 21 och
283 604 83 20 -Kitelä
391 604 125 21 kommuner
544 606 54 18 samt
627 604 11 20 å
666 604 181 20 Mantschinsaari

97 638 32 21 till
146 638 75 21 Salmis
241 638 78 21 socken
335 639 95 21 hörande
445 639 76 25 holme,
539 640 26 18 än
582 639 61 20 äfven
659 638 33 21 till
708 638 138 21 anordnande

97 672 7 21 i
127 673 154 27 sammanhang
303 673 49 21 med
375 674 123 20 seminariet
517 673 7 21 i
540 673 117 21 Sordavala
672 673 23 21 af
709 679 25 15 en
749 673 97 26 proviso-

97 707 46 21 risk
165 708 52 20 kurs
239 707 32 21 för
295 707 125 21 utbildande
443 707 22 21 af
487 707 139 21 barnalärare
650 707 22 21 af
686 706 160 28 grekisk-ryska

97 742 191 21 trosbekännelsen
304 742 39 20 och
359 742 168 26 arvodesbidrag
542 743 22 20 åt
580 742 86 27 dugliga
681 742 69 20 lärare
769 742 35 20 vid
820 742 26 21 de

98 776 161 27 grekisk-ryska
282 776 250 27 landsförsamlingarnas
551 778 7 20 i
580 777 98 26 Wiborgs
701 776 39 21 och
762 776 84 27 Kuopio

98 811 35 21 län
149 811 134 21 barnskolor.

169 909 73 27 Enligt
258 909 22 22 af
295 905 168 31 Öfverstyrelsen
478 910 33 21 för
521 910 149 21 skolväsendet
680 910 114 26 uppgjordt
804 910 42 21 för-

97 944 46 26 slag
159 944 32 21 till
207 943 119 27 utgiftsstat
342 944 32 21 för
390 944 209 22 folkskoleväsendet
615 944 6 21 i
637 944 74 21 landet
722 944 33 21 för
765 944 82 21 instun-

98 978 70 22 dande
183 978 202 27 bevillningsperiod
400 979 32 20 till
449 979 40 21 den
505 980 36 20 del
556 980 70 20 denna
641 978 64 27 utgift
722 979 46 21 icke
783 978 64 27 utgår

97 1013 48 21 från
162 1013 109 21 allmänna
286 1013 140 27 statsfonden,
443 1013 68 21 skulle
517 1014 43 26 för
570 1013 116 21 underhåll
696 1013 29 27 af
733 1013 114 21 städernas

93 1047 126 27 folkskolor
241 1048 109 21 erfordras
367 1048 75 26 10,000
457 1048 71 21 marks
544 1048 64 26 årligt
624 1047 93 21 tillskott
732 1048 32 20 för
775 1048 73 20 bevill-

99 1082 165 26 ningsperioden
289 1082 145 21 1889—1891.
468 1081 80 22 Härvid
571 1082 69 21 måste
655 1082 64 21 likväl
735 1082 113 21 anmärkas

99 1118 38 26 att,
158 1117 1 20 i
180 1117 109 21 anseende
304 1117 33 20 till
354 1117 40 20 den
410 1117 83 20 snabba
508 1116 122 27 utveckling
640 1116 208 22 folkskoleväsendet

99 1150 101 22 särskildt
208 1152 7 20 i
224 1152 85 20 landets
318 1153 69 19 större
399 1152 72 20 städer
480 1152 80 26 vunnit,
571 1151 25 21 de
610 1150 22 22 af
642 1150 120 22 Ständerna
772 1151 76 21 beräk-

99 1186 55 20 nade
178 1186 74 26 anslag
274 1186 7 20 i
301 1186 69 20 denna
385 1186 34 20 del
435 1186 84 20 komma
535 1188 38 24 att,
590 1186 69 20 såsom
676 1185 62 21 ofvan
754 1185 94 27 antydts,

99 1220 69 21 under
182 1220 143 21 innevarande
342 1220 199 27 bevillningsperiod
557 1219 151 27 öfverskridas,
724 1220 23 20 så
762 1221 33 19 att
804 1220 44 20 års-

100 1254 89 27 utgiften
208 1254 33 22 för
261 1255 60 26 1888,
340 1254 86 22 hvilken
438 1254 21 21 af
470 1254 121 21 Ständerna
602 1254 105 26 anslagits
715 1254 33 21 till
759 1254 89 26 186,800

100 1290 68 27 mark,
191 1290 121 26 antagligen
335 1289 96 21 kommer
453 1292 32 18 att
508 1290 70 26 uppgå
594 1288 33 22 till
642 1290 100 19 närmare
757 1289 92 26 200,000

99 1324 68 22 mark.
205 1324 49 21 Med
277 1324 60 21 detta
355 1324 77 27 belopp
447 1324 33 21 till
495 1324 167 27 utgångspunkt,
678 1323 68 25 torde,
762 1322 28 22 då
806 1324 43 20 stä-

102 1358 78 22 dernas
201 1359 200 21 folkskoleväsende
424 1360 27 20 än
474 1359 72 20 vidare
569 1360 23 19 är
615 1358 59 21 stadt
695 1358 7 20 i
721 1357 127 27 utveckling,

99 1395 32 20 ett
154 1393 65 26 årligt
241 1393 92 20 tillskott
356 1393 23 20 af
402 1393 75 24 15,000
493 1393 60 19 mark
569 1392 95 21 befinnas
680 1391 33 20 för
728 1391 122 20 ändamålet

100 1427 107 26 behöfligt.
238 1427 41 20 För
290 1426 143 22 instundande
445 1425 204 28 bevillningsperiod
664 1425 68 20 blefve
748 1425 102 26 följaktli-
