1120 1756
448 172 41 20 N:o
505 172 34 21 25.
825 172 14 20 3

325 266 131 34 Förslag
474 268 34 25 till
526 267 144 32 förordning,
690 266 121 33 angäende
825 268 43 25 den

258 312 129 32 bevillning,
411 319 51 19 som
480 313 25 25 af
524 313 155 32 utländingar,
698 312 76 26 hvilka
792 313 6 25 i
820 312 49 26 Fin-

258 358 52 26 land
339 358 53 26 idka
419 358 82 26 handel
527 358 58 26 eller
605 365 75 19 annan
700 359 90 32 näring,
808 358 60 26 skall

258 403 111 33 erläggas
398 404 72 26 under
491 403 57 27 ären
571 403 69 32 1889,
662 404 63 26 1890
744 404 43 26 och
805 404 64 26 1891.

472 472 11 28 $
501 475 18 19 1.

191 512 79 27 Hvarje
286 518 68 15 annan
369 514 26 19 än
410 513 54 21 finsk
479 513 144 27 medborgare,
640 519 45 15 som
697 512 83 22 utöfver
791 515 32 19 tre
834 512 36 22 da-

120 552 40 21 gar
181 547 66 21 vistas
262 546 7 22 i
285 546 71 22 landet
376 547 38 21 och
432 547 32 21 för
479 553 53 20 egen
547 547 57 26 eller,
621 546 69 22 såsom
705 547 116 27 utskiekad,
837 547 34 21 för

121 586 79 16 annans
216 581 88 26 räkning
319 580 74 27 bjuder
408 582 24 20 ut
447 581 51 21 eller
514 581 66 21 slutar
595 580 77 22 handel
688 587 34 15 om
737 583 63 19 annat
811 581 59 21 lands

121 621 68 20 varor,
213 614 49 21 med
278 614 108 28 undantag
404 615 22 21 af
440 615 109 21 medförda
564 615 253 27 landtmannaprodukter
833 616 38 20 och

122 649 65 21 alster
202 648 23 22 af
238 649 100 26 husslöjd,
355 649 55 21 skall
424 650 33 21 för
473 650 39 21 den
527 650 36 26 tid,
579 650 42 20 han
632 649 121 21 derutöfver
763 649 61 21 idkar
835 650 36 26 dy-

122 683 30 21 lik
166 683 84 27 handel,
264 684 85 26 erlägga
359 684 197 27 näringsbevilining
567 684 48 20 med
626 684 174 27 etthundratjugu
810 684 61 21 mark

122 718 7 21 i
144 717 109 27 mänaden,
269 718 85 20 hvilken
368 717 61 28 afgift
445 720 85 24 utgöres
543 718 32 21 för
586 718 39 20 full
636 718 82 26 mänad,
729 718 90 21 änskönt
829 718 42 22 han

123 752 74 21 endast
211 752 67 21 under
291 752 68 27 nägon
376 752 33 21 del
420 752 60 22 deraf
489 753 6 20 i
506 752 264 27 handelsangelägenheter
781 752 32 27 sig
822 752 49 22 här-

123 786 71 22 städes
209 786 129 27 uppehäller.

194 821 117 21 Enahanda
325 821 204 27 näringsbevillning,
546 821 53 21 dock
613 821 46 21 icke
674 821 33 21 till
718 821 66 27 högre
794 822 77 27 belopp

123 858 27 18 än
172 856 29 20 tio
226 856 60 20 mark
304 856 32 20 för
351 856 72 26 hvarje
438 856 82 25 mänad,
536 855 139 21 underkastas
691 856 46 25 den,
753 861 52 21 som,
820 858 52 19 utan

124 892 32 19 att
170 896 51 15 vara
235 890 54 21 finsk
304 890 144 26 medborgare,
464 890 39 21 här
513 890 6 20 i
530 890 72 20 landet
617 890 47 20 med
676 889 142 28 vederbörligt
828 890 43 22 till-

124 925 67 26 ständ,
208 927 56 19 emot
280 924 67 28 afgift,
363 924 33 21 för
411 931 52 20 egen
478 924 88 27 räkning
581 924 75 27 uppför
671 923 117 28 skädespel,
805 924 68 27 gifver

123 960 87 20 konsert
226 959 51 21 eller
292 965 68 15 annan
374 958 124 22 musikalisk
513 959 139 26 tillställning,
668 958 61 21 idkar
740 959 131 27 positivspel-

123 995 56 26 ning,
190 994 102 21 förevisar
302 993 151 27 konstridning,
465 994 137 26 lindansning,
614 993 122 21 mekaniska
747 994 51 20 eller
806 994 66 22 andra

124 1028 93 27 konster,
240 1028 152 27 kosmoramor,
414 1034 127 21 panoramor
563 1028 39 21 och
622 1028 66 21 andra
703 1028 83 26 optiska
801 1029 72 22 konst-

125 1064 92 26 stycken,
240 1064 143 25 vaxkabinett,
406 1063 113 27 samlingar
541 1063 23 21 af
580 1063 46 27 djur
642 1062 38 22 och
694 1064 116 20 naturalier
825 1064 48 22 med

124 1104 66 15 mera.
219 1097 60 22 Dock
294 1099 85 25 utgöres
394 1097 46 22 icke
456 1097 67 22 denna
541 1097 66 27 afgift,
624 1097 23 21 sä
662 1097 65 21 framt
741 1098 47 20 icke
801 1099 72 21 vistel-

124 1139 38 15 sen
176 1133 6 20 i
198 1132 89 21 Finland
301 1132 118 21 utsträckes
434 1132 33 21 till
482 1132 73 27 längre
569 1131 31 22 tid
616 1133 26 20 än
657 1133 32 20 tre
705 1131 71 28 dagar.

477 1195 11 26 8
505 1196 18 20 2.

197 1235 107 21 Utländsk
321 1234 119 21 handlande
458 1235 52 20 eller
524 1234 180 27 handelsexpedit,
720 1240 45 15 som
781 1235 64 27 enligt
863 1237 10 20 1

126 1270 116 21 momentet
258 1269 22 21 af
293 1268 125 28 föregäende
434 1268 100 27 paragraf
547 1271 24 18 är
585 1268 199 27 näringsbevillning
799 1269 76 21 under-

126 1303 83 27 kastad,
233 1303 79 27 äligger
334 1305 38 24 att,
388 1303 23 20 sä
426 1304 58 20 snart
499 1302 40 21 den
554 1303 69 20 deruti
638 1303 110 20 bestämdä
763 1303 76 21 termin
855 1303 22 22 af

127 1340 33 19 tre
176 1338 65 27 dagar
256 1337 54 21 efter
323 1337 53 21 hans
392 1337 98 21 ankomst
504 1337 32 21 till
552 1337 71 21 landet
639 1336 95 27 förflutit,
750 1337 33 21 till
793 1339 83 20 närma-

127 1374 32 18 ste
182 1371 223 26 kronouppbördsman
420 1371 8 20 i
442 1371 49 20 stad
513 1371 86 26 erlägga
621 1371 173 26 etthundratjugu
816 1371 61 21 mark

127 1404 33 21 för
182 1404 129 26 rättigheten
333 1405 32 20 att
386 1403 66 21 under
475 1410 25 13 en
523 1403 86 21 månads
625 1403 31 20 tid
671 1403 49 20 idka
735 1403 88 26 handel;
838 1404 40 21 och

128 1438 55 21 skall
198 1438 66 21 sädan
278 1437 124 27 handlande,
418 1437 70 21 derest
507 1437 41 20 han
563 1436 55 21 efter
632 1437 90 20 nämnde
736 1437 43 20 tids
794 1437 83 27 förlopp

128 1473 72 21 vidare
215 1473 37 20 vill
262 1478 80 16 samma
353 1473 43 20 rätt
410 1471 77 27 utöfva,
499 1472 33 21 till
543 1472 92 21 kronans
646 1471 155 28 uppbördsman
812 1471 6 21 i
830 1471 49 22 stad
