1114 1717
348 111 22 23 U.
387 112 23 22 B.
426 123 29 6 —
471 113 58 29 Prop.
547 113 34 22 N:o
598 113 20 21 II.
806 113 25 21 19

106 175 79 21 männa
206 174 136 28 skjutslegan,
365 175 33 21 för
419 176 32 21 att
473 176 46 21 icke
534 175 109 22 föranleda
656 174 97 28 förhöjda
768 176 92 26 anspråk

106 208 47 21 från
169 210 199 25 entreprenörernes
383 209 52 22 sida.

178 242 42 21 Vid
235 242 11 27 $
262 242 12 21 3
290 243 48 21 ville
350 243 105 21 utskottet
465 243 64 21 hafva
538 243 105 25 anmärkt,
654 243 47 21 att
699 238 11 35 i
711 243 150 26 dagböckerna

104 276 80 26 jemväl
198 276 67 21 borde
280 276 68 22 finnas
362 277 130 21 antecknadt
506 277 81 21 antalet
602 277 79 24 hästar,
697 282 46 15 som
753 276 37 22 vid
803 278 59 26 gäst-

106 309 74 26 gifveri
195 309 67 22 finnes
278 311 32 20 att
325 310 67 27 tillgå,
408 312 55 20 samt
479 310 40 22 den
535 312 60 20 extra
610 310 75 26 skjuts,
699 316 45 16 som
760 310 100 28 möjligen

106 343 35 21 vid
156 344 145 26 gästgifveriet
317 344 54 21 skall
386 344 24 21 af
423 346 138 25 entreprenör
575 346 96 25 utgöras.

178 378 38 21 Uti
231 379 99 21 ärendets
345 378 86 27 slutliga
446 378 129 27 behandling
589 378 57 22 inom
669 378 107 22 utskottet
798 378 63 22 hafva

107 412 89 27 deltagit
212 412 142 22 ordföranden
368 413 24 22 L.
408 413 24 21 L.
447 412 104 27 Lindelöf,
568 412 144 23 ledamöterne
728 412 23 22 T.
767 413 19 21 J.
802 413 59 21 Ami-

106 446 49 27 noff,
171 447 25 21 A.
212 447 24 21 L.
252 453 41 16 von
308 448 114 27 Knorring,
436 447 20 22 J.
472 447 126 27 Johansson,
622 447 24 22 G.
663 447 25 22 G.
704 447 110 26 Forsman,
836 447 24 22 F.

105 481 33 21 W.
154 481 107 26 Sandelin,
284 482 32 21 W.
340 482 84 26 Wallin,
447 482 25 21 E.
495 482 116 26 Molander,
634 482 25 21 R.
680 482 25 21 A.
721 481 140 26 Hasselblatt,

106 515 24 22 L.
145 522 19 15 v.
181 515 78 28 Pfaler,
275 515 28 22 M.
318 516 110 27 Hallberg,
450 517 25 21 E.
495 516 106 27 Duncker,
624 516 23 21 F.
670 516 33 21 W.
726 516 134 27 Lagerstedt,

106 549 27 22 K.
148 551 26 20 A.
190 550 112 21 Karlstedt
317 551 40 21 och
372 552 26 20 A.
414 551 109 28 Häyrinen
539 553 54 20 samt
607 550 141 28 suppleanten
773 551 24 21 V.
820 556 41 16 von

107 584 91 27 Wright.

180 647 132 27 Helsingfors
326 647 42 22 den
383 648 12 21 9
411 647 59 22 Mars
486 649 61 21 1888.

181 1481 190 18 Ekonomiutskottets
386 1480 116 18 betänkande
515 1482 34 16 N:o
562 1480 16 17 8.
