<?xml version="1.0" encoding="UTF-8"?>
<alto xmlns="http://www.loc.gov/standards/alto/ns-v3#" xmlns:xlink="http://www.w3.org/1999/xlink" xmlns:xsi="http://www.w3.org/2001/XMLSchema-instance" xsi:schemaLocation="http://www.loc.gov/standards/alto/ns-v3# http://www.loc.gov/alto/v3/alto-3-0.xsd">
	<Description>
		<MeasurementUnit>pixel</MeasurementUnit>
		<sourceImageInformation>
			<fileName>/tmp/tess_2ge8gkt5_input.PNG</fileName>
		</sourceImageInformation>
		<OCRProcessing ID="OCR_0">
			<ocrProcessingStep>
				<processingSoftware>
					<softwareName>tesseract 5.3.4</softwareName>
				</processingSoftware>
			</ocrProcessingStep>
		</OCRProcessing>
	</Description>
	<Layout>
		<Page WIDTH="1123" HEIGHT="1742" PHYSICAL_IMG_NR="0" ID="page_0">
			<PrintSpace HPOS="0" VPOS="0" WIDTH="1123" HEIGHT="1742">
				<ComposedBlock ID="cblock_0" HPOS="227" VPOS="201" WIDTH="817" HEIGHT="507">
					<TextBlock ID="block_0" HPOS="227" VPOS="201" WIDTH="817" HEIGHT="507">
						<TextLine ID="line_0" HPOS="587" VPOS="201" WIDTH="457" HEIGHT="27">
							<String ID="string_0" HPOS="587" VPOS="201" WIDTH="116" HEIGHT="27" WC="0.93" CONTENT="Transport"/><SP WIDTH="17" VPOS="201" HPOS="703"/>
							<String ID="string_1" HPOS="720" VPOS="201" WIDTH="131" HEIGHT="25" WC="0.86" CONTENT="19,377,272:"/><SP WIDTH="11" VPOS="201" HPOS="851"/>
							<String ID="string_2" HPOS="862" VPOS="202" WIDTH="33" HEIGHT="21" WC="0.93" CONTENT="33."/><SP WIDTH="17" VPOS="202" HPOS="895"/>
							<String ID="string_3" HPOS="912" VPOS="202" WIDTH="132" HEIGHT="26" WC="0.86" CONTENT="17,770,000."/>
						</TextLine>
						<TextLine ID="line_1" HPOS="256" VPOS="234" WIDTH="448" HEIGHT="28">
							<String ID="string_4" HPOS="256" VPOS="236" WIDTH="35" HEIGHT="21" WC="0.94" CONTENT="len"/><SP WIDTH="22" VPOS="236" HPOS="291"/>
							<String ID="string_5" HPOS="313" VPOS="235" WIDTH="59" HEIGHT="22" WC="0.93" CONTENT="öfver"/><SP WIDTH="25" VPOS="235" HPOS="372"/>
							<String ID="string_6" HPOS="397" VPOS="236" WIDTH="126" HEIGHT="26" WC="0.92" CONTENT="föregäende"/><SP WIDTH="25" VPOS="236" HPOS="523"/>
							<String ID="string_7" HPOS="548" VPOS="236" WIDTH="63" HEIGHT="26" WC="0.92" CONTENT="ärets"/><SP WIDTH="15" VPOS="236" HPOS="611"/>
							<String ID="string_8" HPOS="626" VPOS="234" WIDTH="78" HEIGHT="23" WC="0.88" CONTENT="behäll-"/>
						</TextLine>
						<TextLine ID="line_2" HPOS="257" VPOS="269" WIDTH="447" HEIGHT="28">
							<String ID="string_9" HPOS="257" VPOS="270" WIDTH="56" HEIGHT="27" WC="0.95" CONTENT="ning,"/><SP WIDTH="22" VPOS="270" HPOS="313"/>
							<String ID="string_10" HPOS="335" VPOS="270" WIDTH="49" HEIGHT="21" WC="0.96" CONTENT="sker"/><SP WIDTH="22" VPOS="270" HPOS="384"/>
							<String ID="string_11" HPOS="406" VPOS="270" WIDTH="154" HEIGHT="27" WC="0.95" CONTENT="framställning"/><SP WIDTH="21" VPOS="270" HPOS="560"/>
							<String ID="string_12" HPOS="581" VPOS="276" WIDTH="34" HEIGHT="15" WC="0.95" CONTENT="om"/><SP WIDTH="16" VPOS="276" HPOS="615"/>
							<String ID="string_13" HPOS="631" VPOS="270" WIDTH="26" HEIGHT="21" WC="0.96" CONTENT="de"/><SP WIDTH="14" VPOS="270" HPOS="657"/>
							<String ID="string_14" HPOS="671" VPOS="269" WIDTH="33" HEIGHT="21" WC="0.96" CONTENT="för"/>
						</TextLine>
						<TextLine ID="line_3" HPOS="256" VPOS="303" WIDTH="449" HEIGHT="28">
							<String ID="string_15" HPOS="256" VPOS="304" WIDTH="46" HEIGHT="21" WC="0.96" CONTENT="året"/><SP WIDTH="15" VPOS="304" HPOS="302"/>
							<String ID="string_16" HPOS="317" VPOS="303" WIDTH="138" HEIGHT="28" WC="0.95" CONTENT="erforderliga"/><SP WIDTH="18" VPOS="303" HPOS="455"/>
							<String ID="string_17" HPOS="473" VPOS="304" WIDTH="106" HEIGHT="27" WC="0.95" CONTENT="tillfälliga"/><SP WIDTH="20" VPOS="304" HPOS="579"/>
							<String ID="string_18" HPOS="599" VPOS="305" WIDTH="59" HEIGHT="20" WC="0.93" CONTENT="extra"/><SP WIDTH="14" VPOS="305" HPOS="658"/>
							<String ID="string_19" HPOS="672" VPOS="305" WIDTH="33" HEIGHT="19" WC="0.93" CONTENT="ut-"/>
						</TextLine>
						<TextLine ID="line_4" HPOS="257" VPOS="338" WIDTH="447" HEIGHT="27">
							<String ID="string_20" HPOS="257" VPOS="338" WIDTH="69" HEIGHT="27" WC="0.95" CONTENT="gifter."/><SP WIDTH="24" VPOS="338" HPOS="326"/>
							<String ID="string_21" HPOS="350" VPOS="339" WIDTH="67" HEIGHT="21" WC="0.95" CONTENT="Dessa"/><SP WIDTH="14" VPOS="339" HPOS="417"/>
							<String ID="string_22" HPOS="431" VPOS="338" WIDTH="63" HEIGHT="22" WC="0.95" CONTENT="hafva"/><SP WIDTH="14" VPOS="338" HPOS="494"/>
							<String ID="string_23" HPOS="508" VPOS="338" WIDTH="46" HEIGHT="22" WC="0.96" CONTENT="icke"/><SP WIDTH="15" VPOS="338" HPOS="554"/>
							<String ID="string_24" HPOS="569" VPOS="339" WIDTH="66" HEIGHT="21" WC="0.93" CONTENT="sällan"/><SP WIDTH="16" VPOS="339" HPOS="635"/>
							<String ID="string_25" HPOS="651" VPOS="344" WIDTH="53" HEIGHT="21" WC="0.92" CONTENT="upp-"/>
						</TextLine>
						<TextLine ID="line_5" HPOS="256" VPOS="372" WIDTH="449" HEIGHT="28">
							<String ID="string_26" HPOS="256" VPOS="373" WIDTH="46" HEIGHT="26" WC="0.96" CONTENT="gått"/><SP WIDTH="22" VPOS="373" HPOS="302"/>
							<String ID="string_27" HPOS="324" VPOS="373" WIDTH="33" HEIGHT="22" WC="0.96" CONTENT="till"/><SP WIDTH="22" VPOS="373" HPOS="357"/>
							<String ID="string_28" HPOS="379" VPOS="373" WIDTH="108" HEIGHT="27" WC="0.96" CONTENT="ansenliga"/><SP WIDTH="21" VPOS="373" HPOS="487"/>
							<String ID="string_29" HPOS="508" VPOS="373" WIDTH="83" HEIGHT="27" WC="0.96" CONTENT="belopp,"/><SP WIDTH="23" VPOS="373" HPOS="591"/>
							<String ID="string_30" HPOS="614" VPOS="379" WIDTH="48" HEIGHT="15" WC="0.96" CONTENT="men"/><SP WIDTH="15" VPOS="379" HPOS="662"/>
							<String ID="string_31" HPOS="677" VPOS="372" WIDTH="28" HEIGHT="22" WC="0.97" CONTENT="då"/>
						</TextLine>
						<TextLine ID="line_6" HPOS="257" VPOS="407" WIDTH="448" HEIGHT="27">
							<String ID="string_32" HPOS="257" VPOS="413" WIDTH="25" HEIGHT="16" WC="0.96" CONTENT="en"/><SP WIDTH="23" VPOS="413" HPOS="282"/>
							<String ID="string_33" HPOS="305" VPOS="409" WIDTH="44" HEIGHT="20" WC="0.96" CONTENT="stor"/><SP WIDTH="23" VPOS="409" HPOS="349"/>
							<String ID="string_34" HPOS="372" VPOS="407" WIDTH="33" HEIGHT="22" WC="0.96" CONTENT="del"/><SP WIDTH="24" VPOS="407" HPOS="405"/>
							<String ID="string_35" HPOS="429" VPOS="407" WIDTH="22" HEIGHT="22" WC="0.96" CONTENT="af"/><SP WIDTH="21" VPOS="407" HPOS="451"/>
							<String ID="string_36" HPOS="472" VPOS="408" WIDTH="25" HEIGHT="21" WC="0.93" CONTENT="de"/><SP WIDTH="23" VPOS="408" HPOS="497"/>
							<String ID="string_37" HPOS="520" VPOS="407" WIDTH="69" HEIGHT="27" WC="0.91" CONTENT="behof,"/><SP WIDTH="22" VPOS="407" HPOS="589"/>
							<String ID="string_38" HPOS="611" VPOS="413" WIDTH="45" HEIGHT="16" WC="0.93" CONTENT="som"/><SP WIDTH="16" VPOS="413" HPOS="656"/>
							<String ID="string_39" HPOS="672" VPOS="407" WIDTH="33" HEIGHT="22" WC="0.92" CONTENT="så-"/>
						</TextLine>
						<TextLine ID="line_7" HPOS="256" VPOS="441" WIDTH="448" HEIGHT="28">
							<String ID="string_40" HPOS="256" VPOS="442" WIDTH="65" HEIGHT="21" WC="0.92" CONTENT="lunda"/><SP WIDTH="14" VPOS="442" HPOS="321"/>
							<String ID="string_41" HPOS="335" VPOS="441" WIDTH="69" HEIGHT="22" WC="0.96" CONTENT="blifvit"/><SP WIDTH="15" VPOS="441" HPOS="404"/>
							<String ID="string_42" HPOS="419" VPOS="441" WIDTH="160" HEIGHT="28" WC="0.96" CONTENT="tillgodosedda,"/><SP WIDTH="17" VPOS="441" HPOS="579"/>
							<String ID="string_43" HPOS="596" VPOS="442" WIDTH="67" HEIGHT="21" WC="0.96" CONTENT="under"/><SP WIDTH="15" VPOS="442" HPOS="663"/>
							<String ID="string_44" HPOS="678" VPOS="442" WIDTH="26" HEIGHT="21" WC="0.96" CONTENT="de"/>
						</TextLine>
						<TextLine ID="line_8" HPOS="255" VPOS="476" WIDTH="449" HEIGHT="27">
							<String ID="string_45" HPOS="255" VPOS="476" WIDTH="128" HEIGHT="22" WC="0.96" CONTENT="kommande"/><SP WIDTH="24" VPOS="476" HPOS="383"/>
							<String ID="string_46" HPOS="407" VPOS="477" WIDTH="51" HEIGHT="21" WC="0.96" CONTENT="åren"/><SP WIDTH="25" VPOS="477" HPOS="458"/>
							<String ID="string_47" HPOS="483" VPOS="477" WIDTH="17" HEIGHT="26" WC="0.95" CONTENT="ej"/><SP WIDTH="23" VPOS="477" HPOS="500"/>
							<String ID="string_48" HPOS="523" VPOS="483" WIDTH="58" HEIGHT="15" WC="0.95" CONTENT="mera"/><SP WIDTH="19" VPOS="483" HPOS="581"/>
							<String ID="string_49" HPOS="600" VPOS="477" WIDTH="61" HEIGHT="21" WC="0.95" CONTENT="torde"/><SP WIDTH="15" VPOS="477" HPOS="661"/>
							<String ID="string_50" HPOS="676" VPOS="476" WIDTH="28" HEIGHT="27" WC="0.96" CONTENT="på"/>
						</TextLine>
						<TextLine ID="line_9" HPOS="254" VPOS="510" WIDTH="449" HEIGHT="28">
							<String ID="string_51" HPOS="254" VPOS="511" WIDTH="44" HEIGHT="21" WC="0.96" CONTENT="lika"/><SP WIDTH="14" VPOS="511" HPOS="298"/>
							<String ID="string_52" HPOS="312" VPOS="513" WIDTH="43" HEIGHT="19" WC="0.96" CONTENT="sätt"/><SP WIDTH="20" VPOS="513" HPOS="355"/>
							<String ID="string_53" HPOS="375" VPOS="512" WIDTH="52" HEIGHT="25" WC="0.96" CONTENT="göra"/><SP WIDTH="14" VPOS="512" HPOS="427"/>
							<String ID="string_54" HPOS="441" VPOS="511" WIDTH="32" HEIGHT="26" WC="0.96" CONTENT="sig"/><SP WIDTH="14" VPOS="511" HPOS="473"/>
							<String ID="string_55" HPOS="487" VPOS="511" WIDTH="103" HEIGHT="27" WC="0.95" CONTENT="gällande,"/><SP WIDTH="24" VPOS="511" HPOS="590"/>
							<String ID="string_56" HPOS="614" VPOS="511" WIDTH="39" HEIGHT="21" WC="0.90" CONTENT="har"/><SP WIDTH="14" VPOS="511" HPOS="653"/>
							<String ID="string_57" HPOS="667" VPOS="510" WIDTH="36" HEIGHT="22" WC="0.90" CONTENT="be-"/>
						</TextLine>
						<TextLine ID="line_10" HPOS="255" VPOS="545" WIDTH="448" HEIGHT="27">
							<String ID="string_58" HPOS="255" VPOS="545" WIDTH="72" HEIGHT="27" WC="0.96" CONTENT="loppet"/><SP WIDTH="24" VPOS="545" HPOS="327"/>
							<String ID="string_59" HPOS="351" VPOS="545" WIDTH="34" HEIGHT="21" WC="0.96" CONTENT="för"/><SP WIDTH="24" VPOS="545" HPOS="385"/>
							<String ID="string_60" HPOS="409" VPOS="545" WIDTH="137" HEIGHT="21" WC="0.96" CONTENT="oförutsedda"/><SP WIDTH="24" VPOS="545" HPOS="546"/>
							<String ID="string_61" HPOS="570" VPOS="545" WIDTH="133" HEIGHT="27" WC="0.74" CONTENT="nödvändiga"/>
						</TextLine>
						<TextLine ID="line_11" HPOS="255" VPOS="579" WIDTH="448" HEIGHT="27">
							<String ID="string_62" HPOS="255" VPOS="579" WIDTH="87" HEIGHT="27" WC="0.95" CONTENT="utgifter"/><SP WIDTH="19" VPOS="579" HPOS="342"/>
							<String ID="string_63" HPOS="361" VPOS="581" WIDTH="80" HEIGHT="20" WC="0.95" CONTENT="ansetts"/><SP WIDTH="18" VPOS="581" HPOS="441"/>
							<String ID="string_64" HPOS="459" VPOS="579" WIDTH="71" HEIGHT="22" WC="0.96" CONTENT="kunna"/><SP WIDTH="15" VPOS="579" HPOS="530"/>
							<String ID="string_65" HPOS="545" VPOS="579" WIDTH="38" HEIGHT="21" WC="0.96" CONTENT="här"/><SP WIDTH="15" VPOS="579" HPOS="583"/>
							<String ID="string_66" HPOS="598" VPOS="579" WIDTH="105" HEIGHT="22" WC="0.96" CONTENT="beräknas"/>
						</TextLine>
						<TextLine ID="line_12" HPOS="255" VPOS="613" WIDTH="310" HEIGHT="27">
							<String ID="string_67" HPOS="255" VPOS="613" WIDTH="33" HEIGHT="22" WC="0.96" CONTENT="till"/><SP WIDTH="15" VPOS="613" HPOS="288"/>
							<String ID="string_68" HPOS="303" VPOS="614" WIDTH="74" HEIGHT="21" WC="0.93" CONTENT="endast"/><SP WIDTH="16" VPOS="614" HPOS="377"/>
							<String ID="string_69" HPOS="393" VPOS="614" WIDTH="91" HEIGHT="26" WC="0.91" CONTENT="400,000"/><SP WIDTH="15" VPOS="614" HPOS="484"/>
							<String ID="string_70" HPOS="499" VPOS="613" WIDTH="66" HEIGHT="22" WC="0.96" CONTENT="mark."/>
						</TextLine>
						<TextLine ID="line_13" HPOS="227" VPOS="647" WIDTH="478" HEIGHT="27">
							<String ID="string_71" HPOS="227" VPOS="647" WIDTH="49" HEIGHT="22" WC="0.96" CONTENT="Med"/><SP WIDTH="21" VPOS="647" HPOS="276"/>
							<String ID="string_72" HPOS="297" VPOS="647" WIDTH="92" HEIGHT="22" WC="0.96" CONTENT="tillskott"/><SP WIDTH="19" VPOS="647" HPOS="389"/>
							<String ID="string_73" HPOS="408" VPOS="647" WIDTH="23" HEIGHT="22" WC="0.96" CONTENT="af"/><SP WIDTH="13" VPOS="647" HPOS="431"/>
							<String ID="string_74" HPOS="444" VPOS="648" WIDTH="66" HEIGHT="21" WC="0.96" CONTENT="denna"/><SP WIDTH="16" VPOS="648" HPOS="510"/>
							<String ID="string_75" HPOS="526" VPOS="653" WIDTH="82" HEIGHT="16" WC="0.96" CONTENT="summa"/><SP WIDTH="15" VPOS="653" HPOS="608"/>
							<String ID="string_76" HPOS="623" VPOS="647" WIDTH="82" HEIGHT="27" WC="0.96" CONTENT="uppgår"/>
						</TextLine>
						<TextLine ID="line_14" HPOS="256" VPOS="681" WIDTH="786" HEIGHT="27">
							<String ID="string_77" HPOS="256" VPOS="683" WIDTH="33" HEIGHT="20" WC="0.82" CONTENT="7:e"/><SP WIDTH="14" VPOS="683" HPOS="289"/>
							<String ID="string_78" HPOS="303" VPOS="681" WIDTH="61" HEIGHT="22" WC="0.96" CONTENT="titeln"/><SP WIDTH="15" VPOS="681" HPOS="364"/>
							<String ID="string_79" HPOS="379" VPOS="681" WIDTH="7" HEIGHT="22" WC="0.96" CONTENT="i"/><SP WIDTH="15" VPOS="681" HPOS="386"/>
							<String ID="string_80" HPOS="401" VPOS="682" WIDTH="64" HEIGHT="21" WC="0.96" CONTENT="rundt"/><SP WIDTH="15" VPOS="682" HPOS="465"/>
							<String ID="string_81" HPOS="480" VPOS="682" WIDTH="30" HEIGHT="21" WC="0.96" CONTENT="tal"/><SP WIDTH="14" VPOS="682" HPOS="510"/>
							<String ID="string_82" HPOS="524" VPOS="681" WIDTH="33" HEIGHT="22" WC="0.93" CONTENT="till"/><SP WIDTH="14" VPOS="681" HPOS="557"/>
							<String ID="string_83" HPOS="571" VPOS="682" WIDTH="94" HEIGHT="21" WC="0.87" CONTENT="inemot."/><SP WIDTH="32" VPOS="682" HPOS="665"/>
							<String ID="string_84" HPOS="697" VPOS="697" WIDTH="5" HEIGHT="4" WC="0.91" CONTENT="."/><SP WIDTH="57" VPOS="697" HPOS="702"/>
							<String ID="string_85" HPOS="759" VPOS="694" WIDTH="55" HEIGHT="3" WC="0.73" CONTENT="——"/><SP WIDTH="44" VPOS="694" HPOS="814"/>
							<String ID="string_86" HPOS="858" VPOS="694" WIDTH="29" HEIGHT="3" WC="0.85" CONTENT="—"/><SP WIDTH="36" VPOS="694" HPOS="887"/>
							<String ID="string_87" HPOS="923" VPOS="683" WIDTH="119" HEIGHT="25" WC="0.88" CONTENT="2,560,000."/>
						</TextLine>
					</TextBlock>
				</ComposedBlock>
				<ComposedBlock ID="cblock_1" HPOS="351" VPOS="760" WIDTH="224" HEIGHT="29">
					<TextBlock ID="block_1" HPOS="351" VPOS="760" WIDTH="224" HEIGHT="29">
						<TextLine ID="line_15" HPOS="351" VPOS="760" WIDTH="224" HEIGHT="29">
							<String ID="string_88" HPOS="351" VPOS="760" WIDTH="78" HEIGHT="29" WC="0.92" CONTENT="Åttonde"/><SP WIDTH="14" VPOS="760" HPOS="429"/>
							<String ID="string_89" HPOS="443" VPOS="767" WIDTH="132" HEIGHT="21" WC="0.34" CONTENT="Hufrudtitelo."/>
						</TextLine>
					</TextBlock>
				</ComposedBlock>
				<ComposedBlock ID="cblock_2" HPOS="225" VPOS="818" WIDTH="816" HEIGHT="199">
					<TextBlock ID="block_2" HPOS="225" VPOS="818" WIDTH="775" HEIGHT="62">
						<TextLine ID="line_16" HPOS="226" VPOS="818" WIDTH="774" HEIGHT="27">
							<String ID="string_90" HPOS="226" VPOS="818" WIDTH="239" HEIGHT="22" WC="0.91" CONTENT="Kommunikationerna"/><SP WIDTH="14" VPOS="818" HPOS="465"/>
							<String ID="string_91" HPOS="479" VPOS="818" WIDTH="39" HEIGHT="22" WC="0.96" CONTENT="och"/><SP WIDTH="12" VPOS="818" HPOS="518"/>
							<String ID="string_92" HPOS="530" VPOS="819" WIDTH="127" HEIGHT="26" WC="0.94" CONTENT="jordbruket"/><SP WIDTH="40" VPOS="819" HPOS="657"/>
							<String ID="string_93" HPOS="697" VPOS="834" WIDTH="4" HEIGHT="4" WC="0.70" CONTENT="=."/><SP WIDTH="32" VPOS="834" HPOS="701"/>
							<String ID="string_94" HPOS="733" VPOS="819" WIDTH="117" HEIGHT="26" WC="0.90" CONTENT="1,566,708:"/><SP WIDTH="10" VPOS="819" HPOS="850"/>
							<String ID="string_95" HPOS="860" VPOS="819" WIDTH="33" HEIGHT="22" WC="0.96" CONTENT="80."/><SP WIDTH="61" VPOS="819" HPOS="893"/>
							<String ID="string_96" HPOS="954" VPOS="831" WIDTH="46" HEIGHT="3" WC="0.37" CONTENT="——"/>
						</TextLine>
						<TextLine ID="line_17" HPOS="225" VPOS="853" WIDTH="478" HEIGHT="27">
							<String ID="string_97" HPOS="225" VPOS="853" WIDTH="75" HEIGHT="21" WC="0.96" CONTENT="Denna"/><SP WIDTH="14" VPOS="853" HPOS="300"/>
							<String ID="string_98" HPOS="314" VPOS="853" WIDTH="47" HEIGHT="21" WC="0.93" CONTENT="titel"/><SP WIDTH="20" VPOS="853" HPOS="361"/>
							<String ID="string_99" HPOS="381" VPOS="853" WIDTH="96" HEIGHT="21" WC="0.91" CONTENT="tillväxer"/><SP WIDTH="15" VPOS="853" HPOS="477"/>
							<String ID="string_100" HPOS="492" VPOS="859" WIDTH="75" HEIGHT="21" WC="0.93" CONTENT="genom"/><SP WIDTH="15" VPOS="859" HPOS="567"/>
							<String ID="string_101" HPOS="582" VPOS="853" WIDTH="121" HEIGHT="21" WC="0.96" CONTENT="inrättande"/>
						</TextLine>
					</TextBlock>
					<TextBlock ID="block_3" HPOS="253" VPOS="886" WIDTH="450" HEIGHT="28">
						<TextLine ID="line_18" HPOS="253" VPOS="886" WIDTH="450" HEIGHT="28">
							<String ID="string_102" HPOS="253" VPOS="887" WIDTH="23" HEIGHT="21" WC="0.95" CONTENT="af"/><SP WIDTH="19" VPOS="887" HPOS="276"/>
							<String ID="string_103" HPOS="295" VPOS="893" WIDTH="42" HEIGHT="21" WC="0.92" CONTENT="nya"/><SP WIDTH="17" VPOS="893" HPOS="337"/>
							<String ID="string_104" HPOS="354" VPOS="886" WIDTH="135" HEIGHT="22" WC="0.92" CONTENT="landtbruks-"/><SP WIDTH="15" VPOS="886" HPOS="489"/>
							<String ID="string_105" HPOS="504" VPOS="887" WIDTH="39" HEIGHT="22" WC="0.93" CONTENT="och"/><SP WIDTH="14" VPOS="887" HPOS="543"/>
							<String ID="string_106" HPOS="557" VPOS="886" WIDTH="146" HEIGHT="28" WC="0.92" CONTENT="mejeriskolor"/>
						</TextLine>
					</TextBlock>
					<TextBlock ID="block_4" HPOS="253" VPOS="921" WIDTH="450" HEIGHT="27">
						<TextLine ID="line_19" HPOS="253" VPOS="921" WIDTH="450" HEIGHT="27">
							<String ID="string_107" HPOS="253" VPOS="923" WIDTH="55" HEIGHT="20" WC="0.91" CONTENT="samt"/><SP WIDTH="21" VPOS="923" HPOS="308"/>
							<String ID="string_108" HPOS="329" VPOS="921" WIDTH="134" HEIGHT="22" WC="0.91" CONTENT="förestäende"/><SP WIDTH="22" VPOS="921" HPOS="463"/>
							<String ID="string_109" HPOS="485" VPOS="921" WIDTH="99" HEIGHT="27" WC="0.91" CONTENT="ätgärder"/><SP WIDTH="18" VPOS="921" HPOS="584"/>
							<String ID="string_110" HPOS="602" VPOS="921" WIDTH="33" HEIGHT="21" WC="0.93" CONTENT="för"/><SP WIDTH="14" VPOS="921" HPOS="635"/>
							<String ID="string_111" HPOS="649" VPOS="921" WIDTH="54" HEIGHT="22" WC="0.93" CONTENT="folk-"/>
						</TextLine>
					</TextBlock>
					<TextBlock ID="block_5" HPOS="252" VPOS="956" WIDTH="449" HEIGHT="27">
						<TextLine ID="line_20" HPOS="252" VPOS="956" WIDTH="449" HEIGHT="27">
							<String ID="string_112" HPOS="252" VPOS="956" WIDTH="116" HEIGHT="27" WC="0.31" CONTENT="slöjdernas"/><SP WIDTH="15" VPOS="956" HPOS="368"/>
							<String ID="string_113" HPOS="383" VPOS="956" WIDTH="137" HEIGHT="27" WC="0.92" CONTENT="utveckning;"/><SP WIDTH="17" VPOS="956" HPOS="520"/>
							<String ID="string_114" HPOS="537" VPOS="956" WIDTH="104" HEIGHT="21" WC="0.93" CONTENT="beräknas"/><SP WIDTH="14" VPOS="956" HPOS="641"/>
							<String ID="string_115" HPOS="655" VPOS="956" WIDTH="46" HEIGHT="21" WC="0.90" CONTENT="der-"/>
						</TextLine>
					</TextBlock>
					<TextBlock ID="block_6" HPOS="252" VPOS="990" WIDTH="789" HEIGHT="27">
						<TextLine ID="line_21" HPOS="252" VPOS="990" WIDTH="789" HEIGHT="27">
							<String ID="string_116" HPOS="252" VPOS="990" WIDTH="33" HEIGHT="22" WC="0.96" CONTENT="för"/><SP WIDTH="14" VPOS="990" HPOS="285"/>
							<String ID="string_117" HPOS="299" VPOS="990" WIDTH="46" HEIGHT="22" WC="0.57" CONTENT="tills"/><SP WIDTH="31" VPOS="990" HPOS="345"/>
							<String ID="string_118" HPOS="376" VPOS="1007" WIDTH="5" HEIGHT="5" WC="0.44" CONTENT="s"/><SP WIDTH="31" VPOS="1007" HPOS="381"/>
							<String ID="string_119" HPOS="412" VPOS="1006" WIDTH="5" HEIGHT="4" WC="0.28" CONTENT="&lt;"/><SP WIDTH="31" VPOS="1006" HPOS="417"/>
							<String ID="string_120" HPOS="448" VPOS="1006" WIDTH="5" HEIGHT="4" WC="0.31" CONTENT="+"/><SP WIDTH="30" VPOS="1006" HPOS="453"/>
							<String ID="string_121" HPOS="483" VPOS="1006" WIDTH="5" HEIGHT="6" WC="0.62" CONTENT="k"/><SP WIDTH="31" VPOS="1006" HPOS="488"/>
							<String ID="string_122" HPOS="519" VPOS="1006" WIDTH="5" HEIGHT="6" WC="0.75" CONTENT="="/><SP WIDTH="30" VPOS="1006" HPOS="524"/>
							<String ID="string_123" HPOS="554" VPOS="1006" WIDTH="4" HEIGHT="5" WC="0.47" CONTENT="&lt;"/><SP WIDTH="31" VPOS="1006" HPOS="558"/>
							<String ID="string_124" HPOS="589" VPOS="1006" WIDTH="5" HEIGHT="5" WC="0.47" CONTENT="40"/><SP WIDTH="31" VPOS="1006" HPOS="594"/>
							<String ID="string_125" HPOS="625" VPOS="1006" WIDTH="39" HEIGHT="6" WC="0.46" CONTENT="koa"/><SP WIDTH="31" VPOS="1006" HPOS="664"/>
							<String ID="string_126" HPOS="695" VPOS="1006" WIDTH="5" HEIGHT="5" WC="0.67" CONTENT="&amp;"/><SP WIDTH="59" VPOS="1006" HPOS="700"/>
							<String ID="string_127" HPOS="759" VPOS="1002" WIDTH="54" HEIGHT="4" WC="0.90" CONTENT="——"/><SP WIDTH="44" VPOS="1002" HPOS="813"/>
							<String ID="string_128" HPOS="857" VPOS="1002" WIDTH="27" HEIGHT="4" WC="0.89" CONTENT="—"/><SP WIDTH="40" VPOS="1002" HPOS="884"/>
							<String ID="string_129" HPOS="924" VPOS="990" WIDTH="117" HEIGHT="27" WC="0.89" CONTENT="1,600,000."/>
						</TextLine>
					</TextBlock>
				</ComposedBlock>
				<ComposedBlock ID="cblock_3" HPOS="353" VPOS="1075" WIDTH="217" HEIGHT="30">
					<TextBlock ID="block_7" HPOS="353" VPOS="1075" WIDTH="217" HEIGHT="30">
						<TextLine ID="line_22" HPOS="353" VPOS="1075" WIDTH="217" HEIGHT="30">
							<String ID="string_130" HPOS="353" VPOS="1075" WIDTH="68" HEIGHT="23" WC="0.93" CONTENT="Nionde"/><SP WIDTH="15" VPOS="1075" HPOS="421"/>
							<String ID="string_131" HPOS="436" VPOS="1076" WIDTH="134" HEIGHT="29" WC="0.82" CONTENT="Hufvudtiteln."/>
						</TextLine>
					</TextBlock>
				</ComposedBlock>
				<ComposedBlock ID="cblock_4" HPOS="223" VPOS="1128" WIDTH="817" HEIGHT="268">
					<TextBlock ID="block_8" HPOS="223" VPOS="1128" WIDTH="780" HEIGHT="56">
						<TextLine ID="line_23" HPOS="223" VPOS="1128" WIDTH="780" HEIGHT="27">
							<String ID="string_132" HPOS="223" VPOS="1128" WIDTH="130" HEIGHT="22" WC="0.92" CONTENT="Donationer"/><SP WIDTH="15" VPOS="1128" HPOS="353"/>
							<String ID="string_133" HPOS="368" VPOS="1128" WIDTH="39" HEIGHT="22" WC="0.96" CONTENT="och"/><SP WIDTH="16" VPOS="1128" HPOS="407"/>
							<String ID="string_134" HPOS="423" VPOS="1128" WIDTH="106" HEIGHT="22" WC="0.94" CONTENT="allmänna"/><SP WIDTH="14" VPOS="1128" HPOS="529"/>
							<String ID="string_135" HPOS="543" VPOS="1128" WIDTH="117" HEIGHT="22" WC="0.91" CONTENT="understöd"/><SP WIDTH="35" VPOS="1128" HPOS="660"/>
							<String ID="string_136" HPOS="695" VPOS="1144" WIDTH="4" HEIGHT="4" WC="0.89" CONTENT="."/><SP WIDTH="31" VPOS="1144" HPOS="699"/>
							<String ID="string_137" HPOS="730" VPOS="1128" WIDTH="162" HEIGHT="27" WC="0.88" CONTENT="1,524,622:67."/><SP WIDTH="58" VPOS="1128" HPOS="892"/>
							<String ID="string_138" HPOS="950" VPOS="1140" WIDTH="53" HEIGHT="4" WC="0.88" CONTENT="—"/>
						</TextLine>
						<TextLine ID="line_24" HPOS="223" VPOS="1162" WIDTH="478" HEIGHT="22">
							<String ID="string_139" HPOS="223" VPOS="1162" WIDTH="79" HEIGHT="22" WC="0.92" CONTENT="Genom"/><SP WIDTH="23" VPOS="1162" HPOS="302"/>
							<String ID="string_140" HPOS="325" VPOS="1162" WIDTH="131" HEIGHT="22" WC="0.95" CONTENT="tillkomsten"/><SP WIDTH="22" VPOS="1162" HPOS="456"/>
							<String ID="string_141" HPOS="478" VPOS="1162" WIDTH="23" HEIGHT="22" WC="0.96" CONTENT="af"/><SP WIDTH="17" VPOS="1162" HPOS="501"/>
							<String ID="string_142" HPOS="518" VPOS="1162" WIDTH="36" HEIGHT="22" WC="0.93" CONTENT="det"/><SP WIDTH="17" VPOS="1162" HPOS="554"/>
							<String ID="string_143" HPOS="571" VPOS="1162" WIDTH="130" HEIGHT="22" WC="0.93" CONTENT="eivilstatens"/>
						</TextLine>
					</TextBlock>
					<TextBlock ID="block_9" HPOS="251" VPOS="1196" WIDTH="449" HEIGHT="29">
						<TextLine ID="line_25" HPOS="251" VPOS="1196" WIDTH="449" HEIGHT="29">
							<String ID="string_144" HPOS="251" VPOS="1196" WIDTH="62" HEIGHT="22" WC="0.92" CONTENT="enke-"/><SP WIDTH="23" VPOS="1196" HPOS="313"/>
							<String ID="string_145" HPOS="336" VPOS="1196" WIDTH="41" HEIGHT="23" WC="0.93" CONTENT="och"/><SP WIDTH="14" VPOS="1196" HPOS="377"/>
							<String ID="string_146" HPOS="391" VPOS="1196" WIDTH="130" HEIGHT="28" WC="0.92" CONTENT="pupillkassa"/><SP WIDTH="14" VPOS="1196" HPOS="521"/>
							<String ID="string_147" HPOS="535" VPOS="1197" WIDTH="85" HEIGHT="28" WC="0.93" CONTENT="nädigst"/><SP WIDTH="15" VPOS="1197" HPOS="620"/>
							<String ID="string_148" HPOS="635" VPOS="1197" WIDTH="65" HEIGHT="22" WC="0.92" CONTENT="bevil-"/>
						</TextLine>
					</TextBlock>
					<TextBlock ID="block_10" HPOS="248" VPOS="1231" WIDTH="453" HEIGHT="27">
						<TextLine ID="line_26" HPOS="248" VPOS="1231" WIDTH="453" HEIGHT="27">
							<String ID="string_149" HPOS="248" VPOS="1231" WIDTH="50" HEIGHT="27" WC="0.91" CONTENT="jade"/><SP WIDTH="22" VPOS="1231" HPOS="298"/>
							<String ID="string_150" HPOS="320" VPOS="1231" WIDTH="75" HEIGHT="27" WC="0.91" CONTENT="bidrag"/><SP WIDTH="23" VPOS="1231" HPOS="395"/>
							<String ID="string_151" HPOS="418" VPOS="1232" WIDTH="23" HEIGHT="21" WC="0.93" CONTENT="af"/><SP WIDTH="12" VPOS="1232" HPOS="441"/>
							<String ID="string_152" HPOS="453" VPOS="1232" WIDTH="77" HEIGHT="26" WC="0.92" CONTENT="25,000"/><SP WIDTH="15" VPOS="1232" HPOS="530"/>
							<String ID="string_153" HPOS="545" VPOS="1232" WIDTH="61" HEIGHT="21" WC="0.93" CONTENT="mark"/><SP WIDTH="15" VPOS="1232" HPOS="606"/>
							<String ID="string_154" HPOS="621" VPOS="1232" WIDTH="80" HEIGHT="26" WC="0.92" CONTENT="ärligen"/>
						</TextLine>
					</TextBlock>
					<TextBlock ID="block_11" HPOS="249" VPOS="1265" WIDTH="450" HEIGHT="28">
						<TextLine ID="line_27" HPOS="249" VPOS="1265" WIDTH="450" HEIGHT="28">
							<String ID="string_155" HPOS="249" VPOS="1266" WIDTH="8" HEIGHT="20" WC="0.96" CONTENT="i"/><SP WIDTH="14" VPOS="1266" HPOS="257"/>
							<String ID="string_156" HPOS="271" VPOS="1265" WIDTH="30" HEIGHT="21" WC="0.93" CONTENT="tio"/><SP WIDTH="24" VPOS="1265" HPOS="301"/>
							<String ID="string_157" HPOS="325" VPOS="1266" WIDTH="34" HEIGHT="21" WC="0.96" CONTENT="års"/><SP WIDTH="22" VPOS="1266" HPOS="359"/>
							<String ID="string_158" HPOS="381" VPOS="1266" WIDTH="32" HEIGHT="20" WC="0.96" CONTENT="tid"/><SP WIDTH="22" VPOS="1266" HPOS="413"/>
							<String ID="string_159" HPOS="435" VPOS="1265" WIDTH="40" HEIGHT="22" WC="0.32" CONTENT="och"/><SP WIDTH="15" VPOS="1265" HPOS="475"/>
							<String ID="string_160" HPOS="490" VPOS="1266" WIDTH="7" HEIGHT="20" WC="0.32" CONTENT="i"/><SP WIDTH="15" VPOS="1266" HPOS="497"/>
							<String ID="string_161" HPOS="512" VPOS="1266" WIDTH="52" HEIGHT="27" WC="0.95" CONTENT="följd"/><SP WIDTH="19" VPOS="1266" HPOS="564"/>
							<String ID="string_162" HPOS="583" VPOS="1266" WIDTH="23" HEIGHT="22" WC="0.93" CONTENT="af"/><SP WIDTH="13" VPOS="1266" HPOS="606"/>
							<String ID="string_163" HPOS="619" VPOS="1272" WIDTH="80" HEIGHT="17" WC="0.90" CONTENT="succes-"/>
						</TextLine>
					</TextBlock>
					<TextBlock ID="block_12" HPOS="250" VPOS="1298" WIDTH="451" HEIGHT="28">
						<TextLine ID="line_28" HPOS="250" VPOS="1298" WIDTH="451" HEIGHT="28">
							<String ID="string_164" HPOS="250" VPOS="1298" WIDTH="31" HEIGHT="21" WC="0.87" CONTENT="siv"/><SP WIDTH="25" VPOS="1298" HPOS="281"/>
							<String ID="string_165" HPOS="306" VPOS="1299" WIDTH="94" HEIGHT="26" WC="0.87" CONTENT="stegring"/><SP WIDTH="21" VPOS="1299" HPOS="400"/>
							<String ID="string_166" HPOS="421" VPOS="1298" WIDTH="7" HEIGHT="21" WC="0.93" CONTENT="i"/><SP WIDTH="23" VPOS="1298" HPOS="428"/>
							<String ID="string_167" HPOS="451" VPOS="1298" WIDTH="63" HEIGHT="27" WC="0.91" CONTENT="öfrigt"/><SP WIDTH="25" VPOS="1298" HPOS="514"/>
							<String ID="string_168" HPOS="539" VPOS="1299" WIDTH="24" HEIGHT="21" WC="0.93" CONTENT="af"/><SP WIDTH="21" VPOS="1299" HPOS="563"/>
							<String ID="string_169" HPOS="584" VPOS="1299" WIDTH="117" HEIGHT="27" WC="0.93" CONTENT="utgifterna"/>
						</TextLine>
					</TextBlock>
					<TextBlock ID="block_13" HPOS="249" VPOS="1332" WIDTH="452" HEIGHT="26">
						<TextLine ID="line_29" HPOS="249" VPOS="1332" WIDTH="452" HEIGHT="26">
							<String ID="string_170" HPOS="249" VPOS="1332" WIDTH="67" HEIGHT="21" WC="0.95" CONTENT="under"/><SP WIDTH="27" VPOS="1332" HPOS="316"/>
							<String ID="string_171" HPOS="343" VPOS="1333" WIDTH="70" HEIGHT="21" WC="0.95" CONTENT="denna"/><SP WIDTH="23" VPOS="1333" HPOS="413"/>
							<String ID="string_172" HPOS="436" VPOS="1332" WIDTH="54" HEIGHT="26" WC="0.94" CONTENT="titel,"/><SP WIDTH="25" VPOS="1332" HPOS="490"/>
							<String ID="string_173" HPOS="515" VPOS="1332" WIDTH="39" HEIGHT="22" WC="0.85" CONTENT="bör"/><SP WIDTH="24" VPOS="1332" HPOS="554"/>
							<String ID="string_174" HPOS="578" VPOS="1333" WIDTH="123" HEIGHT="21" WC="0.96" CONTENT="medeltalet"/>
						</TextLine>
					</TextBlock>
					<TextBlock ID="block_14" HPOS="249" VPOS="1366" WIDTH="791" HEIGHT="30">
						<TextLine ID="line_30" HPOS="249" VPOS="1366" WIDTH="791" HEIGHT="30">
							<String ID="string_175" HPOS="249" VPOS="1366" WIDTH="47" HEIGHT="22" WC="0.96" CONTENT="icke"/><SP WIDTH="15" VPOS="1366" HPOS="296"/>
							<String ID="string_176" HPOS="311" VPOS="1366" WIDTH="62" HEIGHT="22" WC="0.96" CONTENT="ställa"/><SP WIDTH="14" VPOS="1366" HPOS="373"/>
							<String ID="string_177" HPOS="387" VPOS="1366" WIDTH="32" HEIGHT="27" WC="0.96" CONTENT="sig"/><SP WIDTH="15" VPOS="1366" HPOS="419"/>
							<String ID="string_178" HPOS="434" VPOS="1366" WIDTH="58" HEIGHT="28" WC="0.96" CONTENT="lägre"/><SP WIDTH="15" VPOS="1366" HPOS="492"/>
							<String ID="string_179" HPOS="507" VPOS="1368" WIDTH="26" HEIGHT="20" WC="0.96" CONTENT="än"/><SP WIDTH="16" VPOS="1368" HPOS="533"/>
							<String ID="string_180" HPOS="549" VPOS="1367" WIDTH="32" HEIGHT="21" WC="0.87" CONTENT="till"/><SP WIDTH="42" VPOS="1367" HPOS="581"/>
							<String ID="string_181" HPOS="623" VPOS="1384" WIDTH="4" HEIGHT="5" WC="0.85" CONTENT="."/><SP WIDTH="31" VPOS="1384" HPOS="627"/>
							<String ID="string_182" HPOS="658" VPOS="1384" WIDTH="5" HEIGHT="4" WC="0.67" CONTENT="."/><SP WIDTH="30" VPOS="1384" HPOS="663"/>
							<String ID="string_183" HPOS="693" VPOS="1384" WIDTH="5" HEIGHT="4" WC="0.84" CONTENT="."/><SP WIDTH="61" VPOS="1384" HPOS="698"/>
							<String ID="string_184" HPOS="759" VPOS="1380" WIDTH="53" HEIGHT="4" WC="0.59" CONTENT="—--"/><SP WIDTH="48" VPOS="1380" HPOS="812"/>
							<String ID="string_185" HPOS="860" VPOS="1381" WIDTH="19" HEIGHT="3" WC="0.59" CONTENT="—"/><SP WIDTH="43" VPOS="1381" HPOS="879"/>
							<String ID="string_186" HPOS="922" VPOS="1369" WIDTH="118" HEIGHT="27" WC="0.75" CONTENT="1,580,000."/>
						</TextLine>
					</TextBlock>
				</ComposedBlock>
				<ComposedBlock ID="cblock_5" HPOS="221" VPOS="1402" WIDTH="815" HEIGHT="109">
					<TextBlock ID="block_15" HPOS="221" VPOS="1402" WIDTH="815" HEIGHT="109">
						<TextLine ID="line_31" HPOS="221" VPOS="1402" WIDTH="781" HEIGHT="40">
							<String ID="string_187" HPOS="221" VPOS="1402" WIDTH="168" HEIGHT="38" WC="0.91" CONTENT="Summa"/><SP WIDTH="-79" VPOS="1402" HPOS="389"/>
							<String ID="string_188" HPOS="310" VPOS="1398" WIDTH="9" HEIGHT="48" WC="0.69" CONTENT="”"/><SP WIDTH="6" VPOS="1398" HPOS="319"/>
							<String ID="string_189" HPOS="325" VPOS="1402" WIDTH="64" HEIGHT="38" WC="0.84" CONTENT="utgift"/><SP WIDTH="18" VPOS="1402" HPOS="389"/>
							<String ID="string_190" HPOS="407" VPOS="1403" WIDTH="66" HEIGHT="37" WC="0.95" CONTENT="enligt"/><SP WIDTH="20" VPOS="1403" HPOS="473"/>
							<String ID="string_191" HPOS="493" VPOS="1414" WIDTH="53" HEIGHT="22" WC="0.93" CONTENT="1888"/><SP WIDTH="21" VPOS="1414" HPOS="546"/>
							<String ID="string_192" HPOS="567" VPOS="1414" WIDTH="34" HEIGHT="22" WC="0.96" CONTENT="års"/><SP WIDTH="19" VPOS="1414" HPOS="601"/>
							<String ID="string_193" HPOS="620" VPOS="1414" WIDTH="80" HEIGHT="27" WC="0.93" CONTENT="budget"/><SP WIDTH="14" VPOS="1414" HPOS="700"/>
							<String ID="string_194" HPOS="714" VPOS="1405" WIDTH="132" HEIGHT="37" WC="0.61" CONTENT="22,468,603;"/><SP WIDTH="10" VPOS="1405" HPOS="846"/>
							<String ID="string_195" HPOS="856" VPOS="1415" WIDTH="34" HEIGHT="22" WC="0.91" CONTENT="80."/><SP WIDTH="39" VPOS="1415" HPOS="890"/>
							<String ID="string_196" HPOS="929" VPOS="1398" WIDTH="12" HEIGHT="48" WC="0.22" CONTENT="="/><SP WIDTH="10" VPOS="1398" HPOS="941"/>
							<String ID="string_197" HPOS="951" VPOS="1428" WIDTH="51" HEIGHT="4" WC="0.65" CONTENT="——"/>
						</TextLine>
						<TextLine ID="line_32" HPOS="263" VPOS="1448" WIDTH="436" HEIGHT="26">
							<String ID="string_198" HPOS="263" VPOS="1464" WIDTH="12" HEIGHT="10" WC="0.65" CONTENT="»”"/><SP WIDTH="85" VPOS="1464" HPOS="275"/>
							<String ID="string_199" HPOS="360" VPOS="1465" WIDTH="11" HEIGHT="9" WC="0.90" CONTENT="»"/><SP WIDTH="51" VPOS="1465" HPOS="371"/>
							<String ID="string_200" HPOS="422" VPOS="1448" WIDTH="7" HEIGHT="21" WC="0.83" CONTENT="i"/><SP WIDTH="30" VPOS="1448" HPOS="429"/>
							<String ID="string_201" HPOS="459" VPOS="1448" WIDTH="98" HEIGHT="22" WC="0.94" CONTENT="medeltal"/><SP WIDTH="29" VPOS="1448" HPOS="557"/>
							<String ID="string_202" HPOS="586" VPOS="1449" WIDTH="33" HEIGHT="22" WC="0.96" CONTENT="för"/><SP WIDTH="29" VPOS="1449" HPOS="619"/>
							<String ID="string_203" HPOS="648" VPOS="1449" WIDTH="51" HEIGHT="22" WC="0.95" CONTENT="åren"/>
						</TextLine>
						<TextLine ID="line_33" HPOS="279" VPOS="1481" WIDTH="757" HEIGHT="30">
							<String ID="string_204" HPOS="279" VPOS="1481" WIDTH="137" HEIGHT="23" WC="0.80" CONTENT="1889—1891"/><SP WIDTH="28" VPOS="1481" HPOS="416"/>
							<String ID="string_205" HPOS="444" VPOS="1498" WIDTH="5" HEIGHT="5" WC="0.75" CONTENT="."/><SP WIDTH="30" VPOS="1498" HPOS="449"/>
							<String ID="string_206" HPOS="479" VPOS="1497" WIDTH="5" HEIGHT="6" WC="0.73" CONTENT="."/><SP WIDTH="66" VPOS="1497" HPOS="484"/>
							<String ID="string_207" HPOS="550" VPOS="1499" WIDTH="41" HEIGHT="6" WC="0.13" CONTENT="os."/><SP WIDTH="31" VPOS="1499" HPOS="591"/>
							<String ID="string_208" HPOS="622" VPOS="1499" WIDTH="75" HEIGHT="6" WC="0.29" CONTENT="cc."/><SP WIDTH="58" VPOS="1499" HPOS="697"/>
							<String ID="string_209" HPOS="755" VPOS="1496" WIDTH="55" HEIGHT="3" WC="0.51" CONTENT="——"/><SP WIDTH="45" VPOS="1496" HPOS="810"/>
							<String ID="string_210" HPOS="855" VPOS="1497" WIDTH="25" HEIGHT="2" WC="0.70" CONTENT="—"/><SP WIDTH="24" VPOS="1497" HPOS="880"/>
							<String ID="string_211" HPOS="904" VPOS="1485" WIDTH="132" HEIGHT="26" WC="0.86" CONTENT="23,510,000."/>
						</TextLine>
					</TextBlock>
				</ComposedBlock>
				<GraphicalElement ID="cblock_6" HPOS="391" VPOS="1402" WIDTH="643" HEIGHT="6"></GraphicalElement >
			</PrintSpace>
		</Page>
	</Layout>
</alto>
