1098 1756
279 155 28 20 34
588 154 34 21 N:o
638 154 31 21 21.

248 221 78 27 jemväl
344 221 47 21 från
407 221 156 27 stämpelafgift
577 222 124 25 frikallade;
718 228 47 14 men
777 222 108 20 enskildes
897 221 108 27 exemplar

251 256 22 20 af
295 256 104 21 kontrakt
422 262 34 14 om
480 256 96 21 leverans
595 256 50 21 eller
661 258 65 18 annat
742 256 105 26 åtagande
863 256 33 20 för
912 256 95 20 kronans

251 290 53 21 eller
319 290 79 21 allmän
414 291 130 25 inrättnings
561 290 66 21 behof
640 292 113 25 upprättas
770 290 12 21 å
796 290 117 27 stämpladt
924 297 81 20 papper

251 325 32 20 till
309 325 36 20 det
368 325 84 26 belopp,
477 331 45 14 som
538 325 33 20 för
591 325 169 20 embetsverkets
780 324 148 27 expeditioner
944 325 5 20 i
967 325 38 20 all-

253 359 88 20 mänhet
356 361 24 18 är
396 359 119 25 faststäldt;

318 394 41 20 2:0.
381 393 110 20 Fullmakt
507 393 32 20 för
555 393 164 26 landtdagsman
737 393 39 20 och
787 393 78 21 ombud
878 393 34 21 vid
926 393 78 27 kyrko-

251 429 68 24 möte;

320 463 40 20 3:0.
391 462 142 25 Domstolars,
553 462 90 27 publika
658 462 63 21 verks
743 464 55 19 samt
814 462 66 20 andra
896 462 109 21 allmänna

250 497 162 26 inrättningars,
437 496 115 21 stiftelsers
577 497 37 20 och
639 496 109 21 samfunds
768 497 152 26 inneliggande
938 496 66 21 hand-

250 531 76 26 lingar,
343 531 139 26 protokoller,
500 531 134 25 domböcker,
651 531 159 26 registraturer,
828 531 85 25 diarier,
926 531 78 20 räken-

252 565 84 27 skaper,
353 565 161 26 förteckningar
530 566 47 20 med
594 571 58 15 mera
668 565 87 25 sådant;

316 601 41 20 4:0.
387 600 159 26 Regvisitioner
563 601 38 20 och
617 600 145 25 anordningar
778 599 33 21 för
828 600 107 21 allmänna
951 600 50 20 kas-

250 640 35 15 sor
301 636 56 19 samt
372 635 142 26 uträkningar
530 635 12 20 &
558 635 110 26 upplupna
685 636 73 19 räntor
775 635 32 20 till
823 634 89 27 publika
928 634 76 21 fonder

248 669 67 26 jemte
338 670 125 25 reversaler,
488 670 119 25 qvittanser
627 669 39 21 och
685 669 59 21 bevis
760 669 60 21 öfver
836 670 31 20 dit
882 670 76 26 gjorda
974 670 31 20 in-

250 703 145 27 betalningar;

319 740 40 19 5:0.
390 739 143 20 Debetsedlar
557 739 12 20 &
592 739 83 25 krono-,
700 739 76 26 stads-,
800 739 138 20 kommunala
965 739 39 21 och

250 774 67 20 andra
337 774 107 20 allmänna
463 774 118 26 utskylder,
602 774 116 26 räkningar
736 773 13 21 &
768 774 111 20 tullmedel
896 774 39 20 och
951 774 53 20 auk-

250 808 119 26 tionsinrop
393 814 26 14 m.
443 814 26 14 m.
494 810 55 18 samt
569 808 118 27 gvittanser
704 808 38 20 och
759 808 59 21 bevis
834 808 60 21 öfver
910 809 92 20 inbetal-

251 842 76 26 ningar
342 842 7 20 i
365 842 115 26 anledning
496 842 69 26 deraf;

319 877 40 20 6:0.
392 876 210 26 Läneobligationer,
623 876 193 26 depositionsbevis
836 877 40 21 och
896 877 108 21 skuldför-

251 910 114 27 bindelser,
387 910 113 21 utfärdade
520 911 22 20 af
556 910 69 21 finska
641 912 63 19 stats-
721 911 39 21 och
776 911 156 21 militieverken
948 914 57 18 samt

250 945 102 21 Finlands
369 944 144 26 Statskontor,
530 945 103 21 Finlands
647 945 62 21 Bank
726 945 38 21 och
781 945 222 27 Hypoteksförening;

318 981 39 19 7:0o.
387 979 144 26 Förteckning
552 980 12 20 &
583 980 86 20 husfolk
689 980 34 20 vid
740 980 194 26 mantalskrifning,
950 987 53 20 upp-

250 1014 41 26 gift
311 1014 12 20 &
340 1014 91 20 resande
447 1014 5 20 i
470 1014 46 20 stad
533 1014 48 20 med
597 1020 58 15 mera
671 1014 74 26 dylikt,
762 1014 108 22 äfvensom
888 1015 116 21 orlofssed-

250 1048 33 21 lar
298 1048 34 20 för
348 1048 108 20 enskildes
473 1048 139 26 tjenstehjon;

317 1083 41 20 8:0.
388 1082 64 20 Bevis
472 1082 66 21 öfver
551 1082 109 21 verkstäld
677 1083 107 26 stämning
800 1083 40 21 och
855 1083 148 21 kommunika-

249 1116 45 21 tion
310 1117 7 20 i
333 1116 42 21 alla
391 1116 113 21 kriminela
520 1117 38 20 och
575 1117 61 21 civila
652 1117 135 26 rättegängs-
796 1119 56 19 samt
863 1118 139 26 utsöknings-

249 1150 42 20 mål
304 1150 67 26 jemte
387 1150 59 20 bevis
463 1150 59 21 öfver
538 1151 89 20 kallelse
643 1151 32 20 till
692 1151 184 27 syneförrättning
892 1158 27 14 m.
936 1158 34 19 m.;

317 1185 40 19 9:0.
388 1184 45 20 Mål
457 1184 91 20 rörande
571 1184 59 21 brott
650 1187 58 18 emot
726 1185 78 20 allmän
820 1185 42 26 lag,
880 1187 58 19 emot
953 1186 50 20 eko-

249 1218 73 26 nomi-,
341 1218 72 26 politi-
430 1218 39 20 och
485 1218 235 26 militärförfattningar
736 1221 56 19 samt
807 1219 112 21 fiskaliska
934 1220 69 20 aktio-

248 1258 44 20 ner,
313 1252 122 21 hvarunder
455 1252 65 21 likväl
537 1253 18 26 ej
572 1252 79 22 förstäs
667 1253 42 21 mäl
726 1260 33 14 om
776 1253 152 26 öfverklagade
944 1254 59 26 olag-

248 1286 91 25 ligheter
362 1287 35 19 vid
421 1287 95 25 prestval
539 1287 48 20 med
607 1286 52 20 flera
678 1287 73 25 dylika
766 1288 106 24 tillfällen,
889 1288 28 19 då
932 1288 70 20 målen

248 1318 47 21 icke
311 1319 56 25 angå
383 1320 94 25 egentlig
492 1320 135 26 förbrytelse,
645 1322 51 18 utan
713 1321 113 25 rätteligen
843 1322 37 19 äro
896 1323 33 18 att
939 1327 64 15 anses

249 1352 70 22 såsom
336 1353 72 25 civila;

318 1388 53 20 10:o.
404 1387 45 21 Mål
465 1388 91 21 rörande
573 1388 76 21 besvär
665 1388 59 21 öfver
740 1388 162 27 tillämpningen
914 1389 23 21 af
946 1389 56 21 före-

247 1420 118 22 skrifterna
379 1422 110 26 angående
505 1422 122 27 bevillning,
643 1422 122 22 hvarunder
780 1423 55 22 dock
850 1424 6 20 i
873 1424 60 21 detta
948 1424 53 21 hän-

248 1457 79 21 seende
343 1457 189 22 bränvinsskatten
549 1458 18 27 ej
585 1458 33 21 må
633 1458 112 26 hänföras;
