1109 1742
261 132 27 21 30

463 129 24 24 U.
503 130 23 23 B.
541 142 28 5 —
585 129 64 29 Prop.
666 128 38 24 N:o
720 128 30 27 13.

653 197 13 23 $
681 196 19 20 6.

437 235 38 23 Då
489 236 63 21 make
567 236 67 26 begär
649 236 31 20 att
694 240 29 16 ur
737 235 31 27 bo,
784 240 47 16 som
846 234 33 22 till
888 234 99 22 konkurs

369 270 104 27 afträdts,
496 270 147 27 undanskifta
663 269 47 22 viss
731 269 104 27 egendom
856 268 76 22 såsom
951 269 37 21 sin

368 304 106 28 enskilda,
488 305 68 21 varde
570 304 42 22 den
626 305 44 20 satt
684 304 71 21 under
769 304 98 21 särskild
881 303 59 22 vård
954 303 33 22 till

369 340 50 21 dess
441 340 60 26 öfver
523 338 277 27 boskilnadsansökningen
819 338 68 28 blifvit
903 338 87 26 dömdt;

369 374 52 22 dock
436 373 39 22 må
489 373 112 22 sökanden
615 372 99 22 tillträda
729 372 130 22 densamma
872 373 58 21 emot
939 372 49 28 god-

369 408 61 22 känd
449 408 100 21 säkerhet
566 408 38 27 för
619 407 41 21 den
675 406 77 28 skada,
767 408 160 26 borgenärerne
942 407 46 21 der-

369 443 86 26 igenom
469 442 45 21 kan
529 441 79 23 vållas.

654 505 14 25 $
683 506 19 20 7.

439 545 76 27 Enligt
529 544 52 22 nåd.
596 550 65 22 prop.

656 608 14 24 8
684 608 20 20 8.

441 647 67 22 Söker
530 648 64 21 make
616 647 113 21 boskilnad
747 648 56 20 utan
823 648 32 20 att
869 648 122 21 konkurs
979 643 16 36 i

371 682 8 21 i
397 682 44 22 boet
463 681 106 27 uppstått,
585 681 42 22 låte
640 682 73 20 rätten
727 681 51 22 eller
792 682 50 21 dess
857 682 134 27 ordförande

371 717 79 27 genast
469 716 60 22 kalla
547 716 108 22 makarne
670 717 32 20 att
716 716 15 22 &
745 716 46 21 viss
806 717 45 26 dag
866 717 33 21 till
912 716 80 28 förhör

371 751 60 27 inför
445 752 73 20 rätten
532 751 36 26 sig
582 750 97 22 inställa.
709 751 52 21 Har
776 751 73 21 andra
864 751 80 21 maken
958 751 32 27 af-

371 785 54 21 vikit
447 786 66 26 orten,
536 784 39 22 må
597 785 103 21 kallelsen
718 786 42 20 den
777 786 88 26 afvikne
880 785 112 22 meddelas

372 825 77 21 genom
464 819 129 27 kungörelse
607 820 9 20 i
631 819 115 21 allmänna
761 820 153 26 tidningarna.

442 853 83 21 Finner
549 854 73 20 rätten
646 853 51 21 eller
721 854 50 21 dess
797 854 140 27 ordförande,
960 854 32 21 till

372 888 86 22 hvilken
483 887 249 28 boskilnadsansökning
756 888 106 27 ingifvits,
888 889 32 20 att
944 888 48 21 den-

373 929 88 15 samma
484 923 19 26 ej
525 923 45 21 kan
591 923 113 26 upptagas
723 923 62 26 förty
807 923 32 20 att
857 922 42 21 den
917 925 29 19 är
961 923 32 21 till

373 958 57 21 orätt
445 957 91 21 domstol
551 956 67 22 ställd
632 957 51 20 eller
698 957 29 26 af
738 962 77 16 annan
830 957 79 26 orsak;
921 957 72 21 teckne

373 991 34 22 det
418 991 15 21 ä
443 991 151 26 ansökningen
603 991 37 21 och
650 991 68 20 lemne
726 991 41 21 den
778 991 32 21 till
817 990 112 22 sökanden
938 991 54 22 äter.

442 1025 111 22 Bestrides
578 1025 20 27 ej
622 1025 157 27 ansökningen,
802 1025 52 22 eller
877 1026 62 21 visas
961 1025 33 22 till

374 1060 130 21 densamma
519 1059 72 28 skälig
607 1059 125 27 anledning,
746 1059 106 28 förordne
866 1061 72 20 rätten
954 1059 40 23 nä-

373 1100 44 22 gon
436 1095 36 20 sin
490 1095 93 20 ledamot
601 1094 51 21 eller
667 1099 77 16 annan
759 1094 92 27 lämplig
863 1100 84 21 person
962 1095 32 21 att

373 1128 15 22 ä
403 1129 46 20 viss
463 1129 44 26 dag
522 1128 122 27 uppteckna
659 1128 120 22 makarnes
793 1129 30 26 bo,
835 1129 59 21 sami
903 1129 91 27 utfärde

373 1163 98 26 offentlig
493 1163 114 27 stämning
627 1162 14 21 ä
661 1163 66 21 deras
741 1163 100 27 samilige
861 1163 134 26 borgenärer

375 1198 32 21 att
421 1197 14 21 å
450 1198 69 20 utsatt
540 1197 45 27 dag
604 1197 60 22 inom
683 1197 64 26 högst
765 1198 32 21 tre
811 1197 110 22 månader
936 1197 58 27 eller,

375 1231 15 22 å
405 1231 78 27 landet,
499 1231 30 22 dä
543 1232 85 21 urtima
642 1232 47 26 ting
704 1231 20 26 ej
738 1231 75 27 äskas,
822 1233 74 20 senast
910 1232 38 21 vid
960 1232 35 21 det

375 1266 92 27 lagtima
487 1267 53 26 ting,
557 1272 47 15 som
619 1266 54 26 efter
687 1267 32 20 tre
733 1265 110 22 mänader
856 1266 59 26 först
929 1266 65 26 infal-

375 1299 38 26 ler,
428 1299 9 20 i
451 1299 68 21 saken
537 1299 75 26 höras,
632 1305 36 14 om
687 1299 26 21 de
731 1305 53 15 anse
800 1301 37 19 sin
851 1300 46 20 rätt
912 1298 84 22 sädant

373 1333 87 28 fordra.

448 1367 85 22 Varder
547 1367 151 27 ansökningen
713 1367 75 22 såsom
801 1367 104 28 obefogad
915 1367 29 28 af
950 1368 46 21 rät-

376 1403 35 21 ten
430 1402 124 28 förkastad,
576 1409 37 20 ege
635 1403 41 21 den
695 1403 50 21 med
763 1403 94 28 utslaget
874 1402 121 27 missnöjde

375 1437 48 22 deri
437 1436 53 23 söka
505 1437 98 27 ändring
618 1443 77 22 genom
710 1437 83 22 besvär.
