1123 1759
364 139 71 23 Ständ.
449 140 33 22 Sv.
496 152 27 3 —
539 140 58 28 Prop.
612 140 35 22 N:o
662 140 37 22 26.
864 142 13 20 3

157 202 57 21 hvad
233 202 42 22 den
292 202 31 20 till
342 201 122 23 Ständerna
479 202 161 22 öfverlemnade
654 202 121 22 relationen
790 209 36 15 om
841 204 65 20 stats-

157 236 85 22 verkets
257 236 95 22 tillstånd
366 237 88 27 utvisar,
469 236 68 22 under
553 237 52 21 åren
623 237 139 22 1884—1886
777 237 89 27 uppgått
876 236 31 21 till

156 277 55 21 resp.
226 271 60 21 F:mk
300 271 98 27 202,993:
414 272 33 26 62,
464 271 98 27 201,430:
578 272 27 21 73
622 272 42 20 och
680 271 96 27 210,327:
792 271 34 27 50,
842 270 64 22 hafva

156 304 122 22 Ständerna
293 305 95 27 godkänt
404 305 147 27 beräkningen
566 305 24 22 af
602 305 72 22 denna
689 306 128 26 utgiftspost.

225 340 137 22 Beträffande
384 340 167 28 användningen
574 340 42 22 och
638 340 148 27 fördelningen
805 339 24 23 af
841 339 65 22 brän-

157 375 135 22 vinsskatten
313 375 7 21 i
344 374 63 28 öfrigt
428 375 41 22 har
490 374 36 22 det
548 377 61 25 synts
624 374 124 22 Ständerna
763 374 87 22 enklare
865 374 42 22 och

157 410 102 27 riktigare
278 412 38 24 att,
337 409 7 21 i
360 410 70 21 stället
445 409 32 21 för
492 411 32 19 att
539 409 99 27 särskilja
654 410 42 21 den
710 410 30 20 till
756 409 151 22 kommunikä-

156 444 140 22 tionsfonden
318 444 107 27 utgående
447 444 91 22 andelen
558 444 24 21 af
599 444 191 22 bränvinsskatten
805 444 7 21 i
826 446 80 20 tvänne

157 481 79 25 poster,
252 479 128 26 bestämma,
399 481 31 19 att
449 478 56 22 hvad
525 484 49 16 som
593 478 84 28 inflyter
694 485 80 21 genom
792 478 114 22 bränvins-

157 514 92 26 skatten,
266 514 67 21 sedan
348 513 69 27 öfriga
432 513 6 21 i
454 513 41 21 den
511 513 79 27 nådiga
604 513 164 27 propositionen
782 513 124 27 uppräkna-

158 549 26 21 de
204 549 76 27 anslag
298 548 94 22 derifrån
412 547 109 29 afdragits,
538 548 53 22 skall
606 547 119 23 öfverföras
740 548 30 21 till
784 548 123 22 kommuni-

157 583 173 27 kationsfonden,
347 583 41 21 och
403 582 64 22 hafva
482 582 122 22 Ständerna
618 582 55 29 förty
689 583 7 21 i
710 583 94 27 enlighet
818 583 90 21 härmed

158 619 78 22 ändrat
258 618 36 22 det
315 618 8 21 i
345 618 43 22 den
410 618 79 27 nådiga
505 618 163 27 propositionen
683 618 107 27 ingående
806 618 102 27 förslaget

158 653 113 28 angående
286 653 139 27 användning
441 653 42 21 och
498 652 120 28 fördelning
633 652 24 22 af
669 652 166 28 ifrågavarande
844 652 63 22 skatt.

226 688 31 22 På
272 688 68 27 grund
356 687 23 23 af
392 688 35 22 det
442 687 65 23 ofvan
521 688 91 22 anförda
627 688 22 22 få
664 688 121 22 Ständerna
801 688 107 22 underdå-

158 724 58 28 nigst
231 723 95 22 anmäla:

364 775 32 21 att
415 774 125 22 Ständerna
557 773 101 29 godkänt,
678 775 33 21 att
724 774 54 28 från
794 774 115 21 bränvins-

294 809 86 22 skatten
394 809 72 21 under
479 808 56 22 åren
549 808 65 27 1889,
629 808 59 22 1890
702 808 37 22 och
753 808 55 22 1891
824 808 85 28 årligen

295 844 60 22 skola
369 844 52 28 utgå
436 843 97 29 följande
547 843 79 28 anslag
639 843 9 21 i
663 843 41 22 den
720 843 95 27 ordning
825 842 83 22 nedan-

295 879 36 28 för
346 880 107 27 upptages,
469 878 118 29 nemligen:

364 920 22 28 1)
402 920 132 28 Ersättning
550 920 34 21 till
598 919 126 22 statsverket

296 955 37 27 för
362 955 167 28 eftergifvandet
553 955 25 28 af
602 954 35 22 det
659 954 63 27 förra

296 989 333 29 bränvinsbränningsarrendet
649 1005 4 5 .
685 1006 4 4 .
719 1004 5 6 .
762 988 104 27 660,000:
881 1000 28 3 —

365 1024 25 28 2)
407 1024 44 22 Till
460 1024 123 22 kontrollen
595 1024 59 27 öfver
662 1024 64 21 brän-

295 1058 225 30 vinstillverkningen,
535 1058 125 28 förslagsvis
687 1076 1 4 .
719 1075 4 4 .
760 1056 106 28 200,000:
881 1069 28 2 —

364 1093 24 27 3)
415 1092 43 22 Till
481 1092 125 28 fördelning
634 1091 91 23 emellan

295 1127 101 29 samtliga
408 1127 72 23 lands-
488 1127 37 22 och
533 1126 190 27 stadskommuner,

298 1162 68 28 enligt
380 1168 82 16 samma
477 1162 97 28 grunder
589 1168 44 15 som
645 1161 79 22 härin-

297 1196 67 22 Mills.
396 1213 75 6 soc.
502 1212 5 5 so
538 1214 4 4 so
572 1212 41 6 so»
758 1194 152 27 400,000:
889 1190 24 40 —

636 1235 90 23 Summa
741 1234 127 28 1,260,000:
883 1247 26 3 —

364 1276 27 28 4)
410 1276 66 23 Hvod
493 1276 129 28 härutöfver
636 1276 90 28 inflyter
737 1282 77 22 genom
828 1274 81 28 ifräga-

296 1311 97 23 varande
411 1311 57 22 skatt
486 1310 66 29 ingår
570 1311 36 22 uti
622 1309 281 29 kommunikationsfonden

228 1363 102 21 Finlands
348 1363 91 22 Ständer
454 1364 124 21 framhärda
593 1366 40 19 etc.

228 1402 134 28 Helsingfors
378 1402 41 21 den
435 1403 26 21 29
477 1402 41 27 Maj
537 1402 59 21 1888.
