1114 1756
295 185 13 19 4
497 185 20 21 U.
533 183 22 22 B.
571 195 29 5 —
616 183 61 28 Prop.
693 184 35 21 N:o
744 182 38 23 28.

265 246 83 21 mindre
363 246 122 21 kostnader.
515 246 11 20 I
539 245 52 22 flera
605 246 38 21 fall
658 246 61 20 torde
734 246 36 20 det
782 245 78 27 jemväl
870 244 68 22 finnas
948 244 66 20 ända-

265 280 147 27 mäilsenligare
429 281 32 19 att
475 280 7 20 i
497 280 183 28 lagstiftningsväg
698 280 132 26 undanrödja
848 278 167 27 anledningarna

266 314 33 22 till
322 314 129 27 oordningar
466 315 27 20 än
507 315 33 20 att
555 314 82 22 belasta
653 314 152 22 kommunerna
819 314 49 21 med
882 312 133 28 upprätthäl-

266 349 62 21 lande
344 349 22 21 af
379 355 26 15 en
421 348 158 28 ordningsmakt
593 349 33 21 för
642 348 105 27 stäfjande
762 348 22 22 af
798 348 113 22 desamma.
940 347 75 22 Denna

267 383 139 27 anmärkning
420 383 77 21 hänför
512 383 31 27 sig
558 383 101 22 särskildt
673 383 33 22 till
717 383 25 21 de
753 382 204 28 lagöfverträdelser,
969 388 45 16 som

265 418 121 21 föranledas
400 418 23 21 af
436 419 31 20 ett
483 417 106 27 omättligt
603 417 101 27 njutande
719 417 22 21 af
756 418 132 26 rusdrycker.

334 452 70 21 Sedan
418 453 106 21 utskottet
539 452 47 21 med
602 453 35 20 det
652 452 88 22 anförda
755 453 53 20 trott
823 452 31 27 sig
864 451 64 22 hafva
936 450 78 28 ädaga-

267 487 51 26 lagt,
328 488 32 19 att
375 486 64 27 nägot
454 486 91 27 verkligt
559 486 65 22 behof
637 487 23 20 af
673 493 26 15 en
714 485 24 23 sä
748 487 136 27 organiserad
894 485 121 28 landtpolis,

267 527 45 16 som
333 521 40 21 den
396 521 125 27 föreslagna,
545 521 45 21 icke
605 520 119 25 förefinnes,
740 520 38 27 gär
792 520 105 21 utskottet
912 521 32 20 att
958 520 7 21 i
981 520 35 21 det

267 555 92 26 följande
383 555 104 26 redogöra
509 554 34 22 för
565 555 25 21 de
610 555 136 27 synpunkter,
767 555 73 21 hvilka
854 555 55 21 varit
923 555 93 21 bestäm-

267 589 76 22 mande
365 589 33 21 för
420 590 47 21 dess
490 588 134 28 uppfattning
647 595 34 15 om
699 589 163 27 olämpligheten
879 589 23 21 af
918 589 26 21 de
961 589 55 21 före-

267 624 73 27 slagna
355 623 133 26 ätgärderna.
518 623 40 22 Väl
573 623 39 21 har
627 623 105 22 utskottet
747 623 46 22 icke
808 623 81 21 kunnat
903 623 71 27 undgä
984 624 32 21 att

267 657 81 22 skänka
370 658 36 21 sitt
431 657 134 22 erkännande
581 657 22 22 ät
618 658 40 21 den
673 657 77 28 nädiga
764 657 166 28 propositionen,
944 657 34 22 för
993 657 23 22 sä

266 693 45 21 vidt
326 693 40 21 den
382 692 55 21 afser
452 699 26 14 en
493 692 120 27 utveckling
628 693 23 21 af
664 693 41 20 den
719 692 135 22 kommnnala
869 692 148 28 sjelfstyrelse-

266 727 114 26 principen.
411 726 49 21 Man
478 726 13 21 ä
505 727 68 20 andra
595 727 60 20 sidan
675 728 37 19 äro
728 727 26 21 de
769 726 147 22 förhällanden
930 726 87 27 mänga-

267 761 77 26 handa,
366 760 72 21 hvilka
459 761 39 20 hos
520 761 105 21 utskottet
649 761 63 21 väckt
734 761 169 27 betänkligheter
918 762 33 21 att
964 761 53 27 god-

271 795 71 21 känna
356 795 170 26 propositionens
540 795 203 28 detaljstadganden.

336 829 240 26 Kommunalnämnden,
599 829 62 22 hvars
685 829 125 28 åligganden
836 829 102 27 förslaget
962 829 55 22 afser

267 865 32 20 att
314 864 92 26 utvidga,
421 865 24 19 är
459 863 108 22 allaredan
583 870 41 21 nog
639 864 83 26 mycket
738 864 129 27 öfverhopad
882 863 23 22 af
913 863 103 28 göromål.

267 898 102 21 Förutom
392 898 40 21 den
455 898 105 27 egentliga
581 898 281 27 kommunalförvaltningen
884 897 40 22 och
946 898 71 27 fattig-

268 932 77 21 vården
368 932 39 21 har
430 932 41 21 den
485 932 40 22 fått
540 933 31 26 sig
586 932 94 22 åhvälfdt
695 932 109 22 inseendet
819 932 58 23 öfver
891 932 125 21 förvaltnin-

269 973 40 20 gen
324 967 23 20 af
360 966 121 28 omyndiges
497 967 107 27 egendom,
619 967 141 21 insamlandet
770 967 24 22 af
802 967 119 22 statistiska
928 967 89 26 primär-

269 1001 112 28 uppgifter,
404 1001 152 22 lösdrifveriets
579 1001 111 28 stäfjande,
714 1008 110 21 omsorgen
840 1009 35 14 om
890 1001 127 27 sjukvården

270 1036 38 21 och
324 1036 166 26 vaccinationen,
506 1036 124 22 biträdande
645 1035 35 22 vid
690 1036 195 27 mantalsskrifning
894 1035 40 23 och
944 1037 74 20 värne-

271 1070 157 27 pligtsuppbåd.
458 1070 41 21 Det
514 1071 39 20 har
569 1071 30 27 sig
614 1071 65 21 redan
694 1070 58 22 svårt
767 1072 33 20 att
810 1071 81 21 erhålla
901 1071 117 22 ledamöter

269 1105 7 20 i
291 1104 229 22 kommunalnämnden
535 1105 40 22 och
591 1105 152 22 ordförandens
758 1105 78 22 arvode
850 1105 68 22 måste
933 1105 84 27 gradvis

270 1139 62 26 höjas
346 1139 7 21 i
368 1139 132 22 förhållande
515 1139 33 22 tlll
562 1140 26 21 de
605 1139 67 22 ökade
682 1139 128 28 göromälen.
832 1139 32 22 Då
873 1140 144 21 ledamöterne

268 1173 7 20 i
297 1173 228 22 kommunalnämnden
549 1174 65 27 enligt
635 1174 101 27 förslaget
759 1174 68 21 skulle
848 1174 66 27 väljas
937 1180 26 16 en
985 1173 33 22 för

270 1207 73 27 hvarje
366 1207 218 28 fattigvårdsdistrikt,
604 1208 24 21 så
642 1208 125 21 förutsätter
782 1208 60 21 detta
856 1209 32 20 att
902 1208 117 22 nämndens

269 1241 119 22 ledamöter
404 1242 67 21 skulle
487 1241 64 22 blifva
565 1242 46 27 fyra
626 1242 51 21 eller
691 1242 42 22 fem
748 1242 80 27 gånger
843 1243 23 20 så
881 1242 77 28 många
972 1248 45 16 som

269 1277 33 20 för
324 1277 137 20 närvarande.
493 1277 41 21 Det
558 1283 50 15 vore
623 1277 7 20 i
645 1277 89 27 sanning
756 1277 46 21 icke
825 1277 41 21 lätt
888 1279 32 19 att
941 1277 7 21 i
968 1276 51 22 våra

271 1309 143 26 landsbygder
436 1310 57 20 finna
513 1310 22 21 så
550 1309 77 27 många
641 1315 101 21 personer
757 1310 47 21 med
820 1311 27 20 de
861 1310 77 27 nödiga
954 1309 65 28 qvali-

269 1343 147 26 fikationerna,
439 1343 122 27 isynnerhet
583 1344 27 21 då
631 1349 48 16 man
703 1344 129 27 öfverväger,
855 1345 31 20 att
913 1345 26 20 de
962 1344 57 21 olika

270 1377 138 28 egenskaper,
424 1384 44 15 som
484 1378 105 21 erfordras
605 1378 33 21 för
653 1380 32 19 att
700 1385 50 15 vara
764 1385 26 15 en
806 1379 72 27 duglig
887 1379 132 21 kommunal-

269 1419 56 20 man,
340 1412 47 22 icke
403 1414 36 20 äro
455 1413 108 21 desamma
579 1418 44 16 som
638 1413 85 22 komma
737 1413 33 22 till
786 1413 128 42 användning
931 1414 4 3 i
930 1421 6 14 i
946 1413 73 28 yrkes-

270 1447 94 27 polisens
378 1447 180 28 tjensteutöfning.

339 1481 134 22 Sistberörda
488 1481 50 27 kall,
553 1482 80 21 hvilket
644 1483 66 26 enligt
719 1482 103 28 förslaget
831 1483 114 21 innefattar
955 1483 64 21 bland

270 1518 64 20 annat
356 1516 119 27 skyldighet
499 1518 32 19 att
553 1517 71 21 skrida
639 1517 33 20 till
686 1517 214 28 häktningsåtgärder
914 1518 56 21 samt
984 1517 35 22 vid

337 1555 188 19 Ekonomiutskottets
539 1555 114 20 betänkande
665 1556 38 19 N:o
716 1557 29 17 10.
