1123 1675
273 129 26 32 n»
524 133 16 19 U.
553 133 16 19 B.
581 143 23 3 —
615 133 46 23 Prop.
673 133 28 19 k:o
712 133 25 19 27.

387 196 128 28 hållningen
531 196 8 21 i
553 195 214 29 bevillningsmedlen
788 196 37 20 vid
847 197 58 20 1888
921 196 36 21 års
972 199 34 18 ut-

386 230 59 27 gång
471 230 38 21 och
534 229 122 22 inkomsten
680 229 69 21 under
774 230 54 20 åren
852 230 65 26 1889,
939 231 66 26 1890,

387 264 58 21 1891
467 264 31 27 af
511 263 111 28 följande
638 263 144 28 bevillningar
797 264 118 27 nämligen:
939 266 66 19 stäm-

383 297 166 28 pelbevillning,
578 297 117 28 bevillning
717 297 45 28 för
789 297 63 22 tobak
879 297 39 22 och
942 299 64 20 malt-

387 331 98 29 drycker,
507 335 62 18 extra
592 332 117 27 bevillning
726 331 46 28 för
793 332 95 28 spelkort
912 332 39 21 och
965 334 40 20 nä-

385 365 178 30 ringsbevillning
589 367 31 28 af
642 365 151 30 uiländingar,
823 366 74 22 hvilka
920 367 7 21 i
948 367 57 21 Fin-

386 400 54 22 land
462 400 54 22 idka
538 401 79 22 handel
640 401 52 21 eller
714 407 75 16 annan
811 402 87 27 näring,
921 403 30 20 än
966 401 39 22 ock

387 434 110 23 Finlands
514 435 76 22 Banks
609 435 157 28 odisponerade
781 435 124 22 vinstmedel
920 436 37 22 vid
972 439 33 18 ut-

384 470 86 27 gängen
485 471 31 26 af
527 471 27 20 är
568 471 65 20 1887.

316 600 42 23 Uti
379 600 173 30 behandlingen
575 601 26 22 af
622 601 64 22 detta
708 602 85 22 ärende
815 601 71 23 hafva
905 602 100 30 deltagit

249 634 155 23 ordföranden
425 634 108 23 Friherre
555 635 67 29 Boije
645 638 60 19 samt
725 635 158 23 ledamöterne
897 636 107 23 Friherre

247 668 30 22 K.
292 669 184 29 Langanskiöld,
498 669 129 28 Hackman,
653 669 119 27 Kihlman,
791 670 103 29 Donner,
909 670 95 23 Daniel-

249 710 48 21 son,
326 703 144 27 Nordström,
499 704 93 28 Elving,
620 703 92 27 Heikel,
743 703 131 30 Lindblom,
907 700 97 31 Öhman,

248 737 127 28 Meurman,
390 737 75 29 Värri,
487 738 81 22 Klami
582 738 44 22 och
636 738 97 29 Kiipula
749 738 119 23 äfvensom
883 740 121 28 supplean-

249 773 40 20 ten
303 772 140 29 Lagerborg.

317 834 148 29 Helsingfors
481 835 45 21 den
543 837 26 20 17
584 834 47 29 Maj
649 836 62 21 1888.

373 1464 7 2 —
384 1464 127 27 Felsingfors,
520 1473 187 16 Hufvudstadebladets
716 1474 80 19 tryckeri,
805 1475 41 15 1886.
