1081 1739
292 138 31 23 U.
337 138 38 23 B.
391 150 27 4 —
433 138 97 30 Prop.
546 138 53 23 N:o
613 139 48 22 16.

373 444 181 28 Lagutskottets
578 444 153 23 betänkande
754 445 32 22 N:o
808 446 12 21 5
841 447 6 21 i

305 478 99 28 anledning
428 478 21 22 af
472 478 46 22 Hans
539 479 104 28 Kejserliga
664 479 95 28 Majestäts
781 479 66 29 nådiga

305 513 119 28 proposition,
440 512 93 28 angående
547 513 69 21 lärares
636 513 32 21 och
690 514 112 22 lärarinnors
817 515 32 21 vid

304 547 213 26 elementarläroverken,
531 547 107 22 läroverken
654 547 29 22 för
699 548 148 29 gvinnobildning

305 583 46 19 samt
377 581 162 22 folkskolelärare-
563 582 34 21 och
625 582 222 23 lärarinneseminarierna

304 615 67 28 afgäng
385 622 23 14 ur
423 616 80 28 tjensten
518 616 30 21 vid
562 616 37 21 viss
614 615 56 22 älder.

168 679 102 26 Samtliga
285 678 89 21 ständen
389 678 64 21 hafva
467 679 119 21 remitterat
601 678 68 22 denna
678 679 77 27 nädiga
769 686 77 22 propo-

99 714 91 27 position
205 712 34 22 för
253 712 154 22 förberedande
421 712 128 27 behandling
566 713 32 21 till
620 713 155 27 Lagutskottet,
791 717 55 20 samt

100 746 160 23 Presteständet
275 746 100 27 derjemte
390 746 32 22 till
437 746 173 27 Statsutskottet;
634 747 39 21 och
688 747 39 22 har
741 748 105 23 utskottet

100 781 91 22 derefter
213 781 28 27 pä
263 781 60 26 gjord
345 781 97 20 anhällan
459 780 85 22 erhällit
559 781 33 21 del
607 781 21 21 af
643 781 25 22 de
691 782 34 21 vid
748 784 98 21 ärendets

100 815 127 27 behandling
241 815 8 20 i
263 814 119 28 Kejserliga
397 815 91 22 Senaten
502 815 110 22 tillkomna
631 815 130 28 handlingar,
784 817 62 22 hvar-

100 850 39 22 hos
153 850 106 21 utskottet
280 849 104 21 inhemtat
406 850 32 20 att
463 849 72 22 dervid
557 849 69 27 nägon
648 851 131 27 omröstning
799 852 47 21 icke

98 883 108 23 förefallit.

166 987 11 21 I
192 987 26 21 de
232 987 81 26 länder,
333 986 37 21 der
391 986 133 27 lagstiftaren
547 986 6 21 i
575 986 57 27 regel
654 986 20 27 ej
696 987 108 22 tillerkänt
819 989 26 21 de

99 1021 168 22 administrativa
281 1020 175 27 myndigheterna
470 1020 108 27 rättighet,
594 1022 32 19 att
641 1020 89 22 afskeda
751 1022 94 27 statstje-

98 1062 57 19 nare,
171 1057 60 20 utom
247 1055 27 22 dä
289 1055 25 22 de
330 1055 72 21 derom
418 1055 76 21 ansökt
508 1055 52 21 eller
581 1054 68 21 blifvit
667 1055 3 20 i
685 1055 49 27 laga
756 1057 89 27 ordning

99 1091 76 20 dömde
191 1090 90 26 tjensten
295 1089 118 27 förlustige,
429 1088 39 21 har
483 1095 48 15 man
546 1088 28 27 pä
592 1095 75 15 senare
689 1089 62 27 tider,
772 1090 8 21 i
803 1092 42 20 sta-

98 1127 47 19 tens
157 1123 39 22 och
206 1123 122 22 samhällets
338 1123 90 22 intresse
438 1123 65 21 infört
517 1123 129 26 stadganden
662 1129 33 16 om
711 1125 32 20 att
757 1124 88 27 tjenste-

98 1160 49 20 män
161 1158 36 22 vid
212 1157 99 28 uppnädd
326 1158 43 21 viss
385 1157 58 22 älder
459 1159 37 20 äro
512 1157 92 28 skyldige
620 1159 32 20 att
667 1157 48 28 afgä
729 1158 48 22 frän
799 1159 45 22 sina

97 1192 154 23 innehafvande
261 1192 149 27 befattningar.
432 1192 50 21 Man
492 1193 39 20 har
542 1191 88 22 sålunda
639 1192 57 21 velat
706 1192 138 28 förekomma,

99 1228 35 20 det
149 1227 71 26 gamla
234 1226 143 27 statstjenare,
393 1226 71 21 hvilka
478 1226 20 27 ej
512 1226 72 21 vidare
606 1232 49 15 vore
670 1227 7 20 i
693 1227 114 27 besittning
822 1227 23 22 af

98 1261 53 22 fulla
165 1260 226 27 själsförmögenheter,
407 1260 33 22 till
455 1260 66 21 skada
535 1260 34 21 för
591 1260 36 21 det
648 1260 112 27 allmänna,
784 1267 59 21 gvar-

99 1295 61 21 stode
175 1295 8 21 i
198 1295 45 21 sina
257 1294 148 27 befattningar.
435 1294 33 21 En
483 1294 65 21 sädan
563 1293 132 28 äldersgräns
711 1296 24 20 är
753 1295 34 22 för
801 1296 43 21 alla

101 1329 135 26 statstjenare
251 1329 69 21 införd
342 1329 7 20 i
371 1328 103 21 särskilda
496 1328 24 21 af
540 1328 116 27 Tysklands
678 1330 73 25 stater,
773 1330 16 21 t.
812 1336 31 15 ex.

101 1363 92 20 Sachsen
209 1363 39 20 och
263 1362 149 26 Wärtemberg
427 1362 39 21 och
481 1364 23 18 är
519 1363 39 19 här
571 1363 8 19 i
594 1362 115 20 allmänhet
730 1363 114 26 uppnådda

100 1396 26 20 65
143 1395 106 21 lefnadsär
264 1396 40 21 den
319 1397 70 25 gräns,
403 1395 35 21 vid
453 1395 85 21 hvilken
552 1395 166 26 tjenstemannen
735 1395 48 27 kan,
799 1398 44 19 mot

100 1429 124 27 åtnjutande
238 1429 23 21 af
282 1430 91 27 lagenlig
395 1429 94 27 pension,
512 1428 23 22 af
554 1428 88 28 behörig
662 1429 129 27 myndighet,
804 1432 39 19 när

99 1464 56 21 helst
165 1464 41 21 den
216 1463 23 22 sä
254 1463 33 22 för
301 1464 52 27 godt
367 1464 73 25 finner,
456 1463 122 27 entledigas.
601 1458 67 26 Äfven
682 1463 8 21 i
704 1463 84 29 Sverige
803 1464 40 22 och

167 1504 138 23 Lagutskottets
318 1504 112 18 betänkande
442 1506 29 16 No
483 1504 17 17 5.
