1109 1745
352 133 24 25 U:
392 134 23 24 B.
429 139 29 12 —
474 131 63 33 Prop.
552 135 39 23 N:o
607 135 33 25 13:
817 138 29 20 15

416 308 82 30 Kap.
514 309 52 23 II.

182 372 12 22 I
210 371 60 23 detta
289 371 83 28 kapitel
392 374 38 20 äro
449 372 151 28 stadgandena
615 378 33 16 om
662 373 55 21 huru
731 372 142 28 äktenskaps-

115 406 74 22 förord
203 406 62 22 skola
279 407 115 27 upprättas
408 408 56 21 samt
478 407 97 28 lagligen
590 406 95 23 bevakas
704 406 97 28 intagna.
831 407 40 21 Be-

114 440 165 27 stämningarna
288 440 131 23 härutinnan
434 441 8 21 i
458 442 55 21 1868
529 441 36 22 års
580 440 125 28 förordning
718 441 68 22 håfva
795 441 76 22 under-

114 474 50 28 gått
180 474 91 28 ändring
290 474 77 22 endast
384 475 24 22 så
423 475 35 22 till
472 474 52 23 vida
538 475 80 22 sådant
631 475 35 22 till
680 475 54 28 följd
749 475 25 22 af
787 475 37 22 det
838 476 32 21 ut-

112 509 95 28 vidgade
222 509 111 28 omfånget
347 509 35 22 för
396 509 231 28 äktenskapsförordet
641 509 73 23 blifvit
728 509 146 32 nödvändigt,

112 542 39 23 och
166 549 64 16 anser
244 543 107 23 utskottet
365 543 58 29 förty
438 545 32 25 ett
484 547 100 19 närmare
598 544 143 23 utvecklande
756 544 25 22 af
788 544 80 28 grund-

110 575 100 25 satserna
223 577 9 23 i
247 573 61 27 detta
329 578 83 27 kapitel
434 578 48 23 icke
505 585 55 16 vara
589 579 25 22 af
636 578 101 23 behofvet
760 579 110 28 påkallad.

110 613 60 22 Inom
192 613 108 22 utskottet
320 613 42 22 har
384 613 54 22 dock
452 613 8 22 i
475 614 161 28 öfvervägande
650 613 94 28 kommit,
760 613 106 23 huruvida

111 647 41 22 den
167 647 8 23 i
190 648 13 27 8
219 649 12 21 3
246 647 109 28 ingående
369 647 165 29 bestämningen
549 649 34 22 att
596 649 82 27 makar,
693 647 75 24 hvilka
783 649 37 21 äro
834 649 34 20 ut-

110 681 64 24 rikes
186 682 89 28 boende,
290 688 49 17 men
353 682 53 28 vilja
421 684 35 20 att
470 683 206 28 äktenskapsförord
691 683 56 22 skall
762 682 58 28 gälla
835 688 33 15 om

110 716 112 29 fastighet,
238 723 44 16 som
297 716 27 23 de
339 723 42 22 ega
395 717 9 22 i
418 717 99 28 Finland,
533 718 53 21 böra
600 717 56 22 inom
673 718 25 21 år
708 717 38 22 och
760 717 43 28 dag
813 716 59 23 efter

110 751 85 28 vigseln
216 751 52 27 inge
288 751 97 22 förordet
406 751 34 22 till
458 754 74 20 rätten
547 752 8 22 i
570 752 41 22 den
626 753 40 25 ort,
682 751 39 23 der
736 752 131 27 egendomen

109 785 75 28 finnes,
200 786 73 22 kunde
287 786 71 22 tolkas
374 786 88 27 derhän,
478 788 34 20 att
527 786 65 22 äfven
607 786 28 22 då
646 785 121 28 äktenskap
775 785 91 23 emellan

108 820 140 28 ttländingar
266 820 85 28 ingåtts
370 822 58 21 utom
442 820 101 28 Finland,
558 827 49 16 men
622 820 102 23 makarne
742 820 121 22 sedermera

107 855 123 23 förvärfvat
244 855 106 28 fastighet
364 856 40 21 här
418 855 8 22 i
440 856 81 27 landet,
536 855 191 28 bestämningarna
741 855 8 22 i
763 855 57 22 finsk
826 855 40 27 lag

108 896 32 16 om
162 889 128 29 giftorätten
309 889 49 23 med
376 889 101 23 afseende
497 891 13 21 å
531 889 70 24 denna
616 890 104 29 egendom
734 889 72 23 blefve
820 889 45 28 gäl-

116 924 62 29 ande,
195 925 38 22 der
247 925 20 28 ej
282 924 74 23 förord
370 925 8 22 i
392 925 52 28 laga
458 925 92 28 ordning
566 926 129 27 upprättats,
710 931 50 16 men
774 924 40 22 har
831 926 34 20 ut-

106 959 84 23 skottet
211 961 73 21 ansett
306 966 26 15 en
353 959 69 22 sådan
443 959 99 28 tolkning
557 960 105 22 uteslutas
677 965 77 22 genom
770 959 40 22 den
826 959 39 22 all-

106 991 81 30 männä;
199 993 175 28 rättsprincipen,
390 995 34 21 att
439 993 27 23 de
481 994 152 28 civilrättsliga
647 993 137 28 påföljderna
798 993 26 22 af
837 1000 27 15 en

106 1028 161 28 rättshandling
288 1028 70 23 måste
379 1028 122 23 bedömmas
524 1028 70 29 enligt
612 1028 37 23 det
663 1027 62 23 lands
739 1028 69 28 lagar,
825 1027 39 23 der

106 1063 132 27 handlingen
252 1063 66 22 skett.

175 1097 75 22 Ehuru
271 1103 75 22 genom
370 1104 27 15 en
418 1097 122 29 jemförelse
562 1098 50 22 med
630 1097 132 28 stadgandet
790 1096 8 22 i
819 1096 10 29 $
846 1099 13 18 2

105 1131 103 28 möjligen
228 1131 73 23 kunde
322 1131 86 29 framgå
436 1133 40 27 att,
504 1133 38 21 der
571 1132 41 22 den
642 1131 61 23 öfver
732 1131 131 28 egendomen

104 1166 123 28 uppgjorda
248 1166 164 28 förteckningen
434 1167 20 28 ej
477 1169 25 20 är
516 1169 110 26 upptagen
641 1167 8 21 i
664 1165 70 29 sjefva
748 1165 115 23 förordsaf-

104 1200 140 28 handlingen,
252 1196 10 37 .
264 1202 54 21 utan
332 1201 77 22 endast
432 1201 122 22 densamma
577 1201 95 28 bifogad,
693 1200 41 23 den
754 1200 54 23 dock
823 1200 39 22 bör

102 1235 68 28 jemte
188 1234 100 23 förordet
303 1235 9 22 i
327 1235 34 22 sin
375 1235 73 23 helhet
462 1235 87 29 intagas
564 1236 8 21 i
587 1236 92 22 Rättens
693 1235 113 28 protokoll,
822 1235 42 22 har

104 1271 108 21 utskottet
226 1270 63 22 aktat
304 1271 33 21 ett
355 1270 163 29 förtydligande
532 1270 79 29 tillägg
625 1271 74 22 härom
714 1269 8 22 i
737 1270 33 27 $n
777 1269 84 28 nödigt.

894 1097 12 28 8
924 1098 24 22 4.
