1103 1728
113 367 32 26 86
157 360 54 37 mom.
222 360 22 37 f)

179 1088 48 27 87.

181 1224 10 30 S
209 1226 19 21 8.

276 131 12 20 6
499 132 19 23 U.
534 132 19 22 B.
569 144 28 3 —
611 131 54 28 Prop.
682 131 33 23 N:o
731 131 18 22 II.

244 194 78 27 jemväl
336 194 8 21 i
359 194 63 27 öfrigt
437 194 156 22 omformulerat
616 194 58 21 detta
691 200 62 15 mom.
769 193 32 22 till
816 195 96 20 närmare
927 192 66 22 öfver-

248 228 156 21 ensstämmelse
426 229 47 20 med
495 229 163 26 stadgandena
647 223 17 37 i
677 229 53 21 1883
753 229 35 20 års
810 227 127 27 förordning,
955 227 39 21 har

246 262 106 24 utskottet.
374 262 68 27 tillagt
457 269 26 15 en
499 263 113 27 antydning
627 264 32 20 att
672 262 129 22 tillkomsten
817 261 22 22 af
849 262 87 27 jernväg
955 260 39 22 och

248 297 66 21 andra
328 297 27 26 pä
370 296 89 22 trafiken
473 297 127 22 inverkande
615 297 143 22 förhällanden
773 296 35 22 vid
823 296 110 28 förslagets
943 302 52 21 upp-

248 331 92 26 görande
356 331 52 21 böra
422 333 59 25 tagas
496 332 7 20 i
518 332 144 21 betraktande.

315 364 38 22 Uti
374 367 32 19 ett
427 366 83 27 tillagdt
532 372 61 16 mom.
609 366 16 27 f)
640 366 38 21 har
700 366 104 21 utskottet
824 364 127 22 föreskrifvit
965 366 32 20 att

249 398 100 27 förslaget
370 399 40 22 bör
428 403 91 24 upptaga
532 400 77 27 jemväl
625 400 35 22 det
675 400 57 22 antal
746 400 168 26 reservskjutsar,
929 405 46 15 som
989 398 8 22 i

251 433 77 28 dygnet
343 434 39 21 bör
396 433 45 23 frän
456 434 72 28 hvarje
543 435 148 21 reservstation
706 436 91 25 utgöras.
819 435 32 21 Dä
866 434 62 22 näml.
940 435 57 20 vänt-

250 468 119 27 ningstiden
384 468 34 22 vid
432 470 200 21 reservstationerna
646 469 122 22 inskränkes
784 468 32 22 till
831 475 26 15 en
872 469 71 21 timme
959 468 38 21 och

251 502 129 27 skjutslegan
395 502 46 22 frän
457 504 106 21 desamma
577 503 124 23 bestämmes
716 503 43 22 lika
774 503 47 22 med
837 503 39 21 den
887 502 46 22 frän
943 503 56 26 gäst-

251 536 129 27 gifverierna,
396 537 74 21 blifver
482 538 41 26 det,
539 538 65 26 enligt
618 538 114 22 utskottets
748 538 60 26 äsigt,
824 536 127 28 nödvändigt
967 538 31 20 att

251 569 104 27 begränsa
377 573 172 25 entreprenörens
571 571 252 29 skjutsningsskyldighet,
846 571 32 22 för
899 572 32 20 att
953 570 46 22 icke

252 605 257 27 entreprenadkostnaden
524 606 54 22 skall
593 606 133 22 öfverhöfvan
741 606 127 27 uppdrifvas.

320 639 60 21 Inom
396 640 103 21 utskottet
515 640 38 22 har
567 641 100 27 derjemte
682 640 59 27 fråga
756 641 79 24 väckts,
851 640 47 22 att
889 635 10 37 i
909 640 32 26 $:n
947 639 53 27 jem-

252 672 34 21 väl
301 672 66 22 borde
382 674 111 27 inrymmas
509 676 30 20 ett
561 675 115 26 stadgande
694 674 108 27 angäende
817 674 182 26 omröstningssät-

253 708 31 20 tet
299 707 38 21 och
352 707 144 27 pluralitetens
511 709 140 26 beräknande,
667 709 27 22 dä
708 709 120 27 skiljaktiga
842 709 78 26 äsigter
934 713 65 22 yppas

253 740 35 22 vid
309 741 158 26 ifrägavarande
489 743 164 26 sammanträde;
676 749 47 16 men
745 743 27 22 dä
790 743 110 26 förslagets
915 744 85 25 upprät-

254 775 64 22 tande
332 775 80 28 äligger
426 776 144 28 kronofogden
589 778 38 21 och
642 778 67 21 denne
725 778 30 21 uti
770 784 63 15 mom.
848 778 24 27 g)
888 777 50 24 (lika
953 776 48 22 med

254 815 62 16 mom.
333 811 19 26 €)
368 811 8 20 i
390 813 67 25 prop.)
478 811 84 28 älägges
577 814 32 20 att
624 812 68 22 deruti
708 815 92 25 upptaga
815 812 26 21 de
856 811 55 22 olika
926 811 75 28 yrkan-

256 844 46 26 den,
324 851 46 14 som
392 845 34 20 vid
449 845 151 28 förrättningen
622 846 120 27 framstälts,
765 849 55 20 samt
844 845 157 23 vederbörande

255 878 107 22 dessutom
384 885 39 20 ega
444 881 43 20 rätt
505 882 32 20 att
552 881 31 21 till
599 881 135 22 Guvernören
747 881 107 22 inkomma
868 881 48 21 med
931 879 70 22 skrift-

254 912 43 27 liga
319 913 161 28 anmärkningar
502 917 44 19 mot
567 915 105 27 förslaget,
694 916 38 21 har
754 916 103 21 utskottet
872 915 45 21 icke
933 915 69 20 ansett

255 947 65 27 nägot
334 949 65 20 annat
412 948 110 23 uttalande
544 950 108 27 angäende
667 952 65 19 sättet
746 951 33 20 för
794 949 207 27 öfverläggningarne

255 987 51 16 vara
321 981 22 21 af
356 981 75 28 nöden,
447 985 26 19 än
489 983 40 22 den
549 984 119 27 antydning,
686 991 44 15 som
744 984 66 27 ligger
825 983 75 28 deruti,
916 984 32 21 att
961 982 42 22 för-

256 1015 67 27 slaget
338 1018 108 25 upprättas
461 1017 30 26 af
501 1018 144 27 kronofogden
660 1019 7 20 i
682 1019 88 21 samråd
785 1019 47 20 med
840 1019 163 21 kommunernas

257 1050 78 22 ombud
350 1050 39 22 och
404 1050 210 24 kronolänsmännen.

323 1085 11 22 I
350 1085 14 28 8
380 1086 12 21 7
407 1086 38 21 har
467 1087 103 22 utskottet
592 1088 76 21 ändrat
683 1088 39 21 den
737 1088 37 25 tid,
789 1087 57 23 inom
861 1087 84 22 hvilken
960 1086 43 23 Gu-

256 1122 113 20 vernörens
392 1121 67 27 utslag
481 1122 54 21 skall
557 1123 105 21 meddelas
680 1123 157 24 kommunerna,
852 1123 46 22 från
914 1125 31 18 tre
960 1128 44 14 vec-

256 1153 39 22 kor
317 1155 32 20 till
372 1156 85 25 ,trettio
474 1156 84 27 dagar",
575 1157 88 21 emedan
679 1157 40 22 den
733 1157 57 22 förra
804 1157 58 22 tiden
876 1157 8 21 i
899 1156 54 22 vissa
967 1155 36 22 fall

257 1190 79 21 ansetts
351 1195 51 16 vara
416 1189 32 22 för
462 1190 55 22 kort.

327 1223 80 22 Genom
430 1224 35 21 det
487 1225 74 28 utslag,
584 1232 45 15 som
652 1226 134 22 Guvernören
806 1227 26 24 pä
846 1225 67 27 grund
929 1224 20 22 af
965 1225 11 26 8
991 1225 12 20 7

257 1263 49 19 eger
328 1257 102 26 meddela,
453 1258 132 26 bestämmes,
607 1260 64 21 bland
686 1263 70 19 annat.
772 1260 40 21 den
827 1259 129 26 ungefärliga
970 1258 35 21 be-

257 1289 125 27 lägenheten
405 1291 22 20 af
447 1291 72 26 hvarje
541 1293 152 26 skjutsanstalt,
708 1293 135 26 hvarigenom
858 1293 25 21 de
899 1298 34 15 om
950 1293 55 25 gäst-

257 1323 194 28 gifverihållningen
473 1325 90 23 täflande
587 1326 162 27 spekulanterna
773 1327 67 22 måste
865 1327 85 21 komma
974 1327 32 20 att

257 1357 147 23 företrädesvis
426 1361 85 25 utgöras
533 1360 23 22 af
568 1367 108 21 personer,
691 1361 81 22 hvilkas
786 1361 122 27 lägenheter
922 1359 83 24 befinna

258 1392 31 27 sig
304 1392 56 22 inom
376 1393 40 21 den
431 1393 34 29 by,
480 1394 84 22 hvarest
579 1396 104 22 anstalten
697 1395 112 23 förklarats
825 1396 84 21 komma
923 1397 33 20 att
965 1395 41 22 för-

258 1426 78 28 läggas.
366 1427 49 22 Med
438 1428 96 22 afseende
557 1428 52 23 härå
631 1430 39 22 och
685 1430 27 22 då
727 1430 145 22 erfarenheten
886 1429 67 23 tillika
968 1429 37 27 gif-

258 1466 37 16 ver
309 1461 35 22 vid
358 1461 88 29 handen,
462 1464 32 20 att
509 1464 161 26 spekulanterna
679 1465 13 21 &
705 1464 197 28 skjutshållningens
917 1464 90 22 öfverta-

326 1502 185 20 Ekonomiutskottets
524 1504 115 18 betänkande
651 1506 36 16 N:o
700 1505 16 18 8.
