1092 1725
434 103 40 21 N:o
492 105 31 19 11.
798 104 25 20 15

103 170 112 27 Pyhäjärvi
237 170 124 22 kommuner
375 172 7 20 i
397 171 117 27 Uleåborgs
535 172 40 26 län,
592 172 25 20 de
633 171 53 21 enda
700 172 58 20 inom
773 172 79 26 landet,

104 204 92 22 förutom
219 205 126 21 Kärsämäki
368 206 100 21 kommun
482 206 7 20 i
505 206 103 27 sistsagda
626 206 40 25 län,
682 206 83 20 hvilkas
781 206 71 21 skrift-

103 239 43 26 liga
168 239 112 27 yttranden
295 240 7 20 i
318 242 71 19 ämnet
406 240 119 26 inhemtats,
542 240 62 21 hafva
619 240 118 20 framhållit
752 240 100 20 behofvet

104 273 23 20 af
148 280 26 13 en
195 273 135 27 nedsättning
352 274 48 20 utaf
419 274 92 20 nämnda
533 274 52 26 lega,
602 274 66 20 ehuru
682 274 46 19 icke
743 274 67 20 heller
826 274 25 20 de

103 306 80 22 kunnat
206 313 34 15 om
262 307 99 26 beloppet
381 313 56 15 enas.
466 307 50 20 Med
533 307 111 26 anledning
658 307 62 20 häraf
734 309 55 18 samt
804 307 49 21 med

104 340 99 21 afseende
218 341 13 20 å
245 347 28 14 nu
294 341 93 21 rådande
409 341 189 27 prisförhållanden
622 342 38 20 och
676 341 67 26 öfriga
760 341 12 21 å
788 342 64 21 saken

104 375 105 21 verkande
233 375 184 27 omständigheter,
441 376 40 21 har
503 375 65 22 denna
591 376 48 26 lega
654 377 80 20 ansetts
750 376 52 21 böra
817 376 35 21 be-

104 411 107 24 stämmas,
232 409 47 22 från
294 409 47 22 stad
356 410 33 21 till
406 413 24 19 18
446 411 63 26 penni
524 410 32 21 för
570 410 118 27 kilometer,
704 410 147 21 motsvarande

106 445 59 25 19,24
190 445 62 26 penni
275 444 33 21 för
322 447 64 24 verst,
403 445 37 21 och
456 445 27 27 på
498 445 70 21 landet
583 445 33 21 till
634 447 25 19 14
674 445 62 26 penni
752 444 32 21 för
800 445 53 21 kilo-

104 481 67 19 meter
193 479 52 21 eller
269 482 59 23 14,96
345 480 63 26 penni
430 480 33 21 för
482 481 63 25 verst,
562 480 37 21 och
614 480 38 21 har
668 479 136 27 fördenskull,
820 480 31 21 uti

103 513 102 28 förslaget
221 514 33 21 till
269 514 113 27 ändringar
397 515 7 20 i
419 514 138 22 omförmälda
572 515 131 26 kungörelse,
720 514 64 27 sagde
797 515 11 27 &
820 521 31 14 er-

103 547 63 22 hällit
181 554 25 15 en
221 548 88 21 härmed
325 548 226 22 öfverensstämmande
567 549 114 20 förändrad
695 549 87 27 lydelse.

175 583 95 21 Emedan
292 583 135 21 föreskriften
444 584 7 20 i
466 584 11 27 $
494 586 10 18 2
521 583 23 21 af
556 583 91 21 berörda
669 584 126 26 kungörelse
817 584 36 20 be-

104 617 103 21 träffande
230 618 146 26 skyldigheten
399 617 32 21 för
453 618 100 21 kommun
576 620 31 19 att
622 624 71 14 ensam
708 618 144 27 upprätthälla

104 651 132 27 bätskjutsen
251 652 36 21 vid
301 652 152 27 skjutsanstait,
469 653 36 20 der
519 652 65 22 sådan
597 652 117 27 skjutsning
724 652 128 28 ifrägakom-

104 692 50 20 mer,
176 692 59 20 synes
255 687 32 21 stä
303 687 6 20 i
325 686 54 22 strid
395 686 48 21 med
458 686 25 21 de
498 688 7 20 i
520 686 114 22 allmänhet
648 686 98 26 gällande
761 686 91 28 grunder

104 721 32 21 för
152 721 237 27 skjutsningsbesvärets
402 722 121 26 utgörande,
534 723 38 21 har
582 722 89 20 nämnde
682 722 10 27 $
703 722 151 22 underkastats

104 755 88 27 ändring
207 756 7 20 i
229 756 54 27 syfte
298 758 32 20 att
345 756 22 22 fä
382 756 67 21 denna
463 757 119 27 skyldighet
593 756 133 27 öfverflyttad
737 757 28 27 pä
776 758 76 26 skjuts-

104 791 58 27 laget
176 790 7 21 i
199 790 47 22 dess
263 791 79 21 helhet.

176 826 42 20 För
233 826 64 27 öfrigt
312 827 39 20 och
366 832 51 20 som,
432 826 27 26 pä
475 828 42 20 sätt
533 826 22 22 af
568 826 159 22 Guvernörerne
742 827 6 21 i
779 826 74 28 Nylands

105 861 39 20 och
158 860 129 21 Tavastehus
303 861 35 20 län
352 860 109 27 päpekats,
477 861 125 26 stadgandet
618 861 7 21 i
640 861 11 27 $
668 862 11 19 3
695 861 23 20 af
727 861 65 27 sagda
802 861 51 22 kun-

104 895 87 26 görelse,
208 896 31 19 att
255 895 146 26 skjutsanstalt
411 895 8 20 i
430 895 47 20 stad
494 895 38 21 och
547 895 27 27 pä
590 895 71 21 landet
672 895 53 20 skall
738 895 33 21 för
781 895 72 28 hvarje

104 929 77 21 mänad
195 929 67 21 förses
277 929 48 21 med
341 935 26 21 ny
383 929 88 27 dagbok,
488 930 55 21 visat
558 930 31 27 sig
604 929 95 21 medföra
715 929 89 28 onödiga
819 932 34 19 ut-

104 964 64 27 gifter
182 965 34 20 för
231 965 134 26 statsverket,
381 967 50 19 enär
446 965 7 20 i
469 971 25 14 en
509 967 44 19 stor
568 965 77 26 mängd
659 964 38 21 fall
708 965 146 26 dagböckerna

105 999 135 21 återkommit
263 999 44 21 dels
329 1001 58 24 utan,
411 999 45 21 dels
479 999 73 22 endast
567 999 49 21 med
631 999 22 21 få
667 999 151 27 anteckningar
833 999 24 22 af

104 1033 94 28 resande,
221 1033 44 27 har,
288 1034 34 21 till
344 1033 123 22 minskande
482 1033 23 21 af
517 1033 144 22 kostnaderna
678 1033 34 22 för
728 1033 60 22 dessa
804 1033 50 28 dag-

104 1068 83 27 böcker,
203 1069 7 20 i
225 1069 101 26 förslaget
348 1068 75 21 införts
446 1068 40 21 den
500 1067 126 22 förändrade
641 1068 133 27 bestämning
788 1068 8 21 i
811 1070 43 19 äm-

104 1105 42 24 net,
170 1105 31 20 att
223 1109 40 21 nya
286 1103 119 26 dagböcker
427 1103 60 21 skola
509 1103 106 21 anskaffas
636 1102 33 21 för
684 1103 72 26 hvarje
771 1102 83 27 mänad,

104 1137 83 27 gvartal
209 1138 52 21 eller
283 1137 76 27 halfär,
375 1137 38 22 allt
428 1137 55 21 efter
497 1143 45 15 som
556 1137 100 21 behofvet
672 1137 75 21 sådant
763 1137 91 27 fordrar,

103 1172 8 21 i
126 1172 93 27 enlighet
241 1172 49 21 med
311 1172 86 20 hvilken
410 1172 133 26 bestämning
555 1172 78 26 jemväl
648 1171 129 27 stadgandet
792 1172 7 20 i
815 1172 11 20 5
842 1172 12 26 $

104 1206 70 22 blifvit
188 1206 7 21 i
210 1206 102 27 förslaget
327 1206 182 21 omformuleradt.

176 1241 71 21 Jemte
266 1240 36 22 det
320 1240 59 21 Hans
393 1240 118 27 Kejserliga
525 1240 99 27 Majestät
638 1240 37 20 vill
690 1240 50 20 med
756 1239 99 21 afseende

106 1274 12 22 ä
134 1275 25 21 de
174 1274 119 28 föreslagna
311 1274 139 28 ändringarna
464 1275 8 20 i
487 1274 129 22 sistberörda
634 1274 77 27 nådiga
728 1274 127 26 kungörelse

105 1309 94 21 inhemta
221 1309 128 21 Ständernas
363 1308 143 28 underdäniga
520 1308 105 28 yttrande,
643 1308 140 21 öfverlemnas
799 1308 57 21 häri-

106 1350 75 19 genom
202 1344 34 20 till
259 1344 128 20 Ständernas
409 1344 118 25 antagande
543 1342 61 22 ofvan
618 1342 93 21 nämnda
727 1342 80 26 förslag
821 1342 34 20 till

106 1377 111 26 ändringar
232 1377 7 20 i
253 1377 78 26 nädiga
349 1376 148 26 förordningen
515 1377 39 20 den
571 1378 24 20 12
611 1376 120 21 November
748 1377 54 20 1883
818 1381 38 15 an-
