<?xml version="1.0" encoding="UTF-8"?>
<alto xmlns="http://www.loc.gov/standards/alto/ns-v3#" xmlns:xlink="http://www.w3.org/1999/xlink" xmlns:xsi="http://www.w3.org/2001/XMLSchema-instance" xsi:schemaLocation="http://www.loc.gov/standards/alto/ns-v3# http://www.loc.gov/alto/v3/alto-3-0.xsd">
	<Description>
		<MeasurementUnit>pixel</MeasurementUnit>
		<sourceImageInformation>
			<fileName>/tmp/tess_07yzi_4m_input.PNG</fileName>
		</sourceImageInformation>
		<OCRProcessing ID="OCR_0">
			<ocrProcessingStep>
				<processingSoftware>
					<softwareName>tesseract 5.3.4</softwareName>
				</processingSoftware>
			</ocrProcessingStep>
		</OCRProcessing>
	</Description>
	<Layout>
		<Page WIDTH="1109" HEIGHT="1750" PHYSICAL_IMG_NR="0" ID="page_0">
			<PrintSpace HPOS="0" VPOS="0" WIDTH="1109" HEIGHT="1750">
				<ComposedBlock ID="cblock_0" HPOS="348" VPOS="140" WIDTH="514" HEIGHT="26">
					<TextBlock ID="block_0" HPOS="348" VPOS="140" WIDTH="514" HEIGHT="26">
						<TextLine ID="line_0" HPOS="348" VPOS="140" WIDTH="514" HEIGHT="26">
							<String ID="string_0" HPOS="348" VPOS="140" WIDTH="70" HEIGHT="21" WC="0.89" CONTENT="Ständ."/><SP WIDTH="15" VPOS="140" HPOS="418"/>
							<String ID="string_1" HPOS="433" VPOS="140" WIDTH="33" HEIGHT="21" WC="0.93" CONTENT="Sv."/><SP WIDTH="15" VPOS="140" HPOS="466"/>
							<String ID="string_2" HPOS="481" VPOS="151" WIDTH="28" HEIGHT="4" WC="0.92" CONTENT="—"/><SP WIDTH="16" VPOS="151" HPOS="509"/>
							<String ID="string_3" HPOS="525" VPOS="140" WIDTH="59" HEIGHT="26" WC="0.95" CONTENT="Prop."/><SP WIDTH="16" VPOS="140" HPOS="584"/>
							<String ID="string_4" HPOS="600" VPOS="140" WIDTH="33" HEIGHT="21" WC="0.96" CONTENT="N:o"/><SP WIDTH="16" VPOS="140" HPOS="633"/>
							<String ID="string_5" HPOS="649" VPOS="140" WIDTH="31" HEIGHT="20" WC="0.96" CONTENT="21."/><SP WIDTH="172" VPOS="140" HPOS="680"/>
							<String ID="string_6" HPOS="852" VPOS="140" WIDTH="10" HEIGHT="20" WC="0.95" CONTENT="7"/>
						</TextLine>
					</TextBlock>
				</ComposedBlock>
				<ComposedBlock ID="cblock_1" HPOS="207" VPOS="202" WIDTH="687" HEIGHT="347">
					<TextBlock ID="block_1" HPOS="527" VPOS="202" WIDTH="48" HEIGHT="27">
						<TextLine ID="line_1" HPOS="527" VPOS="202" WIDTH="48" HEIGHT="27">
							<String ID="string_7" HPOS="527" VPOS="202" WIDTH="15" HEIGHT="27" WC="0.92" CONTENT="$"/><SP WIDTH="15" VPOS="202" HPOS="542"/>
							<String ID="string_8" HPOS="557" VPOS="203" WIDTH="18" HEIGHT="19" WC="0.96" CONTENT="3."/>
						</TextLine>
					</TextBlock>
					<TextBlock ID="block_2" HPOS="207" VPOS="247" WIDTH="687" HEIGHT="302">
						<TextLine ID="line_2" HPOS="269" VPOS="247" WIDTH="624" HEIGHT="28">
							<String ID="string_9" HPOS="269" VPOS="247" WIDTH="33" HEIGHT="21" WC="0.96" CONTENT="På"/><SP WIDTH="16" VPOS="247" HPOS="302"/>
							<String ID="string_10" HPOS="318" VPOS="247" WIDTH="76" HEIGHT="27" WC="0.95" CONTENT="hvarje"/><SP WIDTH="15" VPOS="247" HPOS="394"/>
							<String ID="string_11" HPOS="409" VPOS="248" WIDTH="41" HEIGHT="20" WC="0.93" CONTENT="ark"/><SP WIDTH="15" VPOS="248" HPOS="450"/>
							<String ID="string_12" HPOS="465" VPOS="248" WIDTH="120" HEIGHT="26" WC="0.92" CONTENT="stämpladt"/><SP WIDTH="11" VPOS="248" HPOS="585"/>
							<String ID="string_13" HPOS="596" VPOS="254" WIDTH="86" HEIGHT="21" WC="0.96" CONTENT="papper"/><SP WIDTH="16" VPOS="254" HPOS="682"/>
							<String ID="string_14" HPOS="698" VPOS="247" WIDTH="195" HEIGHT="27" WC="0.93" CONTENT="anbringas"/><SP WIDTH="-66" VPOS="247" HPOS="893"/>
							<String ID="string_15" HPOS="827" VPOS="243" WIDTH="12" HEIGHT="36" WC="0.87" CONTENT="å"/><SP WIDTH="5" VPOS="243" HPOS="839"/>
							<String ID="string_16" HPOS="844" VPOS="247" WIDTH="49" HEIGHT="27" WC="0.96" CONTENT="dess"/>
						</TextLine>
						<TextLine ID="line_3" HPOS="207" VPOS="281" WIDTH="687" HEIGHT="28">
							<String ID="string_17" HPOS="207" VPOS="281" WIDTH="75" HEIGHT="26" WC="0.94" CONTENT="första"/><SP WIDTH="16" VPOS="281" HPOS="282"/>
							<String ID="string_18" HPOS="298" VPOS="281" WIDTH="49" HEIGHT="21" WC="0.96" CONTENT="sida"/><SP WIDTH="15" VPOS="281" HPOS="347"/>
							<String ID="string_19" HPOS="362" VPOS="289" WIDTH="26" HEIGHT="13" WC="0.96" CONTENT="en"/><SP WIDTH="16" VPOS="289" HPOS="388"/>
							<String ID="string_20" HPOS="404" VPOS="281" WIDTH="71" HEIGHT="28" WC="0.96" CONTENT="tryckt"/><SP WIDTH="15" VPOS="281" HPOS="475"/>
							<String ID="string_21" HPOS="490" VPOS="282" WIDTH="97" HEIGHT="27" WC="0.93" CONTENT="stämpel,"/><SP WIDTH="16" VPOS="282" HPOS="587"/>
							<String ID="string_22" HPOS="603" VPOS="281" WIDTH="63" HEIGHT="21" WC="0.92" CONTENT="hvari"/><SP WIDTH="10" VPOS="281" HPOS="666"/>
							<String ID="string_23" HPOS="676" VPOS="281" WIDTH="74" HEIGHT="27" WC="0.96" CONTENT="finnes"/><SP WIDTH="12" VPOS="281" HPOS="750"/>
							<String ID="string_24" HPOS="762" VPOS="282" WIDTH="32" HEIGHT="27" WC="0.96" CONTENT="på"/><SP WIDTH="16" VPOS="282" HPOS="794"/>
							<String ID="string_25" HPOS="810" VPOS="283" WIDTH="28" HEIGHT="19" WC="0.93" CONTENT="ett"/><SP WIDTH="9" VPOS="283" HPOS="838"/>
							<String ID="string_26" HPOS="847" VPOS="283" WIDTH="47" HEIGHT="24" WC="0.91" CONTENT="tyd-"/>
						</TextLine>
						<TextLine ID="line_4" HPOS="213" VPOS="315" WIDTH="681" HEIGHT="29">
							<String ID="string_27" HPOS="213" VPOS="315" WIDTH="39" HEIGHT="27" WC="0.96" CONTENT="ligt"/><SP WIDTH="17" VPOS="315" HPOS="252"/>
							<String ID="string_28" HPOS="269" VPOS="316" WIDTH="37" HEIGHT="20" WC="0.96" CONTENT="och"/><SP WIDTH="15" VPOS="316" HPOS="306"/>
							<String ID="string_29" HPOS="321" VPOS="316" WIDTH="41" HEIGHT="20" WC="0.96" CONTENT="lätt"/><SP WIDTH="16" VPOS="316" HPOS="362"/>
							<String ID="string_30" HPOS="378" VPOS="317" WIDTH="7" HEIGHT="19" WC="0.96" CONTENT="i"/><SP WIDTH="16" VPOS="317" HPOS="385"/>
							<String ID="string_31" HPOS="401" VPOS="318" WIDTH="81" HEIGHT="26" WC="0.96" CONTENT="ögonen"/><SP WIDTH="13" VPOS="318" HPOS="482"/>
							<String ID="string_32" HPOS="495" VPOS="316" WIDTH="104" HEIGHT="27" WC="0.95" CONTENT="fallande"/><SP WIDTH="16" VPOS="316" HPOS="599"/>
							<String ID="string_33" HPOS="615" VPOS="318" WIDTH="45" HEIGHT="18" WC="0.96" CONTENT="sätt"/><SP WIDTH="14" VPOS="318" HPOS="660"/>
							<String ID="string_34" HPOS="674" VPOS="318" WIDTH="69" HEIGHT="19" WC="0.96" CONTENT="utsatt"/><SP WIDTH="9" VPOS="318" HPOS="743"/>
							<String ID="string_35" HPOS="752" VPOS="316" WIDTH="87" HEIGHT="20" WC="0.96" CONTENT="valören"/><SP WIDTH="9" VPOS="316" HPOS="839"/>
							<String ID="string_36" HPOS="848" VPOS="315" WIDTH="46" HEIGHT="20" WC="0.96" CONTENT="med"/>
						</TextLine>
						<TextLine ID="line_5" HPOS="212" VPOS="349" WIDTH="682" HEIGHT="29">
							<String ID="string_37" HPOS="212" VPOS="349" WIDTH="75" HEIGHT="28" WC="0.95" CONTENT="siffror"/><SP WIDTH="22" VPOS="349" HPOS="287"/>
							<String ID="string_38" HPOS="309" VPOS="353" WIDTH="56" HEIGHT="18" WC="0.96" CONTENT="samt"/><SP WIDTH="22" VPOS="353" HPOS="365"/>
							<String ID="string_39" HPOS="387" VPOS="351" WIDTH="76" HEIGHT="20" WC="0.96" CONTENT="svensk"/><SP WIDTH="20" VPOS="351" HPOS="463"/>
							<String ID="string_40" HPOS="483" VPOS="351" WIDTH="37" HEIGHT="20" WC="0.95" CONTENT="och"/><SP WIDTH="18" VPOS="351" HPOS="520"/>
							<String ID="string_41" HPOS="538" VPOS="351" WIDTH="61" HEIGHT="27" WC="0.92" CONTENT="finsk"/><SP WIDTH="16" VPOS="351" HPOS="599"/>
							<String ID="string_42" HPOS="615" VPOS="353" WIDTH="50" HEIGHT="18" WC="0.96" CONTENT="text."/><SP WIDTH="31" VPOS="353" HPOS="665"/>
							<String ID="string_43" HPOS="696" VPOS="350" WIDTH="113" HEIGHT="21" WC="0.95" CONTENT="Dessutom"/><SP WIDTH="11" VPOS="350" HPOS="809"/>
							<String ID="string_44" HPOS="820" VPOS="349" WIDTH="74" HEIGHT="28" WC="0.96" CONTENT="förses"/>
						</TextLine>
						<TextLine ID="line_6" HPOS="213" VPOS="384" WIDTH="681" HEIGHT="27">
							<String ID="string_45" HPOS="213" VPOS="385" WIDTH="75" HEIGHT="26" WC="0.92" CONTENT="hvarje"/><SP WIDTH="22" VPOS="385" HPOS="288"/>
							<String ID="string_46" HPOS="310" VPOS="384" WIDTH="41" HEIGHT="21" WC="0.93" CONTENT="ark"/><SP WIDTH="22" VPOS="384" HPOS="351"/>
							<String ID="string_47" HPOS="373" VPOS="385" WIDTH="13" HEIGHT="20" WC="0.86" CONTENT="&amp;"/><SP WIDTH="11" VPOS="385" HPOS="386"/>
							<String ID="string_48" HPOS="397" VPOS="384" WIDTH="77" HEIGHT="25" WC="0.96" CONTENT="första"/><SP WIDTH="16" VPOS="384" HPOS="474"/>
							<String ID="string_49" HPOS="490" VPOS="385" WIDTH="63" HEIGHT="20" WC="0.96" CONTENT="sidan"/><SP WIDTH="17" VPOS="385" HPOS="553"/>
							<String ID="string_50" HPOS="570" VPOS="385" WIDTH="47" HEIGHT="21" WC="0.93" CONTENT="med"/><SP WIDTH="14" VPOS="385" HPOS="617"/>
							<String ID="string_51" HPOS="631" VPOS="384" WIDTH="192" HEIGHT="27" WC="0.86" CONTENT="kontrollstämpel,"/><SP WIDTH="15" VPOS="384" HPOS="823"/>
							<String ID="string_52" HPOS="838" VPOS="384" WIDTH="56" HEIGHT="21" WC="0.89" CONTENT="hvil-"/>
						</TextLine>
						<TextLine ID="line_7" HPOS="212" VPOS="418" WIDTH="681" HEIGHT="29">
							<String ID="string_53" HPOS="212" VPOS="419" WIDTH="40" HEIGHT="20" WC="0.93" CONTENT="ken"/><SP WIDTH="18" VPOS="419" HPOS="252"/>
							<String ID="string_54" HPOS="270" VPOS="419" WIDTH="82" HEIGHT="27" WC="0.91" CONTENT="jemväl"/><SP WIDTH="16" VPOS="419" HPOS="352"/>
							<String ID="string_55" HPOS="368" VPOS="419" WIDTH="120" HEIGHT="28" WC="0.93" CONTENT="anbringas"/><SP WIDTH="16" VPOS="419" HPOS="488"/>
							<String ID="string_56" HPOS="504" VPOS="420" WIDTH="13" HEIGHT="20" WC="0.83" CONTENT="&amp;"/><SP WIDTH="15" VPOS="420" HPOS="517"/>
							<String ID="string_57" HPOS="532" VPOS="421" WIDTH="80" HEIGHT="24" WC="0.92" CONTENT="vexlar,"/><SP WIDTH="11" VPOS="421" HPOS="612"/>
							<String ID="string_58" HPOS="623" VPOS="419" WIDTH="131" HEIGHT="28" WC="0.91" CONTENT="fullmakter"/><SP WIDTH="15" VPOS="419" HPOS="754"/>
							<String ID="string_59" HPOS="769" VPOS="418" WIDTH="37" HEIGHT="21" WC="0.96" CONTENT="och"/><SP WIDTH="16" VPOS="418" HPOS="806"/>
							<String ID="string_60" HPOS="822" VPOS="419" WIDTH="71" HEIGHT="20" WC="0.96" CONTENT="andra"/>
						</TextLine>
						<TextLine ID="line_8" HPOS="212" VPOS="453" WIDTH="682" HEIGHT="28">
							<String ID="string_61" HPOS="212" VPOS="453" WIDTH="142" HEIGHT="26" WC="0.95" CONTENT="handlingar,"/><SP WIDTH="32" VPOS="453" HPOS="354"/>
							<String ID="string_62" HPOS="386" VPOS="460" WIDTH="44" HEIGHT="14" WC="0.95" CONTENT="som"/><SP WIDTH="27" VPOS="460" HPOS="430"/>
							<String ID="string_63" HPOS="457" VPOS="454" WIDTH="32" HEIGHT="27" WC="0.92" CONTENT="på"/><SP WIDTH="23" VPOS="454" HPOS="489"/>
							<String ID="string_64" HPOS="512" VPOS="454" WIDTH="262" HEIGHT="27" WC="0.91" CONTENT="kartasigillatakontoret"/><SP WIDTH="22" VPOS="454" HPOS="774"/>
							<String ID="string_65" HPOS="796" VPOS="453" WIDTH="98" HEIGHT="26" WC="0.96" CONTENT="undergå"/>
						</TextLine>
						<TextLine ID="line_9" HPOS="212" VPOS="487" WIDTH="682" HEIGHT="28">
							<String ID="string_66" HPOS="212" VPOS="487" WIDTH="124" HEIGHT="28" WC="0.96" CONTENT="stämpling."/><SP WIDTH="32" VPOS="487" HPOS="336"/>
							<String ID="string_67" HPOS="368" VPOS="488" WIDTH="52" HEIGHT="21" WC="0.95" CONTENT="Med"/><SP WIDTH="16" VPOS="488" HPOS="420"/>
							<String ID="string_68" HPOS="436" VPOS="488" WIDTH="115" HEIGHT="21" WC="0.96" CONTENT="enahanda"/><SP WIDTH="15" VPOS="488" HPOS="551"/>
							<String ID="string_69" HPOS="566" VPOS="487" WIDTH="328" HEIGHT="28" WC="0.96" CONTENT="stämpel"/><SP WIDTH="-225" VPOS="487" HPOS="894"/>
							<String ID="string_70" HPOS="669" VPOS="483" WIDTH="70" HEIGHT="36" WC="0.93" CONTENT="förses"/><SP WIDTH="11" VPOS="483" HPOS="739"/>
							<String ID="string_71" HPOS="750" VPOS="483" WIDTH="70" HEIGHT="36" WC="0.91" CONTENT="jemväl"/><SP WIDTH="13" VPOS="483" HPOS="820"/>
							<String ID="string_72" HPOS="833" VPOS="483" WIDTH="64" HEIGHT="36" WC="0.89" CONTENT="stäm-"/>
						</TextLine>
						<TextLine ID="line_10" HPOS="210" VPOS="522" WIDTH="147" HEIGHT="27">
							<String ID="string_73" HPOS="210" VPOS="522" WIDTH="147" HEIGHT="27" WC="0.91" CONTENT="pelmärkena."/>
						</TextLine>
					</TextBlock>
				</ComposedBlock>
				<ComposedBlock ID="cblock_2" HPOS="498" VPOS="619" WIDTH="104" HEIGHT="24">
					<TextBlock ID="block_3" HPOS="498" VPOS="619" WIDTH="104" HEIGHT="24">
						<TextLine ID="line_11" HPOS="498" VPOS="619" WIDTH="104" HEIGHT="24">
							<String ID="string_74" HPOS="498" VPOS="619" WIDTH="24" HEIGHT="20" WC="0.89" CONTENT="II"/><SP WIDTH="13" VPOS="619" HPOS="522"/>
							<String ID="string_75" HPOS="535" VPOS="619" WIDTH="67" HEIGHT="24" WC="0.96" CONTENT="Kap."/>
						</TextLine>
					</TextBlock>
				</ComposedBlock>
				<ComposedBlock ID="cblock_3" HPOS="215" VPOS="670" WIDTH="679" HEIGHT="70">
					<TextBlock ID="block_4" HPOS="215" VPOS="670" WIDTH="679" HEIGHT="70">
						<TextLine ID="line_12" HPOS="215" VPOS="670" WIDTH="679" HEIGHT="30">
							<String ID="string_76" HPOS="215" VPOS="670" WIDTH="109" HEIGHT="29" WC="0.96" CONTENT="Angående"/><SP WIDTH="15" VPOS="670" HPOS="324"/>
							<String ID="string_77" HPOS="339" VPOS="672" WIDTH="97" HEIGHT="28" WC="0.96" CONTENT="beloppet"/><SP WIDTH="16" VPOS="672" HPOS="436"/>
							<String ID="string_78" HPOS="452" VPOS="673" WIDTH="20" HEIGHT="22" WC="0.96" CONTENT="af"/><SP WIDTH="16" VPOS="673" HPOS="472"/>
							<String ID="string_79" HPOS="488" VPOS="672" WIDTH="33" HEIGHT="22" WC="0.96" CONTENT="det"/><SP WIDTH="15" VPOS="672" HPOS="521"/>
							<String ID="string_80" HPOS="536" VPOS="671" WIDTH="114" HEIGHT="28" WC="0.96" CONTENT="stämplade"/><SP WIDTH="16" VPOS="671" HPOS="650"/>
							<String ID="string_81" HPOS="666" VPOS="677" WIDTH="82" HEIGHT="22" WC="0.95" CONTENT="papper,"/><SP WIDTH="10" VPOS="677" HPOS="748"/>
							<String ID="string_82" HPOS="758" VPOS="671" WIDTH="136" HEIGHT="27" WC="0.96" CONTENT="som"/><SP WIDTH="-87" VPOS="671" HPOS="894"/>
							<String ID="string_83" HPOS="807" VPOS="666" WIDTH="12" HEIGHT="38" WC="0.96" CONTENT="i"/><SP WIDTH="9" VPOS="666" HPOS="819"/>
							<String ID="string_84" HPOS="828" VPOS="671" WIDTH="66" HEIGHT="27" WC="0.96" CONTENT="hvarje"/>
						</TextLine>
						<TextLine ID="line_13" HPOS="436" VPOS="713" WIDTH="231" HEIGHT="27">
							<String ID="string_85" HPOS="436" VPOS="713" WIDTH="36" HEIGHT="22" WC="0.95" CONTENT="fall"/><SP WIDTH="15" VPOS="713" HPOS="472"/>
							<String ID="string_86" HPOS="487" VPOS="713" WIDTH="52" HEIGHT="22" WC="0.93" CONTENT="skall"/><SP WIDTH="16" VPOS="713" HPOS="539"/>
							<String ID="string_87" HPOS="555" VPOS="713" WIDTH="112" HEIGHT="27" WC="0.90" CONTENT="begagnas."/>
						</TextLine>
					</TextBlock>
				</ComposedBlock>
				<ComposedBlock ID="cblock_4" HPOS="208" VPOS="771" WIDTH="686" HEIGHT="687">
					<TextBlock ID="block_5" HPOS="533" VPOS="771" WIDTH="43" HEIGHT="27">
						<TextLine ID="line_14" HPOS="533" VPOS="771" WIDTH="43" HEIGHT="27">
							<String ID="string_88" HPOS="533" VPOS="771" WIDTH="43" HEIGHT="27" WC="0.89" CONTENT="$4"/>
						</TextLine>
					</TextBlock>
					<TextBlock ID="block_6" HPOS="212" VPOS="815" WIDTH="682" HEIGHT="97">
						<TextLine ID="line_15" HPOS="270" VPOS="815" WIDTH="624" HEIGHT="28">
							<String ID="string_89" HPOS="270" VPOS="815" WIDTH="96" HEIGHT="22" WC="0.95" CONTENT="Landets"/><SP WIDTH="24" VPOS="815" HPOS="366"/>
							<String ID="string_90" HPOS="390" VPOS="817" WIDTH="125" HEIGHT="26" WC="0.93" CONTENT="domstolar,"/><SP WIDTH="25" VPOS="817" HPOS="515"/>
							<String ID="string_91" HPOS="540" VPOS="816" WIDTH="128" HEIGHT="21" WC="0.91" CONTENT="embetsverk"/><SP WIDTH="17" VPOS="816" HPOS="668"/>
							<String ID="string_92" HPOS="685" VPOS="816" WIDTH="38" HEIGHT="21" WC="0.96" CONTENT="och"/><SP WIDTH="15" VPOS="816" HPOS="723"/>
							<String ID="string_93" HPOS="738" VPOS="815" WIDTH="156" HEIGHT="28" WC="0.96" CONTENT="myndigheter,"/>
						</TextLine>
						<TextLine ID="line_16" HPOS="212" VPOS="849" WIDTH="682" HEIGHT="29">
							<String ID="string_94" HPOS="212" VPOS="850" WIDTH="36" HEIGHT="20" WC="0.96" CONTENT="vid"/><SP WIDTH="23" VPOS="850" HPOS="248"/>
							<String ID="string_95" HPOS="271" VPOS="849" WIDTH="72" HEIGHT="22" WC="0.92" CONTENT="hvilka"/><SP WIDTH="23" VPOS="849" HPOS="343"/>
							<String ID="string_96" HPOS="366" VPOS="850" WIDTH="175" HEIGHT="28" WC="0.91" CONTENT="stämpelpapper"/><SP WIDTH="23" VPOS="850" HPOS="541"/>
							<String ID="string_97" HPOS="564" VPOS="850" WIDTH="56" HEIGHT="21" WC="0.93" CONTENT="skall"/><SP WIDTH="16" VPOS="850" HPOS="620"/>
							<String ID="string_98" HPOS="636" VPOS="850" WIDTH="113" HEIGHT="27" WC="0.92" CONTENT="begagnas,"/><SP WIDTH="17" VPOS="850" HPOS="749"/>
							<String ID="string_99" HPOS="766" VPOS="849" WIDTH="128" HEIGHT="27" WC="0.96" CONTENT="hänföras"/><SP WIDTH="-11" VPOS="849" HPOS="894"/>
							<String ID="string_100" HPOS="883" VPOS="845" WIDTH="15" HEIGHT="37" WC="0.96" CONTENT="i"/>
						</TextLine>
						<TextLine ID="line_17" HPOS="213" VPOS="883" WIDTH="677" HEIGHT="29">
							<String ID="string_101" HPOS="213" VPOS="885" WIDTH="58" HEIGHT="20" WC="0.96" CONTENT="detta"/><SP WIDTH="9" VPOS="885" HPOS="271"/>
							<String ID="string_102" HPOS="280" VPOS="884" WIDTH="102" HEIGHT="26" WC="0.95" CONTENT="afseende"/><SP WIDTH="10" VPOS="884" HPOS="382"/>
							<String ID="string_103" HPOS="392" VPOS="885" WIDTH="34" HEIGHT="20" WC="0.95" CONTENT="till"/><SP WIDTH="14" VPOS="885" HPOS="426"/>
							<String ID="string_104" HPOS="440" VPOS="885" WIDTH="47" HEIGHT="27" WC="0.96" CONTENT="fyra"/><SP WIDTH="10" VPOS="885" HPOS="487"/>
							<String ID="string_105" HPOS="497" VPOS="884" WIDTH="109" HEIGHT="21" WC="0.93" CONTENT="särskilda"/><SP WIDTH="9" VPOS="884" HPOS="606"/>
							<String ID="string_106" HPOS="615" VPOS="885" WIDTH="150" HEIGHT="26" WC="0.91" CONTENT="afdelningar,"/><SP WIDTH="9" VPOS="885" HPOS="765"/>
							<String ID="string_107" HPOS="774" VPOS="883" WIDTH="116" HEIGHT="27" WC="0.95" CONTENT="nämligen."/>
						</TextLine>
					</TextBlock>
					<TextBlock ID="block_7" HPOS="212" VPOS="917" WIDTH="682" HEIGHT="132">
						<TextLine ID="line_18" HPOS="269" VPOS="917" WIDTH="625" HEIGHT="30">
							<String ID="string_108" HPOS="269" VPOS="918" WIDTH="80" HEIGHT="21" WC="0.96" CONTENT="Första"/><SP WIDTH="19" VPOS="918" HPOS="349"/>
							<String ID="string_109" HPOS="368" VPOS="919" WIDTH="154" HEIGHT="28" WC="0.96" CONTENT="afdelningen:"/><SP WIDTH="29" VPOS="919" HPOS="522"/>
							<String ID="string_110" HPOS="551" VPOS="919" WIDTH="96" HEIGHT="20" WC="0.62" CONTENT="Senaten"/><SP WIDTH="16" VPOS="919" HPOS="647"/>
							<String ID="string_111" HPOS="663" VPOS="918" WIDTH="36" HEIGHT="21" WC="0.96" CONTENT="och"/><SP WIDTH="17" VPOS="918" HPOS="699"/>
							<String ID="string_112" HPOS="716" VPOS="919" WIDTH="48" HEIGHT="20" WC="0.93" CONTENT="dess"/><SP WIDTH="15" VPOS="919" HPOS="764"/>
							<String ID="string_113" HPOS="779" VPOS="917" WIDTH="115" HEIGHT="28" WC="0.92" CONTENT="expeditio-"/>
						</TextLine>
						<TextLine ID="line_19" HPOS="212" VPOS="951" WIDTH="679" HEIGHT="28">
							<String ID="string_114" HPOS="212" VPOS="959" WIDTH="45" HEIGHT="18" WC="0.93" CONTENT="ner,"/><SP WIDTH="17" VPOS="959" HPOS="257"/>
							<String ID="string_115" HPOS="274" VPOS="953" WIDTH="318" HEIGHT="20" WC="0.90" CONTENT="Minister-statssekreteraren"/><SP WIDTH="18" VPOS="953" HPOS="592"/>
							<String ID="string_116" HPOS="610" VPOS="953" WIDTH="38" HEIGHT="20" WC="0.96" CONTENT="och"/><SP WIDTH="9" VPOS="953" HPOS="648"/>
							<String ID="string_117" HPOS="657" VPOS="953" WIDTH="62" HEIGHT="20" WC="0.95" CONTENT="Hans"/><SP WIDTH="11" VPOS="953" HPOS="719"/>
							<String ID="string_118" HPOS="730" VPOS="953" WIDTH="102" HEIGHT="26" WC="0.92" CONTENT="Majestät"/><SP WIDTH="12" VPOS="953" HPOS="832"/>
							<String ID="string_119" HPOS="844" VPOS="951" WIDTH="47" HEIGHT="28" WC="0.89" CONTENT="Kej-"/>
						</TextLine>
						<TextLine ID="line_20" HPOS="212" VPOS="986" WIDTH="682" HEIGHT="28">
							<String ID="string_120" HPOS="212" VPOS="994" WIDTH="76" HEIGHT="14" WC="0.92" CONTENT="sarens"/><SP WIDTH="16" VPOS="994" HPOS="288"/>
							<String ID="string_121" HPOS="304" VPOS="987" WIDTH="72" HEIGHT="20" WC="0.96" CONTENT="kansli"/><SP WIDTH="17" VPOS="987" HPOS="376"/>
							<String ID="string_122" HPOS="393" VPOS="987" WIDTH="41" HEIGHT="27" WC="0.97" CONTENT="för"/><SP WIDTH="14" VPOS="987" HPOS="434"/>
							<String ID="string_123" HPOS="448" VPOS="987" WIDTH="101" HEIGHT="21" WC="0.96" CONTENT="Finland"/><SP WIDTH="15" VPOS="987" HPOS="549"/>
							<String ID="string_124" HPOS="564" VPOS="990" WIDTH="56" HEIGHT="18" WC="0.96" CONTENT="samt"/><SP WIDTH="15" VPOS="990" HPOS="620"/>
							<String ID="string_125" HPOS="635" VPOS="987" WIDTH="40" HEIGHT="20" WC="0.96" CONTENT="den"/><SP WIDTH="17" VPOS="987" HPOS="675"/>
							<String ID="string_126" HPOS="692" VPOS="987" WIDTH="36" HEIGHT="20" WC="0.93" CONTENT="vid"/><SP WIDTH="15" VPOS="987" HPOS="728"/>
							<String ID="string_127" HPOS="743" VPOS="986" WIDTH="151" HEIGHT="22" WC="0.92" CONTENT="Statssekreta-"/>
						</TextLine>
						<TextLine ID="line_21" HPOS="213" VPOS="1021" WIDTH="535" HEIGHT="28">
							<String ID="string_128" HPOS="213" VPOS="1023" WIDTH="66" HEIGHT="19" WC="0.92" CONTENT="riatet"/><SP WIDTH="15" VPOS="1023" HPOS="279"/>
							<String ID="string_129" HPOS="294" VPOS="1022" WIDTH="96" HEIGHT="21" WC="0.93" CONTENT="tillsatta"/><SP WIDTH="19" VPOS="1022" HPOS="390"/>
							<String ID="string_130" HPOS="409" VPOS="1021" WIDTH="87" HEIGHT="22" WC="0.35" CONTENT="Komite"/><SP WIDTH="8" VPOS="1021" HPOS="496"/>
							<String ID="string_131" HPOS="504" VPOS="1021" WIDTH="41" HEIGHT="27" WC="0.96" CONTENT="för"/><SP WIDTH="11" VPOS="1021" HPOS="545"/>
							<String ID="string_132" HPOS="556" VPOS="1022" WIDTH="76" HEIGHT="27" WC="0.93" CONTENT="finska"/><SP WIDTH="16" VPOS="1022" HPOS="632"/>
							<String ID="string_133" HPOS="648" VPOS="1022" WIDTH="100" HEIGHT="20" WC="0.96" CONTENT="ärenden."/>
						</TextLine>
					</TextBlock>
					<TextBlock ID="block_8" HPOS="208" VPOS="1051" WIDTH="686" HEIGHT="168">
						<TextLine ID="line_22" HPOS="270" VPOS="1051" WIDTH="624" HEIGHT="32">
							<String ID="string_134" HPOS="270" VPOS="1056" WIDTH="79" HEIGHT="20" WC="0.93" CONTENT="Andra"/><SP WIDTH="18" VPOS="1056" HPOS="349"/>
							<String ID="string_135" HPOS="367" VPOS="1055" WIDTH="153" HEIGHT="28" WC="0.93" CONTENT="afdelningen:"/><SP WIDTH="19" VPOS="1055" HPOS="520"/>
							<String ID="string_136" HPOS="539" VPOS="1055" WIDTH="154" HEIGHT="28" WC="0.58" CONTENT="Hojrätterna,"/><SP WIDTH="19" VPOS="1055" HPOS="693"/>
							<String ID="string_137" HPOS="712" VPOS="1051" WIDTH="182" HEIGHT="31" WC="0.86" CONTENT="Öfverkrigsdom-"/>
						</TextLine>
						<TextLine ID="line_23" HPOS="212" VPOS="1089" WIDTH="681" HEIGHT="27">
							<String ID="string_138" HPOS="212" VPOS="1090" WIDTH="74" HEIGHT="25" WC="0.93" CONTENT="stolen,"/><SP WIDTH="20" VPOS="1090" HPOS="286"/>
							<String ID="string_139" HPOS="306" VPOS="1089" WIDTH="226" HEIGHT="27" WC="0.86" CONTENT="Generalguvernören"/><SP WIDTH="10" VPOS="1089" HPOS="532"/>
							<String ID="string_140" HPOS="542" VPOS="1091" WIDTH="58" HEIGHT="23" WC="0.96" CONTENT="öfver"/><SP WIDTH="7" VPOS="1091" HPOS="600"/>
							<String ID="string_141" HPOS="607" VPOS="1089" WIDTH="99" HEIGHT="21" WC="0.96" CONTENT="Finland"/><SP WIDTH="10" VPOS="1089" HPOS="706"/>
							<String ID="string_142" HPOS="716" VPOS="1089" WIDTH="37" HEIGHT="21" WC="0.96" CONTENT="och"/><SP WIDTH="8" VPOS="1089" HPOS="753"/>
							<String ID="string_143" HPOS="761" VPOS="1090" WIDTH="47" HEIGHT="20" WC="0.93" CONTENT="dess"/><SP WIDTH="8" VPOS="1090" HPOS="808"/>
							<String ID="string_144" HPOS="816" VPOS="1089" WIDTH="77" HEIGHT="25" WC="0.96" CONTENT="kansli,"/>
						</TextLine>
						<TextLine ID="line_24" HPOS="212" VPOS="1123" WIDTH="682" HEIGHT="25">
							<String ID="string_145" HPOS="212" VPOS="1123" WIDTH="147" HEIGHT="21" WC="0.84" CONTENT="Alexanders-"/><SP WIDTH="21" VPOS="1123" HPOS="359"/>
							<String ID="string_146" HPOS="380" VPOS="1123" WIDTH="147" HEIGHT="21" WC="0.84" CONTENT="Universitetets"/><SP WIDTH="26" VPOS="1123" HPOS="527"/>
							<String ID="string_147" HPOS="553" VPOS="1124" WIDTH="98" HEIGHT="21" WC="0.86" CONTENT="Kansler"/><SP WIDTH="30" VPOS="1124" HPOS="651"/>
							<String ID="string_148" HPOS="681" VPOS="1124" WIDTH="36" HEIGHT="20" WC="0.89" CONTENT="och"/><SP WIDTH="34" VPOS="1124" HPOS="717"/>
							<String ID="string_149" HPOS="751" VPOS="1123" WIDTH="143" HEIGHT="25" WC="0.57" CONTENT="Vicekansler,"/>
						</TextLine>
						<TextLine ID="line_25" HPOS="213" VPOS="1157" WIDTH="681" HEIGHT="23">
							<String ID="string_150" HPOS="213" VPOS="1157" WIDTH="237" HEIGHT="22" WC="0.91" CONTENT="Prokuratorsembetet"/><SP WIDTH="15" VPOS="1157" HPOS="450"/>
							<String ID="string_151" HPOS="465" VPOS="1159" WIDTH="8" HEIGHT="20" WC="0.93" CONTENT="i"/><SP WIDTH="17" VPOS="1159" HPOS="473"/>
							<String ID="string_152" HPOS="490" VPOS="1158" WIDTH="91" HEIGHT="21" WC="0.92" CONTENT="Senaten"/><SP WIDTH="17" VPOS="1158" HPOS="581"/>
							<String ID="string_153" HPOS="598" VPOS="1162" WIDTH="55" HEIGHT="18" WC="0.93" CONTENT="samt"/><SP WIDTH="18" VPOS="1162" HPOS="653"/>
							<String ID="string_154" HPOS="671" VPOS="1158" WIDTH="135" HEIGHT="21" WC="0.92" CONTENT="Ständernas"/><SP WIDTH="15" VPOS="1158" HPOS="806"/>
							<String ID="string_155" HPOS="821" VPOS="1157" WIDTH="73" HEIGHT="22" WC="0.92" CONTENT="Bank-"/>
						</TextLine>
						<TextLine ID="line_26" HPOS="208" VPOS="1192" WIDTH="150" HEIGHT="27">
							<String ID="string_156" HPOS="208" VPOS="1192" WIDTH="150" HEIGHT="27" WC="0.56" CONTENT="fullmäktige."/>
						</TextLine>
					</TextBlock>
					<TextBlock ID="block_9" HPOS="210" VPOS="1226" WIDTH="684" HEIGHT="232">
						<TextLine ID="line_27" HPOS="272" VPOS="1226" WIDTH="622" HEIGHT="29">
							<String ID="string_157" HPOS="272" VPOS="1226" WIDTH="78" HEIGHT="28" WC="0.95" CONTENT="Tredje"/><SP WIDTH="16" VPOS="1226" HPOS="350"/>
							<String ID="string_158" HPOS="366" VPOS="1227" WIDTH="157" HEIGHT="27" WC="0.93" CONTENT="afdelningen:"/><SP WIDTH="15" VPOS="1227" HPOS="523"/>
							<String ID="string_159" HPOS="538" VPOS="1227" WIDTH="199" HEIGHT="28" WC="0.91" CONTENT="Länestyrelserna,"/><SP WIDTH="13" VPOS="1227" HPOS="737"/>
							<String ID="string_160" HPOS="750" VPOS="1226" WIDTH="144" HEIGHT="21" WC="0.90" CONTENT="Landssekre-"/>
						</TextLine>
						<TextLine ID="line_28" HPOS="213" VPOS="1260" WIDTH="681" HEIGHT="27">
							<String ID="string_161" HPOS="213" VPOS="1263" WIDTH="92" HEIGHT="23" WC="0.92" CONTENT="teraren,"/><SP WIDTH="16" VPOS="1263" HPOS="305"/>
							<String ID="string_162" HPOS="321" VPOS="1261" WIDTH="44" HEIGHT="20" WC="0.93" CONTENT="vice"/><SP WIDTH="15" VPOS="1261" HPOS="365"/>
							<String ID="string_163" HPOS="380" VPOS="1260" WIDTH="232" HEIGHT="27" WC="0.92" CONTENT="Landssekreteraren,"/><SP WIDTH="9" VPOS="1260" HPOS="612"/>
							<String ID="string_164" HPOS="621" VPOS="1261" WIDTH="222" HEIGHT="23" WC="0.89" CONTENT="Landskamreraren,"/><SP WIDTH="9" VPOS="1261" HPOS="843"/>
							<String ID="string_165" HPOS="852" VPOS="1261" WIDTH="42" HEIGHT="20" WC="0.97" CONTENT="vice"/>
						</TextLine>
						<TextLine ID="line_29" HPOS="213" VPOS="1294" WIDTH="680" HEIGHT="29">
							<String ID="string_166" HPOS="213" VPOS="1294" WIDTH="225" HEIGHT="28" WC="0.90" CONTENT="Landskamreraren,"/><SP WIDTH="20" VPOS="1294" HPOS="438"/>
							<String ID="string_167" HPOS="458" VPOS="1295" WIDTH="75" HEIGHT="27" WC="0.93" CONTENT="finska"/><SP WIDTH="24" VPOS="1295" HPOS="533"/>
							<String ID="string_168" HPOS="557" VPOS="1295" WIDTH="204" HEIGHT="28" WC="0.91" CONTENT="Passexpeditionen"/><SP WIDTH="24" VPOS="1295" HPOS="761"/>
							<String ID="string_169" HPOS="785" VPOS="1296" WIDTH="7" HEIGHT="19" WC="0.96" CONTENT="i"/><SP WIDTH="14" VPOS="1296" HPOS="792"/>
							<String ID="string_170" HPOS="806" VPOS="1295" WIDTH="33" HEIGHT="20" WC="0.90" CONTENT="S:t"/><SP WIDTH="15" VPOS="1295" HPOS="839"/>
							<String ID="string_171" HPOS="854" VPOS="1295" WIDTH="39" HEIGHT="20" WC="0.90" CONTENT="Pe-"/>
						</TextLine>
						<TextLine ID="line_30" HPOS="212" VPOS="1324" WIDTH="682" HEIGHT="33">
							<String ID="string_172" HPOS="212" VPOS="1329" WIDTH="105" HEIGHT="27" WC="0.91" CONTENT="tersburg,"/><SP WIDTH="27" VPOS="1329" HPOS="317"/>
							<String ID="string_173" HPOS="344" VPOS="1329" WIDTH="228" HEIGHT="28" WC="0.91" CONTENT="Medicinalstyrelsen,"/><SP WIDTH="24" VPOS="1329" HPOS="572"/>
							<String ID="string_174" HPOS="596" VPOS="1329" WIDTH="163" HEIGHT="28" WC="0.91" CONTENT="Poststyrelsen,"/><SP WIDTH="25" VPOS="1329" HPOS="759"/>
							<String ID="string_175" HPOS="784" VPOS="1324" WIDTH="110" HEIGHT="32" WC="0.91" CONTENT="Öfversty-"/>
						</TextLine>
						<TextLine ID="line_31" HPOS="212" VPOS="1359" WIDTH="682" HEIGHT="32">
							<String ID="string_176" HPOS="212" VPOS="1364" WIDTH="70" HEIGHT="20" WC="0.96" CONTENT="relsen"/><SP WIDTH="18" VPOS="1364" HPOS="282"/>
							<String ID="string_177" HPOS="300" VPOS="1363" WIDTH="40" HEIGHT="27" WC="0.96" CONTENT="för"/><SP WIDTH="25" VPOS="1363" HPOS="340"/>
							<String ID="string_178" HPOS="365" VPOS="1365" WIDTH="114" HEIGHT="20" WC="0.95" CONTENT="allmänna"/><SP WIDTH="20" VPOS="1365" HPOS="479"/>
							<String ID="string_179" HPOS="499" VPOS="1364" WIDTH="160" HEIGHT="27" WC="0.93" CONTENT="byggnaderna,"/><SP WIDTH="18" VPOS="1364" HPOS="659"/>
							<String ID="string_180" HPOS="677" VPOS="1359" WIDTH="167" HEIGHT="32" WC="0.91" CONTENT="Öfverstyrelsen"/><SP WIDTH="10" VPOS="1359" HPOS="844"/>
							<String ID="string_181" HPOS="854" VPOS="1363" WIDTH="40" HEIGHT="26" WC="0.95" CONTENT="för"/>
						</TextLine>
						<TextLine ID="line_32" HPOS="210" VPOS="1396" WIDTH="682" HEIGHT="29">
							<String ID="string_182" HPOS="210" VPOS="1397" WIDTH="181" HEIGHT="27" WC="0.92" CONTENT="pressärendena,"/><SP WIDTH="17" VPOS="1397" HPOS="391"/>
							<String ID="string_183" HPOS="408" VPOS="1397" WIDTH="244" HEIGHT="28" WC="0.91" CONTENT="Fångvårdsstyrelsen,"/><SP WIDTH="12" VPOS="1397" HPOS="652"/>
							<String ID="string_184" HPOS="664" VPOS="1397" WIDTH="124" HEIGHT="20" WC="0.93" CONTENT="Statistiska"/><SP WIDTH="10" VPOS="1397" HPOS="788"/>
							<String ID="string_185" HPOS="798" VPOS="1396" WIDTH="94" HEIGHT="21" WC="0.90" CONTENT="Central-"/>
						</TextLine>
						<TextLine ID="line_33" HPOS="213" VPOS="1430" WIDTH="681" HEIGHT="28">
							<String ID="string_186" HPOS="213" VPOS="1430" WIDTH="74" HEIGHT="28" WC="0.95" CONTENT="byrån,"/><SP WIDTH="17" VPOS="1430" HPOS="287"/>
							<String ID="string_187" HPOS="304" VPOS="1430" WIDTH="109" HEIGHT="22" WC="0.93" CONTENT="Finlands"/><SP WIDTH="16" VPOS="1430" HPOS="413"/>
							<String ID="string_188" HPOS="429" VPOS="1431" WIDTH="144" HEIGHT="26" WC="0.91" CONTENT="Statskontor,"/><SP WIDTH="17" VPOS="1431" HPOS="573"/>
							<String ID="string_189" HPOS="590" VPOS="1431" WIDTH="106" HEIGHT="21" WC="0.95" CONTENT="Finlands"/><SP WIDTH="17" VPOS="1431" HPOS="696"/>
							<String ID="string_190" HPOS="713" VPOS="1431" WIDTH="64" HEIGHT="20" WC="0.96" CONTENT="Bank"/><SP WIDTH="15" VPOS="1431" HPOS="777"/>
							<String ID="string_191" HPOS="792" VPOS="1432" WIDTH="46" HEIGHT="19" WC="0.93" CONTENT="med"/><SP WIDTH="16" VPOS="1432" HPOS="838"/>
							<String ID="string_192" HPOS="854" VPOS="1437" WIDTH="40" HEIGHT="13" WC="0.89" CONTENT="un-"/>
						</TextLine>
					</TextBlock>
				</ComposedBlock>
				<ComposedBlock ID="cblock_5" HPOS="1082" VPOS="466" WIDTH="14" HEIGHT="28">
					<TextBlock ID="block_10" HPOS="1082" VPOS="466" WIDTH="14" HEIGHT="28">
						<TextLine ID="line_34" HPOS="1082" VPOS="466" WIDTH="14" HEIGHT="28">
							<String ID="string_193" HPOS="1082" VPOS="466" WIDTH="14" HEIGHT="28" WC="0.0" CONTENT="AX"/>
						</TextLine>
					</TextBlock>
				</ComposedBlock>
				<GraphicalElement ID="cblock_6" HPOS="1082" VPOS="964" WIDTH="27" HEIGHT="779"></GraphicalElement >
			</PrintSpace>
		</Page>
	</Layout>
</alto>
