1109 1739
273 143 15 20 4
482 139 23 23 U.
521 139 23 24 B.
559 151 29 4 —
602 139 65 28 Prop.
682 138 39 24 N:o
736 137 29 24 13.

243 206 74 22 starkt
323 205 128 24 utvecklade
469 204 150 27 familjelifvet.
641 203 110 28 Derjemte
765 205 26 20 är
798 209 27 16 en
832 202 69 22 sådan
909 202 89 28 gestalt-

245 240 54 27 ning
303 239 27 22 af
334 239 113 24 makarnes
454 237 311 29 förmögenhetsförhållanden
771 238 55 21 mest
833 236 165 23 öfverensstäm-

247 274 79 22 mande
341 273 49 22 med
404 275 33 21 ett
450 274 46 21 rätt
510 273 95 27 begrepp
620 278 33 16 om
669 271 154 28 äktenskapets
832 272 73 27 väsen,
916 270 83 23 hvilket

247 308 85 22 fordrar
346 309 35 20 att
397 307 104 22 makarne
515 307 67 27 skola,
590 308 54 21 utan
657 305 72 23 skilda
743 305 78 28 syften,
837 305 115 22 samverka
965 304 35 23 för

247 342 108 27 familjens
369 347 158 23 gemensamma
540 341 43 28 väl,
598 340 89 23 hvarför
697 340 66 23 äfven
773 339 62 23 såväl
845 339 41 22 den
896 339 104 28 egendom

247 377 108 23 hvardera
372 377 78 22 maken
469 376 57 23 inför
540 376 8 22 i
563 377 56 27 boet,
634 382 45 16 som
694 375 57 23 hvad
765 376 103 21 makarne
882 375 69 22 under
964 375 36 22 äk-

248 412 116 27 tenskapet
385 411 112 23 förvärfva
517 411 40 22 bör
575 411 78 22 främst
666 410 60 28 tjena
741 410 19 28 ej
777 410 41 22 den
833 416 50 16 enes
898 409 53 22 eller
965 415 36 16 an-

248 446 51 22 dres
323 445 104 29 enskilda,
449 448 54 20 utan
523 445 107 29 familjens
645 452 158 21 gemensamma
817 445 113 22 intressen.
959 444 43 22 Till

250 480 55 28 följd
318 480 65 22 häraf
394 481 44 21 kan
451 481 19 27 ej
486 480 73 28 heller,
575 481 67 21 ehuru
656 486 50 16 man
721 480 39 22 och
774 480 76 22 hustru
858 486 42 21 ega
909 479 46 22 lika
965 485 36 15 an-

247 516 62 22 delar
323 515 8 22 i
347 515 41 22 den
403 522 157 21 gemensamma
575 515 136 28 egendomen,
728 515 63 21 dessa
801 514 8 22 i
819 514 60 28 regel
890 514 69 22 under
966 514 36 21 äk-

251 550 115 26 tenskapet
381 550 100 27 åtskiljas
495 551 54 20 utan
563 550 58 21 bilda
635 556 27 15 en
677 555 122 21 gemensam
809 548 192 28 egendomsmassa.

250 584 35 21 Då
307 584 104 27 derjemte
433 584 37 21 det
488 584 86 27 husliga
588 583 105 27 samfund,
708 589 45 16 som
767 589 76 21 genom
858 582 145 28 äktenskapet

251 618 144 28 uppkommer,
418 618 19 27 ej
453 618 44 22 kan
511 618 98 22 undvara
623 617 115 28 ledningen
753 617 26 22 af
791 624 27 15 en
833 616 96 28 enhetlig
943 616 59 28 vilja,

248 652 42 22 har
311 652 138 28 lagstiftaren
471 659 77 21 genom
563 654 34 20 att
611 653 24 21 åt
648 658 92 16 mannen
755 651 131 23 öfverlemna
901 651 42 23 den
956 651 47 23 huf-

251 687 130 28 vudsakliga
398 687 233 22 bestämmanderätten
645 686 59 23 velat
719 686 148 22 åstadkomma
882 686 42 23 den
939 686 65 23 enhet

250 722 41 22 och
309 721 168 28 planmessighet
495 722 9 21 i
520 722 167 27 förvaltningen,
703 727 44 16 som
762 720 107 28 familjens
884 727 70 16 sanna
968 721 36 22 väl

250 762 64 21 synes
335 756 84 22 kräfva.
456 757 68 21 Detta
545 763 102 15 mannens
670 756 158 27 målsmanskap
851 756 40 22 har
905 756 56 21 dock
975 756 29 26 på

251 790 70 28 grund
343 790 25 22 af
387 791 62 22 såväl
471 791 37 27 lag
529 797 44 15 som
588 790 105 28 sedvänja
707 790 181 28 hufvudsakligen
903 789 101 23 omfattat

250 824 161 28 förvaltningen
427 824 24 22 af
463 826 61 21 boets
533 827 60 25 yttre
603 825 262 27 förmögenhetsrättsliga
874 824 130 28 angelägen.

251 859 62 22 heter
335 859 39 21 och
395 859 134 27 rättigheten
548 861 34 20 att
596 860 49 21 utåt
659 861 148 25 representera
822 858 101 28 familjen,
940 858 64 22 hvar-

253 895 56 20 emot
323 893 9 21 i
347 893 41 22 den
398 893 47 21 inre
456 893 161 28 förvaltningen
629 900 26 15 en
665 893 121 22 vidsträckt
793 892 130 28 befogenhet
931 892 73 22 städse

252 927 58 22 varit
331 927 90 22 hustrun
440 927 123 22 tillerkänd.
592 928 48 22 Den
655 927 168 28 arbetsdelning,
839 933 44 16 som
897 926 108 28 lagstifta-

253 968 38 16 ren
312 962 93 22 sålunda
426 962 64 22 tänkt
511 962 34 27 sig
563 962 78 22 mellan
656 962 53 22 äkta
723 962 81 27 makar,
820 962 69 21 måste
903 968 27 15 ur
943 961 62 22 såväl

253 996 80 27 privat-
355 1002 45 16 som
419 996 222 22 nationalekonomisk
662 997 109 27 synpunkt
793 996 106 22 erkännas
914 1002 54 16 vara
982 995 25 22 af

253 1031 91 27 mycken
365 1030 137 28 betydenhet.
531 1031 60 21 Fullt
603 1030 122 28 jembördig
739 1030 48 22 med
801 1036 103 16 mannens
918 1030 88 28 uppgift

254 1066 33 20 att
302 1064 97 22 anskaffa
414 1064 27 22 de
456 1065 34 21 för
504 1065 97 27 familjen
615 1065 138 27 nödvändiga
767 1064 201 27 förnödenheterna,
981 1066 25 20 är

255 1098 102 22 hustruns
371 1098 56 28 pligt
442 1100 34 20 att
491 1099 45 22 dels
547 1100 49 21 med
607 1099 89 22 klokhet
707 1099 40 21 och
757 1099 134 27 sparsamhet
901 1104 104 16 samman-

254 1133 61 21 hålla
337 1133 39 21 och
396 1133 87 28 bevara,
506 1134 45 22 dels
569 1134 30 28 på
618 1133 134 22 ekonomiskt
768 1135 45 19 sätt
829 1133 99 22 använda
943 1132 63 22 dessa

254 1167 172 27 förnödenheter,
448 1169 25 25 ty
494 1167 107 28 familjens
616 1167 85 23 välfärd
716 1168 62 20 beror
792 1167 8 21 i
814 1167 123 27 väsendtlig
951 1167 56 27 grad

253 1202 30 26 på
301 1202 70 21 denna
385 1201 108 28 ständiga,
509 1202 71 27 aldrig
594 1201 102 23 hvilande
710 1201 100 22 omtanke
825 1201 40 22 och
880 1201 37 22 det
932 1201 75 22 oaflåt-

254 1235 46 28 liga
315 1236 85 22 arbetet
414 1236 56 22 inom
485 1236 98 22 hemmet.

323 1270 41 21 Ett
385 1270 80 22 sådant
483 1271 180 27 åskådningssätt
677 1271 41 21 har
732 1270 65 22 äfven
811 1270 67 22 sedan
892 1270 115 21 urminnes-

254 1303 34 22 tid
309 1304 38 21 hos
365 1304 50 21 vårt
429 1304 46 22 folk
489 1304 59 27 gjort
562 1304 35 28 sig
611 1304 106 28 gällande,
733 1304 39 22 och
787 1306 34 20 att
835 1310 29 16 nu
879 1305 73 27 någon
966 1303 42 22 för-

254 1337 95 29 ändring
363 1338 72 22 häruti
449 1338 70 22 skulle
533 1338 68 23 hafva
614 1338 83 22 inträdt
711 1338 61 22 torde
785 1338 19 28 ej
817 1338 49 22 med
877 1338 48 22 skäl
935 1339 73 21 kunna

256 1372 82 28 påstås.
368 1372 101 23 Tvärtom
484 1373 69 22 håller
568 1373 115 23 Utskottet
697 1373 52 28 före,
765 1375 34 21 att
814 1373 47 23 ifall
870 1373 139 28 lagstiftaren

255 1406 89 29 vidtoge
362 1408 73 27 någon
453 1414 60 16 mera
527 1408 183 28 genomgripande
724 1408 127 28 förändring
866 1408 25 22 af
903 1408 28 23 de
945 1415 63 22 grun-

254 1441 45 29 der,
313 1442 30 28 på
357 1442 74 23 hvilka
446 1443 100 28 gällande
560 1444 178 27 äktenskapsrätt
753 1446 24 20 är
791 1443 80 29 byggd,
888 1444 71 28 lagen,
974 1444 34 22 så-
