1103 1739
340 108 23 22 U.
379 108 22 22 B.
418 120 26 4 —
460 109 60 27 Prop.
537 108 38 24 N:o
591 109 21 22 II.
807 109 13 19 3

96 172 42 20 kan
154 171 163 27 ifrägakomma,
333 171 53 21 hvar
400 171 34 22 för
448 171 33 27 sig
495 172 40 20 och
549 173 138 25 gemensamt,
704 171 101 22 särskilät
816 171 33 21 för

97 205 72 28 hvarje
187 205 58 21 inom
266 206 130 21 kommunen
411 206 93 27 förlagdt
519 206 131 27 gästgifveri.
680 201 30 26 Är
726 205 123 27 skjutshäll-

96 240 78 26 ningen
196 239 37 21 vid
255 240 66 26 något
343 239 125 28 gästgifveri
490 239 96 22 fördelad
605 240 13 20 å
633 240 70 20 skilda
717 240 131 26 kommuner,

97 273 54 21 skall
156 273 74 27 hvarje
239 274 113 20 kommuns
361 273 242 27 skjutningsskyldighet
614 274 107 20 dessutom
731 273 117 27 utbjudas*.

165 307 11 27 $
194 309 26 19 10
234 313 63 15 mom.
321 313 18 15 c.
355 309 24 19 är
394 307 24 21 af
435 308 43 20 alla
493 308 62 20 stånd
570 308 110 26 godkändt
694 307 66 27 enligt
775 308 74 20 betän-

96 341 86 27 kandet,
198 341 67 21 ehuru
281 341 70 21 såsom
366 348 63 14 mom.
444 342 21 20 b.

165 376 11 26 $
201 377 24 19 11
250 377 23 19 är
295 382 76 21 genom
386 376 90 26 Preste-,
500 376 102 27 Borgare-
621 376 39 21 och
675 375 175 22 Bondeståndens

96 410 72 21 beslut
183 410 100 27 godkänd
298 410 7 20 i
321 410 94 27 enlighet
429 410 49 20 med
493 410 116 21 utskottets
624 410 142 21 betänkande.

165 444 12 28 8
194 446 24 20 12
235 446 25 19 är
275 444 24 22 af
312 444 84 22 Preste-
411 444 40 22 och
466 444 185 28 Borgareständen
665 444 8 21 i
690 444 94 28 enlighet
799 444 49 21 med

96 478 170 22 Pondeständets
281 478 125 28 inbjudning
421 478 116 27 förkastad,
552 478 100 22 hvarföre
666 478 149 22 motsvarande
837 478 11 28 $

96 513 7 21 i
126 513 99 27 gällande
247 513 124 28 förordning
394 513 110 21 förblifver
526 513 128 21 oförändrad
677 513 39 21 och
738 513 33 27 $n
792 513 56 27 förty

96 548 97 21 kommer
208 550 32 19 att
254 554 25 15 ur
294 548 59 21 detta
364 547 219 28 författningsförslag
597 548 59 27 utgä.

165 582 12 28 8
194 583 25 21 15
235 584 24 20 är
274 582 23 22 af
310 583 84 21 Preste-
409 582 40 22 och
464 582 185 28 Borgareständen
664 582 7 21 i
690 582 94 27 enlighet
801 581 49 22 med

97 616 172 22 Bondeständets
283 617 126 27 inbjudning
424 618 91 26 antagen
530 612 24 26 så
568 617 102 27 lydande:

167 652 59 26 Har
241 651 212 27 entreprenadanbud
468 651 33 21 för
515 651 167 27 hällskjutsning
689 651 18 27 ej
716 651 68 27 gjorts
799 650 52 21 eller

97 685 47 22 icke
159 686 72 21 blifvit
246 686 115 27 godkändt,
378 686 61 21 skola
454 686 26 21 de
495 685 230 28 skjutsningsskyldige
742 685 12 21 &
769 691 81 15 samma

97 720 222 27 kommunalstämma,
342 726 46 16 som
406 720 33 22 för
456 720 210 22 auktionsanbudens
681 719 99 28 pröfning
796 726 54 14 sam-

97 755 135 27 mankallats,
249 755 50 28 ingä
314 754 214 23 öfverenskommelse
550 762 34 15 om
600 754 157 29 skjutsningens
773 754 77 21 fördel-

97 789 52 28 ning
164 790 48 21 dem
228 790 97 21 emellan.

166 824 51 21 Med
231 824 87 27 ledning
333 823 24 22 af
370 824 56 21 hvad
442 824 72 21 dervid
530 823 205 26 öfverenskommits,
751 824 99 25 upprätte

96 859 215 26 kronolänsmannen,
334 860 53 19 utan
409 860 32 19 att
462 858 87 21 afvakta
564 858 148 21 Guvernörens
728 857 70 27 utslag
813 863 37 14 an-

97 893 82 26 gäende
194 893 246 27 entreprenadanbuden,
457 892 40 21 den
513 893 91 26 speciela
620 891 165 28 skjutslängden,
796 891 53 21 hvil-

97 927 41 21 ken
154 927 55 21 skall
225 927 33 21 för
273 927 72 27 hvarje
361 926 124 28 gästgifveri
501 929 93 24 upptaga
616 926 27 21 de
658 925 129 28 lägenheter,
804 931 45 15 som

96 961 72 21 blifvit
179 961 37 21 der
224 961 34 21 till
267 961 115 27 hällskjuts
390 961 102 26 anslagna
500 961 39 20 och
548 961 12 20 ä
567 961 74 20 hvilka
652 960 54 21 tider
717 966 26 14 en
751 959 52 22 hvar
811 959 39 21 bör

97 995 69 22 denna
181 995 121 28 skyldighet
317 995 112 27 fullgöra".
446 995 51 27 (För
512 995 66 27 öfrigt
593 995 69 20 såsom
674 994 6 21 i
688 993 161 26 betänkandet.)

165 1030 12 27 8
195 1031 25 20 16
235 1029 40 21 har
290 1029 23 21 af
327 1029 156 27 Ridderskapet
498 1029 39 21 och
552 1029 69 21 Adeln
633 1030 54 19 samt
697 1027 158 28 Borgarestän-

97 1065 36 20 det
148 1064 93 27 antagits
257 1064 67 27 enligt
338 1064 116 21 utskottets
469 1062 303 29 sammanjemkningsförslag,
788 1062 62 21 hvar-

97 1100 57 19 emot
169 1098 160 21 Presteständet
344 1098 83 27 antagit
441 1098 170 21 Bondeständets
626 1097 124 26 inbjudning
758 1098 32 19 att
798 1096 52 27 god-

96 1133 72 20 känna
183 1133 34 27 $:n
233 1133 66 27 enligt
313 1133 156 25 betänkandet;
492 1133 33 20 tili
549 1132 52 27 följd
619 1131 77 22 hvaraf
710 1131 88 21 stånden
814 1131 36 20 be-

96 1166 105 22 träffande
227 1167 68 21 denna
317 1167 12 27 &
352 1167 91 21 kommit
464 1169 32 18 att
519 1169 75 19 stanna
612 1166 37 21 tvä
664 1168 57 19 emot
736 1165 41 21 tvä.
807 1165 43 20 För

95 1201 106 21 vinnande
221 1201 24 21 af
263 1201 158 22 ständerbeslut
440 1201 7 20 i
463 1201 69 21 denna
554 1201 33 21 del
606 1200 44 27 får
671 1199 99 22 utskott:t
786 1199 64 28 förty

97 1235 92 28 inbjuda
213 1235 124 28 Höglofliga
360 1235 158 27 Ridderskapet
534 1235 38 20 och
588 1234 71 21 Adeln
675 1233 38 21 och
744 1233 105 27 Vällofiga

96 1269 183 27 Borgareständet
298 1272 32 18 att
351 1270 7 19 i
376 1269 65 21 likhet
458 1269 49 20 med
526 1269 24 20 de
566 1269 35 20 två
616 1268 73 27 öfriga
704 1267 92 21 stånden
811 1274 39 13 an-

96 1305 51 25 taga
162 1303 16 27 $
193 1305 28 19 16
237 1304 66 27 enligt
319 1303 149 21 betänkandet.

166 1337 171 22 Vidkommande
359 1338 11 27 $
394 1338 25 20 17
441 1337 65 21 hafva
528 1337 83 21 Preste-
631 1337 39 21 och
685 1336 163 21 Bondeständen

96 1371 101 20 vidhällit
220 1371 45 20 sina
287 1372 93 26 tidigare
402 1371 70 20 beslut
494 1374 32 17 att
541 1372 118 19 bestämma
674 1371 40 20 den
730 1370 38 25 tid,
791 1370 57 20 inom

96 1405 87 21 hvilken
198 1405 89 21 resande
303 1405 55 21 skall
374 1405 13 21 &
401 1405 151 21 reservstation
568 1404 82 21 erhålla
664 1404 48 21 häst
727 1404 34 20 till
776 1409 72 15 resans
