1117 1731
366 144 15 20 U.
395 144 16 19 B.
423 154 21 3 —
457 144 44 22 Prop.
515 144 25 19 W:n
552 144 25 19 27.
819 144 11 18 9

101 207 121 23 Utskottet
244 208 8 20 i
275 208 36 21 sin
332 207 81 29 kalkyl
427 206 116 23 förutsatt.
572 207 110 21 Deremot
696 206 103 22 kommer
814 206 39 22 be-

102 242 142 28 hällningen,
267 242 48 22 ifall
338 242 45 21 den
405 241 133 29 förhöjning
554 242 9 20 i
577 240 114 22 särskilda
705 240 147 29 tullafgifter,

101 276 96 22 hvarom
212 275 128 29 Kejserliga
359 276 99 21 Senaten
474 275 115 26 hemstält,
604 275 26 21 af
642 275 65 21 Hans
721 274 132 29 Kejserliga

100 310 109 28 Majestät
230 310 133 27 fastställes,
387 312 33 19 att
441 309 74 22 blifva
536 309 117 29 betydligt
674 311 72 19 större
766 312 29 18 än
809 308 42 22 Ut-

102 344 86 21 skottet
202 344 43 21 här
259 343 71 22 ofvan
345 344 119 22 beräknat.

168 378 93 21 Jemväl
283 378 40 21 vid
341 380 90 19 senaste
445 377 113 29 landtdag
572 377 141 22 beräknades
729 379 34 19 ett
778 377 75 22 öfver-

101 412 63 22 skott
185 412 92 22 komma
300 414 34 20 att
356 413 84 28 uppstä
460 412 9 21 i
488 412 118 21 allmänna
620 411 145 22 statsfonden
779 411 74 22 under

100 446 185 30 finansperioden
303 448 145 25 1886—1888,
464 446 44 22 och
522 450 55 18 enär
592 446 65 22 detta
672 446 129 22 öfverskott
813 453 40 15 an-

100 482 53 28 sågs
174 481 135 29 lämpligast
330 482 80 20 kunna
428 481 117 22 användas
560 481 36 21 för
611 480 30 22 dä
656 481 121 21 tillernade
789 480 63 29 jern-

97 515 206 29 jernvägsföretag,
315 516 93 21 anhöllo
419 515 130 23 Ständerna
559 515 70 22 bland
639 517 72 19 annat
719 517 34 19 att
761 516 92 26 700,000

100 550 64 22 mark
183 550 26 22 af
221 550 72 28 sagda
309 550 133 28 behällning
457 550 71 21 mätte
544 550 35 22 för
593 549 79 29 hvarje
688 549 25 21 af
726 550 55 21 ären
798 550 53 21 1886

100 586 83 20 —1888
199 584 128 22 öfverföras
341 584 38 22 till
389 584 305 22 kommunikationsfonden.
709 584 54 22 Med
773 584 80 22 anled-

100 619 57 29 ning
180 618 26 22 af
218 619 76 22 denna
308 618 159 30 underdäniga
482 619 110 21 anhällan
607 618 57 22 fann
678 618 65 22 Hans
758 618 95 29 Kejser-

99 653 49 29 liga
162 653 109 29 Majestät
293 654 51 21 skäl
359 656 36 19 att
409 654 35 21 uti
458 653 139 29 kungörelse
612 652 27 22 af
652 653 44 22 den
711 654 27 22 25
754 653 99 22 Januari

102 689 53 22 1886
177 689 10 21 i
211 688 71 22 nåder
304 688 115 22 anbefalla
442 688 101 22 Senaten
558 691 41 21 att,
615 687 30 22 dä
660 688 87 29 förslag
761 688 92 22 komme

100 725 34 19 att
148 726 117 26 uppgöras
280 722 37 22 till
332 722 44 22 den
392 722 268 30 landtdagsproposition
676 729 36 15 om
723 722 82 28 anslag
815 722 37 22 till

97 757 253 29 jernvägsbyggnader,
373 756 94 23 hvilken
489 757 74 22 skulie
586 757 130 29 föreläggas
741 758 54 21 1888
815 757 37 21 års

100 792 106 28 Ständer,
229 792 36 21 till
287 792 65 21 Hans
374 791 119 29 Majestäts
508 792 110 28 pröfning
632 791 135 28 framställa,
783 791 69 22 huru-

99 826 54 22 vida
175 826 30 29 pä
227 826 76 29 grund
323 826 26 21 af
361 826 150 22 statsverkets
527 826 111 28 ställning
652 825 40 22 vid
707 826 144 22 sistnämnda

99 861 34 21 tid
149 860 43 23 och
207 860 37 22 till
259 860 61 22 hvad
335 860 82 29 belopp
432 860 53 22 frän
500 860 130 30 disponibla
646 860 127 29 tillgängar
787 860 9 22 i
811 860 40 22 all-

99 900 84 17 männa
199 894 145 23 statsfonden
359 894 82 29 bidrag
455 894 77 22 kunde
547 895 87 21 lemnas
645 894 37 22 till
692 894 160 22 kommunika-

99 929 154 23 tionsfonden.
281 929 42 23 Uti
338 929 45 22 den
398 929 35 21 till
449 937 32 14 nu
495 929 138 22 församlade
648 929 99 22 Ständer
763 929 90 28 afgifna

100 964 139 22 berättelsen
255 970 36 15 om
307 963 130 29 Styrelsens
452 964 154 28 tillgöranden
622 964 8 21 i
646 963 126 29 anledning
787 963 26 22 af
823 964 29 21 de

99 998 54 22 utaf
166 998 130 22 Ständerna
311 998 39 21 vid
367 999 54 20 1885
437 998 35 21 års
483 998 112 28 landtdag
605 997 89 23 fattade
703 998 76 21 beslut
789 997 64 22 med-

100 1033 63 21 delas
179 1032 110 29 slutligen
305 1034 61 27 (pag.
379 1034 34 24 10)
424 1035 40 24 att,
481 1032 71 22 sedan
562 1032 156 28 Senaten,hos
728 1032 66 22 Hans
804 1032 47 22 Ma-

96 1068 72 28 jestät
179 1066 93 26 anmält,
289 1069 35 19 att
339 1067 101 21 Senaten
459 1070 75 18 ansett
556 1066 117 22 allmänna
695 1066 157 22 statsfondens

100 1102 127 28 tillgångar
248 1101 50 21 icke
314 1100 118 30 medgifva
446 1100 46 22 den
506 1101 54 21 utaf
572 1100 127 22 Ständerna
706 1101 103 28 begärda
819 1100 32 22 öf-

100 1135 155 29 verföringen,
275 1135 65 21 Hans
356 1134 108 29 Majestät
478 1134 51 22 icke
544 1134 63 22 velat
616 1134 141 22 Ständernas
769 1135 85 21 omför-

100 1169 77 22 mälda
192 1169 110 22 anhällan
317 1168 86 23 bifalla.

168 1204 37 21 Dä
227 1204 74 28 enligt
318 1203 132 23 Utskottets
466 1202 166 22 ofvanstäende
647 1202 156 30 beräkningar
818 1206 35 19 ett

101 1238 140 29 disponibelt
251 1238 131 21 öfverskott
391 1237 65 22 torde
466 1237 74 21 under
550 1238 54 21 åren
613 1238 55 21 1889
675 1250 15 3 —
698 1239 53 20 1891
761 1238 93 22 komma

102 1276 34 18 att
158 1272 124 22 förefinnas
305 1272 34 22 uti
362 1271 116 23 allmänna
501 1272 151 24 statsfonden,
674 1272 90 22 hvilket
779 1272 74 22 öfver-

101 1308 64 21 skott
185 1314 38 19 nu,
247 1308 30 27 pä
299 1309 46 19 sätt
367 1306 69 22 äfven
459 1309 90 19 senaste
572 1306 98 22 Ständer
688 1306 110 26 uttalade,
814 1306 39 22 väl

101 1342 134 28 lämpligast
261 1341 77 21 kunde
361 1340 118 22 användas
501 1341 36 21 för
549 1340 252 28 jernvägsbyggnader,
817 1340 37 22 fär

101 1375 122 21 Utskottet
237 1374 119 22 vördsamt
369 1374 95 22 föreslä:

308 1411 31 18 att
363 1408 123 21 Ständerna
508 1408 33 20 uti
562 1408 34 21 sin
614 1408 153 28 underdäniga
781 1414 73 14 svars-

239 1443 113 28 skrifvelse
368 1443 13 21 &
393 1442 151 29 förevarande
559 1442 82 28 nädiga
654 1443 135 27 proposition
805 1442 51 21 ville

172 1483 155 18 Statsutskottets
340 1482 119 18 betänkande
471 1482 35 18 N:o
520 1483 26 17 17.
