1103 1728
272 139 26 21 28
481 138 22 23 U.
519 139 22 21 B.
557 150 30 5 —
602 139 59 28 Prop.
677 139 37 23 N:o
730 139 20 21 Il.

243 201 61 24 fälle,
327 204 57 19 utan
407 201 68 22 äfven
497 201 96 22 innebär
615 209 29 14 en
666 201 77 21 direkt
764 200 101 22 lockelse
885 202 34 20 att
933 199 60 29 fylla

244 234 109 23 behofvet
367 235 26 22 af
406 235 99 29 skjutsar
519 235 53 22 med
587 238 65 19 extra
666 235 81 29 skjuts.
776 235 36 21 Af
824 234 40 22 det
879 235 13 21 å
907 233 42 22 sid.
965 235 27 20 23

243 269 97 22 anförda
362 270 114 29 exemplet
498 271 72 27 (1,000
587 269 100 30 skjutsar
702 269 52 22 med
770 271 33 20 ett
818 268 78 23 deficit
911 268 27 22 af
950 269 42 21 375

243 303 90 29 dylika)
356 304 65 22 torde
443 304 40 22 det
505 303 98 23 anförda
623 306 107 26 nogsamt
754 304 68 21 inses.
851 302 141 23 Missbrukas

243 346 32 14 nu
297 339 45 21 den
361 341 65 20 extra
441 339 104 29 skjutsen
559 341 75 20 säsom
649 339 69 29 sagdt
733 343 31 23 är,
780 339 111 28 antingen
906 337 87 22 vältras

244 381 28 14 en
288 376 48 19 stor
350 373 38 22 del
404 373 25 22 af
441 374 233 29 skjutsningstungan
689 374 31 28 pä
734 374 28 21 de
777 373 97 22 resande
885 372 55 22 eller
950 372 43 22 ock

242 408 103 22 minskas
360 408 98 22 trafiken
473 412 63 18 ännu
550 416 48 14 mer
613 412 30 18 än
657 408 90 22 hittills.

311 442 123 22 Anordnas
457 443 103 22 deremot
583 445 65 20 extra
666 443 104 29 skjutsen
785 443 25 21 sä
825 450 49 14 som
888 442 9 21 i
911 448 82 22 propo-

244 477 100 22 sitionen
370 476 102 29 föresläs,
495 478 116 29 nemligen
634 480 36 19 att
692 477 27 22 de
742 476 251 30 skjutsningsskyldige

244 512 82 28 sjelfva
348 511 24 21 få
395 512 55 21 bära
471 512 128 28 utgifterna
622 512 35 22 för
680 512 138 27 densamma,
844 511 59 21 skall
927 518 66 21 nyss-

243 546 97 22 berörda
358 546 101 22 lockelse
478 546 51 22 icke
543 547 91 28 uppstå,
650 546 41 22 och
706 546 52 21 sker
774 546 109 27 derjemte
897 545 97 22 resande

244 581 44 21 den
310 581 121 27 rättvisan,
454 582 35 20 att
511 581 29 21 de
555 581 35 21 för
605 580 71 22 sådan
692 580 73 29 skjuts
780 580 51 22 icke
846 580 101 22 behöfva
961 586 33 15 er-

243 615 70 29 lägga
328 622 49 14 mer
392 619 29 17 än
436 615 37 21 för
487 616 80 28 vanlig
583 615 69 29 dylik.

310 650 55 21 Man
387 650 42 21 har
450 652 49 20 mot
519 650 42 21 den
577 650 86 29 nådiga
678 649 174 29 propositionen
866 648 129 22 framhållit

244 684 40 21 det
306 684 135 28 opraktiska
459 684 55 25 deri,
531 687 35 18 att
581 684 142 29 gästgifvare
738 683 118 29 nödgades
871 682 51 23 föra
937 690 57 22 nog-

244 726 74 21 gramn
340 718 149 29 förteckning
511 719 65 21 öfver
598 719 177 28 ifrågavarande
800 720 65 19 extra
887 718 106 29 skjutsar.

243 753 36 21 Då
298 753 28 28 ju
347 753 37 21 till
399 753 144 28 gästgifvare
564 753 116 29 knappast
698 753 47 21 kan
764 755 95 26 antagas
880 752 70 22 andre
965 756 30 17 än

244 787 166 28 skrifkunniga
434 795 115 21 personer,
575 795 68 21 synes
669 787 75 22 denna
768 787 147 29 invändning
938 794 56 14 vara

243 824 57 19 utan
316 821 125 30 betydelse.
473 823 34 28 Ty
523 823 100 21 nämnda
639 821 123 30 bokföring
780 825 24 18 är
821 821 55 22 vida
893 821 100 28 enklare,

244 860 29 17 än
296 856 46 21 den
364 856 79 29 hvarje
464 864 69 21 egare
554 857 37 21 till
611 859 34 19 ett
662 857 108 20 hemman
786 856 55 21 eller
856 859 71 18 större
942 856 53 21 hus-

244 890 48 22 håll
314 891 74 21 måste
406 891 56 21 föra.
492 891 85 22 Vidare
592 891 43 22 har
648 898 54 14 man
718 890 84 28 anfört,
818 892 34 20 att
866 890 128 29 gästgifva-

249 933 41 14 ren
304 925 36 22 för
356 927 35 20 att
402 925 120 22 åtkom
488 920 30 39 ma
533 925 44 22 den
587 926 71 29 högre
669 925 59 29 lega,
739 932 49 15 som
798 928 26 18 är
834 924 97 23 förenad
940 925 53 22 med

244 962 65 20 extra
332 960 80 29 skjuts,
435 960 74 21 skulle
528 960 8 21 i
555 959 121 30 dagboken
694 959 76 22 införa
786 959 75 22 falska
876 959 119 30 uppgifter

246 1002 36 14 om
304 995 120 28 utgångna
441 995 107 28 skjutsar.
577 995 112 21 Häremot
702 995 48 21 kan
764 994 123 21 invändas:
913 995 32 20 1:0
961 996 34 20 att

245 1037 28 13 en
288 1029 66 28 dylik
369 1028 156 29 förfalskning
539 1031 85 26 ytterst
634 1029 73 21 sällan
718 1028 66 22 torde
793 1028 149 22 förekommit
952 1028 43 22 och

245 1065 34 20 att
291 1062 160 30 gästgifvaren
461 1070 48 22 nog
519 1063 35 22 lär
561 1063 101 21 betänka
670 1064 42 28 sig,
721 1063 72 21 innan
801 1062 46 22 han
858 1062 36 22 för
904 1070 29 14 en
944 1063 52 22 obe-

244 1098 78 28 tydlig
339 1098 99 28 vinning
460 1097 71 29 begår
550 1100 34 19 ett
599 1097 237 29 förfalskningsbrott,
851 1097 43 22 och
909 1099 35 20 2:0
960 1100 35 19 att

244 1131 138 23 föröfvande
404 1131 26 23 af
447 1132 56 21 slikt
517 1131 64 22 brott
595 1133 52 21 med
661 1133 26 20 så
701 1132 93 28 mycket
808 1131 90 22 mindre
913 1139 83 14 sanno-

244 1166 76 22 likhet
340 1167 48 20 kan
410 1169 104 24 emotses,
531 1174 48 14 som
594 1166 159 29 gästgifvaren
769 1169 25 18 är
808 1166 123 22 medveten
945 1166 50 21 der-

246 1208 42 20 om,
312 1203 35 19 att
369 1200 123 29 dagboken
516 1201 104 22 kommer
641 1203 35 19 att
700 1200 153 22 underkastas
875 1207 122 22 noggrann

244 1235 145 30 granskning
412 1235 26 22 af
455 1236 158 22 länsmannen.
648 1235 116 29 Slutligen
786 1235 42 22 har
850 1243 54 14 man
926 1235 70 22 också

244 1270 83 25 anfört,
348 1272 35 18 att
401 1269 28 21 de
447 1269 279 28 lägenhetsinnehafvare,
744 1276 49 14 som
808 1269 108 28 utgjorde
931 1272 65 17 extra

245 1303 110 28 skjutsen,
370 1303 59 21 först
443 1302 60 21 efter
517 1310 29 13 en
561 1303 81 27 längre
657 1302 34 21 tid
706 1302 62 28 finge
782 1302 104 29 uppbära
904 1302 52 21 dem
972 1302 26 21 af

245 1337 27 21 de
295 1336 252 29 skjutsningsskyldige
569 1335 175 24 tillkommande
766 1336 148 29 godtgörelse
937 1336 27 22 af
983 1337 13 22 6

244 1371 71 29 penni
336 1371 38 21 för
396 1388 5 8 ,
403 1371 124 28 skjutsad"
549 1371 128 21 kilometer.
707 1371 12 21 I
740 1371 65 21 detta
827 1370 108 22 afseende
950 1372 46 20 kan

244 1406 125 28 genmälas,
385 1407 35 20 att
434 1405 301 29 lägenhetsinnehafvarene
746 1405 26 22 af
779 1405 126 23 resandene
914 1408 83 26 genast

244 1440 104 29 uppbära
370 1440 45 22 den
437 1440 142 29 ojemförligt
599 1443 83 20 största
698 1440 68 22 delen
781 1440 26 22 af
819 1440 69 29 legan
903 1440 43 22 och
961 1442 35 20 att

245 1474 28 22 de
288 1474 144 22 beträffande
447 1474 44 22 den
507 1474 134 30 obetydliga
656 1475 132 21 återstoden
802 1474 52 22 icke
863 1474 48 22 lida
921 1477 73 20 större

312 1514 189 18 Ekonomiutskottets
514 1514 113 19 betänkande
640 1517 34 15 N:o
687 1514 17 18 8.
