1103 1725
281 136 13 20 4
496 136 20 22 U.
531 136 20 22 B.
567 148 27 4 —
609 135 53 27 Prop.
679 134 33 23 N:o
726 133 19 23 I.

253 198 83 26 ledning
350 198 47 21 icke
412 197 70 22 vidare
496 197 39 22 bör
549 197 128 22 förekomma
692 198 32 20 att
741 196 78 22 inrätta
833 195 102 27 skjutslag
950 194 47 22 med

252 234 64 19 annat
332 231 83 27 omfång
430 233 25 19 än
470 230 95 23 häradet.

171 278 14 28 &
201 278 19 21 6.
317 277 11 21 I
342 277 12 27 8
369 277 13 21 6
396 276 40 22 har
457 276 103 22 utskottet
581 276 68 22 funnit
671 275 35 22 det
728 281 50 16 vara
800 274 198 27 ändamälsenligast

253 313 31 20 att
306 311 141 24 Guvernören,
470 312 27 26 på
518 312 42 20 sätt
582 310 59 22 äfven
656 310 6 22 i
677 316 28 15 nu
727 309 97 27 gällande
838 308 122 28 förordning
975 310 23 20 är

252 345 104 28 stadgadt,
370 344 127 22 bestämmer
511 344 31 22 tid
557 344 38 22 och
611 346 33 20 ort
658 344 32 22 för
704 343 170 27 sammanträdet,
889 344 51 20 enär
949 343 48 22 kro-

252 380 104 27 nofogden
372 386 75 15 annars
463 386 49 16 vore
529 379 133 22 oförhindrad
677 380 32 20 att
718 380 80 20 utsätta
809 378 115 22 detsamma
934 379 13 21 å
957 379 40 24 ort,

251 421 45 16 som
310 421 51 15 vore
376 414 32 22 för
422 414 77 22 bonom
514 414 164 27 fördelaktigast,
693 415 50 20 utan
758 412 97 22 afseende
865 413 13 21 å
889 412 25 22 de
925 412 72 27 längre

251 455 65 21 resor,
338 449 119 27 derigenom
481 448 146 22 förorsakades
641 448 162 22 kommunernas
818 447 83 21 ombud.
931 443 66 25 Äfven

251 484 39 21 har
304 484 104 21 utskottet
422 485 69 20 ansett
505 483 46 22 icke
566 482 88 22 allenast
668 481 72 29 hvarje
755 481 106 26 kommun,
872 483 51 19 utan
938 480 60 22 äfven

250 518 73 26 hvarje
343 517 221 22 kommunalstämmas
587 516 124 22 ordförande
728 516 53 21 böra
794 515 114 27 bevisligen
922 515 77 22 under-

251 554 67 19 rättas
340 558 34 15 om
396 551 57 22 tiden
477 552 38 21 och
535 553 60 20 orten
610 551 32 21 för
657 550 169 27 sammanträdet,
843 550 86 21 emedan
944 550 55 21 erfa-

251 586 101 21 renheten
368 586 57 25 visat,
441 588 32 19 att
489 585 77 22 ombud
580 585 33 22 för
626 585 99 22 kommun
740 585 98 21 stundom
850 584 46 22 icke
911 584 88 22 kommit

250 622 32 19 att
297 620 65 27 väljas
377 620 33 21 till
429 619 51 28 följd
496 620 59 22 deraf
568 622 31 19 att
614 619 138 22 ordföranden
767 619 33 21 för
814 619 185 21 kommunalstäm-

250 660 48 16 man
317 654 46 22 icke
378 654 39 22 fått
438 654 119 22 kännedom
575 661 34 15 om
624 654 7 21 i
645 653 137 22 kommunens
804 653 67 28 kyrka
892 652 107 23 afkunnad

250 689 125 27 kungörelse
390 695 34 15 om
439 689 169 21 sammanträdet.

115 736 12 28 8
138 737 13 21 6
158 742 63 17 mom.
232 737 19 28 c)
320 735 47 21 Den
389 734 7 21 i
418 734 157 27 propositionen
597 733 117 27 föreslagna
736 733 118 27 minskning
872 733 7 22 i
894 733 105 22 afständet

252 768 88 22 emellan
362 768 172 28 gästgifverierna
556 768 45 22 från
622 769 27 20 20
664 769 56 20 verst
741 768 70 26 (21,376
833 767 118 26 kilometer)
966 768 33 21 till

250 803 27 22 20
292 803 111 21 kilometer
418 803 60 27 (18,71
494 804 65 25 verst)
573 803 40 21 har
627 802 103 22 utskottet
744 803 70 20 ansett
828 802 32 27 sig
869 802 94 21 hvarken
973 809 25 15 ur

250 837 132 27 synpunkten
404 837 23 21 af
447 837 25 21 de
492 837 98 22 resandes
605 836 67 22 fördel
686 837 51 20 eller
752 837 25 21 de
792 836 205 28 skjutsningsskyldi-

248 877 37 21 ges
306 871 89 22 intresse
416 871 53 21 böra
493 871 90 21 förorda.
621 871 60 21 Inom
707 870 105 22 utskottet
834 870 38 22 har
893 870 104 27 nämligen

251 904 131 28 framhällits,
397 907 32 20 att
443 905 107 27 betydliga
571 905 135 27 olägenheter
720 904 71 22 kunde
805 904 119 22 förorsakas
939 905 58 21 kom-

250 946 101 15 munerna
373 945 74 21 genom
470 939 181 27 nödvändigheten
666 941 32 19 att
712 938 60 29 flytta
787 939 148 27 gästgiverier,
951 945 45 16 som

250 974 65 26 enligt
336 980 29 15 nu
387 974 96 27 gällande
498 973 121 28 förordning
634 976 36 19 äro
685 974 93 27 förlagda
793 974 27 27 pä
835 975 31 20 ett
880 974 73 27 längre
967 974 30 21 af-

249 1008 63 22 ständ
327 1010 27 20 än
368 1008 59 27 tjugu
442 1008 111 22 kilometer
570 1008 46 22 frän
631 1008 123 27 hvarandra,
770 1010 54 20 samt
839 1010 31 20 att
885 1008 26 22 de
926 1008 70 22 lokala

248 1041 158 23 förhällandena
420 1043 27 27 pä
462 1043 75 27 mänga
553 1044 58 20 orter
625 1042 6 21 i
647 1042 89 22 Finland
750 1045 37 19 äro
803 1043 84 26 sädana,
904 1044 31 20 att
943 1043 52 27 jem-

248 1076 34 22 väl
298 1077 35 21 det
347 1076 121 22 nuvarande
483 1076 82 28 längsta
581 1077 103 21 afständet
699 1077 23 21 af
734 1078 28 20 20
776 1079 58 20 verst
847 1078 67 21 mäste
929 1077 66 22 öfver-

248 1110 86 22 skridas.

313 1156 78 21 Vidare
406 1156 38 21 har
459 1156 104 22 utskottet
585 1156 67 22 funnit
667 1157 73 26 nödigt
754 1158 32 20 att
804 1157 4 21 i
823 1157 67 22 denna
905 1158 10 25 $
930 1163 63 16 mom.

250 1190 22 27 d)
288 1190 39 21 och
343 1190 19 27 e)
378 1189 110 22 framhålla
503 1191 108 21 skilnaden
627 1190 75 22 mellan
713 1191 40 21 den
764 1191 111 20 ordinarie
883 1191 110 27 hällskjut-

247 1230 37 15 sen
304 1224 39 21 och
366 1226 61 19 ertra
448 1224 74 27 skjuts.
559 1225 42 21 Det
622 1225 60 21 torde
704 1231 50 15 vara
768 1225 104 26 sakenligt
887 1225 38 21 och
943 1226 50 21 nöd-

249 1258 91 25 vändigt,
364 1260 31 19 att
413 1258 143 25 kronofogden
571 1259 35 20 vid
620 1259 164 21 sammanträdet
799 1260 48 20 med
861 1259 132 21 kommuner-

248 1297 37 16 nas
301 1291 77 21 ombud
393 1291 135 27 undersöker,
543 1291 102 22 huruvida
659 1291 7 21 i
680 1292 102 21 närheten
792 1292 23 21 af
822 1292 171 27 gästgifverierna

246 1324 66 23 finnas
327 1325 79 22 sädana
420 1325 127 27 lägenheter,
563 1327 32 20 att
610 1327 58 20 extra
683 1325 67 28 skjuts
765 1325 53 23 ifrän
834 1327 106 22 desamma
950 1327 41 22 kan

246 1359 110 28 päräknas,
380 1361 54 20 samt
455 1361 32 20 att
509 1359 58 22 detta
588 1359 130 23 förhällande
733 1360 34 22 vid
782 1360 110 28 förslagets
911 1363 80 26 uppgö-

245 1394 65 21 rande
332 1396 58 25 tages
405 1394 7 21 i
426 1394 123 27 beräkning,
572 1395 87 21 emedan
674 1394 32 22 till
721 1396 31 21 ett
766 1395 125 28 gästgifveri,
907 1395 37 22 der
959 1397 32 21 sä-

244 1428 41 22 dan
305 1430 59 21 extra
386 1428 67 28 skjuts
470 1429 17 27 ej
504 1429 42 22 kan
561 1429 110 27 päräknas,
686 1429 104 27 sjelfiallet
805 1431 66 21 måste
886 1430 103 29 förläggas

244 1462 51 23 flera
308 1463 122 22 hällhästar.
459 1463 109 22 Utskottet
582 1464 39 21 har
639 1463 81 23 derföre
735 1464 7 21 i
757 1464 68 22 denna
840 1466 10 25 $
865 1464 80 29 infogat
959 1467 31 20 ett

311 1503 187 18 Ekonomiutskottets
510 1503 113 18 betänkande
633 1503 37 19 N:o
682 1504 17 18 8.

1021 799 14 16 s
