1114 1753
377 145 27 23 U.
420 145 26 23 B.
461 158 28 4 —
505 146 68 28 Prop.
589 146 40 22 N:o
643 145 34 23 22.
861 147 10 20 7

154 209 28 20 90
203 208 72 27 penni
298 208 43 21 och
362 208 9 21 i
395 207 130 29 bevillning
547 209 111 26 1,098,988
678 207 65 22 mark
756 209 27 20 23
797 207 73 29 penni
880 207 21 27 *)

154 241 57 22 eller
235 242 99 21 sålunda
361 242 154 21 tillsammans
541 243 112 27 3,817,640
676 241 66 22 mark
774 243 25 20 13
820 241 81 28 penni;

153 276 26 21 är
202 277 55 20 1886
272 276 49 21 äter
343 276 8 21 i
366 276 45 21 tull
426 277 91 26 675,408
532 276 65 21 mark
611 277 28 21 40
653 276 72 28 penni
740 275 43 22 och
798 275 8 21 i
823 275 80 22 bevill-

153 310 59 28 ning
235 311 111 26 1,115,336
368 310 66 21 mark
459 311 26 21 27
501 311 70 27 penni
582 311 21 27 *)
618 310 57 21 eller
691 309 83 22 inalles
792 310 111 27 1,790,744

153 344 66 21 mark
234 345 26 21 67
277 345 78 27 penni.

221 378 37 22 Då
279 386 54 14 man
355 378 113 22 betänker
490 378 61 22 huru
574 379 64 21 svårt
660 378 40 21 det
718 381 25 17 är
757 377 42 21 hos
815 384 37 14 oss
868 379 35 19 att

153 420 85 20 genom
259 420 47 21 nya
321 413 93 21 direkta
430 413 88 21 skatter
533 413 79 21 kunna
628 412 188 28 sammanbringa
831 412 72 28 något

152 447 147 29 betydligare
323 447 84 29 belopp
430 460 27 2 —
479 447 76 29 enligt
569 446 276 28 Bevillningsutskottets
861 446 41 22 vid

155 483 54 21 1882
234 482 36 21 ärs
292 482 112 28 landtdag
427 482 156 28 beräkningar
607 482 62 21 hvad
691 489 28 13 en
734 481 30 22 dä
779 481 124 29 ifrägasatt

153 516 130 29 bevillning
305 517 14 21 å
341 516 64 22 såväl
427 516 114 29 fastighet
561 524 48 14 som
635 516 104 22 inkomst
763 516 79 21 kunde
867 516 35 21 in-

153 551 89 28 bringa,
259 550 74 22 skulle
350 558 83 21 genom
449 558 28 14 en
493 550 66 29 dylik
574 550 132 29 bevillning
721 550 100 22 erhållas
836 551 65 20 netto

153 585 83 21 endast
259 586 113 26 1,150,000
386 585 65 21 mark
467 584 55 22 eller
537 585 90 21 säledes
644 584 51 22 icke
712 592 41 14 ens
769 585 24 21 sä
809 584 94 28 mycket

153 626 49 14 som
217 619 142 28 nugällande
373 619 216 28 tobaksbevillning
604 618 94 23 förlidet
713 619 25 21 är
758 619 53 21 1887
839 618 64 22 afka-

153 652 64 22 stade
242 666 28 3 —
294 653 65 22 torde
381 654 40 21 det
436 654 71 21 ofvan
523 654 72 28 sagda
609 660 55 15 vara
678 653 124 29 tillräkligt
817 653 37 21 för
869 654 34 20 att

153 687 146 28 ädagalägga
321 688 39 20 det
382 687 126 28 oafvisliga
531 688 110 21 behofvet
665 687 36 21 för
723 687 130 21 Ständerna
867 688 36 19 att

154 722 70 22 äfven
246 722 9 21 i
277 722 126 22 framtiden
425 722 80 21 kunna
527 722 60 22 efter
601 722 38 29 sig
653 722 134 21 företeende
803 723 100 20 omstän-

153 757 108 28 digheter
275 757 82 21 anvisa
371 757 88 28 nödiga
473 757 76 21 medel
563 764 84 21 genom
663 757 62 20 skatt
739 757 30 28 pä
784 756 79 22 tobak.

221 791 47 21 Det
284 795 25 17 är
324 791 129 22 emellertid
469 791 116 28 sjelffallet
596 793 35 19 att
639 798 29 14 en
676 790 227 22 konsumtionsskatt

153 826 30 27 pä
198 825 111 22 utländsk
325 833 56 14 vara
394 826 73 21 mäste
483 825 81 22 utöfva
579 825 114 22 inverkan
707 825 31 28 pä
752 825 110 28 beloppet
877 825 26 20 af

153 859 123 22 tullsatsen
299 861 12 20 å
334 860 139 21 densamma.
502 860 35 28 Ty
557 860 92 21 utöfver
664 867 29 14 en
707 859 48 22 viss
771 863 69 24 gräns
856 859 46 21 kan

153 901 72 14 varan
246 894 52 21 icke
320 895 125 26 beskattas,
473 894 76 21 derest
570 894 143 22 fortfarande
735 893 86 29 import
842 893 60 22 skall

154 928 79 21 kunna
255 929 120 28 päräknas.
407 929 45 21 Det
474 929 75 28 ligger
571 928 40 21 vid
634 927 83 22 sädant
732 927 170 22 förhällande
887 923 17 38 i

154 962 240 29 tullbeskattningens
409 963 100 21 intresse
524 965 35 19 att
576 962 255 22 konsumtionsskatten
846 961 57 22 eller

153 997 161 28 bevillningen
335 997 52 22 icke
410 998 37 21 mä
469 997 86 22 äsättas
578 997 79 22 alltför
671 997 53 28 hög.
753 997 54 20 Men
823 996 80 21 härtill

154 1031 47 22 kan
215 1031 8 21 i
247 1032 36 21 sin
297 1032 54 21 män
367 1031 97 29 bidraga
479 1033 34 20 att
529 1030 250 30 uppbördskostnaden
794 1030 108 22 nedbrin-

153 1072 40 20 gas
209 1065 37 21 till
261 1065 39 23 dot
315 1066 86 22 minsta
415 1066 102 29 möjliga.
541 1066 47 21 För
602 1065 118 22 vinnande
735 1065 26 21 af
774 1064 64 23 detta
848 1064 53 27 mål,

154 1100 66 22 torde
243 1100 116 29 svärligen
381 1101 78 28 nägon
474 1101 135 29 lämpligare
626 1100 130 28 anordning
770 1100 81 21 kunna
865 1100 37 28 pä-

154 1134 75 22 finnas
253 1138 29 18 än
305 1136 51 27 den,
375 1142 48 15 som
442 1135 37 22 för
494 1135 143 22 närvarande
653 1138 25 18 är
692 1134 109 29 gällande
816 1134 86 22 beträf-

155 1169 69 21 fande
240 1170 252 28 tobaksbevillningen.
522 1170 116 22 Särskildt
652 1169 9 21 i
676 1169 108 26 Finland,
801 1169 40 21 der
855 1168 46 22 den

154 1203 121 23 inhemska
297 1204 197 29 tobaksodlingen
512 1205 104 22 hvarken
631 1211 32 14 nu
679 1203 98 22 innehar
791 1203 62 29 eller,
870 1204 31 20 sä-

154 1238 52 21 vidt
229 1238 98 22 förutses
350 1239 52 26 kan,
427 1239 122 21 framdeles
575 1238 60 22 skall
652 1238 81 28 intaga
747 1238 73 28 nägot
834 1238 69 21 fram-

155 1272 95 22 stäende
273 1280 56 20 rum,
352 1273 73 21 mäste
440 1273 148 29 uppbördens
604 1272 144 22 anställande
763 1272 41 22 vid
819 1279 83 15 varans

155 1306 96 22 införsel
266 1307 65 21 öfver
345 1311 98 25 gränsen
454 1314 66 15 anses
528 1306 164 23 företrädesvis
701 1306 201 28 ändamälsenligt.

223 1341 52 21 Med
291 1341 106 22 afseende
413 1342 56 21 härä
484 1342 42 21 har
540 1341 121 23 Utskottet
676 1343 58 19 trott
749 1341 37 28 sig
797 1340 55 22 böra
864 1340 38 22 till

155 1376 131 20 Ständerna
301 1376 119 20 vördsamt
435 1376 148 27 öfverlemna,

225 1448 14 23 *)
258 1449 8 17 I
282 1448 59 18 denna
359 1453 69 13 summa
446 1449 53 22 ingår
510 1448 31 19 det
552 1448 56 23 ryska
620 1449 69 21 myntet
701 1449 45 16 efter
759 1448 40 17 dess
811 1448 91 17 nominela

155 1477 60 18 värde.

224 1512 205 23 PBevillningsutskotteis
441 1511 108 18 betänkande
561 1511 36 18 N:o
609 1513 14 16 1.
705 1519 7 6 .
