1098 1756
444 132 34 21 N:o
494 133 30 21 21.
804 133 27 21 33

454 200 11 28 8
484 202 30 20 12.

175 240 38 21 Om
238 240 98 21 enskilda
359 247 109 20 personer,
493 247 45 15 som
558 241 33 27 sig
607 242 90 20 emellan
714 241 62 21 slutit
790 241 70 26 någon

105 274 225 26 öfverenskommelse,
350 276 6 19 i
374 275 74 20 stället
463 277 33 19 att
512 276 72 21 derom
601 277 103 25 upprätta
719 275 95 26 skriftlig
830 275 31 21 af-

105 308 109 27 handling,
231 309 51 26 vilja
297 309 46 20 låta
359 309 38 20 sitt
412 309 53 21 aftal
481 310 6 19 i
504 309 105 22 domstols
625 309 108 26 protokoll
749 309 111 26 anteckna,

106 349 51 14 vare
173 343 78 20 sådant
267 343 47 20 dem
332 343 47 21 icke
394 343 128 26 förmenadt,
539 344 38 20 der
593 344 36 20 det
644 344 64 26 eljest
718 344 92 26 lagligen
823 343 38 21 ske

106 377 49 21 kan.
179 377 10 21 I
205 377 69 26 dylikt
289 377 37 21 fall
345 377 92 21 skrifves
453 379 132 26 protokollet
601 378 12 21 å
629 379 39 20 den
685 378 33 21 för
730 378 132 21 domstolens

106 412 149 26 expeditioner
274 411 111 22 bestämda
405 412 73 26 karta;
500 419 47 14 men
564 419 33 14 om
614 414 31 19 ett
661 412 77 21 sådant
753 412 109 27 protokoll

106 447 124 20 sedermera
252 447 7 20 i
283 447 101 20 afseende
401 447 12 20 å
429 447 117 26 utsökning
562 447 52 21 eller
629 447 7 20 i
653 449 65 18 annat
734 447 56 26 syfte
806 446 56 21 inför

107 481 69 26 någon
202 480 123 27 myndighet
348 483 85 24 upptes,
458 481 97 21 karteras
576 481 119 21 detsamma
711 481 71 21 såsom
799 481 6 20 i
822 480 10 27 $
849 482 12 19 6

107 515 96 26 stadgas.

457 544 11 27 8
487 545 31 20 13.

178 584 173 21 Föreskrifterna
374 585 6 19 i
404 585 70 20 denna
490 585 125 26 förordning
632 585 66 20 verka
713 585 18 26 ej
748 585 28 26 på
791 584 73 27 giltig-

108 619 64 21 heten
189 618 23 21 af
226 619 133 26 afhandling,
376 619 132 21 förbindelse
525 619 52 22 eller
593 625 69 15 annan
675 619 71 26 skrift,
758 625 44 15 som
816 619 49 21 blif-

109 660 38 15 ver
163 654 118 26 upprättad
293 654 64 21 innan
369 653 164 27 förordningens
544 654 137 27 tillämpning
692 654 102 26 vidtager.
815 653 49 22 Icke

109 688 68 21 heller
194 690 23 19 är
233 688 60 26 dylik
309 688 70 27 skrift,
397 695 33 14 om
447 689 47 25 den,
510 689 7 20 i
533 688 95 27 enlighet
638 689 47 20 med
696 688 60 21 förut
766 688 99 27 gällande

110 723 141 27 stadganden,
272 722 71 21 blifvit
359 722 12 21 å
387 723 118 27 stämpladt
520 729 83 21 papper
619 723 95 21 skrifven
731 723 53 20 eller
800 722 65 21 befin-

110 763 37 15 nes
171 763 52 15 vara
246 757 85 22 dermed
357 757 83 28 belagd,
464 758 69 26 någon
558 757 73 22 vidare
655 758 111 26 kartering
786 757 78 21 under-

110 792 85 22 kastad.

180 826 103 28 Deremot
306 826 54 21 skall
385 826 73 27 hvarje
482 827 59 20 äldre
564 826 69 26 skrift.
658 826 25 21 så
701 826 117 26 beskaffad,
834 827 34 20 att

111 861 56 21 bruk
191 861 23 21 af
233 862 175 26 stämpelpapper
424 861 34 21 för
474 862 39 19 den
530 860 139 22 härförinnan
686 860 18 27 ej
720 861 57 20 varit
792 860 74 27 påbju-

111 896 44 26 det,
175 902 47 14 men
245 902 27 14 nu
289 896 87 26 införes,
393 895 27 21 då
436 895 123 21 densamma
575 895 56 21 inför
647 895 93 21 domstol
756 895 53 21 eller
825 901 43 15 em-

112 930 101 21 betsverk
237 930 86 23 företes,
342 930 65 21 blifva
427 930 47 20 med
496 930 63 20 karta
574 930 76 25 belagd
668 931 56 19 samt
739 929 129 26 anteckning

113 965 74 21 derom
205 965 38 21 ske
258 965 29 27 på
305 967 44 19 sätt
365 964 32 21 för
413 965 74 27 hvarje
504 964 103 21 särskildt
622 964 36 21 fall
675 964 67 21 finnes
759 964 109 26 stadgadt.

419 1061 48 23 IV
482 1061 85 29 Kap.

267 1108 34 22 Om
317 1108 96 22 befrielse
428 1106 45 23 från
490 1108 227 28 stämpelbevillningen.

462 1159 11 28 8
492 1160 31 20 14.

184 1200 58 21 Ifrån
259 1200 55 20 hvad
331 1199 110 26 angående
458 1200 185 26 stämpelpappers
659 1199 56 21 bruk
731 1199 97 21 ofvanför
839 1198 31 22 fö-

116 1234 117 22 reskrifvet
248 1236 29 24 är,
294 1234 145 26 undantagas:

188 1270 39 20 1:0.
251 1268 45 20 Allt
312 1268 55 21 hvad
384 1268 92 20 rörande
493 1267 81 21 kronan
591 1267 38 21 och
647 1267 49 21 dess
712 1268 44 20 rätt
766 1267 35 21 vid
812 1267 59 21 dom-

116 1304 76 24 stolar,
209 1302 136 21 embetsverk
362 1302 38 21 och
416 1301 150 27 myndigketer
582 1300 113 22 afhandlas
712 1302 56 20 samt
778 1300 94 22 derifrån

117 1337 107 21 utfärdas.
255 1332 30 26 Är
308 1336 83 21 enskild
415 1342 78 20 person
513 1338 49 24 part
580 1335 13 21 å
613 1335 79 21 endera
708 1335 67 26 sidan,
792 1336 81 20 brukas

118 1372 34 20 för
176 1372 49 20 dess
245 1371 34 20 del
299 1370 175 26 stämpelpapper
493 1370 70 20 såsom
579 1369 34 21 för
628 1369 73 26 hvarje
717 1369 37 21 fall
770 1369 104 21 särskildt

118 1405 104 26 stadgadt
237 1406 30 19 är.
291 1404 99 20 Kronans
407 1403 39 21 och
464 1403 106 21 allmänna
580 1403 156 25 inrättningars
748 1404 56 19 samt
814 1402 60 22 kom-

120 1445 87 15 muners'
223 1439 109 26 exemplar
348 1437 23 22 af
384 1437 109 27 kontrakt,
510 1437 23 20 af
546 1437 56 21 hvad
618 1437 47 26 slag
680 1437 26 20 de
722 1443 52 14 vara
784 1437 40 26 må,
836 1439 38 18 äro

797 1482 11 17 3
