1100 1742
433 123 33 21 N:o
483 123 31 22 13.
794 126 24 20 13

93 192 93 21 varande
209 192 53 20 eller
280 191 94 27 förlöper
388 192 43 20 han
446 191 98 28 hustrun;
559 192 62 21 sitter
636 192 42 21 hon
694 192 26 22 då
736 192 49 21 med
799 193 49 21 bar-

94 232 41 15 nen
156 226 86 20 hemma
266 226 38 21 och
320 225 82 21 tarfvar
417 225 49 21 föda
482 226 33 20 för
530 227 32 26 sig
577 226 38 21 och
631 226 53 25 dem,
700 227 53 21 eller
768 229 23 19 är
806 227 43 21 hon

94 260 86 21 barnlös
204 260 39 21 och
262 260 42 20 kan
319 260 32 26 sig
367 260 18 26 ej
402 260 124 21 annorledes
542 260 55 25 föda,
614 260 52 20 eller
680 262 86 25 tränger
781 266 69 15 annan

94 294 51 25 nöd;
162 293 27 22 då
203 293 35 21 må
253 293 43 21 hon
311 293 33 21 till
359 293 95 21 nödtorft
470 293 58 26 sälja,
546 293 52 21 dock
613 294 49 20 med
676 295 62 20 nästa
753 293 96 22 fränders

94 328 39 21 råd
148 328 38 21 och
201 327 67 28 bifall,
285 334 34 15 om
335 327 36 22 det
386 329 25 19 är
426 327 42 22 fast
483 327 58 28 gods,
558 333 45 16 som
614 328 70 27 säljes.
707 328 54 22 Sker
773 334 75 15 annor-

94 363 64 26 ledes,
182 362 62 22 hafve
264 369 90 14 mannen
368 362 49 21 våld
434 363 35 20 det
484 362 48 28 köp,
549 369 45 14 som
610 363 48 20 med
673 363 91 21 hustrun
779 363 70 27 gjordt

95 400 29 25 är,
140 399 32 20 att
188 403 65 22 rygga
268 398 39 21 och
325 397 110 27 återkalla,
452 403 45 16 som
509 398 5 21 i
526 397 171 22 Handelsbalken
707 400 24 19 är
742 398 106 27 stadgadt.

449 461 11 28 8
478 463 18 19 7.

163 502 75 21 Finnes
261 502 90 21 hustrun
373 501 33 21 för
424 502 75 21 slöseri
515 503 52 20 eller
582 508 68 15 annan
666 502 63 21 orsak
745 502 17 27 ej
778 502 71 21 kunna

94 536 66 21 värda
176 537 32 20 sin
223 536 108 27 egendom,
349 536 99 21 förordne
465 538 70 19 rätten
551 542 89 15 mannen
655 537 52 20 eller
721 543 69 14 annan
808 537 42 26 god

95 577 49 14 man
166 573 32 19 att
221 571 40 20 den
284 571 104 26 egendom
410 571 98 21 förvalta.
542 571 78 21 Sädant
643 570 141 22 förordnande
806 570 43 22 läte

95 607 70 20 rätten
180 607 74 25 genast
269 605 6 20 i
292 605 106 21 allmänna
413 605 135 28 tidningarna
562 605 103 27 kungöra.

163 639 63 22 Hvad
240 639 23 22 af
277 639 121 22 afkomsten
413 640 18 27 ej
448 639 106 22 erfordras
570 640 32 21 för
618 640 139 27 egendomens
773 639 76 22 under-

94 674 43 22 håll
155 675 38 21 och
209 675 80 20 skötsel
305 675 54 21 skall
374 675 49 20 med
439 675 36 20 det
488 675 67 26 öfriga
566 674 104 22 samfälda
680 675 50 20 boet
741 674 108 21 förvaltas.

95 709 107 22 Hustruns
217 709 55 21 fasta
288 709 102 27 egendom
407 709 34 20 mä
457 709 18 27 ej
489 709 23 21 af
520 709 54 27 gode
584 715 90 15 mannen
685 709 102 26 föryttras
798 709 52 21 eller

95 745 119 26 pantsättas
237 745 51 19 utan
311 744 79 21 hennes
412 745 107 20 närmaste
542 743 95 22 fränders
660 743 38 21 räd
714 743 37 21 och
768 745 81 20 rättens

96 778 114 26 samtycke.

164 813 41 20 Om
228 812 119 27 skyldigket
370 812 34 21 för
426 812 54 27 gode
502 819 90 14 mannen
610 814 32 19 att
657 812 98 21 redovisa
770 811 33 22 för
819 812 31 21 sin

96 846 128 27 förvaltning
239 847 56 26 gälle
310 847 56 20 hvad
382 853 34 15 om
428 847 146 26 förmyndares
584 846 266 27 redovisningsskyldighet

95 880 67 22 finnes
178 880 105 28 stadgadt.

414 936 22 22 3
451 937 81 28 Kap.

158 996 51 21 Huru
225 995 193 27 äktenskapsförord
434 995 58 22 skola
508 995 106 28 upprättas
631 995 37 21 och
686 995 101 28 lagföljas.

451 1053 11 27 $
480 1055 17 19 1.

165 1093 57 27 Vilja
237 1099 49 15 man
301 1093 39 21 och
355 1093 77 26 avinna
447 1094 52 26 göra
514 1092 208 28 äktenskapsförord,
739 1093 65 21 varde
816 1093 35 21 det

98 1128 45 21 före
165 1127 81 27 vigseln
261 1126 120 28 skriftligen
395 1126 131 28 upprättadt,
543 1126 49 22 med
607 1127 41 27 dag
664 1127 38 21 och
718 1126 61 28 årtal,
796 1129 56 20 samt

97 1162 23 21 af
133 1162 82 21 vittnen
230 1161 103 27 bestyrkt.
363 1161 83 22 Teckne
462 1161 38 21 ock
516 1162 40 20 den
571 1163 64 25 prest,
652 1167 44 15 som
712 1161 64 27 viger,
792 1162 59 27 intyg

98 1196 13 22 &
126 1196 101 26 förordet,
243 1197 31 20 att
291 1196 35 21 det
341 1202 38 14 var
394 1195 70 27 gjordt
480 1195 45 21 före
540 1196 88 26 vigseln.

167 1231 42 21 För
231 1232 41 25 mö,
295 1236 46 15 som
357 1230 18 27 ej
392 1229 47 27 fyllt
454 1230 92 27 tjuguett
561 1229 29 27 är,
607 1236 38 20 ege
660 1230 103 26 giftoman
778 1230 74 22 förord

98 1267 109 25 upprätta;
229 1267 50 25 tage
301 1264 54 22 dock
378 1264 78 21 hennes
472 1264 107 27 samtycke
595 1264 38 22 och
648 1264 130 22 underskrift
794 1265 57 21 derä.

452 1322 11 27 8
480 1324 18 19 2.

166 1363 82 20 Förord
270 1363 54 20 skall
347 1364 64 24 öppet
430 1362 90 25 ingifvas
542 1362 33 20 till
590 1362 183 21 rädstufvurätten
788 1363 7 19 i
811 1363 40 20 den

97 1396 50 21 stad
170 1396 51 21 eller
243 1396 149 20 häradsrätten
413 1396 8 20 i
440 1395 38 21 den
502 1397 39 24 ort,
556 1395 38 21 der
609 1395 82 26 lysning
706 1395 63 26 skett,
786 1396 38 20 sist
840 1396 12 20 &

98 1430 41 21 den
162 1430 106 21 allmänna
286 1429 171 27 rättegängsdag,
474 1430 52 20 eller
540 1428 36 22 det
591 1429 88 26 lagtima
693 1429 51 27 ting,
761 1435 45 15 som
821 1430 31 21 in-
