1100 1745
456 135 35 21 N:o
507 135 31 22 21.
832 135 12 20 3

189 204 44 20 Det
248 204 82 26 förslag
346 204 32 20 till
390 203 126 27 förordning
527 210 34 14 om
572 203 243 27 stämpelbevillningen,
828 211 45 14 som

119 238 107 26 härjemte
250 238 32 20 till
307 237 122 22 Ständerna
452 238 149 27 öfverlemnas,
622 238 74 25 skiljer
712 238 33 26 sig
760 238 33 20 för
809 238 65 27 öfrigt

120 273 77 20 endast
219 273 7 20 i
249 272 96 26 följande
368 273 94 25 punkter
481 272 47 21 från
548 272 40 21 den
604 273 7 19 i
628 271 94 26 enlighet
738 272 48 20 med
802 274 73 19 senast

118 305 132 22 församlade
273 305 104 21 Ständers
400 305 72 21 beslut
496 306 40 20 den
556 306 26 20 14
601 305 118 21 December
736 306 54 19 1885
807 306 67 20 utfär-

120 340 54 21 dade
190 339 139 27 författning:
428 353 4 5 N

186 375 11 20 I
212 375 11 27 8
239 377 19 23 4,
276 373 150 22 innehållande
439 374 25 20 de
475 374 108 25 offentliga
594 373 189 26 myndigheternas
793 374 78 21 klassi-

117 408 89 22 fikation
218 409 47 21 med
276 409 87 26 hänsigt
374 408 32 21 till
417 407 193 27 stämpelafgiftens
622 408 84 27 belopp,
718 408 45 26 har,
774 408 94 21 förutom

120 443 91 26 ändring
236 443 22 20 af
280 449 26 15 en
330 442 33 21 del
387 442 145 21 embetsverks
551 448 63 15 namn
631 442 67 27 enligt
712 442 57 21 hvad
784 449 90 14 numera

120 477 74 26 gäller,
211 477 39 21 och
264 477 66 26 jemte
347 477 36 20 det
399 476 166 27 Grekisk-ryska
580 476 88 26 andliga
684 477 107 26 Styrelsen
807 477 7 20 i
830 476 44 21 Wi-

119 511 60 26 borg,
203 517 45 15 som
272 512 48 21 med
340 511 99 22 afseende
457 511 11 20 å
485 512 33 20 sin
535 511 183 26 embetsställning
734 513 25 19 är
774 513 32 19 att
819 512 54 25 jem-

120 545 58 22 föras
201 545 50 22 med
272 545 161 27 Domkapitlen,
456 545 78 21 införts
557 545 69 20 under
645 545 68 26 tredje
729 545 144 27 afdelningen,

120 579 184 27 ordningsföljden
320 580 6 19 i
343 579 86 21 hvilken
449 579 25 21 de
490 579 33 21 till
538 579 68 26 fjerde
622 579 136 27 afdelningen
778 580 96 21 hörande

119 615 149 26 myndigheter
291 614 56 21 varit
371 616 110 24 upptagna
504 615 77 20 rättats
600 613 33 21 till
652 613 222 23 öfverensstämmelse

121 649 49 20 med
192 649 41 20 den
256 649 91 26 ordning
367 655 45 14 som
428 648 34 21 för
477 648 183 26 Expeditionerna
675 648 6 21 i
698 648 105 22 Senatens
817 649 57 21 Eko-

119 683 221 26 nomiedepartement
356 685 24 18 är
394 683 137 26 vedertagen.

188 717 11 21 I
217 717 11 28 $
244 719 20 26 5,
280 717 102 21 rubriken
401 717 319 28 Bowppteckningsinstrument
736 718 39 21 har
790 725 26 14 en
832 718 41 21 för-

122 753 90 26 ändring
235 753 102 26 vidtagits
360 753 6 20 i
383 752 54 27 syfte
454 754 31 19 att
500 752 98 21 förenkla
614 753 143 26 uträkningen
773 753 22 21 af
809 754 65 20 stäm-

120 786 124 27 pelafgifter
266 787 34 20 för
323 786 62 22 dessa
404 787 122 20 dokument.
556 787 47 21 Den
622 786 92 27 lindriga
729 787 145 27 förhöjning
860 782 18 36 i

123 821 97 28 afgiften,
241 828 45 15 som
302 822 124 26 härigenom
443 822 96 26 uppstär,
555 827 62 21 synes
633 822 18 26 ej
668 822 54 20 böra
737 824 76 24 utgöra
828 822 46 21 hin-

122 857 37 20 der
181 855 33 21 för
237 856 139 26 aflägsnande
398 856 23 21 af
443 856 25 21 de
488 856 48 20 utaf
557 856 35 20 det
615 856 58 20 förra
688 856 128 27 stadgandet
832 856 42 21 för-

119 890 79 27 sporda
213 891 144 26 olägenheter.

189 925 11 20 I
223 931 82 15 samma
328 926 11 27 $
358 925 68 22 under
442 925 102 21 rubriken
560 925 118 24 Fullmakt,
696 925 60 22 10:de
771 926 103 26 punkten,

121 960 40 20 har
183 959 102 27 beloppet
307 960 24 21 af
353 959 35 21 det
411 960 138 26 statsanslag,
566 965 44 15 som
626 959 68 27 ligger
708 960 34 21 till
757 960 70 26 grund
842 959 34 22 för

120 994 121 27 beräkning
264 993 25 21 af
309 994 178 27 stämpelafgifter
509 994 34 20 för
558 993 100 22 fullmakt
674 993 22 22 ät
711 994 163 21 folkskollärare

121 1028 40 21 och
176 1028 117 27 lärarinna,
310 1028 110 27 upptagits
444 1028 65 27 enligt
528 1034 28 14 nu
572 1027 100 26 gällande
689 1028 136 27 bestämning
841 1035 34 14 om

120 1062 68 27 sagda
203 1062 76 27 anslag
294 1063 34 20 till
346 1062 131 21 ättahundra
492 1063 62 20 mark
568 1061 33 22 för
616 1062 71 21 lärare
702 1063 39 20 och
753 1063 123 20 sexhundra

120 1097 62 21 mark
197 1097 34 21 för
247 1097 116 21 lärarinna.

189 1131 69 21 Sedan
282 1131 242 26 krigsmanshuskassan
548 1130 87 21 erhällit
656 1131 167 22 bestämmelsen
844 1133 32 19 att

120 1167 79 24 utgöra
214 1165 169 26 pensionskassa
398 1165 34 20 för
446 1165 72 21 finska
533 1165 109 20 militären
654 1165 39 21 och
703 1165 124 27 lotsverket,
837 1165 39 22 bör

121 1199 100 22 befrielse
236 1199 49 21 frän
301 1199 155 27 stämpelafgift
471 1199 47 22 icke
534 1205 60 15 mera
609 1205 40 20 ega
664 1206 46 14 rum
726 1199 34 21 för
776 1200 43 21 alla
829 1199 49 22 bref

123 1235 13 20 å
158 1234 89 26 pension
266 1240 27 14 ur
311 1233 65 27 sagde
399 1233 71 26 kassa,
494 1233 87 21 hvarför
603 1239 63 15 mom.
688 1235 12 19 2
716 1233 69 22 under
806 1233 69 22 rubri-

121 1268 43 21 ken
186 1267 161 28 Pensionsbref
363 1268 7 21 i
385 1268 11 27 &
412 1269 12 20 5
442 1267 38 22 och
495 1267 11 28 $
524 1269 26 19 14
564 1273 64 15 mom.
645 1268 25 21 19
687 1267 87 22 erhållit
789 1274 27 15 en
832 1267 44 22 för-

121 1303 82 21 ändrad
218 1302 88 27 lydelse.

189 1336 10 22 I
221 1336 11 28 $
257 1338 26 20 14
305 1337 40 21 har
367 1336 34 22 till
422 1336 60 22 10:de
501 1336 95 27 punkten
612 1336 71 28 fogats
698 1338 32 20 ett
745 1337 81 27 tillägg,
842 1337 35 21 till

124 1371 177 20 förekommande
321 1371 62 20 deraf
402 1373 32 18 att
449 1371 43 20 mål
508 1371 92 20 rörande
615 1371 196 24 bränvinsskatten,
827 1371 50 21 med

124 1404 100 21 afseende
241 1405 13 20 å
268 1406 92 19 naturen
376 1404 24 21 af
413 1404 71 21 denna
499 1404 65 27 skatt,
580 1403 72 22 kunde
664 1410 61 15 anses
737 1405 140 26 undantagna

122 1438 51 21 från
192 1437 161 28 stämpelafgift.
384 1437 58 22 Enär
460 1437 259 27 ingvarteringsärenden,
740 1439 70 20 såsom
825 1438 53 21 hän-
