1103 1742
347 132 23 23 U.
386 132 22 22 B.
424 143 29 7 —
468 133 59 27 Prop.
544 132 35 23 N:o
596 132 28 23 12.
817 132 12 21 5

113 194 18 26 ej
155 194 79 23 mindre
257 197 74 25 staten,
355 198 27 19 än
404 196 80 22 enskild
498 202 82 21 person,
596 195 106 27 menighet
716 195 50 21 eller
781 194 76 28 bolag*

113 228 34 21 vid
162 229 75 21 sädant
251 229 129 23 förhällande
395 232 36 20 äro
446 232 47 19 rent
508 230 22 22 af
542 230 145 25 vilseledande,
702 230 7 20 i
725 230 34 21 det
775 232 31 19 att
821 229 36 21 de-

112 268 79 16 samma
206 263 69 22 kunde
290 264 54 27 gifva
359 264 110 26 anledning
483 264 32 21 till
530 264 39 22 den
584 263 137 28 uppfattning,
744 266 31 19 att
790 263 67 22 strafi-

111 296 186 24 bestämmelserna
318 298 7 21 i
347 298 219 28 fridlysningsstadgan
581 298 65 21 borde
661 300 50 19 utan
727 298 70 21 vidare
813 304 44 14 om-

111 331 56 27 gäng
189 331 104 29 tillämpas
315 332 32 22 till
369 332 66 28 skydd
451 332 33 22 för
498 332 96 27 samtliga
608 332 228 27 telefonanläggningar
849 331 7 22 i

111 366 80 27 landet,
215 366 22 22 af
253 367 55 22 hvad
323 374 62 15 namn
401 367 38 22 och
454 366 144 23 beskaffenhet
613 367 25 21 de
654 369 26 19 än
696 374 55 14 vore.
781 367 33 21 Då
829 372 27 16 an

110 400 60 21 förda
193 401 38 21 ord
254 402 111 26 dessutom,
387 402 8 20 i
416 401 99 22 händelse
535 402 68 26 nägon
618 401 56 27 dylik
689 401 83 27 mening
786 402 7 20 i
809 401 47 21 dem

110 434 46 22 icke
177 434 120 28 inneligger,
320 438 36 19 äro
378 435 124 27 fullkomligt
525 435 138 27 öfverfödiga,
687 436 59 20 torde
764 435 25 21 de
804 435 52 21 böra

111 469 57 26 utgå.
191 481 27 3 —
240 469 76 22 Vidare
335 470 39 22 har
395 470 109 21 Utskottet
519 469 59 23 hållit
593 469 50 27 före,
659 471 32 19 att
706 470 39 20 den
760 469 95 28 åsyftade

109 502 156 28 fridlysningen,
281 504 37 21 der
333 504 160 26 telefonledning
509 503 96 28 olofligen
620 506 24 19 är
658 504 77 26 dragen
752 504 57 21 öfver
819 510 36 15 au-

110 543 52 15 nans
177 538 85 22 område
278 538 51 22 eller
343 538 50 28 eljes
408 540 37 25 gör
460 538 84 28 intrång
557 538 7 22 i
579 538 81 22 enskild
675 544 59 15 mans
749 540 50 24 rätt,
809 538 46 22 icke

109 571 39 22 bör
169 572 71 22 kunna
262 575 61 24 göras
344 572 97 28 gällande
463 575 44 19 mot
529 573 45 27 den,
590 579 44 15 som
650 572 63 22 söker
727 572 80 28 skydda
822 572 33 22 sin

109 605 70 23 bättre
201 608 49 25 rätt,
272 607 51 22 eller
339 607 66 22 under
419 607 150 27 förhällanden,
585 607 27 22 dä
626 608 28 26 pä
669 607 31 21 sin
715 607 49 27 höjd
779 613 76 15 ansvar

108 640 33 22 för
162 642 132 26 egenmäktig
316 642 74 26 åtgärd
412 648 60 21 synes
495 642 70 21 kunna
586 641 158 27 ifrägakomma;
769 640 85 22 hvarför

108 674 109 23 Utskottet
238 675 88 22 föreslär
348 677 30 20 ett
397 676 72 26 tillägg
484 676 31 21 till
531 676 39 21 den
586 675 75 27 nädiga
675 675 157 27 propositionen
846 675 8 21 i

108 709 75 21 sädant
205 709 58 27 syfte.
286 722 27 3 —
336 709 101 27 Slutligen
460 710 60 21 torde
544 709 148 27 författningen
707 710 52 20 böra
774 709 80 22 erhälla

107 749 64 15 namn
193 743 23 22 af
234 743 121 28 förordning
377 744 7 21 i
403 743 71 22 stället
488 744 32 21 för
534 744 129 26 kungörelse,
679 743 85 21 hvilken
779 749 74 16 senare

107 776 126 28 benämning
248 778 65 27 knapt
328 778 100 27 någonsin
444 778 101 22 användts
561 778 38 21 och
609 778 46 22 icke
664 777 67 22 heller
741 777 111 28 lämpligen

107 817 60 21 synes
190 811 50 22 böra
262 813 106 21 användas
389 812 32 21 för
436 814 31 20 att
481 812 103 22 beteckna
598 818 26 16 en
641 818 74 21 genom
730 812 123 22 samverkan

107 845 23 23 af
141 848 74 25 regent
230 846 38 22 och
283 847 85 21 ständer
382 846 128 22 tillkommen
522 846 126 28 författning.

175 915 66 22 Ofvan
264 916 100 21 nämndes
379 917 38 26 att,
433 916 65 21 ehuru
512 915 35 22 vid
562 915 140 22 bedömandet
717 915 22 22 af
751 915 101 28 ifrågava-

105 950 66 22 rande
186 950 111 27 lagförslag
312 950 35 21 det
362 950 135 27 förhållande,
512 950 58 22 hvari
586 951 36 20 det
636 950 106 27 offentliga
753 950 99 22 intresset

106 985 45 22 står
165 984 31 21 till
211 985 26 21 de
252 985 56 22 olika
322 985 71 26 slagen
409 984 22 22 af
444 984 221 27 telefoninrättningar,
685 985 46 22 icke
746 985 41 21 kan
802 985 49 21 lem-

105 1025 38 15 nas
165 1019 121 26 obeaktadt,
309 1018 109 22 Utskottet
439 1019 63 21 likväl
524 1019 45 21 icke
588 1019 80 21 kunnat
683 1021 49 24 taga
747 1019 104 21 önskvärd

105 1053 80 28 hänsyn
205 1053 31 21 till
252 1054 40 21 den
307 1053 128 27 författning,
450 1059 44 16 som
510 1055 106 20 emanerat
628 1053 44 27 just
690 1053 3 21 i
708 1053 97 22 ändamål
820 1055 32 20 att

105 1094 26 15 ur
145 1088 132 27 synpunkten
292 1087 22 22 af
326 1088 65 27 sagda
406 1087 105 27 offentliga
525 1087 88 22 intresse
627 1087 65 22 ordna
702 1087 150 22 telefonväsen-

105 1123 36 21 det
155 1122 7 21 i
177 1122 77 27 landet,
270 1122 103 27 nemligen
387 1122 139 27 kungörelsen
541 1121 22 22 af
576 1122 39 21 den
626 1122 27 21 23
664 1121 115 22 December
791 1122 60 21 1886.

104 1157 65 22 Detta
183 1157 114 27 påstående
312 1157 61 21 torde
388 1156 66 22 tarfva
469 1163 25 15 en
509 1158 96 21 närmare
620 1155 129 28 motivering.

173 1190 133 23 Beträffande
320 1191 74 21 främst
409 1190 128 23 tillkomsten
551 1191 23 21 af
586 1191 65 26 sagda
665 1190 128 27 författning,
808 1191 43 22 kan

105 1225 113 22 antecknas
240 1227 38 24 att,
297 1225 76 21 medan
387 1225 26 21 de
427 1225 66 21 första
507 1225 180 22 telefonanstalter
701 1225 7 21 i
723 1225 72 22 landet
810 1225 40 22 till-

103 1259 89 22 kommit
207 1261 51 19 utan
272 1261 32 20 att
319 1259 98 21 särskildt
432 1259 122 27 begifvande
568 1259 23 22 af
602 1259 122 27 regeringen
735 1259 115 26 utverkats,

104 1293 101 28 styrelsen
220 1293 40 22 den
276 1293 24 22 31
315 1293 87 22 Januari
413 1294 53 21 1882
477 1293 65 22 första
552 1294 80 27 gången
644 1293 103 27 beviljade
756 1293 95 23 tillstånd

103 1327 32 22 till
151 1327 56 28 dylik
222 1327 119 27 inrättning,
357 1327 73 22 afsedd
444 1327 32 22 för
491 1327 86 22 allmänt
591 1327 63 22 bruk:
666 1328 38 21 och
715 1328 135 22 meddelades

103 1361 65 26 sagda
189 1361 95 21 tillstånd
306 1361 22 21 af
349 1361 116 26 Kejserliga
488 1362 90 21 Senaten
593 1362 53 21 efter
660 1363 59 20 Hans
733 1362 117 26 Kejserliga

103 1394 110 27 Majestäts
235 1397 47 24 eget
300 1394 75 22 beslut.
403 1394 31 22 På
449 1395 129 26 underdånig
592 1395 124 21 hemställan
732 1395 67 22 erhöll
814 1395 36 21 Se-

103 1430 63 20 naten
189 1428 56 27 derå,
260 1434 75 21 genom
351 1427 215 24 Statssekretariatets
580 1428 48 22 bref
640 1428 32 21 till
687 1428 162 28 Generalguver-

103 1464 66 21 nören
190 1462 23 23 af
233 1462 40 22 den
294 1463 25 22 13
335 1463 31 26 (1)
381 1462 42 28 Maj
440 1463 61 25 1884,
516 1463 72 28 nådigt
602 1463 166 28 bemyndigande
782 1464 32 21 att
829 1463 18 27 ej

171 1503 140 23 Lagutskottets
324 1503 113 18 betänkande
449 1503 35 18 N:o
497 1503 17 18 6.
