1139 1786
391 163 24 20 U.
428 162 22 21 B.
467 173 26 4 —
508 162 59 25 Prop.
582 162 38 21 N:o
634 163 28 22 21,
846 161 26 22 59

152 223 45 22 och
211 223 128 28 iakttagen,
354 223 9 20 i
378 222 187 22 landskontorets
580 223 138 28 ärsräkning
732 223 26 21 fä
769 223 83 21 afföras
861 223 41 21 tvä

151 259 98 27 procent
271 257 26 21 af
313 257 62 21 hvad
395 253 63 25 inom
476 257 50 21 året
541 257 36 21 för
591 257 208 28 kartaförsäljning
813 257 89 21 influtit

152 291 47 22 och
216 291 89 21 kronan
320 291 204 27 tillgodokommit,
540 291 44 21 och
599 291 96 21 hvilken
710 293 98 26 procent
821 291 81 21 tillfal-

152 325 34 21 ler
206 324 216 22 landskamreraren
444 324 44 22 och
505 324 235 22 landträntmästaren
758 324 38 22 till
810 324 92 22 hälften

151 359 119 22 hvardera.

497 393 12 29 8
524 394 34 20 43.

223 428 82 22 Denna
320 428 138 28 förordning
472 428 82 21 länder
569 428 38 21 till
622 428 154 22 efterrättelse
791 427 53 22 frän
859 427 43 22 och

153 463 53 21 med
228 462 45 22 den
297 465 9 19 1
330 462 99 22 Januari
450 463 54 22 1889
523 462 38 21 till
576 463 120 28 utgången
710 462 27 22 af
751 463 24 21 år
792 463 60 26 1891,
868 462 35 21 sä-

152 498 71 21 framt
244 498 52 20 icke
311 504 33 22 ny
359 496 231 30 stämpelbevillning
603 496 163 22 dessförinnan
781 497 83 21 varder
879 496 26 22 af

152 532 92 22 landets
259 532 100 21 Ständer
373 531 116 22 faststäld.

222 703 12 21 I
256 703 174 27 behandlingen
453 704 27 21 af
495 704 64 21 detta
574 702 83 23 ärende
673 703 71 21 hafva
758 703 8 21 i
781 702 122 22 Utskottet

160 738 97 28 deltagit
279 737 155 22 ledamöterne
458 738 114 28 Högman,
594 736 146 27 ordförande,
763 736 140 27 Ehrnrooth,

157 772 66 27 Rob.,
238 779 47 15 von
301 772 114 28 Gvanten,
430 772 149 28 Segersträle,
594 772 23 22 J.
632 771 34 27 V.,
681 771 147 25 Fredrikson,
838 770 66 22 Sahl-

156 806 63 28 berg,
233 806 103 26 Ilvonen,
352 806 91 28 Ervast,
458 808 141 26 Borgström,
614 805 136 27 Riihimäki,
761 804 142 22 Pääkkönen

159 840 44 22 och
217 840 94 22 Hoikka
320 843 59 19 samt
390 840 180 30 suppleanterna
580 840 180 28 Tavaststjerna,
771 840 35 26 A.,
818 840 85 28 Arppe,

156 874 114 27 Torckell,
285 875 68 28 Patja
368 876 44 20 och
426 875 114 22 Piilonen.

223 949 156 29 Helsingfors,
395 949 45 22 den
456 952 11 18 5
484 949 68 30 April
569 950 61 22 1888.

443 1153 17 29 —
447 1161 173 16 hd

226 1501 205 23 Bevillmingsutskottets
443 1500 108 18 betänkande
562 1500 36 18 N:o
611 1502 16 16 5.
