1125 1750
313 25 7 4 |
374 47 28 92 N

404 146 13 16 N

359 163 22 23 U.
398 163 71 33 BN—
484 164 61 30 Prop.
560 167 34 23 N:o
611 166 37 24 28.
840 170 11 20 7

133 226 56 21 delse
205 225 70 22 såsom
285 232 26 15 en
321 226 123 22 länsmännel
478 228 147 24 underordnad
639 230 40 22 och
694 232 46 20 dem
756 232 32 21 till
798 232 83 22 biträde

146 260 72 21 nvisad
241 260 60 27 polis,
318 260 122 23 tillskrifves
475 262 30 22 dels
516 263 60 22 deras
591 264 48 27 låga
655 265 165 27 bildningsgrad,
838 267 44 21 dels

127 294 43 23 o&h
191 294 147 27 förnämligast
360 296 40 20 den
421 296 60 27 ringa
508 297 123 29 aflöningen,
654 299 85 22 hvilken.
753 300 46 21 icke
813 300 68 22 under

125 330 72 20 nåra
211 327 146 22 förhållanden
372 329 42 21 kan
428 302 76 60 utgör)
520 338 27 14 en
557 332 199 23 tillfredsställände
763 335 118 27 ersättning

124 364 32 26 för
197 368 13 14 &n
232 368 87 24 persons
331 363 99 24 odelade
443 365 146 23 verksämhet.
618 367 50 22 Icke
683 368 66 22 heller
764 368 39 22 har
818 369 63 21 lönen

108 396 181 29 -arsprufogligen
312 398 55 21 varit
389 398 65 28 härpå
476 400 119 28 berkiknad,
617 402 98 22 faststälä
737 409 46 16 som
802 404 40 21 den
856 406 24 19 är

112 434 42 25 för
174 430 66 26 säyyäl:
261 430 48 23 brö-
322 437 55 17 "som
399 433 115 29 skallfogdew
549 436 32 22 till
597 443 26 15 en
637 436 69 29 kappe
721 438 97 27 spanmä!
833 438 47 23 från

117 462 93 45 hvarje”
223 464 44 21 helt
285 466 97 22 hemman
397 468 56 23 inom
468 469 36 22 det
519 471 91 22 distrikt
625 472 64 27 sagde
703 472 99 23 biträden
816 473 64 22 hafva

184 499 88 38 vetjena.
302 500 120 25 Hänvisade
443 504 32 21 till
498 505 54 21 denna
593 506 72 22 snäfva
680 507 98 27 aflöning,
794 508 85 22 hvilken

194 561 2 2 |
254 533 22 23 -Å
288 535 69 27 några
371 539 58 19 orter
444 538 62 27 utgår
520 539 32 22 till
587 540 50 27 hägot
651 541 66 27 högre
732 541 84 28 belopp,
825 544 51 20 utan

122 573 32 19 att
175 568 69 24 lNNväl
265 569 69 29 förmå
356 570 52 28 fylla
424 571 25 23 de
464 574 171 27 nödvändigtnste
650 575 110 28 behofven,
776 577 37 21 äro
828 576 49 23 bro-

124 605 39 23 och
178 602 165 28 skaNfogdartie,
359 602 140 28 der"te-icke
510 610 36 19 äro
558 608 186 28 fastigbetsegare,
755 611 122 22 nödsakade

124 642 32 20 att
178 644 101 22 supplera
293 637 82 23 bristen
389 638 7 22 i
411 627 195 48 exiseensvilkoren.
612 631 72 39 genom
707 645 74 22 arbete
796 645 32 22 till
843 652 35 15 en-

124 674 67 23 skilde
202 694 6 3 .
213 668 55 28 eller
271 673 161 34 emottagande
448 672 22 21 af
498 677 86 21 allmosor
597 676 46 22 från
659 674 124 33 distisiktets
798 680 80 22 befolk-

125 710 56 26 ning,
202 707 109 23 hvärtill-i
325 708 114 31 synnerhet
460 710 169 23 uppbörden.-af
645 708 122 28 kapparnt,.
782 721 45 18 som
842 722 36 20 ge-

126 743 104 28 menligen
247 740 128 35 verkställes
397 740 180 33 af.lömtagarene
599 744 78 28 sjelfva,
700 743 99 27 erbjuder
820 746 58 26 gj-n-

126 780 56 21 samt
196 775 89 25 tillfälle.
314 775 60 22 Huru
390 776 47 20 litet
470 783 78 24 Wenägne
562 778 158 29 ifrågavarande
735 778 23 22 af
766 778 130 22 distrikts--.

127 812 164 23 innevänarenes
312 810 132 27 hjelpsamhet
477 815 38 22 och
531 813 249 29 bevågenhet:beroende
794 812 78 22 krono-

128 848 93 26 betjeute
236 846 67 31 måste
318 835 96 48 befinas
428 856 52 14 vara
494 851 32 20 att
540 849 95 27 företaga
649 848 70 27 nägot,
735 847 137 27 hvarigenom

129 880 114 30 Aöt:fgoda
257 875 175 29 förhällandef*
465 884 25 28 de
504 883 143 23 förstnämnde
661 883 71 22 kunde
747 882 126 27 äfventyras,

130 920 24 19 är
177 916 42 22 lätt
239 917 75 21 insedt.
344 917 42 22 Det
408 918 43 22 förstå
487 912 96 29 Vilkoret
597 918 32 22 för
645 918 59 22 desse
718 918 104 26 betjentes
836 917 38 21 hö-

128 951 63 28 jande
205 950 68 22 mäste
288 951 82 22 säledes
385 958 51 16 vara
451 958 26 16 en
491 952 127 27 förbättring
633 952 22 22 af
665 952 60 22 deras
736 951 139 23 ekonomiska

130 986 105 26 ställning.
265 985 32 22 Dä
320 992 26 15 en
367 986 76 27 ätgärd
457 986 7 22 i
480 986 68 23 denna
567 987 92 27 riktning
674 986 118 31 emellertid
806 986 67 22 mäste

129 1021 86 21 komma
237 1021 31 21 att
289 1020 76 22 kräfva
387 1025 34 17 em
434 1020 118 28 betydande
574 1021 53 27 ärlig
645 1015 64 38 utgift
723 1015 48 38 frän
785 1020 36 22 det
836 1020 38 22 all-

130 1056 87 31 männas
233 1054 51 26 sida,
300 1060 48 16 men
363 1055 107 27 samtidigt
485 1056 33 21 till
532 1056 46 21 sina
591 1056 127 26 verkningar
732 1055 49 22 med
791 1054 84 28 hänsigt

129 1089 34 21 till
184 1089 36 21 det
242 1089 95 27 äsyftade
359 1088 69 28 mälet,
451 1089 65 30 blifva
534 1090 22 21 af
569 1092 44 20 stor
628 1090 113 26 betydelse,
758 1095 62 21 synes
834 1089 41 22 den

130 1130 40 15 ena
191 1123 24 21 af
235 1123 161 28 ifrågavarande
419 1124 77 26 sysslör
518 1124 53 22 böra
590 1124 39 22 och
643 1124 72 21 kunna
729 1124 105 27 indragas.
864 1123 11 22 I

130 1158 59 22 detta
209 1158 99 22 afseende
330 1158 100 22 omfattar
445 1158 105 22 utskottet
562 1159 77 27 jemväl
654 1158 105 22 komitens
774 1158 55 27 äsigt
843 1159 33 21 att

130 1193 225 27 skallfogdesysslorna
376 1192 35 23 mä
433 1193 98 22 afskaffas
546 1193 39 22 och
603 1193 74 22 endast
694 1192 181 27 brofogdebefatt-

130 1228 102 26 ningarne
253 1227 124 26 bibehållas,
400 1227 53 22 dock
472 1227 89 22 sålunda
580 1229 32 20 att
626 1228 7 21 i
648 1229 69 20 större
732 1227 52 22 eller
798 1233 78 16 annars

131 1261 121 22 svärskötta
267 1261 86 22 distrikt
368 1261 36 22 tvä
419 1261 51 22 eller
484 1261 51 22 flere
550 1262 79 22 sädana
644 1262 67 21 skulle
725 1261 73 22 finnas.
819 1261 57 22 Ense

130 1296 49 22 med
193 1295 94 23 komiten
303 1297 23 21 är
341 1295 105 23 utskottet
460 1296 68 22 likaså
542 1296 79 27 derom,
630 1297 32 21 att
677 1295 132 23 Statsverket
824 1296 52 27 egde

132 1331 112 27 disponera
266 1330 57 22 öfver
345 1330 41 22 den
409 1330 32 22 till
463 1330 47 22 bro-
529 1331 38 22 och
583 1330 167 28 skallfogdarnes
764 1330 112 22 underhåll

131 1366 66 20 sedan
211 1365 101 26 gammalt
328 1365 101 25 anslagna
444 1364 61 22 delen
519 1365 23 20 af
554 1365 138 26 jordskatten,
707 1364 118 26 utgörande
840 1364 36 21 två

131 1398 82 27 kappar
235 1397 95 27 spanmäl
351 1398 47 20 frän
420 1397 72 27 hvarje
506 1398 104 27 hemman,
627 1398 34 21 för
676 1399 32 20 att
723 1398 89 21 sälunda
827 1398 49 21 ned-

130 1432 75 27 bringa
220 1432 26 21 de
261 1432 48 21 med
323 1432 41 21 den
379 1431 113 22 förordade
506 1432 194 27 löneförhöjningen
710 1431 94 27 följande
814 1434 62 19 stats-

132 1466 121 28 utgifterna.

200 1541 188 19 Ekonomiutskottets
400 1541 115 19 betänkande
527 1543 34 16 N:o
579 1541 28 17 10.
