1100 1731
267 134 26 20 10
574 134 34 21 N:o
624 134 32 21 21.

287 247 47 27 hus,
358 247 85 22 hvilkas
466 247 125 27 behållning
607 247 55 22 efter
677 247 131 28 bouppteck-
822 242 2 5 |

287 282 143 28 ningsvärdet
453 284 83 26 uppgår
551 283 33 21 till
600 282 66 22 minst
682 284 40 20 500
738 284 69 25 mark,
823 282 1 5 |

288 317 66 27 enligt
370 317 96 26 följande
482 318 103 25 grunder:

319 358 40 26 1:0)
376 358 48 21 med
441 359 36 27 1/16
487 358 27 28 %
530 358 22 21 af
560 358 50 21 hela
620 358 152 27 behållningen
781 359 28 21 dä

289 392 41 21 den
345 392 47 21 icke
409 393 130 26 öfverstiger
556 394 76 24 10,000
647 392 65 21 mark.

317 433 43 26 2:0)
378 433 48 21 med
442 433 37 27 2/36
488 433 26 27 %
529 433 23 20 af
560 433 48 21 hela
620 432 150 27 behållningen
782 433 27 20 dä

289 467 41 21 den
346 467 127 26 öfverstiger
490 468 82 26 10,000,
589 474 49 14 men
651 467 48 21 icke
710 469 24 19 är
744 468 65 25 högre

289 504 26 18 än
333 502 90 24 100,000
439 502 69 20 mark.
824 499 1 8 |

317 542 43 27 3:0)
377 542 48 20 med
442 542 36 27 3/,,
486 542 28 27 9/,
530 542 22 20 af
560 542 50 21 hela
620 541 151 27 behållningen
783 542 27 20 dä

289 577 41 20 den
343 576 126 27 öfverstiger
482 577 96 26 100,000,
592 583 48 14 men
651 576 47 21 icke
710 578 22 19 är
743 576 67 26 högre

290 613 28 19 än
334 612 113 26 1,000,000
463 611 67 21 mark.

321 652 44 26 4:0)
381 651 48 21 med
446 652 36 26 +/,,
490 652 28 26 %
534 651 22 21 af
564 652 48 21 hela
622 650 152 28 behållningen
783 650 28 32 dä

290 686 69 21 denna
391 687 81 26 uppgår
503 687 32 20 till
565 692 45 16 mer
640 688 26 19 än
699 686 112 26 1,000,000

292 720 73 26 mark;

291 755 52 21 eller
367 754 82 22 säledes
473 754 33 22 för
529 755 73 26 hvarje
623 754 53 22 fulla
694 755 40 21 100
750 754 61 22 mark

291 789 22 21 af
326 789 50 21 hela
392 789 152 27 behällningen

291 824 7 20 i
315 826 33 19 1:a
373 824 115 26 kategorin

290 858 7 21 i
313 860 34 20 2:a

290 893 8 21 i
313 894 33 20 3:e
424 910 11 10 ää

291 928 7 20 i
315 929 32 20 4:e
425 944 12 11 N

424 875 12 11 ”
520 874 39 6 «ch

320 968 152 26 Skyldigheten
482 970 32 19 att
522 968 87 21 kartera
618 968 193 27 boupptecknings-

291 1002 131 21 instrument
432 1002 33 21 till
474 1009 29 14 nu
511 1002 135 21 föreskrifvet
655 1002 76 26 belopp
743 1004 68 20 sträc-

291 1036 38 21 ker
345 1037 33 26 sig
394 1036 76 21 endast
486 1036 33 21 till
535 1036 35 21 det
582 1036 108 27 exemplar
701 1036 22 21 af
732 1036 79 21 instru-

291 1072 88 24 mentet,
405 1070 82 21 hvilket
514 1070 54 21 skall
593 1071 33 21 till
651 1070 160 21 vederbörande

293 1105 92 21 domstol
409 1104 114 26 aflemnas;
547 1104 39 22 och
610 1105 38 21 bör
664 1106 13 19 å
693 1105 36 21 det
745 1105 67 21 andra

293 1139 139 27 exemplaret,
449 1138 82 22 hvilket
542 1139 31 21 till
583 1138 229 28 sterbhusdelegarene

292 1173 127 27 återställes,
443 1173 90 21 tecknas
552 1174 65 26 intyg,
634 1175 32 19 att
682 1175 31 19 ett
728 1173 85 21 behöri-

292 1213 40 21 gen
349 1208 113 20 karteradt
479 1207 108 27 exemplar
603 1207 34 21 till
651 1207 120 21 domstolen
782 1207 31 21 in-
826 1218 2 19 |

291 1236 101 36 lemnats.
826 1239 1 4 |

319 1281 94 26 Ingifves
422 1281 315 26 bouppteckningsinstrument
745 1280 68 21 under

291 1314 126 27 försegling,
434 1314 53 20 böra
502 1314 234 26 förrättningsmännen
749 1314 65 21 hafva

293 1350 12 20 å
321 1348 105 27 omslaget
443 1348 116 22 antecknat
570 1348 39 22 och
620 1348 48 22 med
680 1349 47 20 sina
738 1354 75 16 namns

293 1382 133 22 underskrift
442 1383 98 26 bestyrkt
556 1384 33 20 att
603 1383 152 21 instrumentet
766 1383 48 21 blif-

293 1418 30 21 vit
338 1417 118 27 behörigen
472 1417 120 21 karteradt.

321 1451 342 28 Bouppteckningsinstrumentet
671 1451 99 22 karteras
779 1458 35 15 en-

934 809 2 2 |
952 823 25 20 10

934 904 1 9 |
950 893 27 21 30

950 928 28 21 40
