1078 1756
550 221 116 28 Transport

148 254 40 22 och
203 260 45 16 som
263 255 7 20 i
285 254 249 27 budgetberäkningarna
544 255 33 21 för
587 261 81 16 samma

148 289 25 21 år
186 289 69 26 ingått
269 288 33 21 för
317 289 59 21 detta
391 289 97 21 ändamål
503 289 79 27 årligen
593 290 75 21 endast

148 323 92 26 700,000
261 323 66 24 mark,
346 322 80 22 utföres
441 323 39 20 här
494 323 111 21 skilnaden
619 323 48 22 med

119 357 71 22 Sedan
211 357 139 22 Direktionen
367 357 33 21 för
422 357 101 22 Finlands
545 357 61 22 Bank
620 357 49 22 låtit

148 392 8 21 i
185 391 98 22 afseende
312 392 14 21 &
354 391 124 28 försäljning
502 393 119 20 nedsmälta
642 392 26 22 de

148 425 37 22 två
208 425 97 27 miljoner
324 426 62 21 mark
405 426 23 21 af
440 427 7 20 i
462 426 88 21 Banken
564 427 104 26 befintligt

148 459 65 22 finskt
235 459 131 28 silfvermynt
387 460 23 22 af
430 467 26 15 en
478 460 40 22 och
539 460 37 22 två
597 460 71 21 marks

149 494 90 27 valörer,
262 501 46 15 som
330 497 57 19 ännu
404 495 108 21 återstodo
528 495 140 21 orealiserade

149 529 22 21 af
192 529 36 22 det
242 529 33 21 för
289 529 199 28 penningerörelsen
503 529 114 28 obehöfligt
633 535 35 16 an-

148 563 67 22 sedda
238 563 137 27 silfvermynt,
397 563 85 22 komma
504 564 26 21 de
545 563 63 22 häraf
621 563 48 22 här-

147 597 95 28 flytande
263 598 115 21 kostnader
399 598 39 21 och
461 598 99 21 förluster
576 598 36 21 vid
626 597 43 22 för-

149 633 117 27 säljningen
286 634 32 20 att
335 633 87 22 Banken
437 633 33 20 till
485 633 71 21 halfva
570 633 100 26 beloppet

149 667 24 22 af
185 666 133 23 statsfonden
332 668 97 25 ersättas,
444 667 122 27 förslagsvis
591 683 4 4 .

119 702 105 27 Beloppet
246 701 23 22 af
289 701 118 22 kostnaden
428 701 33 22 för
483 701 87 24 kronan,
593 707 75 21 genom

149 736 78 27 nådiga
241 735 150 28 förordningen
406 736 41 21 den
464 737 25 20 15
505 735 88 22 Januari
609 736 59 25 1883,

149 770 86 22 &hvälfd
253 770 130 28 delaktighet
397 770 8 21 i
420 770 105 22 allmänna
539 773 76 25 vägars
630 770 39 22 och

149 806 35 21 vid
207 805 47 21 dem
274 805 77 27 nödiga
365 804 74 22 broars
454 805 110 27 byggande
579 804 39 22 och
633 811 36 15 un-

151 838 81 23 derhäll
246 841 104 25 upptages
364 838 121 28 förslagsvis
501 839 32 21 till
558 856 5 4 .

121 874 32 22 Pä
168 873 130 22 Ständernas
312 874 36 20 vid
364 874 54 20 1885
435 874 34 20 ärs
484 874 101 26 landtdag
597 873 72 21 derom

149 908 75 27 gjorda
238 908 146 26 underdäniga
399 907 153 27 framställning
562 908 39 20 har
611 908 59 21 Hans

150 942 118 27 Kejserliga
283 942 105 27 Majestät,
405 942 65 27 enligt
485 942 183 22 Statssekretaria-

150 978 42 20 tets
210 976 33 22 för
258 976 90 22 Finland
362 976 109 21 skrifvelse
487 976 22 21 af
523 977 40 20 den
579 976 25 21 12
620 976 50 22 Juni

150 1011 35 27 (31
210 1010 52 27 Maj)
287 1011 60 25 1886,
371 1010 73 21 tillätit
466 1010 121 22 inrättande
609 1010 23 25 af
645 1016 26 16 en

149 1044 176 28 flottningsränna
346 1045 8 21 i
376 1044 135 22 Taivalkoski
528 1045 43 21 fors
586 1045 7 21 i
609 1044 62 21 Kemi

130 1080 2 2 *
150 1079 31 22 elf
194 1079 39 21 och
247 1079 73 21 härtill
334 1078 86 28 beviljat
435 1080 31 20 ett
482 1079 72 26 anslag
569 1079 23 21 af

121 1114 73 26 Enligt
209 1114 76 26 nådiga
299 1113 140 27 kungörelsen
454 1112 22 22 af
490 1114 40 20 den
547 1113 10 20 7
569 1112 102 22 Februari

153 1148 54 22 1888
229 1148 73 27 bilagd
321 1147 72 21 tillökt
407 1146 111 28 aflönings-
534 1146 39 22 och
589 1146 82 28 utgifts-

151 1183 43 20 stat
209 1182 33 21 för
256 1181 123 27 postverket
394 1183 36 19 äro
446 1181 114 27 utgifterna
570 1181 33 21 för
613 1181 59 21 detta

150 1216 53 22 verk
225 1216 67 21 ökade
314 1216 48 21 med
384 1215 97 27 omkring
497 1216 90 25 1!0,000
602 1215 70 26 mark;

152 1250 46 22 Och
220 1256 45 15 som
282 1250 25 21 de
322 1250 97 26 förhöjda
434 1250 105 26 anslagen,
555 1250 72 20 hvilka
641 1249 31 22 in-

152 1285 46 27 gätt
214 1284 7 21 i
236 1284 167 27 finanskalkylen
418 1284 33 20 för
465 1284 51 21 ären
533 1284 137 22 1889—1891

152 1318 86 22 komma
260 1320 31 20 att
312 1318 105 22 beräknas
439 1317 46 22 från
511 1318 40 21 den
577 1319 9 19 1
613 1318 59 24 Arril

154 1353 62 27 1888,
238 1354 103 26 upptages
363 1352 138 26 tillökningen
516 1352 7 20 i
539 1352 86 26 utgifter
640 1352 33 21 för

152 1392 78 16 samma
248 1387 24 20 är
288 1386 63 21 med.
453 1401 39 5 sr
525 1401 4 4 rr
595 1400 40 5 kk

124 1420 42 21 Det
182 1420 68 21 finska
268 1420 128 21 civilstatens
412 1419 62 21 enke-
489 1418 39 22 och
543 1418 130 32 pupillkassa

830 167 13 20 3

702 222 119 27 2,333,493:
838 223 33 21 50.

703 324 119 26 2,680,373:
837 324 35 21 05.

726 667 97 24 290,000:
841 679 25 3 —

728 838 96 26 150,000:
840 850 28 4 —

729 1078 97 26 108,500:
842 1089 28 3 —

743 1385 83 25 82,500:
842 1396 28 3 —

555 1459 116 27 Transport

708 1457 120 28 5,644,866:
845 1458 33 21 55.
