1098 1750
393 132 22 20 U.
430 133 22 19 B.
467 143 27 4 —
510 133 59 25 Prop.
583 133 38 20 N:o
636 134 28 20 21.
846 135 28 20 43

153 190 73 22 andra
248 190 116 23 allmänna
388 192 129 28 utskylder,
540 194 128 28 räkningar
691 195 13 21 å
724 195 120 21 tullmedel
859 196 43 21 och

154 223 177 31 auktionsinrop
347 234 28 13 m.
389 234 29 14 m.
434 229 60 19 samt
510 228 129 27 qvittanser
655 228 45 21 och
714 228 66 22 bevis
794 229 66 21 öfver
868 230 34 21 in-

154 258 147 30 betalningar
315 260 9 21 i
339 260 129 29 anledning
482 261 75 27 deraf;

221 294 41 21 6:0.
293 294 227 28 Läneobligationer,
536 295 212 29 depositionsbevis
764 296 44 22 och
822 296 81 22 skuld-

154 326 160 29 förbindelser,
331 328 123 22 utfärdade
470 330 22 20 af
506 329 76 22 finska
597 332 68 19 stats-
676 329 43 22 och
730 328 172 24 militieverken

155 363 60 20 samt
236 361 113 23 Finlands
372 362 154 28 Statskontor,
550 363 113 23 Finlands
679 364 70 22 Bank
764 364 44 22 och
822 365 81 29 Hypo-

153 395 160 30 teksförening
318 404 5 20 ;

221 432 40 20 7:0.
291 431 161 29 Förteckning
475 433 13 20 &
509 432 96 22 husfolk
619 433 42 21 vid
675 434 226 28 mantalsskrifning,

152 465 95 29 uppgift
263 466 12 20 å
290 466 97 21 resande
402 466 8 21 i
426 466 52 22 stad
492 467 53 21 med
559 474 63 14 mera
638 467 84 29 dylikt,
739 468 120 22 äfvensom
868 476 34 14 or-

153 499 123 22 lofssedlar
291 500 36 21 för
342 500 117 22 enskildes
474 500 153 30 tjenstehjon;

220 535 42 21 8:0.
291 534 72 22 Bevis
385 534 65 22 öfver
470 535 121 22 verkstäld
606 536 118 28 stämning
740 536 44 22 och
799 536 103 22 kommu-

153 568 108 22 nikation
282 570 8 20 i
315 569 45 22 alla
381 568 125 23 kriminela
528 570 44 21 och
595 570 70 21 civila
681 571 147 28 rättegängs-
843 573 59 20 samt

153 603 188 29 utsökningsmäl
353 604 71 28 jemte
441 604 65 21 bevis
522 604 65 22 öfver
598 605 96 21 kallelse
704 605 36 21 till
750 605 152 28 syneförrätt-

153 637 58 29 ning
225 645 29 14 m.
270 645 37 20 m;

220 673 42 21 9:0.
292 673 48 21 Mål
355 673 97 22 rörande
467 674 64 21 brott
546 676 62 19 emot
624 673 86 22 allmän
725 674 45 28 lag,
779 677 62 18 emot
849 674 52 21 eko-

155 707 75 27 nomi-,
256 707 77 28 politi-
359 707 44 22 och
425 708 256 28 militärförfattningar
704 710 61 19 samt
782 708 120 22 fiskaliska

153 740 113 29 aktioner,
289 741 133 22 hvarunder
444 742 74 21 likväl
538 743 20 28 ej
574 742 85 22 förstäs
674 742 47 21 mäl
736 749 36 14 om
787 743 115 21 öfverkla-

153 774 60 29 gade
235 775 156 29 olagligheter
413 776 40 21 vid
468 777 103 40 prestval
585 777 53 21 med
652 776 56 22 flera
723 777 81 28 dylika
819 777 83 21 tillfäl-

155 809 45 29 len,
217 809 29 22 dä
261 810 76 22 mälen
352 810 51 22 icke
422 811 61 28 angä
498 811 105 28 egentlig
618 811 149 46 förbrytelse,
782 814 58 18 utan
856 813 46 19 rät-

153 843 89 29 teligen
258 848 38 18 äro
312 847 35 19 att
363 852 66 15 anses
446 846 74 21 såsom
536 845 79 27 civila;

222 880 54 21 10:o.
307 880 47 21 Mål
376 881 98 20 rörande
497 880 82 22 besvär
602 880 67 21 öfver
683 880 181 29 tillämpningen
880 880 26 21 af

153 913 176 22 föreskrifterna
352 915 120 28 angående
496 915 137 28 bevillning,
656 915 134 21 hvarunder
812 915 60 21 dock
895 914 9 21 i

154 947 65 22 detta
234 947 131 23 hänseende
381 949 207 22 bränvinsskatten
603 949 21 28 ej
641 950 36 20 må
694 949 116 26 hänföras;

222 984 55 21 11:o.
307 983 48 22 Mål
370 983 98 22 rörande
479 984 181 27 anmärkningar
670 983 41 22 vid
719 983 184 28 uppbördsmans

155 1016 43 22 och
213 1024 77 15 annan
305 1017 150 28 redogörares
471 1017 166 29 räkenskaper;

223 1053 55 20 12:o.
308 1052 49 21 Mål
377 1052 98 21 rörande
491 1052 132 28 värnepligt
639 1052 43 21 och
698 1051 112 28 värfning
826 1052 78 21 äfven-

153 1092 50 14 som
217 1085 172 29 ingvartering
380 1081 13 37 ;

223 1121 54 20 13:0.
307 1121 90 28 Frågor
411 1120 97 21 rörande
524 1120 131 27 ersättning
670 1119 36 22 för
718 1120 122 21 förkomna
848 1119 56 22 eller

153 1154 103 22 skadade
270 1157 62 27 post:
348 1154 44 22 och
404 1154 274 30 jernvägsförsändelser,
694 1154 110 28 äfvensom
819 1154 85 22 sådana

154 1188 90 28 skrifter
259 1190 37 21 och
311 1190 152 28 ansökningar
478 1196 32 15 om
526 1189 209 28 fraktnedsättning,
752 1189 88 21 rättelse
854 1188 8 21 i
870 1188 34 22 de-

155 1223 98 29 Vitering,
269 1226 62 20 extra
347 1225 35 27 tåg
397 1231 27 14 m.
440 1232 35 17 m.,
485 1231 44 15 som
544 1224 68 28 enligt
624 1224 103 28 gällande
743 1223 162 28 bestämningar

155 1258 26 28 få
194 1258 71 22 under
281 1258 79 29 omslag
375 1258 33 22 till
420 1258 228 29 jernväysmyndighet
662 1258 116 25 insändas;

224 1294 54 21 14:0.
309 1293 54 21 Alla
384 1292 141 30 handlingar
547 1292 98 22 rörande
669 1292 157 28 försäkringar
848 1292 56 20 eller

154 1328 132 28 ersättning
308 1327 79 21 derför
409 1328 7 20 i
433 1327 107 25 ärenden,
558 1334 48 14 som
622 1326 41 22 vid
679 1326 175 22 direktionerna
869 1326 36 20 för

154 1362 91 20 landets
276 1362 115 21 allmänna
415 1361 215 27 brandstodsbolag,
657 1360 247 28 sjöassuransförenin-

155 1402 74 20 garna
251 1395 44 21 och
315 1394 241 22 lifränteanstalterna
572 1396 59 19 samt
646 1394 42 21 hos
704 1394 66 21 deras
786 1397 96 24 agenter
897 1393 8 20 i

157 1429 109 22 städerna
281 1430 42 21 och
339 1429 251 21 brandstodskomit&er
605 1429 30 27 pä
651 1428 79 21 landet
746 1427 56 21 eller
817 1427 41 21 hos
870 1430 35 17 ut-

223 1470 207 24 Bevillningsutskottets
441 1469 109 19 betänkande
561 1469 36 19 N:o
610 1470 17 16 5.
