1111 1756
356 139 70 23 Ständ.
440 139 32 23 Sv.
487 152 28 4 —
531 140 56 27 Prop.
603 140 36 22 N:o
654 140 31 22 21.
837 140 26 20 39

272 210 52 20 19:o.
354 209 48 21 Allt
417 208 56 22 hvad
488 210 8 19 i
507 208 83 28 frågor
597 209 94 21 rörande
700 209 83 27 gratial
790 216 28 14 ur
826 209 68 27 krigs-

214 242 185 21 manshuskassan
415 242 53 21 eller
480 244 116 26 pensioner
605 243 42 26 för
661 242 66 21 enkor
741 243 37 21 och
794 243 54 21 barn
864 243 31 27 ef-

214 279 34 19 ter
262 276 83 28 aflidne
360 276 88 21 embets-
463 276 37 21 och
511 277 130 27 tjenstemän
644 276 59 27 från
711 276 113 21 allmänna
831 279 65 19 stats-

214 310 39 22 och
268 310 147 21 militiemedel
431 313 56 18 samt
503 311 46 20 alla
563 310 89 27 publika
668 310 38 21 och
721 310 99 21 enskilda
835 310 59 21 enke-

214 344 38 21 och
264 344 152 28 pupillkassor
430 344 9 20 i
454 344 75 21 landet
544 344 92 28 ingifves
651 344 38 21 och
703 344 111 27 utfärdas;

270 380 56 20 20:0.
357 378 61 21 Bevis
436 378 37 22 och
488 378 139 26 vittnesbörd,
644 385 45 15 som
703 378 31 28 af
739 378 157 28 föreståndare

209 413 42 28 för
264 413 74 21 skolor
353 412 38 22 och
407 414 279 27 undervisningsanstalter,
701 412 30 28 af
742 413 57 21 hvad
808 413 49 28 slag
871 413 26 21 de

214 455 55 14 vara
283 448 42 26 må,
341 448 52 21 eller
409 447 29 29 af
454 448 74 21 lärare
542 447 36 22 vid
591 448 107 21 desamma
709 448 51 21 eller
768 448 30 27 af
806 449 90 27 privata

215 483 73 21 lärare
311 483 34 21 till
367 483 67 20 elever
457 482 110 28 utfärdas,
584 482 111 27 äfvensom
711 483 149 27 ansökningar
876 483 21 26 ej

215 517 85 21 mindre
322 523 33 15 om
380 517 88 22 inträde
486 517 8 20 i
510 517 81 21 allmän
607 517 137 26 läroanstalt,
760 519 29 19 än
804 517 92 25 sådana,

214 551 74 21 hvilka
303 550 30 28 af
344 551 138 22 studerande
496 551 36 21 vid
545 550 145 22 Alexanders-
696 550 133 27 Universitet,
841 552 8 19 i
858 551 39 22 och

209 585 43 28 för
266 585 125 28 undfående
407 585 29 28 af
446 586 125 27 stipendier,
587 585 36 22 till
647 585 159 22 Universitetets
828 585 69 22 konsi-

214 621 91 20 storium
321 620 37 21 och
368 619 122 28 fakulteter
505 619 105 28 ingifvas;

270 656 56 20 21:0.
356 655 219 21 Permissionssedlar
586 655 41 26 för
639 661 104 21 personer
754 654 96 22 hörande
862 655 35 21 till

210 689 76 28 finska
301 689 111 22 militären
430 688 38 23 och
483 689 304 28 ardetskommenderingarna
797 689 8 21 i
814 689 82 25 landet;

270 725 57 20 22:0.
349 723 155 28 Redogörelser
526 723 38 22 och
586 723 147 28 uträkningar
747 723 62 27 öfver
824 730 72 21 omyn-

216 759 52 27 diga
283 758 67 21 barns
366 757 67 22 medel
448 758 47 21 med
513 758 74 21 dertill
602 757 95 22 hörande
712 757 94 28 bilagor;

271 794 55 20 23:0.
358 793 136 20 Testamente
510 793 35 20 till
559 793 66 24 make,
641 792 194 28 skyldemän
768 788 13 37 i
789 788 50 37 rätt
844 799 52 22 upp-

215 827 37 22 och
267 827 142 28 nedstigande
425 827 34 20 led
474 827 52 20 eller
540 826 85 28 syskon,
641 827 106 26 äfvensom
764 826 34 21 till
816 827 80 21 under-

217 861 186 28 visningsanstalt,
419 861 157 28 vetenskapligt
591 860 104 22 ändamål
709 861 51 22 eller
770 862 63 26 from
848 861 48 27 stif-

220 895 56 26 telse,
286 897 68 26 jemte
369 895 46 21 alla
432 895 74 28 öfriga
523 898 144 23 testamenten,
682 895 137 28 hvarigenom
836 902 60 21 egen-

216 931 54 24 dom,
286 937 44 14 som
346 931 8 20 i
370 930 91 21 kontant
476 929 52 22 eller
542 931 67 20 värde
624 931 20 26 ej
658 930 86 27 uppgår
759 929 35 22 till
813 930 84 21 etthun-

215 965 41 21 dra
272 965 68 26 mark,
356 965 72 26 någon
444 964 104 29 tillägges.
564 964 85 21 Sådant
658 967 123 18 testamente
790 964 38 21 bör
836 964 59 25 dock,

216 1001 42 19 när
280 999 35 20 det
336 999 37 21 vid
397 999 91 22 domstol
504 999 83 26 företes
607 999 35 21 till
658 998 123 28 bevakning,
797 998 99 21 karteras

216 1034 45 21 lika
282 1041 45 14 som
354 1034 73 28 bilaga
449 1034 9 20 i
472 1033 125 26 allmänhet,
614 1033 70 21 derest
698 1033 48 26 den,
756 1033 42 26 för
813 1032 83 21 hvilken

216 1068 146 28 bevakningen
384 1068 55 26 sker,
463 1069 19 26 ej
505 1070 26 19 är
543 1067 56 28 från
615 1067 54 22 bruk
684 1067 29 27 af
723 1067 175 28 stämpelpapper

220 1102 97 28 befriad;

272 1138 55 20 24:0.
358 1137 52 21 Alla
436 1136 244 29 arfskiftesinstrument
695 1135 38 22 och
748 1135 100 22 likaledes
865 1136 31 21 bo-

217 1171 292 28 uppteckningsinstrument,
533 1171 28 20 då
585 1171 56 21 boets
665 1170 99 21 behållna
780 1176 82 15 summa
878 1171 20 26 ej

216 1207 88 26 uppgår
318 1205 35 22 till
364 1205 136 28 femhundra
516 1205 73 26 mark;

272 1241 56 20 25:0.
359 1240 120 24 Donation,
501 1246 45 15 som
568 1240 8 20 i
588 1239 126 28 penningar
729 1238 51 21 eller
795 1239 65 20 värde
877 1239 21 27 ej

216 1273 128 29 öfverstiger
360 1274 122 21 tvåhundra
497 1273 72 26 mark;

272 1310 56 19 26:0.
360 1309 109 27 Besepass
487 1308 41 28 för
539 1308 76 28 finska
637 1307 137 28 medborgare
790 1307 35 22 till
839 1310 59 17 orter

216 1343 58 20 inom
289 1342 109 27 Finland;
475 1360 5 7 N

272 1379 57 18 27:0.
359 1377 157 24 Läkarebevis;

273 1411 58 21 28:0.
362 1409 241 28 Förtullningsinlagor
622 1411 67 25 jemte
711 1408 74 21 dertill
800 1408 98 21 hörande

217 1443 84 28 bilagor
317 1443 35 22 till
368 1444 158 21 tullkamrarne
542 1443 37 22 och
596 1443 214 27 tullexpeditionerna
826 1443 8 19 i
845 1442 51 21 Fin-
