1103 1748
269 137 13 20 6
489 136 18 22 U.
524 135 20 23 B.
560 148 27 4 —
604 135 52 28 Prop.
674 136 33 22 N:o
723 135 33 23 20.

239 199 116 21 obeväradt
370 198 106 28 manskap
492 197 42 22 har
548 197 121 23 Utskottet
683 198 30 27 på
728 197 68 29 gjord
811 197 120 28 förfrågan
945 197 46 21 fått

240 234 117 26 emottaga
373 231 39 22 det
426 231 158 29 meddelande,
601 233 35 20 att
646 231 27 22 de
684 231 36 22 för
730 231 45 22 den
786 231 121 22 tillernade
918 231 73 29 bygg-

239 267 77 22 naden
331 266 129 29 uppgjorda
474 266 114 29 ritningar
603 266 42 22 och
660 266 200 29 kostnadsförslag
874 266 79 22 blifvit
967 265 26 22 af

239 301 132 29 Kejserliga
393 301 101 22 Senaten
514 302 71 27 jemte
600 300 144 29 underdånig
760 300 120 22 skrifvelse
894 301 37 21 för
945 300 46 22 den

240 337 13 20 8
267 335 118 22 nästlidne
399 335 117 27 Februari,
533 335 43 22 och
591 335 96 22 sålunda
702 335 73 22 innan
790 335 130 22 Ständerna
933 335 58 21 hun-

240 369 36 22 nit
290 369 60 22 fatta
365 369 75 22 beslut
459 370 120 28 angående
594 369 111 29 anslaget,
728 369 38 21 till
780 369 66 22 Hans
860 369 131 28 Kejserliga

239 403 109 29 Majestät
369 403 98 22 insända
481 404 8 21 i
504 403 108 22 afseende
635 403 13 21 å
668 403 156 29 ritningarnes
843 403 148 22 fastställelse

241 438 43 22 och
299 439 42 26 att,
356 437 31 22 då
401 437 71 30 sagda
486 437 140 30 handlingar
641 441 62 18 ännu
718 437 51 22 icke
784 437 153 28 återkommit,
953 437 38 22 de-

241 479 86 15 samma
342 472 51 21 icke
408 472 77 22 kunde
505 472 122 22 Utskottet
642 472 120 29 delgifvas.
791 472 143 29 Härigenom
950 471 42 22 har

241 507 45 21 den
309 506 157 30 oegentlighet
488 506 110 29 inträffat,
622 508 34 20 att
677 506 121 22 Utskottet
812 507 8 21 i
836 506 43 22 och
896 506 37 22 för
947 505 44 23 frå-

241 548 57 22 gans
325 540 143 22 bedömande
494 540 51 22 icke
568 540 50 22 haft
640 540 100 29 tillgång
762 540 38 22 till
824 540 169 22 ofvanberörda

241 575 145 29 handlingar.
408 574 36 22 Då
458 574 122 22 Utskottet
598 574 127 22 emellertid
741 574 85 28 erfarit,
842 577 34 19 att
891 574 45 22 den
951 582 41 14 nu-

241 609 101 22 varande
364 608 218 30 flygelbyggnaden,
598 616 48 15 som
661 609 9 21 i
685 609 64 22 tiden
766 609 64 22 torde
842 609 79 22 blifvit
935 616 57 22 upp-

241 644 52 22 förd
307 643 38 22 till
359 643 77 26 uthus,
456 650 95 15 numera
564 643 104 22 befinner
683 643 36 29 sig
734 644 5 20 i
756 644 25 21 så
797 643 108 29 bofälligt
919 643 72 28 skick,

241 680 35 19 att
298 678 45 21 den
365 677 27 21 af
403 677 108 22 fackmän
526 680 87 19 ansetts
632 678 20 28 ej
668 678 79 21 kunna
762 685 84 21 genom
860 678 132 28 reparation

240 712 157 26 iståndsättas,
413 714 60 19 samt
488 712 140 28 byggnaden
642 712 92 22 komme
749 714 41 26 att,
805 714 64 20 utom
885 712 46 22 dei
941 720 51 21 pro-

241 746 132 30 positionen
388 746 138 22 omnämnda
536 746 94 27 lokaler,
646 746 117 22 innehålla
773 746 166 22 rustkammare
950 747 43 21 och

241 780 135 24 verkstäder
397 788 30 14 m.
450 788 37 20 m.,
509 781 43 22 har
573 780 128 28 Utskottet,
724 781 112 22 ehuruväl
860 781 62 22 inom
945 781 47 22 det-

241 823 87 14 samma
339 815 186 29 betänkligheter
535 816 103 27 uttalats,
649 817 34 20 att
693 816 37 22 för
740 816 177 28 ifrågavarande
927 816 66 29 ringa

243 850 72 22 behof
329 849 37 22 vid
382 857 29 14 en
426 850 59 21 enda
500 850 104 29 bataljon
619 850 72 22 skulle
707 850 76 22 anslås
799 852 34 20 ett
848 850 25 22 så
887 852 58 20 stort
955 851 38 21 be-

241 885 63 28 lopp,
326 891 49 15 som
397 885 92 27 270,000
511 885 71 27 mark,
606 887 58 20 trott
681 885 36 28 sig
732 885 80 22 kunna
826 885 118 29 tillstyrka
960 887 34 20 att

243 918 36 22 för
294 919 184 29 ofvanuppgifna
492 919 213 29 byggnadsföretag
721 919 39 22 det
774 919 102 30 begärda
889 920 104 29 anslaget

245 953 76 23 blefve
336 954 27 21 af
375 954 129 22 Ständerna
519 954 118 29 beviljadt.

312 988 35 22 Af
359 988 103 28 utgifter,
478 996 47 14 som
541 988 116 22 tillförene
672 988 109 22 bestridts
799 988 53 22 med
867 988 28 22 de
911 990 34 20 till
960 990 34 21 di-

243 1030 57 14 verse
315 1023 39 21 och
369 1023 146 28 oförutsedda
530 1024 68 28 behof
609 1024 107 28 anslagna
732 1024 72 25 medel,
819 1023 70 21 hafva
905 1031 29 14 en
949 1023 44 28 del,

244 1058 75 22 såsom
341 1057 155 22 kostnaderna
522 1058 36 21 för
580 1058 28 22 de
629 1057 76 22 finska
729 1057 170 29 bataljonernas
921 1058 72 22 delta-

245 1091 76 29 gande
335 1092 9 21 i
359 1091 137 29 lägermötet
517 1092 40 22 vid
578 1092 115 29 Krasnoje
708 1092 66 27 Selo,
789 1092 154 29 uppskattade
959 1092 35 22 för

243 1126 125 23 hvartdera
383 1126 26 22 af
422 1126 54 22 ären
494 1127 52 21 1889
563 1126 42 22 och
622 1127 54 21 1890
691 1126 37 22 till
743 1127 77 27 40,000
835 1126 72 27 mark,
925 1127 8 21 i
949 1127 45 21 den

244 1160 85 29 nädiga
353 1160 175 29 propositionen
554 1160 124 23 öfverförts
701 1161 13 21 &
736 1160 115 22 ordinarie
865 1161 128 28 budgeten;

245 1194 43 22 och
309 1194 37 22 för
368 1195 25 21 är
416 1196 61 26 1891,
498 1194 29 22 dä
550 1195 92 22 allmänt
663 1196 140 20 reservmöte
826 1198 25 18 är
866 1194 75 22 afsedt
960 1197 35 20 att

244 1228 98 22 hållas
338 1224 16 38 i
359 1228 199 28 Willmanstrand,
582 1233 38 17 äro
643 1228 293 29 lägermöteskostnaderna
957 1229 38 22 be-

245 1262 99 22 räknade
366 1262 38 22 till
427 1264 90 26 120,000
532 1263 71 28 mark,
626 1265 61 19 emot
704 1264 96 26 100,000,
816 1270 49 14 som
880 1262 27 23 af
918 1265 77 20 senast

244 1296 139 22 församlade
405 1296 99 21 Ständer
526 1297 122 21 beräknats
671 1297 55 27 ätgä
744 1297 74 20 under
838 1297 24 20 är
885 1298 54 20 1888
957 1296 38 22 för

245 1337 87 15 samma
355 1330 112 26 ändamäl,
490 1330 122 22 hvarutom
634 1330 44 21 den
701 1330 70 22 bland
786 1330 28 21 de
830 1330 115 22 ordinarie
959 1332 36 20 ut-

245 1363 101 30 gifterna
361 1364 114 29 ingående
496 1366 82 27 posten
599 1366 78 25 ,extra
692 1364 94 29 anslag'
803 1364 78 22 blifvit
895 1364 98 30 förhöjd.

245 1399 12 22 I
279 1399 58 30 följd
352 1399 68 22 deraf
431 1399 72 27 torde,
526 1399 74 29 enligt
616 1399 132 22 Utskottets
764 1399 76 28 tanke,
863 1399 81 29 anslag
959 1399 36 22 för

245 1434 90 21 diverse
358 1433 44 22 och
423 1433 147 22 oförutsedda
585 1433 72 22 behof
668 1433 51 22 icke
735 1433 79 22 vidare
829 1433 114 23 erfordras
958 1434 37 22 till

245 1468 50 22 lika
305 1469 58 28 högt
377 1468 83 29 belopp
476 1475 49 15 som
540 1467 122 28 härintills,
678 1468 60 22 helst
754 1468 68 22 äfven
830 1468 165 23 militieväsen-

315 1509 148 18 Statsutskottets
476 1509 114 18 betänkande
602 1510 37 17 N:o
652 1509 16 16 3.
