1109 1745
454 136 52 22 N:o
523 135 51 23 18.

411 465 63 21 Hans
494 465 147 27 Kejserliga
659 464 140 27 Majestäts
816 464 74 27 nådiga

344 505 123 28 proposition
483 505 29 22 till
528 506 92 22 Finlands
630 505 94 27 Ständer,
735 505 107 27 angående
854 511 35 16 an-

344 546 83 21 visande
449 546 21 21 af
493 547 63 21 medel
574 546 31 21 till
622 546 131 21 bestridande
769 546 22 21 af
806 546 84 21 kostna-

344 587 63 21 derna
422 587 32 21 för
470 586 120 27 landtdagen
607 586 23 22 år
645 587 60 21 1891.

210 655 11 20 I
236 655 116 26 anledning
367 655 23 20 af
404 654 60 21 Hans
480 655 118 26 Kejserliga
614 654 113 27 Majestäts
743 654 32 21 till
788 654 104 21 Finlands

139 691 73 19 senast
234 689 128 21 församlade
386 689 91 21 Ständer
500 689 78 21 aflåtna
598 689 78 26 nådiga
694 689 141 27 proposition,
852 695 37 15 an-

138 723 82 27 gående
240 724 118 21 anvisande
378 723 23 21 af
414 723 70 21 medel
502 723 33 21 till
551 723 138 21 bestridande
706 723 22 20 af
741 723 149 21 kostnaderna

138 757 34 22 för
183 758 138 27 landtdagen,
330 758 64 21 hafva
405 757 121 22 Ständerna
538 757 93 27 anslagit
640 763 26 14 en
674 763 83 15 summa
766 757 23 21 af
798 758 91 26 305,000

140 793 62 20 mark
218 794 31 19 att
265 793 109 20 användas
391 792 19 26 ej
425 792 83 21 mindre
524 792 33 21 till
572 791 94 27 fyllande
683 791 22 21 af
719 792 41 21 den
771 792 61 26 brist,
844 798 46 15 som

140 826 116 21 beräknats
272 827 77 26 uppstå
364 827 7 20 i
387 827 36 21 det
438 826 106 27 beviljade
560 826 95 26 anslaget
665 826 33 21 för
711 827 53 21 1885
776 826 34 22 års
821 827 70 20 landt-

141 861 177 27 dagskostnader,
334 863 28 18 än
377 861 39 20 ock
431 861 34 20 till
481 861 137 21 bestridande
629 861 23 20 af
662 861 25 20 de
698 861 6 20 i
716 861 10 27 $
738 861 27 21 82
776 861 24 20 af
809 861 81 21 Landt-

141 894 173 27 dagsordningen
334 894 128 22 omnämnda
481 895 109 21 allmänna
606 895 88 25 utgifter
710 895 33 20 för
758 896 133 26 landtdagen

140 930 24 20 är
189 929 53 21 1888
266 930 55 19 samt
343 929 32 20 till
400 928 112 22 aflönande
530 928 23 21 af
570 935 26 14 en
616 929 90 21 ekonom
724 929 33 21 för
771 930 80 20 värden
868 929 26 21 af

140 962 132 22 Ständernas
287 963 66 27 arkiv,
369 962 118 22 bibliothek
504 962 38 21 och
558 962 68 27 öfriga
641 963 103 26 egendom
758 964 69 20 under
838 964 51 20 ären

141 998 61 25 1886,
223 997 53 21 1887
296 997 40 20 och
357 997 53 21 1888
430 997 39 21 och
484 997 34 20 till
534 996 133 22 betäckande
682 997 23 21 af
719 998 26 20 de
760 998 48 20 med
824 998 68 26 sagda

139 1031 55 21 värd
208 1031 102 21 förenade
327 1031 123 21 kostnader.

208 1066 184 26 Räkenskaperna
408 1065 57 21 öfver
476 1065 219 27 bevillningsmedlen,
707 1072 44 14 som
762 1066 85 21 komma
859 1068 33 20 att

140 1100 35 22 till
198 1100 121 22 Ständerna
341 1100 109 28 aflemnas,
470 1101 70 20 utvisa
558 1102 32 20 att
606 1100 26 21 de
648 1100 110 22 allmänna
774 1101 119 27 utgifterna

140 1135 33 21 för
191 1135 132 27 landtdagen
343 1136 23 20 är
387 1136 53 20 1885
456 1136 90 26 uppgätt
561 1134 32 22 till
611 1135 89 25 281,795
716 1135 61 21 mark
793 1136 12 20 6
820 1136 73 27 penni,

141 1170 88 21 hvartill
245 1170 52 20 böra
312 1170 74 26 läggas
402 1170 146 21 kostnaderna
562 1169 33 21 för
615 1170 80 20 vården
715 1170 23 20 af
757 1169 132 23 Ständernas

142 1204 68 26 arkiv,
226 1204 125 26 förslagsvis
367 1204 63 26 5,000
444 1204 68 20 mark.

210 1238 34 21 Dä
264 1238 124 26 emellertid,
405 1238 84 26 jemlikt
509 1238 133 21 Ständernas
657 1238 23 21 af
694 1238 59 21 Hans
770 1239 123 27 Kejserliga

140 1273 104 27 Majestät
267 1272 114 27 godkända
399 1272 76 27 beslut,
496 1278 26 15 en
542 1272 91 21 särskild
652 1272 99 27 byggnad
767 1272 56 22 skall
839 1279 54 21 upp-

141 1307 58 21 föras
215 1306 33 21 för
264 1307 26 20 de
305 1308 33 19 tre
354 1306 77 21 ofrälse
447 1306 103 21 ständens
566 1306 65 21 behof
644 1309 56 18 samt
711 1307 71 20 denna
792 1307 100 26 byggnad

141 1341 62 21 torde
218 1341 73 21 kunna
306 1341 33 21 för
354 1341 123 20 ändamälet
492 1340 100 27 upplätas
607 1341 31 20 till
655 1341 40 20 den
711 1342 25 19 är
752 1342 53 20 1891
817 1341 77 21 inträf-

141 1375 65 20 fande
221 1375 139 26 landtdagen,
376 1375 84 20 komma
476 1375 7 20 i
500 1375 51 26 följd
566 1375 64 20 häraf
639 1374 68 26 nägra
717 1375 107 20 särskilda
834 1375 60 21 kost-

141 1409 68 20 nader
227 1409 34 20 för
279 1408 140 27 upphyrande
435 1407 23 21 af
470 1409 83 20 lokaler
568 1408 33 21 för
616 1408 94 21 nämnda
725 1408 115 27 landtdags
857 1410 36 19 be-

141 1443 39 21 hof
194 1442 47 22 icke
256 1442 7 21 i
278 1442 68 28 fräga.
376 1442 94 22 Emedan
491 1443 62 21 dessa
568 1442 117 21 kostnader
700 1442 33 21 för
748 1443 25 21 är
790 1443 54 22 1885
861 1444 34 20 ut-
