1098 1750
460 134 33 22 N:o
510 134 30 22 21.
820 134 26 20 35

195 205 52 19 11:o.
278 203 45 21 Mål
349 204 91 20 rörande
460 204 167 26 anmärkningar
651 203 34 20 vid
702 202 173 27 uppbördsmans

118 237 40 21 och
174 243 70 15 annan
259 237 142 26 redogörares
418 237 156 26 räkenskaper;

188 278 53 20 12:0.
271 277 45 20 Mål
339 278 92 20 rörande
450 277 122 27 värnepligt
591 277 38 21 och
650 277 98 26 värfning
764 276 109 22 äfvensom

118 312 157 26 inqvartering;

187 353 53 20 13:0.
270 351 83 26 Frågor
377 352 92 21 rörande
492 353 120 25 ersättning
635 352 33 21 för
688 351 112 22 förkomna
821 351 53 21 eller

120 386 96 21 skadade
232 388 59 25 post-
307 386 38 21 och
359 387 256 26 jernvägsförsändelser.

189 427 54 20 14:0.
274 425 49 22 Alla
345 426 128 26 handlingar
496 427 91 20 rörande
608 426 148 26 försäkringar
772 426 52 21 eller
841 432 33 15 er-

118 461 97 26 sättning
231 460 72 21 derför
320 461 5 20 i
342 462 100 25 ärenden,
459 467 45 15 som
521 462 34 20 vid
573 461 160 21 direktionerna
744 461 33 20 för
788 461 85 20 landets

118 495 109 20 allmänna
252 495 202 28 brandstodsbolag,
474 495 290 27 sjöassuransföreningarna
784 495 38 21 och
840 495 34 20 lif-

118 529 197 21 ränteanstalterna
326 531 55 19 samt
392 530 39 21 hos
443 531 63 20 deras
518 532 89 24 agenter
618 531 5 19 i
636 531 101 20 städerna
748 529 39 21 och
796 529 79 21 brand-

118 563 167 22 stodskomitéer
304 564 29 26 på
348 564 73 21 landet
442 565 51 21 eller
510 565 38 20 hos
564 565 92 21 utsedde
671 564 204 27 kompromissarier

118 598 139 26 förekomma,
274 598 110 22 äfvensom
400 599 189 27 försäkringsbref,
606 600 192 25 assuranspoliser,
815 599 59 21 bevis

118 636 57 18 samt
190 634 202 26 premieqvittanser
408 640 26 14 m.
450 640 35 21 m.,
502 640 44 14 som
564 634 22 20 af
601 634 107 20 inhemskt
719 634 28 26 på
758 632 117 27 ömsesidig

118 667 140 27 ansvarighet
280 667 109 26 grundadt
411 668 200 26 försäkringsbolag
631 668 105 25 utfärdas,
750 668 68 26 jemte
833 668 43 20 alla

118 701 34 21 till
169 701 225 27 försäkringsärendet
409 702 94 21 hörande
515 702 137 26 handlingar;
670 703 24 20 så
705 702 39 21 ock
756 703 120 25 gvittanser

121 737 38 20 och
176 736 68 21 andra
259 736 60 21 bevis
335 736 47 21 från
399 737 133 26 sparbanker
549 737 60 20 öfver
625 737 81 20 insatta
722 737 52 20 eller
785 737 91 25 uttagna

119 770 79 25 medel;

190 811 53 20 15:0.
273 809 92 22 Skrifter
385 810 39 21 och
444 811 134 26 handlingar,
599 816 45 15 som
660 810 35 21 vid
712 810 162 21 stadsfullmäk-

118 844 56 27 tiges
191 845 181 26 sammanträden,
389 844 178 25 rådhusstämma,
584 844 132 21 kommunal-
732 844 52 21 eller
796 844 79 26 kyrko-

119 880 97 25 stämma,
237 879 142 27 sjömanshus,
399 879 89 20 allmänt
507 880 33 20 val
557 881 56 18 samt
629 879 32 20 till
677 878 196 26 kommunalnämd,

118 913 116 27 kyrkoråd,
254 913 215 21 folkskoledirektion
490 913 39 21 och
544 913 251 27 fattigvårdsinrättning
811 912 63 27 ingif-

118 954 45 19 vas,
173 948 39 21 och
228 948 39 21 allt
281 947 56 21 hvad
349 947 94 22 derifrån
454 947 105 26 utfärdas,
571 947 48 22 med
631 947 111 26 undantag
753 947 23 21 af
786 947 89 26 tjenste-

120 982 137 25 fullmakter;
275 981 53 21 dock
345 984 32 18 att
393 981 197 26 ansökningsskrift
605 981 23 20 af
637 982 100 20 kommun
749 981 51 21 eller
811 981 65 26 kyrk-

118 1016 31 26 lig
171 1016 133 26 församling,
329 1022 44 15 som
397 1017 33 20 till
454 1015 91 22 Senaten
570 1016 51 21 eller
642 1015 112 22 Guvernör
776 1015 98 26 ingifves,

120 1050 56 21 skall
199 1050 28 27 på
249 1050 140 21 föreskrifvet
410 1051 44 20 sätt
473 1050 104 26 karteras,
599 1049 24 21 så
642 1050 66 20 framt
724 1049 40 22 den
780 1049 18 26 ej
816 1049 58 21 afser

118 1086 34 19 att
167 1084 67 26 enligt
249 1084 99 26 gällande
364 1085 134 25 stadganden
514 1083 134 21 underställa
662 1083 81 21 fattadt
753 1083 73 21 beslut
837 1083 39 21 Se-

118 1120 78 19 natens
213 1119 51 20 eller
280 1118 123 21 Guvernörs
419 1118 111 27 pröfning;

190 1159 54 20 16:0.
274 1158 49 21 Alla
345 1158 134 26 handlingar,
504 1164 44 15 som
572 1159 114 26 upprättas
706 1157 24 21 af
747 1157 54 22 eller
820 1157 56 27 angå

117 1193 119 28 inbyggare
252 1193 7 20 i
274 1193 151 26 Lappmarken
442 1193 38 21 och
496 1193 63 21 deras
576 1193 186 26 angelägenheter,
778 1191 26 22 de
821 1191 53 27 i85

119 1227 69 22 under
203 1227 101 21 fullmakt
319 1227 141 27 uppräknade
475 1227 128 26 handlingar
619 1227 55 20 dock
685 1226 97 21 härifrån
792 1226 84 21 undan-

120 1263 75 24 tagna;

190 1302 53 21 17:o.
273 1300 83 27 Frågor
371 1301 92 21 rörande
478 1301 109 26 nybygges
603 1300 156 27 anläggningar
774 1301 57 20 samt
842 1301 33 20 ut-

120 1336 102 27 syningar
241 1335 32 22 till
294 1335 131 26 svedjeland,
442 1335 109 21 äfvensom
567 1335 142 21 ekonomiska
724 1334 148 27 besigtningar

120 1371 12 19 å
147 1369 183 25 kronoboställen,
346 1369 168 21 kronohemman
530 1370 39 20 och
585 1369 68 20 andra
667 1368 207 26 kronolägenheter;

120 1409 49 15 men
192 1403 130 21 instrument
341 1402 60 21 öfver
420 1402 31 21 af-
466 1402 40 21 och
522 1402 174 26 tillträdessyner
710 1401 13 21 å
738 1401 64 21 dessa
820 1403 56 18 samt

120 1437 13 21 å
148 1436 152 23 ecklesiastika
315 1436 107 21 boställen
438 1435 39 22 och
492 1435 91 28 publika
598 1434 173 27 boställsgårdar
783 1434 93 21 skrifvas
