1103 1745
273 143 28 19 24
473 141 22 23 U.
511 141 23 22 B.
549 153 26 4 —
592 141 65 28 Prop.
672 141 38 22 N:o
728 141 28 22 13.

244 206 35 21 Dä
302 206 36 21 det
360 199 118 35 emellertid
495 213 64 20 synes
578 213 54 16 vara
651 206 25 21 af
689 206 48 28 vigt
749 206 35 22 för
798 206 107 22 hvardera
919 207 77 21 maken

244 241 34 20 att
292 241 26 20 sä
331 242 63 19 snart
407 246 44 23 som
466 241 85 27 möjligt
566 241 83 21 erhålla
662 241 83 21 visshet
760 247 33 15 om
808 241 77 22 skiftet
894 243 25 20 är
928 241 8 21 i
945 241 52 27 laga

244 274 92 28 ordning
354 274 119 29 förrättadt
492 275 52 21 eller
564 275 26 27 ej,
610 275 40 21 har
667 275 106 22 utskottet
788 275 71 22 funnit
873 275 77 28 nödigt
964 277 33 20 att

244 308 34 22 för
300 309 62 21 detta
383 308 39 22 fall
443 308 72 22 införa
532 315 26 16 en
575 309 88 22 kortare
677 309 124 22 klandertid
815 316 77 21 genom
906 310 91 21 bestäm-

245 343 52 27 ning
312 343 88 27 derhän,
416 345 33 20 att
463 343 91 22 klander
569 343 25 22 af
606 343 79 24 sädant
698 343 67 22 skifte
780 344 56 21 skall
850 344 148 22 verkställas
987 339 13 37 i

244 377 50 22 stad
314 377 56 22 inom
390 379 12 20 3
416 377 104 22 månader
535 378 55 21 efter
604 377 86 30 skiftets
705 378 122 22 afslutande
842 379 39 21 och
895 379 14 21 å
924 379 74 21 landet

244 413 74 20 senast
333 413 13 20 &
362 412 38 21 det
413 412 48 27 ting
476 418 45 15 som
535 412 57 22 efter
606 414 33 20 tre
654 413 103 22 månader
771 412 55 22 först
841 412 91 23 infaller.

108 440 25 30 $$
150 444 90 20 12—19.
312 445 74 23 Hafva
402 446 141 22 oförändrade
558 447 114 27 godkänts.

312 481 12 21 I
338 481 97 27 enlighet
454 481 48 21 med
517 482 41 21 den
573 482 108 21 allmänna
695 482 75 27 regeln
784 483 35 20 att
834 488 26 15 en
875 482 87 27 civillag
977 482 18 28 ej

245 516 39 21 bör
298 515 109 28 tillämpas
420 516 30 27 på
464 516 212 27 rättsförhållanden,
692 522 44 16 som
751 516 100 27 uppstått
865 516 46 22 före
922 516 37 22 det
968 516 30 22 la-

245 557 43 22 gen
309 550 78 22 trädde
408 550 8 22 i
435 550 66 27 kraft,
521 551 39 21 har
583 551 18 27 ej
622 551 67 21 heller
702 550 144 23 förevarande
860 551 37 27 lag
913 552 83 21 ansetts

245 586 53 22 böra
317 585 83 22 erhålla
419 585 121 22 retroaktiv
557 586 83 21 verkan
655 586 47 20 med
717 585 102 22 afseende
836 586 13 20 å
864 585 26 21 de
905 586 49 21 rent
969 585 28 21 ci-

245 620 132 28 vilrättsliga
392 620 190 28 bestämningarna
596 620 8 22 i
619 620 128 22 densamma.
763 620 68 22 Desse
845 620 84 21 komma
939 619 59 27 förty

245 656 48 21 icke
308 657 34 20 att
356 655 108 27 tillämpas
479 654 35 22 för
528 655 81 27 makar,
624 654 85 22 hvilkas
725 654 123 28 äktenskap
858 654 84 28 ingåtts
952 654 46 22 före

245 696 51 22 nyss
310 690 79 22 nämda
408 689 107 27 tidpunkt.
543 690 51 21 Men
609 689 28 21 då
653 690 13 20 å
681 689 68 21 andra
763 689 62 21 sidan
840 690 68 26 något
922 689 77 27 princi-

245 725 54 27 pielt
320 724 78 22 hinder
418 724 48 22 icke
487 724 68 22 finnes
577 724 34 22 för
631 723 164 28 tillämpningen
816 723 24 22 af
852 724 75 27 lagens
942 724 56 22 före-

245 759 89 22 skrifter
348 758 134 22 beträffande
497 758 38 22 det
548 759 142 27 processuella
701 758 136 22 förfarandet
846 758 8 22 i
864 759 133 21 boskilnads-

245 794 43 22 mål
303 794 39 21 och
362 794 161 27 verkningarna
541 793 25 22 af
578 800 85 16 vunnen
678 793 120 27 boskilnad,
813 793 40 22 har
868 793 8 21 i
890 793 42 22 den
946 794 50 21 nåd.

245 828 159 28 propositionen
425 828 112 28 undantag
557 828 72 22 blifvit
648 828 73 27 gjordt
749 827 34 22 för
810 830 12 19 5
846 828 103 27 kapitlets
971 828 27 29 88

246 865 76 19 3—17.
345 863 41 22 Att
406 862 8 22 i
436 862 33 22 sin
492 863 73 22 helhet
586 863 97 26 tillämpa
698 862 63 22 dessa
776 862 26 29 $$
818 863 14 21 å
847 863 81 27 makar,
944 862 53 23 hvil-

245 898 40 21 kas
300 897 120 28 äktenskap
435 897 83 28 ingåtts
533 897 46 22 före
593 897 75 28 lagens
683 897 106 21 trädande
802 897 8 21 i
820 897 101 27 gällande
931 897 65 27 kraft,

245 938 63 21 synes
324 932 106 21 utskottet
444 931 68 22 likväl
527 932 102 27 omöjligt,
645 934 25 24 ty
685 931 28 22 då
726 931 168 28 stadgandena
882 927 12 36 i
905 933 26 20 11
941 931 55 28 Kap.

246 966 24 23 G.
286 967 32 26 B.,
334 966 133 22 fortfarande
482 966 71 23 blefve
568 965 159 22 bestämmande
742 965 34 22 för
791 965 120 22 ordnandet
921 965 26 22 af
954 972 43 15 ma-

244 1001 52 22 kars
311 1000 202 28 gäldförhållanden
527 1001 8 21 i
550 1001 62 21 dessa
627 1000 126 27 äktenskap,
769 1000 69 22 skulle
853 1000 19 27 ej
888 1000 68 22 heller
971 1000 26 22 de

245 1035 26 29 88
290 1035 8 22 i
317 1035 142 22 förevarande
477 1035 47 27 lags
544 1037 14 20 4
579 1035 63 27 Kap.,
665 1034 33 22 till
720 1035 75 22 hvilka
817 1034 7 22 i
840 1041 27 15 en
882 1035 34 22 del
931 1035 25 21 af
968 1041 29 16 nu

244 1070 9 22 i
267 1070 160 27 frägavarande
448 1069 26 29 $$
496 1070 109 27 hänvisas,
627 1069 72 22 kunna
721 1069 8 22 i
742 1069 82 22 sådana
834 1069 39 22 fall
882 1069 114 28 tillämpas.

245 1105 49 22 Som
310 1105 36 21 det
360 1104 119 22 emellertid
493 1106 25 20 är
533 1104 24 22 af
569 1104 49 28 vigt
632 1105 34 21 att
680 1110 113 21 processen
807 1104 8 22 i
828 1104 169 22 boskilnadsmål

244 1139 72 22 blefve
330 1138 109 28 likformig
453 1138 35 22 för
503 1139 43 21 alla
560 1138 45 28 fall,
616 1139 40 21 har
666 1139 106 21 utskottet
782 1138 125 22 formulerat
917 1138 80 28 ifråga-

244 1174 96 22 varande
359 1173 112 27 undantag
490 1173 87 26 derhän,
593 1174 34 20 att
641 1172 64 28 lagen
719 1173 69 21 skulle
803 1173 82 21 erhålla
899 1173 97 21 retroak-

244 1208 32 22 tiv
298 1208 82 21 verkan
402 1207 77 21 endast
499 1207 49 21 med
566 1206 100 22 afseende
682 1208 14 20 &
710 1207 189 27 bestämningarna
914 1213 33 15 om
962 1207 35 21 bo-

243 1241 209 27 skilnadsprocessen
478 1242 39 20 och
542 1241 160 27 verkningarna
724 1240 25 22 af
769 1247 85 16 vunnen
876 1240 119 23 boskilnad.

244 1275 106 27 Slutligen
372 1276 40 20 har
434 1275 69 21 denna
525 1275 141 25 bestämning,
689 1275 88 21 hvilken
799 1275 8 21 i
826 1275 170 26 propositionens

243 1308 93 22 svenska
357 1309 48 20 text
426 1309 25 20 är
473 1307 90 22 förenad
583 1307 49 22 med
647 1308 13 25 8
676 1309 33 25 19,
725 1308 67 21 ehuru
812 1308 41 21 den
871 1307 77 22 hänför
961 1308 35 27 sig

243 1342 35 22 till
292 1341 142 28 lagförslaget
447 1341 8 22 i
471 1341 48 22 dess
533 1341 79 27 helhet,
627 1341 73 22 blifvit
713 1341 50 22 från
778 1341 70 28 sagda
862 1341 12 29 &
889 1341 63 22 skild.

310 1377 12 21 I
338 1376 41 22 den
396 1375 69 22 finska
480 1375 112 28 lagtexten
606 1376 41 21 har
660 1375 104 28 härjemte
779 1375 106 29 vidtagits
900 1375 95 28 följande

242 1411 112 28 språkliga
375 1410 109 22 rättelser:
500 1410 8 21 i
523 1411 13 26 $
553 1412 10 20 1
580 1410 25 22 af
622 1410 55 28 Kap.
692 1410 12 22 I
719 1411 39 21 och
776 1410 57 29 Kap.
854 1411 23 22 II
891 1411 39 21 har
947 1411 48 27 ,yh-

242 1445 60 23 teen”
325 1445 118 28 uteslutits;
463 1445 8 22 i
490 1444 108 29 sistsagde
619 1445 99 28 Kapitels
738 1447 12 20 2
766 1445 12 28 &
794 1445 40 22 har
850 1445 86 28 ,valta*
951 1447 44 20 rät-
