1114 1759
454 149 40 21 N:o
510 150 34 20 23.
834 150 11 20 7

119 217 57 27 lopp,
200 223 44 15 som
268 217 34 21 för
325 217 74 27 hvarje
423 218 83 26 gvartal
523 217 54 21 skall
592 218 23 20 af
628 218 123 21 tillverkare
768 218 106 27 erläggas.

120 251 71 21 Sedan
208 251 122 21 debetsedel
346 252 7 20 i
369 251 222 22 öfverensstämmelse
607 252 88 21 dermed
709 258 76 20 genom
796 252 78 22 krono-

119 286 65 26 fogde
206 287 28 25 på
257 286 75 21 landet
356 286 39 20 och
418 286 145 21 kronokassör
582 286 5 21 i
604 286 47 21 stad
666 286 70 21 blifvit
750 287 124 21 tillverkare

119 320 187 28 tillhandahållen,
330 320 82 27 åligger
431 320 36 21 det
490 320 67 21 denne
573 322 33 20 att
621 320 39 21 sist
676 321 36 20 två
727 320 103 22 månader
846 321 29 21 ef-

120 356 33 20 ter
176 354 74 28 hvarje
272 355 94 26 qvartals
382 354 82 28 utgång
478 355 100 27 beloppet
593 354 33 22 till
641 355 94 21 nämnda
750 356 124 26 myndighet

119 389 125 22 inleverera.
274 389 106 28 Bryggeri
396 390 39 21 och
451 389 140 27 tillverkning
607 391 37 19 äro
659 390 121 26 underpant
794 389 34 22 för
839 390 35 22 be-

119 424 128 27 villningens
264 424 127 28 utgörande.

467 453 12 28 8
496 454 32 20 19.

193 493 28 21 Af
243 494 26 20 de
292 494 76 26 medel,
385 499 45 15 som
447 494 92 20 sålunda
554 492 79 28 intlytä,
651 499 49 21 eger
716 493 111 22 Guvernör
842 496 32 19 ut-

121 528 96 21 anordna
239 528 185 21 kontrollörernes
449 528 78 20 arvode
543 528 127 26 gvartalsvis
687 528 39 21 och
743 528 69 26 öfriga
826 528 49 22 med

120 562 121 22 kontrollen
257 562 103 22 förenade
376 562 94 26 utgifter.

470 624 11 28 $
497 625 34 20 20.

194 665 71 21 Yrkar
287 665 131 25 tillverkare,
443 666 32 20 att
490 666 28 25 på
532 665 69 26 grund
617 664 23 21 af
653 665 68 21 andra
737 666 116 20 momentet
868 666 7 20 i

120 700 11 27 $
148 701 12 20 3
176 700 22 21 få
213 699 217 27 bevillningsafgiften
447 699 105 21 återstäld
568 699 33 21 för
617 706 26 14 en
659 699 34 21 del
709 698 23 22 af
746 700 40 20 den
797 700 79 26 mängd

121 734 60 27 malt,
206 740 45 16 som
271 734 33 21 för
324 733 167 27 tillverkningen
507 734 112 26 användts,
635 734 132 21 tillkommer
782 735 36 20 det
833 734 43 22 Gu-

121 771 78 19 vernör
223 771 32 19 att
278 769 67 21 sådan
366 768 124 21 restitution
505 768 83 27 bevilja,
605 768 71 21 derest
691 768 123 22 tillverkare
829 769 47 20 icke

122 804 92 20 allenast
238 804 94 25 utreder,
356 805 32 19 att
404 802 119 27 maltdryck
537 802 70 22 blifvit
623 803 126 26 exporterad
766 803 52 21 eller
833 803 43 21 för-

121 838 82 25 skämd,
227 836 27 28 på
277 839 43 19 sätt
343 837 91 21 nämnde
458 837 11 27 $
485 837 131 25 förutsätter,
632 839 53 18 utan
699 837 79 26 jemväl
794 838 82 20 lemnar

120 872 125 28 tillförlitlig
259 872 117 28 utredning
391 878 33 16 om
441 872 36 21 det
491 872 76 27 belopp
583 871 59 27 malt,
655 877 45 16 som
716 872 72 22 dertill
799 872 77 27 åtgått.

193 907 122 22 Guvernörs
338 907 71 21 beslut
431 908 7 20 i
461 907 78 21 sådant
561 906 215 22 restitutionsärende
800 907 76 26 skall
865 902 16 35 ;

123 942 73 28 vanlig
212 942 92 27 ordning
319 942 145 21 underställas
480 942 103 21 Senatens
600 942 276 26 Ekonomiedepartement.

468 1004 11 28 $
497 1006 32 20 21.

194 1045 95 22 Särskild
312 1045 91 27 räkning
426 1044 59 22 öfver
508 1046 26 20 de
552 1045 85 26 belopp,
653 1050 45 16 som
714 1050 75 21 genom
806 1045 70 20 denna

121 1080 117 26 bevillning
252 1079 80 22 influtit
347 1079 39 22 och
403 1080 73 21 derför
491 1079 103 27 utgifvits,
611 1078 55 22 skall
682 1078 35 21 vid
732 1078 143 27 länestyrelse

122 1115 65 21 föras.

468 1142 11 28 8
496 1143 33 20 22.

194 1183 32 21 De
241 1184 7 20 i
263 1183 23 28 $$
303 1184 26 20 13
345 1182 39 22 och
401 1184 25 20 14
436 1183 89 25 utsatta
541 1182 63 22 straff
617 1181 74 21 kunna
707 1182 78 21 endast
795 1182 23 20 af
827 1182 50 26 laga

122 1218 92 22 domstol
230 1218 96 22 ådömas.

195 1249 75 31 Öfriga
292 1252 130 22 hithörande
446 1252 101 26 ärenden,
571 1258 34 15 om
619 1252 74 20 hvilka
708 1251 47 21 icke
770 1252 8 20 i
793 1252 84 26 föregä-

123 1288 55 22 ende
200 1288 24 28 $$
247 1289 24 19 är
293 1286 134 22 annorlunda
450 1286 109 28 stadgadt,
575 1286 86 26 afgöras
678 1285 23 21 af
714 1286 163 21 vederbörande

124 1323 118 25 Guvernör,
265 1322 65 21 hvars
352 1322 72 26 utslag
446 1321 75 21 länder
540 1320 33 22 till
589 1320 150 26 efterrättelse,
756 1320 57 22 intill
829 1320 49 22 dess

123 1358 91 26 ändring
230 1357 44 21 deri
290 1356 87 22 vunnits
392 1362 77 20 genom
484 1355 82 27 besvär,
583 1361 44 15 som
643 1356 75 20 kunna
723 1351 13 37 i
732 1355 90 26 vanlig
830 1355 49 21 ord-

123 1393 52 25 ning
190 1385 86 27 anföras
291 1391 40 20 hos
346 1390 104 20 Senatens
465 1390 273 25 Ekonomiedepartement.

195 1424 31 22 Pä
248 1424 95 21 nämnda
364 1424 157 26 Departement
539 1423 124 21 ankommer
679 1422 103 26 derjemte
798 1424 33 20 att
846 1424 33 19 ut-

121 1459 65 22 färda
209 1459 26 21 de
258 1460 100 20 närmare
381 1456 142 28 föreskrifter,
539 1462 45 16 som
599 1456 8 21 i
622 1456 102 22 afseende
740 1456 12 21 &
766 1456 114 22 bevillnin-
