1109 1742
283 142 27 20 20
488 139 23 25 U.
527 140 23 24 B.
568 152 24 5 —
609 140 65 29 Prop.
690 140 38 23 N:o
744 140 31 23 13.

256 206 36 22 till
305 206 115 22 boskilnad
433 205 35 28 för
482 206 82 27 hustru,
578 206 68 28 jemte
661 206 26 22 de
702 212 29 16 nu
738 206 108 28 gällande,
856 206 92 22 föresläs
956 206 57 22 dess-

256 242 58 21 utom
330 240 27 22 de
374 240 45 27 fall,
436 240 28 22 dä
478 246 92 16 mannen
584 240 58 28 gjort
656 240 25 22 sä
696 242 45 20 stor
756 240 57 28 gäld,
830 242 33 20 att
877 240 42 22 den
934 240 20 28 ej
969 240 44 22 kan

257 275 85 22 betalas
363 274 49 22 med
434 274 42 22 den
494 274 106 23 samfälda
622 274 110 29 egendom,
754 274 117 23 hvaröfver
884 275 44 22 han
942 275 71 26 räder,

255 310 41 23 och
310 310 54 22 hans
379 309 99 22 enskilda
490 309 60 28 gods,
566 310 29 22 dä
602 316 92 16 mannen
703 310 96 22 användt
806 310 100 22 hustruns
915 310 99 22 enskilda

260 344 103 28 egendom
384 344 33 22 till
438 344 114 28 betalning
574 344 24 22 af
611 344 58 28 gäld,
684 350 45 16 som
744 345 43 21 han
802 344 71 22 allena
888 345 58 28 gjort
961 344 52 23 eller

258 380 32 24 dä
301 385 93 16 mannen
408 378 66 28 gifvit
488 379 164 27 sitt.samtycke
666 378 35 23 till
715 379 141 22 boskilnaden
864 380 39 21 och
910 380 104 28 slutligen

256 415 31 21 dä
301 420 93 16 mannen
408 413 72 23 blifvit
494 413 58 23 stäld
567 414 68 22 under
649 413 183 28 förmynderskap.

326 448 116 28 Utgäende
464 448 8 22 i
493 448 71 22 likhet
584 448 49 22 med
654 448 58 22 hvad
732 448 123 23 Ständerna
875 448 38 23 vid
928 450 86 21 senaste

257 484 107 27 landtdag
377 483 8 22 i
399 483 35 22 sin
448 483 154 22 meranämnda
615 482 114 24 skrifvelse
744 483 65 23 äfven
824 484 124 27 framhällit,
956 483 58 23 ifrän

259 519 41 22 den
322 518 116 28 synpunkt,
458 519 34 21 att
506 518 123 28 egendoms-
644 518 39 22 och
697 517 317 29 förvaltningsgemenskapens

258 552 152 29 upphäfvande
432 559 76 21 genom
528 553 113 22 boskilnad
661 552 45 28 bör,
726 553 38 22 der
791 553 70 21 denna
882 554 132 27 gemenskap

257 588 59 22 visat
330 588 34 27 sig
378 588 20 27 ej
414 589 110 21 motsvara
537 588 40 22 sitt
592 588 100 22 ändamäl
708 588 39 21 och
761 588 92 22 sälunda
867 587 91 23 förlorat
975 588 39 22 sitt

257 622 160 28 berättigande,
434 622 9 21 i
461 622 124 28 möjligaste
604 623 50 21 män
668 622 141 28 underlättas,
824 622 70 22 finner
907 622 107 22 utskottet

258 659 33 20 ett
312 657 134 27 utvidgande
468 657 25 22 af
511 657 27 22 de
557 657 101 28 grunder,
673 656 75 23 hvilka
763 657 109 27 berättiga
886 657 34 21 till
934 657 80 22 boskil-

258 692 57 22 nads
340 692 125 22 erhållande
493 692 8 21 i
528 692 43 22 allo
604 691 111 29 befogadt.
754 692 96 22 Sålunda
878 692 70 22 måste
977 692 37 22 det

258 727 127 27 godkännas
408 728 34 20 att
462 726 108 22 hvardera
588 726 77 22 maken
686 726 92 22 erhåller
792 728 46 20 rätt
852 726 33 22 till
900 726 114 22 boskilnad

257 761 49 22 icke
321 761 92 22 allenast
428 761 28 21 då
464 761 42 22 den
521 760 67 22 andre
602 761 60 27 gjort
675 761 26 21 så
714 762 47 20 stor
775 761 57 27 gäld,
848 762 35 21 att
893 761 42 21 den
942 761 18 28 ej
970 762 44 20 kan

258 796 84 22 betalas
356 795 50 22 med
427 795 27 22 de
475 795 126 28 tillgångar,
624 801 44 16 som
688 794 63 23 häfta
768 795 34 22 för
817 796 129 27 densamma,
961 797 53 20 utan

260 830 65 22 äfven
344 830 28 22 då
392 830 41 22 den
453 836 41 16 ena
512 830 78 21 maken
607 829 68 22 redan
692 829 84 22 betalat
792 830 26 22 så
835 830 86 27 mycket
936 830 26 21 af
974 830 42 22 den

259 865 81 22 andres
361 864 93 27 skulder,
474 866 34 21 att
530 864 81 23 dennes
633 864 177 28 giftorättsandel
838 866 56 20 samt
916 864 100 22 enskilda

258 899 106 28 egendom
386 899 18 27 ej
424 899 76 22 räcker
520 899 35 21 till
574 899 112 26 betalning
700 898 24 22 af
738 898 37 22 det
789 899 109 28 vederlag,
914 905 44 16 som
973 899 43 22 han

257 934 93 22 sålunda
372 933 74 22 blifvit
464 934 24 21 ät
511 934 41 21 den
575 934 69 21 andra
662 934 77 21 maken
754 933 93 28 skyldig.
876 933 140 28 Ligvidation

261 969 103 21 makarne
386 967 90 22 emellan
495 970 25 19 är
538 967 109 28 nämligen
670 967 74 28 möjlig
766 968 76 22 endast
863 967 38 23 vid
922 968 95 22 skeende

260 1002 68 23 skifte
348 1002 25 22 af
390 1001 50 22 boet
460 1001 39 22 och
517 1001 49 22 ifall
585 1002 79 21 sådant
687 1003 19 26 ej
728 1002 179 27 mellankommer,
924 1002 92 22 erhåller

262 1037 42 22 den
318 1036 139 28 gäldbundna
472 1037 83 27 maken,
572 1037 66 21 ehuru
649 1036 68 21 denne
732 1036 90 22 förstört
836 1037 62 22 såväl
912 1037 33 21 sin
953 1037 64 27 gifto-

260 1071 122 22 rättsandel
399 1077 45 15 som
466 1071 39 22 sitt
522 1070 99 23 enskilda
636 1070 59 29 gods,
711 1071 55 27 ånyo
782 1071 35 22 del
831 1071 9 22 i
854 1071 125 22 återstoden
994 1071 25 22 af

261 1106 27 21 de
302 1111 158 22 gemensamma
474 1105 153 28 tillgångarne.

328 1139 36 22 Då
378 1145 103 16 mannens
496 1139 136 28 förvaltning
647 1138 25 22 af
684 1139 51 22 boet
749 1139 135 22 fortfarande
898 1140 72 22 blefve
984 1147 32 14 re-

261 1175 37 27 gel
313 1175 39 21 och
366 1174 43 22 han
424 1174 34 22 till
472 1173 55 28 följd
541 1173 66 22 häraf
620 1175 82 20 ansetts
718 1174 71 21 allena
802 1174 74 22 kunna
885 1175 132 22 kontrahera

262 1209 58 28 gäld,
339 1209 35 22 för
388 1208 88 22 hvilken
490 1209 50 21 hela
555 1209 37 22 det
607 1208 106 22 samfälda
727 1209 51 21 boet
793 1209 39 21 och
846 1209 92 22 sålunda
952 1209 65 22 äfven

262 1245 41 21 den
326 1244 34 22 del
380 1243 67 28 deraf,
466 1249 46 16 som
530 1243 103 28 möjligen
650 1243 61 22 stode
726 1243 68 22 under
808 1243 102 22 hustruns
928 1244 90 22 förvalt-

261 1279 53 26 ning
328 1279 84 20 komme
426 1279 35 19 att
476 1277 68 27 häfta,
560 1284 64 20 synes
639 1278 43 25 det,
698 1278 7 20 i
719 1279 144 20 betraktande
878 1278 26 21 af
919 1279 41 20 den
975 1279 43 20 olä-

260 1313 82 26 genhet
356 1313 39 20 och
410 1312 113 27 rubbning,
538 1317 46 16 som
599 1312 25 21 af
635 1317 91 16 mannen
744 1312 146 22 kontraherad
905 1311 62 28 gälds
982 1312 36 21 be-

262 1345 86 29 talning
368 1345 50 22 med
435 1345 25 22 af
476 1346 92 21 hustrun
586 1345 120 22 förvaltadt
726 1348 133 25 gemensamt
880 1346 54 28 gods
955 1345 63 23 alltid

260 1381 70 22 måste
349 1379 35 23 för
402 1379 71 23 denna
494 1379 135 28 förvaltning
650 1379 155 28 åstadkomma,
824 1381 135 27 nödvändigt
976 1382 40 26 att,

261 1416 39 22 der
319 1416 69 22 sådan
410 1415 104 28 egendom
531 1415 8 21 i
559 1415 95 28 enlighet
674 1415 48 22 med
743 1415 190 28 bestämningarna
953 1415 8 22 i
978 1415 10 29 $
1004 1418 12 19 3

261 1451 57 28 Kap.
336 1451 32 22 IV
386 1451 69 22 måste
469 1450 34 22 för
518 1450 70 28 sagda
602 1449 101 23 ändamål
717 1450 114 29 tillgripas,
855 1451 90 22 hustrun
961 1450 57 23 med-
