1103 1731
405 138 53 23 N:o
475 138 46 22 11.

365 429 64 22 Hans
450 429 146 28 Kejserliga
612 429 140 28 Majestäts
768 430 72 28 nådiga

297 470 126 27 proposition
439 470 29 20 till
485 470 93 22 Finlands
594 470 92 27 Ständer,
702 470 138 22 innefattande

296 511 78 27 förslag
391 510 29 22 till
431 511 101 22 särskilda
544 511 107 27 ändringar
662 511 5 21 i
679 511 93 27 gällande
783 512 57 21 stad-

296 552 78 27 ganden
398 551 104 27 angående
526 551 179 28 skjutshållningen
731 552 37 22 och
785 552 55 27 gäst-

296 592 127 27 gifverierna.

163 656 61 21 Efter
247 657 36 20 det
307 656 139 21 Guvernören
462 657 6 20 i
484 657 95 26 Nylands
598 657 35 20 län
649 656 31 21 uti
697 657 47 20 dess
761 657 79 26 afgifna

92 691 133 26 berättelser,
249 691 110 26 angående
375 691 69 21 länets
459 691 99 21 tillstånd
574 691 39 22 och
628 691 130 27 förvaltning
773 692 68 21 under

91 725 50 22 åren
160 726 53 21 1884
230 725 39 21 och
289 727 58 24 1885,
364 725 108 22 äfvensom
488 726 136 21 Guvernören
639 726 7 20 i
657 725 130 22 Tavastehus
804 726 35 21 län

91 761 35 20 län
141 761 33 20 uti
189 760 113 21 enahanda
318 760 115 21 berättelse
448 760 32 21 för
496 760 106 27 sistsagda
618 761 24 20 år
656 761 58 26 gjort
725 761 116 21 framställ-

91 795 52 27 ning
165 795 132 21 beträffande
317 794 135 27 påföljderna
467 795 32 21 för
515 795 25 21 de
556 795 230 27 skjutsningsskyldige
801 795 40 21 och

91 830 33 21 för
146 829 93 22 trafiken
262 829 23 21 af
306 829 148 28 stadgandena
470 830 6 21 i
492 830 78 27 nådiga
588 829 152 28 förerdningen
757 830 40 21 den
815 831 25 20 12

91 865 120 22 November
235 865 60 25 1883,
319 865 110 26 angående
452 865 193 27 skjutshållningen
669 865 39 21 och
727 865 115 26 gästgifve-

91 900 78 25 rierna,
186 901 56 19 samt
258 899 77 27 nådiga
351 899 144 27 kungörelsen
511 899 23 22 af
543 905 81 16 samma
634 899 48 28 dag,
694 899 147 22 innefattande

91 935 107 21 särskilda
220 934 135 21 föreskrifter
378 935 7 20 i
408 934 99 21 afseende
526 936 12 19 ä
553 934 171 28 skjutsväsendet
739 935 7 21 i
761 935 79 25 landet,

91 970 72 26 hafva,
186 969 48 22 med
258 969 100 22 afseende
379 969 53 21 härå
447 969 39 21 och
502 970 6 20 i
525 969 115 27 anledning
655 969 23 21 af
691 969 56 21 hvad
761 969 34 22 för
811 969 30 21 öf-

92 1005 43 27 rigt
157 1003 109 28 angående
289 1003 92 22 berörda
403 1003 105 28 påföljder
531 1004 34 21 till
584 1003 120 28 Styrelsens
720 1003 120 22 kännedom

91 1039 96 26 kommit,
211 1039 120 21 statistiska
355 1038 106 27 uppgifter
484 1041 56 19 samt
562 1039 149 26 underdåniga
725 1039 116 26 yttranden

93 1075 39 21 och
155 1074 81 26 förslag
251 1073 6 21 i
273 1075 72 19 ämnet
368 1073 116 21 infordrats
506 1074 48 21 från
574 1073 91 27 samliga
679 1073 162 27 länestyrelser;

93 1109 39 22 och
148 1109 39 20 har
205 1109 41 20 den
262 1108 91 21 sålunda
368 1114 71 15 vunna
455 1109 114 26 utredning
584 1108 61 27 gifvit
660 1108 34 21 vid
705 1108 92 26 handen,
809 1110 33 19 att

93 1143 116 27 ändringar
224 1144 7 20 i
247 1149 26 15 en
297 1143 33 20 del
353 1142 23 22 af
393 1142 156 22 ofvanberörda
565 1142 134 27 stadganden
716 1144 36 19 äro
769 1142 24 21 af
806 1142 36 21 be-

93 1179 71 22 hofvet
179 1177 121 28 påkallade.

165 1213 28 21 Af
207 1213 25 20 de
248 1212 48 21 från
311 1212 181 26 länestyrelserna
509 1212 100 21 inkomna
625 1211 119 21 statistiska
759 1211 83 27 uppgif-

93 1250 68 24 terna,
177 1247 73 21 hvilka
265 1247 66 20 delvis
347 1246 70 21 blifvit
431 1245 200 28 förfullständigade
648 1245 39 22 och
697 1245 86 22 rättade
794 1246 48 21 med

93 1283 88 26 ledning
199 1282 23 21 af
239 1281 68 22 andra
327 1282 90 21 ärendet
435 1281 133 22 beträffande
583 1281 134 27 handlingar,
735 1281 106 22 inhemtas

93 1317 112 28 angående
226 1316 164 21 förhållandena
413 1316 67 21 under
505 1316 50 21 åren
573 1317 148 20 1885—1887:
738 1317 32 20 att
784 1316 59 22 inom

94 1352 73 22 landet
189 1351 80 21 funnits
285 1351 77 20 inalles
378 1351 41 20 823
435 1351 149 25 gästgifverier
598 1352 56 18 samt
668 1351 41 19 432
725 1353 117 17 reservsta-

93 1386 70 20 tioner
179 1385 39 20 och
233 1384 135 26 postgårdar,
385 1383 93 21 förutom
494 1384 26 20 de
535 1383 58 21 inom
608 1382 114 27 Loimijoki
737 1383 68 21 härad
821 1383 23 21 af

95 1413 46 27 Åbo
164 1418 39 21 och
218 1418 145 26 Björneborgs
378 1417 36 21 län
430 1418 56 20 samt
501 1416 56 28 Salo,
573 1416 84 27 Kajana
673 1416 39 22 och
728 1416 62 22 Kemi
806 1417 38 21 hä-

94 1454 41 21 rad
157 1452 23 22 af
200 1452 119 27 Uleåborgs
341 1452 36 21 län
394 1452 172 21 förekommande
583 1451 206 23 reservstationerna
804 1452 41 21 och
