1120 1756
363 133 69 22 Ständ.
447 134 31 22 Sv.
494 145 27 4 —
537 134 56 26 Prop.
610 133 34 22 N:o
660 133 31 21 21.

289 274 47 22 För
359 276 139 26 kapellanens
522 276 122 20 obestämda
661 275 117 22 inkomster

305 308 28 28 af
340 309 163 28 församlingen
519 309 118 21 beräknas:

289 350 10 20 i
317 349 202 27 landsförsamling,
532 349 41 27 för
589 349 76 27 hvarje
681 348 96 22 betalan-

304 383 25 21 de
344 384 84 20 mantal
594 393 5 11 ;
666 400 4 4 s
701 399 4 4 x
773 399 4 5 .

289 427 56 17 samt
361 425 8 19 i
383 423 198 27 stadsförsamling,
598 430 25 14 en
631 400 110 50 femtedel
751 423 26 28 af

304 458 40 21 den
363 458 71 26 karta,
450 465 45 14 som
505 458 42 27 för
559 457 195 29 pastorsfullmakt
770 458 8 20 i

303 500 50 20 nyss
368 492 128 28 föregående
508 493 73 27 punkt
589 495 26 19 är
619 492 158 28 föreskrifven.

273 534 34 20 7:0
330 534 13 19 å
366 530 253 31 sockneadjunktstjenst,
642 532 30 21 då
688 532 89 22 boställe

289 567 96 29 åtföljer,
408 567 37 25 för
466 568 75 26 hvarje
560 569 57 19 inom
634 567 141 28 aflöningsdi-

287 602 86 20 striktet
389 602 105 27 befintligt
510 601 114 22 betalande
638 602 85 20 mantal
735 618 5 4 .

287 642 46 15 men
350 642 32 15 om
399 636 89 21 boställe
504 636 21 26 ej
535 636 81 26 finnes,
633 636 77 20 endast

271 677 35 20 8:0
329 677 14 20 å
370 676 235 28 adjunktsbeställning
627 676 53 21 eller
702 682 73 15 annan

283 711 118 27 presterlig
420 710 131 28 befattning,
563 710 42 27 för
620 710 86 21 hvilken
721 710 56 26 aflö-

285 745 83 27 ningen
383 744 62 22 beror
460 744 28 27 af
499 744 94 21 enskildt
609 745 59 25 aftal
684 745 91 21 emellan

286 778 39 22 den
344 778 138 28 förordnade
505 778 37 22 och
557 778 54 22 hans
625 779 120 28 principal,
763 780 14 20 &

285 814 71 20 sådan
372 814 70 27 karta,
458 820 45 14 som
514 814 42 26 för
571 814 26 20 de
613 814 63 27 ifrån
688 813 88 22 domka-

282 848 71 27 pitlen
376 848 108 28 utgående
507 848 147 28 expeditioner
676 850 26 18 är
712 848 64 28 före-

285 882 105 27 skrifven.

271 924 33 20 9:0
320 924 14 20 &
350 922 109 22 klockare-
474 923 53 21 eller
542 923 177 28 orgelnisttjenst,
733 922 42 28 för

286 957 84 21 hvilken
387 958 62 20 lönen
465 960 26 18 är
507 958 35 21 till
558 958 42 20 viss
617 958 156 26 summa
705 953 12 36 i
723 958 50 26 pen-

285 993 81 27 ningar
386 992 101 24 bestämd,
507 993 14 19 4
533 994 90 26 procent
640 992 72 27 deraf,
728 999 47 14 men

285 1027 39 20 der
340 1026 64 21 lönen
419 1026 19 28 ej
453 1028 26 19 är
487 1026 94 21 sålunda
593 1028 76 25 utsatt,
681 1027 8 19 i
700 1027 75 21 lands-

281 1061 137 27 församling
441 1060 56 27 efter
516 1060 114 22 enahanda
646 1061 75 27 grund
738 1060 37 22 och

285 1095 36 21 till
336 1095 45 21 lika
398 1095 81 27 belopp,
495 1101 44 14 som
555 1095 13 20 å
583 1094 191 29 sockneadjunkts-

286 1131 71 27 tjenst,
380 1131 55 19 samt
450 1130 8 19 i
473 1129 195 27 stadsförsamling
685 1129 49 21 med
749 1136 24 14 en

285 1164 108 21 tiondedel
408 1164 30 27 af
450 1163 38 21 den
498 1162 37 28 för
539 1162 236 29 pastorsfullmakten
765 1158 13 37 i

283 1206 83 14 samma
377 1199 137 27 församling
531 1198 108 21 bestämda
655 1198 72 21 karta.

270 1241 47 19 10:0
340 1239 14 20 &
378 1239 80 20 lärare-
481 1239 38 20 och
543 1239 181 26 lärarinnetjenst
739 1239 36 20 vid

279 1272 120 28 folkskola,
414 1279 45 14 som
475 1272 97 28 åtnjuter
587 1273 136 26 statsanslag
741 1272 34 21 till

283 1307 116 27 aflönande
418 1307 29 26 af
461 1307 156 27 läropersonal,
635 1307 34 20 två
682 1309 91 24 procent

283 1341 28 28 af
330 1341 36 21 det
388 1341 8 20 i
412 1341 62 20 lönen
489 1341 106 27 ingående
610 1341 164 27 statsanslaget,

283 1375 124 24 Deräknadt,
423 1375 62 19 såväl
501 1376 8 19 i
523 1375 50 20 stad
587 1381 44 14 som
644 1376 32 25 pä
688 1375 83 30 landet,

282 1408 37 26 för
343 1409 73 20 lärare
436 1408 34 21 till
486 1407 136 22 ättahundra
638 1408 38 21 och
687 1409 42 25 för
743 1409 30 20 lä-

282 1444 94 21 rarinna
393 1442 35 22 till
442 1442 126 22 seehundra
584 1441 64 23 mark
664 1449 32 14 om
713 1443 54 20 året.
784 1468 2 4 |

858 132 24 21 17
