1095 1753
268 148 25 20 32
573 147 33 20 N:o
622 146 31 22 21.

239 216 162 19 sammansättas
417 214 40 21 den
472 220 87 20 summa,
577 220 44 15 som
631 214 7 20 i
648 214 172 21 förekommande
832 212 37 22 fall
880 213 106 27 ästundas,

239 249 35 21 mä
295 248 255 28 kartasigillatakontoret
566 248 56 21 förse
637 248 26 21 de
678 248 78 27 ingifna
771 248 153 26 handlingarna
940 249 48 20 med

238 285 94 19 närmast
348 284 58 26 lägre
421 283 174 27 stämpelbelopp.

585 346 10 27 8
616 348 31 19 11.

306 386 33 21 Dä
355 386 81 21 enskild
452 386 128 27 afhandling,
596 385 127 22 förbindelse
734 386 51 20 eller
799 392 67 15 annan
878 386 61 21 skrift
949 387 39 20 hos

240 421 97 26 domstol,
354 421 102 20 exekutor
471 421 50 21 eller
538 427 67 14 annan
620 421 121 26 myndighet
756 420 85 27 företes,
858 420 79 27 äligger
954 421 35 20 det

239 455 158 21 vederbörande
420 455 91 26 domare,
531 455 142 20 embetsverks
689 455 131 20 sekreterare
836 455 52 20 eller
903 455 85 26 tjenste-

240 496 49 15 man
303 489 63 26 tillse,
382 491 32 19 att
429 489 62 21 karta
506 489 31 21 till
554 489 35 21 det
604 489 82 26 belopp,
698 495 46 15 som
753 488 141 28 tilläfventyrs
905 489 83 26 brister,

240 525 23 20 af
276 525 117 26 sakegaren
408 524 113 21 anskaffas.
658 527 2 2 |

307 558 109 28 Begagnas
432 558 73 21 dervid
523 558 115 27 stämpladt
653 564 86 21 papper,
755 558 38 21 bör
809 558 117 21 detsamma
941 558 49 21 med

239 593 48 21 lack
311 593 37 21 och
371 593 137 26 embetssigill
532 593 33 21 vid
588 593 89 21 skriften
699 592 72 27 fästas,
795 592 107 22 äfvensom
922 592 27 28 på
964 593 25 21 de

240 627 89 27 tillagda
344 628 112 20 kartornas
476 628 102 26 stämplar
596 628 117 26 korteligen
729 628 111 21 antecknas
856 628 33 20 till
905 628 84 21 hvilken

240 662 101 27 handling
364 662 25 20 de
404 662 62 26 höra;
479 663 37 20 och
533 662 34 21 må
583 662 99 21 domaren
698 663 38 21 och
752 663 65 21 andra
832 663 157 21 vederbörande

240 697 34 20 för
297 697 37 20 sitt
355 697 75 20 besvär
453 697 48 20 med
519 698 151 25 beläggningen
686 697 38 21 och
739 698 7 19 i
762 698 116 26 ersättning
894 697 32 21 för
941 697 48 21 kar-

241 733 72 19 tornas
328 730 131 21 vidfästande
475 731 95 26 uppbära
585 731 7 21 i
607 733 30 18 ett
654 730 32 22 för
701 731 38 21 allt
755 731 59 27 tjugu
829 731 68 26 penni.

310 765 108 27 Begagnas
440 766 169 26 stämpelmärke,
633 766 38 20 bör
694 765 118 21 detsamma
826 765 66 22 finnas
907 765 83 23 häftadt

241 800 13 21 å
269 799 100 22 skriftens
384 799 67 22 första
466 799 45 22 sida
527 800 44 26 och,
589 800 68 21 derest
668 799 51 22 flera
731 800 69 21 skilda
813 801 178 26 stämpelmärken

242 835 111 26 användas,
376 834 71 21 vidare
470 835 72 21 utmed
560 834 93 21 brädden
669 834 22 21 af
705 834 89 21 skriften
808 835 28 26 på
851 835 75 21 sådant
941 837 48 26 sätt,

242 871 32 20 att
297 869 26 21 de
346 869 18 27 ej
387 869 70 21 kunna
479 869 45 21 från
545 869 148 27 afhandlingen
709 869 79 27 skiljas,
804 871 51 19 utan
870 871 32 20 att
917 870 73 21 värde-

241 904 106 27 stämpeln
362 903 121 27 derigenom
499 904 83 21 skadas.
608 903 81 22 Saknas
704 906 104 25 utrymme
824 904 12 21 å
847 903 67 22 första
924 905 65 26 sidan,

241 939 36 21 må
292 939 163 26 stämpelmärke
471 939 78 26 jemväl
564 938 27 27 på
606 938 107 21 frånsidan
729 939 117 26 anbringas.
878 939 44 21 Och
937 940 54 21 skall

241 973 103 26 derjemte
358 973 62 20 hvart
436 973 38 20 och
490 975 30 18 ett
536 973 23 20 af
574 973 25 20 de
614 973 121 27 begagnade
746 973 192 26 stämpelmärkena
947 980 43 15 ma-

242 1007 84 21 kuleras
342 1007 98 26 antingen
458 1007 90 21 medelst
565 1007 137 27 påtryckning
717 1007 23 21 af
754 1008 89 26 stämpel
859 1009 65 25 enligt
939 1008 51 21 fast-

242 1041 55 21 stäld
320 1041 54 21 form
397 1041 57 26 eller,
479 1041 37 20 der
539 1041 65 21 sådan
626 1041 18 26 ej
660 1041 69 21 blifvit
745 1042 39 20 den
798 1042 132 26 tjensteman,
946 1048 45 15 som

241 1075 90 21 skriften
354 1076 124 25 emottager,
502 1075 95 26 tillstäld,
616 1081 75 21 genom
707 1082 25 14 en
747 1075 24 21 af
784 1076 76 21 honom
876 1076 52 21 eller
943 1076 48 21 sak-

241 1115 77 21 egaren
340 1109 108 21 verkstäld
471 1109 48 21 kort
535 1109 91 27 skriftlig
641 1109 132 27 anteckning,
789 1116 45 15 som
850 1110 93 27 tydligen
957 1112 34 19 ut-

242 1144 56 21 visar
320 1143 34 22 till
372 1143 86 21 hvilken
473 1143 63 21 skrift
551 1143 52 21 eller
618 1144 99 26 handling
733 1144 173 27 stämpelmärket
921 1144 70 21 hörer.

242 1178 170 26 Stämpelmärke
434 1177 13 21 å
468 1177 60 21 vexel
547 1178 120 21 makuleras
685 1177 22 22 af
721 1178 46 26 den,
783 1184 45 15 som
842 1179 86 21 vexelns
943 1179 48 21 kar-

242 1213 69 26 tering
326 1213 86 26 åligger,
428 1218 75 19 genom
514 1213 125 27 anteckning
649 1213 23 20 af
682 1213 83 21 vexelns
777 1213 73 21 datum
860 1213 40 21 och
907 1214 84 27 belopp.

310 1247 42 21 För
374 1247 189 26 stämpelmärkens
586 1247 131 27 makulering
740 1247 35 21 vid
795 1248 132 21 embetsverk
943 1254 49 21 eger

242 1281 92 22 särskild
349 1281 61 26 afgift
424 1281 46 21 icke
486 1288 53 13 rum.

311 1314 73 21 Skulle
406 1314 58 25 dylik
486 1313 122 27 afhandling
623 1314 52 21 eller
691 1313 67 27 skrift,
775 1314 26 21 då
817 1314 39 21 den
872 1315 121 21 sedermera

242 1348 53 27 ånyo
317 1347 36 21 vid
375 1347 91 21 domstol
485 1347 52 21 eller
554 1347 121 28 myndighet
691 1347 84 27 företes,
791 1349 65 20 likväl
871 1349 66 21 sakna
953 1349 40 21 den

241 1383 115 25 kartering,
383 1381 101 22 hvarmed
511 1382 40 21 den
572 1382 69 21 blifvit
664 1382 91 27 försedd,
779 1383 55 21 skall
856 1383 62 21 karta
941 1384 52 21 eller

242 1416 164 28 stämpelmärke
428 1416 34 21 till
483 1416 100 28 stadgadt
598 1416 77 28 belopp
691 1417 105 22 anskaffas
812 1418 38 20 och
865 1418 127 27 handlingen

241 1451 112 27 vidhäftas,
369 1450 63 22 innan
448 1451 67 21 denna
530 1450 33 22 fär
578 1453 125 25 emottagas.
