1103 1745
347 122 20 33 U.
383 121 64 34 B..=—
462 123 55 29 Prop.
534 123 35 24 N:o
584 123 26 31 IT
815 123 13 22 3

107 185 102 22 renheten
223 185 42 22 kan
280 186 87 21 komma
381 187 33 20 att
427 186 58 27 gifva
499 186 36 23 vid
549 186 90 22 handen.
668 186 34 21 Då
716 186 89 22 sålunda
819 187 37 21 nå-

107 226 42 21 gon
163 220 28 27 på
206 220 73 27 längre
293 220 122 21 erfarenhet
428 221 97 27 grundad
539 220 44 22 fast
597 220 140 27 öfvertygelse
750 221 47 20 icke
807 221 48 21 här-

107 253 36 21 vid
171 253 120 28 förefinnes,
314 261 61 20 synes
398 255 161 27 lagstiftningen
585 255 130 21 åtminstone
736 255 119 21 tillsvidare

106 287 128 23 härutinnan
249 287 206 29 tillfyllestgörande.
485 289 73 27 Enligt
572 289 98 28 gällande
686 289 131 27 stadganden
832 291 23 20 är

107 322 106 28 nämligen
235 321 109 28 Styrelsen
367 323 66 21 redan
453 323 116 21 tillerkänd
582 323 129 28 befogenhet
726 324 32 21 att
773 323 82 22 fördela

107 356 144 28 öfningstiden
273 356 25 22 af
318 357 63 22 nittio
404 358 65 27 dagar
483 357 29 27 på
527 357 26 22 de
567 359 33 20 tre
615 357 56 27 åren,
688 357 69 22 såsom
772 357 83 28 lämpli-

105 393 49 26 gast
175 390 74 28 finnes,
271 391 41 22 och
333 392 111 27 möjlighet
465 392 124 28 härigenom
604 391 79 23 beredd
699 391 33 22 till
748 398 25 15 en
789 392 66 22 sådan

105 426 124 27 anordning,
245 427 32 20 att
292 426 129 27 första”äret
436 426 41 22 den
492 426 107 28 egentliga
608 426 177 27 undervisningen
795 426 59 21 med-

105 460 59 22 delas
179 461 55 20 samt
250 460 25 21 de
290 460 123 28 päföljande
428 461 35 22 tvä
478 461 51 21 ären
545 461 75 22 endast
634 462 105 26 upptagas
754 460 25 22 af
791 461 63 21 korta

105 494 206 28 repetitionskurser.
334 495 95 22 Militära
443 495 104 22 intressen
563 501 62 22 synas
641 495 89 22 sälunda
744 495 47 22 icke
802 495 51 22 ovil-

104 529 98 28 korligen
216 529 86 27 påkalla
316 530 71 27 någon
401 530 125 28 förändring
540 529 24 22 af
577 529 163 28 ifrågavarande
754 529 37 28 8$.

172 563 47 22 Den
233 564 122 27 minskning
371 564 23 21 af
408 565 25 20 de
448 565 138 21 ekonomiska
601 564 164 27 olägenheterna
776 565 35 21 vid
820 565 33 27 öf-

104 597 221 29 ningsskyldighetens
348 598 139 27 fullgörande,
511 605 45 15 som
575 605 27 15 en
616 598 153 28 inskränkning
785 598 24 22 af
822 599 31 21 öf-

104 632 157 27 ningsmötenas
281 633 64 27 antal,
362 633 101 22 särskildt
477 639 27 16 en
519 633 114 22 oafbruten
648 632 121 28 öfningstid,
788 633 64 22 onek-

103 666 57 28 ligen
182 667 69 21 skulle
271 667 98 22 medföra
391 667 33 21 för
446 673 25 16 en
494 667 34 22 del
548 667 23 22 af
584 669 168 24 reservmännen,
767 668 86 21 komme

103 700 47 22 åter
171 702 33 21 att
221 703 112 26 motvägas
347 701 24 21 af
385 702 68 21 ökade
468 702 139 21 ekonomiska
621 701 132 28 svårigheter
767 701 34 22 för
815 708 37 15 an-

103 735 44 21 dra.
177 735 73 22 Under
272 736 36 21 det
330 735 107 28 nämligen
457 736 112 27 ynglingar
591 735 24 22 af
636 736 26 21 de
684 736 69 21 bättre
771 735 81 22 lottade

103 769 213 22 samhällsklasserna
330 770 8 21 i
354 770 26 21 de
395 770 61 22 flesta
471 770 38 21 fall
525 771 68 21 skulle
607 769 59 22 finna
680 770 33 21 sin
723 769 69 22 fördel
801 771 8 20 i
819 772 33 20 att

103 804 28 27 pä
146 810 26 15 en
187 809 92 17 sommar
294 804 93 28 fullgöra
402 805 32 21 sin
449 804 212 28 öfningsskyldighet,
677 804 69 21 skulle
761 805 40 20 den
812 805 40 21 tal-

103 837 48 22 rika
165 838 250 29 arbetarebefolkningen
429 839 124 28 härigenom
569 839 107 21 sannolikt
686 839 98 21 äsamkas
795 845 56 22 myc-

101 873 43 21 ken
162 873 108 28 svärighet
287 874 40 21 och
343 873 124 22 ekonomisk
483 873 82 22 förlust.
595 872 155 23 Erfarenheten
765 873 39 22 har
818 875 33 20 ut-

101 907 56 21 visat
179 908 32 21 att
229 908 64 21 korta
308 907 157 28 öfningsmöten
479 907 67 22 under
560 907 106 28 förloppet
682 907 23 22 af
718 909 33 20 tre
766 908 24 21 är
805 907 47 22 icke

102 943 77 26 utgöra
201 941 75 22 hinder
299 941 32 22 för
354 942 122 22 erhällande
499 941 24 22 af
539 942 106 27 ärstjenst,
662 941 27 22 dä
704 941 36 22 det
756 942 96 21 deremot

102 976 48 21 med
173 976 100 22 säkerhet
287 977 43 21 kan
346 978 88 26 antagas
449 978 32 20 att
497 977 32 27 de,
545 982 46 16 som
605 975 71 23 blefve
690 976 67 21 under
772 977 27 21 90
815 977 36 21 da-

103 1017 37 21 gar
155 1011 24 22 af
193 1011 40 22 den
248 1012 63 21 bästa
324 1011 131 22 arbetstiden
465 1017 76 22 genom
551 1011 157 27 värnepligtens
718 1011 133 28 fullgörande

103 1046 113 27 upptagne,
238 1045 47 23 icke
307 1047 71 20 kunde
400 1046 33 22 för
455 1046 35 22 det
512 1045 45 23 året
579 1043 64 24 vinna
658 1045 42 22 fast
716 1045 134 28 anställning.

103 1079 34 21 Dä
159 1079 101 28 derjemte
282 1081 7 21 i
312 1081 155 27 öfvervägande
488 1082 66 26 tages,
577 1081 33 20 att
624 1079 28 28 pä
666 1080 58 21 olika
739 1082 57 19 orter
811 1081 40 21 den

103 1114 46 21 lösa
164 1115 151 28 befolkningen
331 1121 76 22 genom
423 1115 232 22 sommarmänadernas
670 1115 73 21 arbete
758 1115 34 21 till
807 1116 45 20 stor

105 1149 33 20 del
149 1149 79 22 skaffar
239 1149 33 28 sig
283 1149 36 22 det
329 1149 88 28 kapital,
429 1156 46 15 som
487 1149 54 22 skall
549 1149 52 22 föda
613 1149 123 22 densamma
744 1149 59 22 öfver
811 1149 41 22 den

104 1183 63 27 långa
185 1183 90 28 vintern,
295 1183 68 22 måste
379 1183 166 28 detimedgifvas
561 1185 32 20 att
608 1189 26 16 en
650 1183 113 22 oafbruten
779 1183 74 28 öfning

104 1216 66 22 under
192 1217 28 22 90
242 1218 65 27 dagar
327 1219 71 20 kunde
413 1218 32 21 för
459 1224 101 21 personer
575 1217 48 22 frän
638 1217 68 22 denna
721 1218 58 21 klass
793 1218 59 21 med-

104 1251 47 21 föra
172 1251 8 21 i
202 1251 61 22 deras
283 1253 139 20 ekonomiska
437 1252 146 21 förhällanden
599 1258 25 15 en
639 1252 110 27 rubbning,
766 1252 87 21 hvilken

103 1291 51 16 vore
172 1285 59 22 desto
252 1286 152 27 betänkligare,
421 1287 27 21 dä
463 1287 39 20 den
519 1287 68 21 skulle
602 1286 80 21 drabba
697 1287 26 20 de
737 1286 65 21 minst
817 1286 36 22 be-

104 1320 104 22 medlade.
237 1320 26 28 Ej
285 1318 68 24 heller
374 1322 43 20 kan
432 1321 40 21 den
487 1321 127 26 tidsförlust,
630 1326 45 16 som
690 1320 67 22 vällas
771 1326 82 17 reserv-

104 1357 90 19 männen
216 1361 77 20 genom
315 1355 99 22 färderne
435 1355 34 22 till
491 1356 39 21 och
552 1355 55 22 ifrän
622 1355 177 28 mötesplatserna
814 1355 39 22 och

105 1388 85 21 hvilken
212 1389 85 20 komme
319 1390 32 19 att
373 1395 76 20 genom
471 1389 136 27 öfningarnes
630 1389 133 26 fullgörande
785 1389 27 26 pä
827 1395 26 15 en

105 1428 92 15 sommar
219 1422 130 27 inbesparas,
373 1423 70 20 anslås
465 1422 58 27 högt,
539 1422 27 21 dä
580 1422 29 27 pä
624 1422 25 21 de
664 1422 61 21 flesta
740 1424 57 19 orter
813 1423 41 20 den

107 1457 23 21 af
146 1462 162 17 reservmannen
329 1457 34 21 till
380 1457 152 28 mötesplatsen
547 1456 163 29 tillryggalagda
724 1458 68 27 vägen
807 1456 47 22 icke

174 1496 138 23 Lagutskotteis
324 1496 114 19 betänkande
450 1498 34 17 N:o
496 1496 17 19 8.
