1103 1739
273 120 14 20 4
466 118 22 23 U.
505 118 23 21 B.
543 129 28 4 —
587 118 62 27 Prop.
666 117 38 22 N:o
720 117 21 22 II.

247 180 147 26 fortsättande,
404 180 33 21 till
441 180 48 24 vä
498 180 104 25 timmar”,
612 179 40 21 och
660 180 88 20 emedan
756 179 90 22 stånden
855 179 82 21 således
947 179 53 20 fort-

246 214 89 21 farande
343 213 34 22 stä
385 214 35 21 två
428 215 57 20 emot
495 213 37 21 två
539 213 7 20 i
555 213 69 21 denna
631 213 74 27 punkt,
710 213 41 27 får
759 212 101 22 utskottet
870 219 29 14 nu
908 212 92 27 inbjuda

245 248 128 27 Höglofliga
387 247 160 28 Ridderskapet
562 247 38 21 och
616 247 71 21 Adeln
696 249 56 19 samt
765 247 118 27 Vällofliga
893 247 108 27 Borgare-

247 282 84 21 ständet
347 284 37 23 att,
400 281 47 22 med
457 281 141 28 frängäende
613 281 32 28 af
656 282 49 20 sina
720 281 94 28 tidigare
830 281 73 26 beslut,
919 283 82 25 antaga

247 316 87 21 berörde
349 316 30 26 af
389 316 88 21 Preste-
492 316 39 21 och
546 315 169 22 Bondestöänden
730 315 114 22 vidhällna
860 315 140 27 bestämning.

315 351 24 28 88
356 352 33 25 22,
412 352 27 20 28
454 351 40 21 och
512 352 26 20 29
554 353 37 19 äro
607 350 45 22 dels
666 357 77 20 genom
758 350 93 28 lagenlig
866 350 135 27 ständerplu-

247 385 73 22 ralitet
343 385 45 22 dels
410 385 24 21 af
454 385 43 22 alla
521 385 64 22 ständ
606 387 93 25 antagna
714 385 66 27 enligt
795 385 116 22 utskottets
927 385 74 21 betän-

246 420 76 21 kande.

315 455 11 27 8
350 454 27 22 38
399 456 23 20 är
445 455 123 27 derigenom
589 456 32 20 att
644 454 84 22 Preste-
751 454 40 22 och
815 453 186 28 Borgareständen

248 495 83 27 antagit
352 494 170 22 Bondeständets
545 494 125 28 inbjudning
688 494 23 21 af
724 496 34 20 tre
772 494 63 21 ständ
850 494 100 27 godkänd
966 500 35 15 en-

248 529 41 28 ligt
304 529 116 22 utskottets
435 530 134 20 betänkande
584 529 49 21 med
647 528 132 28 uteslutning
794 528 24 22 af
830 528 67 22 andra
917 528 84 28 stycket

249 563 82 31 yBlifva
345 563 113 22 besvären”
473 563 52 28 o.s.
540 570 20 15 v.

317 598 96 22 Emedan
435 598 34 22 till
485 598 53 28 följd
554 598 24 22 af
590 598 26 22 de
632 598 75 26 beslut,
723 597 8 21 i
745 597 74 22 hvilka
834 597 120 22 Ständerna
969 597 33 21 uti

249 632 135 22 förestäende
399 633 67 21 mätto
483 634 91 26 stadnat,
590 632 160 28 bestämningar
769 638 35 15 om
819 633 60 20 extra
894 632 107 27 skjutsens

248 667 131 27 utbjudande
394 667 28 27 pä
444 667 142 28 entreprenad
607 667 87 21 komma
709 668 33 20 att
757 667 7 20 i
780 667 41 21 den
835 666 109 22 blifvande
959 666 43 22 för-

250 700 119 28 fattningen
393 702 56 28 ingå,
480 708 62 15 anser
570 702 106 21 utskottet
701 701 183 27 följdriktigheten
907 700 94 28 päbjuda

249 737 32 20 att
293 736 80 26 jemväl
387 742 64 15 mom.
468 743 17 14 e.
501 737 7 20 i
524 736 11 28 $
551 738 11 20 6
579 736 66 27 enligt
660 736 116 21 utskottets
784 735 135 21 betänkande
931 734 70 22 blefve

249 770 82 27 intaget
352 770 7 21 i
375 770 151 27 förordningen
542 770 39 22 och
600 770 68 21 finner
684 770 32 27 sig
731 770 105 21 utskottet
852 769 83 22 derföre
951 770 51 21 slut-

249 804 58 27 ligen
321 804 115 22 föranlätet
451 804 109 21 vördsamt
574 804 94 25 inbjuda
682 805 103 26 samtliga
799 804 73 20 Stånd
894 806 38 24 att,
955 804 47 21 med

247 838 137 27 Jrängäende
399 838 30 23 af
439 839 49 19 sina
504 838 69 21 beslut
587 845 33 14 om
637 838 90 21 berörda
738 841 102 18 moments
858 838 143 26 uteslutande,

247 872 117 28 godkänna
380 872 123 22 detsamma.

317 906 38 22 Uti
377 907 116 21 utskottets
517 906 128 27 behandling
665 906 23 21 af
702 906 59 22 detta
776 906 225 28 sammanjemknings-

249 941 79 21 ärende
342 940 65 22 hafva
423 941 89 27 deltagit
528 940 142 22 ordföranden
685 941 24 21 L.
723 941 23 21 L.
762 940 102 22 Lindelöf
877 943 56 19 samt
943 941 59 21 leda-

249 976 96 20 möterne
360 976 25 20 A.
401 975 24 21 L.
440 981 42 15 von
497 975 113 27 Knorring,
634 975 25 21 A.
674 975 24 21 F.
714 975 105 27 Granfelt,
838 975 19 21 J.
873 975 128 26 Johansson,

249 1009 26 21 G.
299 1009 25 21 G.
339 1009 110 26 Forsman,
472 1009 23 21 F.
512 1009 32 21 W.
561 1008 107 27 Sandelin,
691 1009 33 21 W.
740 1009 85 27 Wallin,
843 1009 26 21 E.
884 1009 117 25 Molander,

249 1044 25 21 R.
290 1044 26 20 A.
331 1044 139 26 Hasselblatt,
489 1044 23 20 L.
528 1050 41 15 von
585 1043 77 26 Pfaler,
679 1043 27 21 M.
723 1043 110 27 Hallberg,
856 1044 24 20 E.
896 1044 105 26 Duncker,

249 1079 24 20 F.
289 1078 33 21 W.
338 1078 133 27 Lagerstedt,
487 1078 26 21 K.
529 1078 25 21 A.
570 1078 110 21 Karlstedt
696 1078 40 21 och
751 1078 25 21 A.
793 1078 116 27 Häyrinen.

318 1112 133 28 Helsingfors
467 1112 40 22 den
524 1113 26 21 19
565 1112 43 27 Maj
627 1114 59 19 1888.

371 1454 127 22 Helsingfors,
512 1454 207 18 Hutvudstadsbladets
731 1441 91 41 tryckeri,
836 1441 48 39 1888.
