1700 1898
619 214 63 23 Ständ.
698 214 30 23 Sv.
746 227 22 4 —
787 215 53 28 Prop.
857 215 32 24 N:o
902 215 29 24 13.
1094 217 26 20 21

611 279 79 22 Varder
707 280 134 22 boskilnaden
860 281 93 26 beviljad,
969 281 98 26 förordne
1081 282 70 20 rätten

537 314 44 26 god
593 321 50 15 man
658 316 31 20 att
703 315 62 26 skifte
781 316 26 26 af
817 315 109 22 makarnes
942 315 24 22 bo
981 315 117 22 verkställa.

813 379 17 24 $
844 379 31 24 11.

610 421 41 22 Vid
665 421 87 28 boskifte
767 423 84 22 emellan
866 423 99 22 makarne
978 423 90 27 förfares
1079 423 72 21 säsom

538 463 33 15 om
586 457 83 27 delning
685 457 26 27 af
720 457 25 22 bo
759 457 36 22 vid
809 464 38 16 ena
861 457 85 22 makens
957 457 41 22 död
1007 459 26 20 är
1043 457 106 27 stadgadi,

538 491 36 22 och
589 491 102 27 iakttages
706 491 65 22 tillika
786 491 55 23 hvad
853 493 9 20 i
879 493 13 20 7
907 491 15 28 $
937 492 145 27 föreskrifvits.
1103 491 47 22 Har

537 526 18 27 ej
570 526 202 27 öfverenskommelse
786 527 47 22 med
847 527 149 27 borgenärerne
1016 526 85 27 träffats
1117 533 33 15 om

538 561 103 27 betalning
663 562 26 26 af
707 562 38 21 den
763 562 97 28 veterliga
876 562 58 27 gälä,
949 562 34 27 för
997 561 82 22 hvilken
1093 568 56 15 sam-

537 596 62 27 fälda
620 596 123 27 egendomen
766 596 63 28 enligi
850 597 16 21 2
887 596 36 22 och
943 598 14 19 3
976 598 33 24 $$
1023 597 14 20 4
1051 596 47 27 kap.
1115 596 35 21 bör

536 637 76 19 svara;
627 630 29 21 dä
671 631 52 21 skall
736 630 89 28 gäldens
840 631 71 27 belopp
926 638 26 14 ur
971 630 106 28 samfälda
1093 637 57 21 egen-

537 665 73 21 domen
629 665 78 27 öfverst
723 667 86 25 uttagas
829 666 35 22 och
879 666 34 26 för
927 665 161 28 borgenärernes
1103 665 47 21 räk-

536 700 51 27 ning
602 700 8 20 i
625 700 88 22 allmänt
726 700 71 27 förvar
812 700 47 22 eller
874 700 48 22 taka
937 700 58 22 hand
1008 701 81 25 sättas;
1103 700 47 21 sker

537 734 128 27 annorledes,
681 741 60 15 svare
755 735 103 27 makarne,
874 742 25 14 en
913 735 34 27 för
962 735 60 27 begge
1038 734 36 22 och
1089 734 61 27 begge

535 769 35 27 för
585 776 31 20 en,
632 770 33 26 för
681 776 80 15 samma
775 770 57 27 gäld.

604 803 69 28 Make,
689 811 45 15 som
749 804 47 26 med
809 804 79 22 sådant
903 804 87 27 boskifte
1001 804 18 26 ej
1029 804 62 27 nöjes,
1103 810 47 20 eger

535 838 88 22 klandra
639 839 114 21 detsamma
767 839 36 21 vid
817 839 124 27 vederbörlig
954 838 88 22 domstol
1052 838 57 22 inom
1119 840 31 19 tre

536 872 101 23 månader
651 873 51 27 från
717 873 39 21 den
771 873 48 27 dag,
835 873 28 21 dä
878 873 71 27 skiftet
964 872 106 28 afslutats,
1087 872 36 22 och
1134 873 14 20 ä

535 907 70 21 landet
627 909 72 20 senast
717 907 36 21 vid
771 908 34 21 det
823 907 86 28 lagtima
927 907 50 27 ting,
993 914 44 14 som
1053 907 50 27 efter
1119 908 30 20 tre

535 942 101 21 mänader
650 942 55 27 först
719 942 89 27 infaller.

806 1001 16 24 $
833 999 38 26 12.

602 1045 73 28 Begär
697 1046 64 28 make,
784 1052 46 14 som
851 1047 58 20 utom
930 1044 91 23 konkurs
1039 1044 110 23 boskilmad

534 1080 64 26 söker,
615 1082 30 19 att
663 1080 43 21 viss
721 1080 99 27 egendom
835 1081 72 21 säsom
922 1080 48 21 dess
985 1080 100 26 enskilda,
1101 1080 47 21 eller

534 1114 27 26 af
572 1114 107 27 samfälda
694 1114 45 22 boet
753 1114 53 22 visst
819 1114 60 27 gods,
895 1120 46 15 som
957 1116 52 20 emot
1025 1114 48 21 dess
1087 1114 61 27 gifto-

533 1149 45 21 rätt
593 1155 79 21 svarar,
687 1150 37 20 mä
738 1148 46 22 med
799 1148 100 27 gvarstad
913 1148 104 28 beläggas,
1027 1155 34 21 ege
1071 1149 77 27 rätten,

534 1189 33 15 om
581 1182 48 22 skäl
644 1183 68 21 dertill
727 1184 44 26 äro,
787 1182 78 23 sädant
884 1183 34 26 för
932 1182 44 22 viss
991 1183 32 21 tid
1037 1183 110 27 medgifva.

601 1217 115 28 Egendom,
732 1224 45 15 som
792 1217 91 22 sålunda
898 1217 66 21 hålles
979 1218 8 20 i
997 1217 106 27 gvarstad,
1113 1218 35 20 mä

534 1252 18 27 ej
574 1254 60 24 tagas
653 1252 7 20 i
677 1253 50 26 mät,
746 1252 36 21 der
797 1251 39 22 den
851 1253 19 26 ej
885 1253 26 19 är
924 1252 34 26 för
971 1252 53 27 gäld
1037 1252 112 22 intecknad

534 1286 47 21 eller
593 1287 103 25 pantsatt.
725 1286 17 21 I
753 1288 21 25 ty
789 1286 38 26 fall
841 1286 60 26 hafve
917 1286 62 22 likväl
988 1286 105 22 sökanden
1104 1288 45 20 rätt

534 1322 31 20 att
586 1322 54 19 emot
655 1320 76 27 borgen
753 1320 52 27 lyfta
827 1320 111 27 öfverskoti
953 1320 27 26 af
993 1320 153 26 köpesumman.

806 1377 16 27 $
835 1378 35 20 13.

605 1416 80 22 Varder
700 1416 108 22 boskilnad
823 1416 92 28 beviljad,
931 1416 53 22 skall
999 1417 29 21 all
1042 1418 105 26 egendom,

532 1458 53 19 som,
608 1451 51 26 efter
681 1451 34 20 det
743 1451 140 26 ansökningen
909 1452 78 25 ingafs,
1008 1458 75 20 genom
1105 1452 40 26 arf,

531 1484 71 28 gäfva,
619 1486 119 19 testamente
753 1484 46 21 eller
815 1484 122 21 annorledes
952 1484 91 27 tillfaller
1053 1492 39 15 ena
1102 1492 44 15 ma-

532 1519 45 28 ken,
593 1519 72 22 såsom
679 1519 48 21 dess
742 1518 93 22 enskilda
851 1518 123 28 tillhörighet
990 1526 67 16 anses.
