1100 1723
287 133 27 21 10
509 132 20 23 U.
544 131 19 23 B.
581 144 24 3 —
622 132 53 28 Prop.
695 130 33 24 N:o
743 131 18 23 IL

258 195 73 26 slagna
345 194 170 27 farhastigheten
529 194 72 21 kunna
619 194 122 26 godkännas
763 193 28 26 pä
814 193 26 21 de
857 193 53 25 skäl,
932 198 46 16 som
999 192 8 20 i

258 234 72 22 prop:s
345 228 126 26 motivering
481 228 39 22 sid.
532 229 27 20 14
571 228 130 21 framhällas.
726 227 47 21 Den
786 229 68 19 större
867 226 141 27 farhastighe-

259 264 43 24 ten,
317 262 30 21 tio
365 262 112 21 kilometer
499 262 8 21 i
527 262 92 25 timmen,
635 263 24 19 är
674 262 46 21 icke
735 261 50 22 fullt
799 261 57 21 hvad
871 267 48 16 man
941 261 8 21 i
970 260 38 22 all-

258 296 87 22 mänhet
360 296 23 21 af
396 296 101 27 gammalt
512 296 54 21 varit
581 302 41 15 van
637 297 32 19 att
692 295 73 22 fordra
788 295 23 22 af
831 302 26 15 en
877 295 54 22 finsk
953 295 55 21 häst.

258 330 35 22 Då
307 330 103 28 derjemte
423 330 144 27 föreskrifves,
583 332 32 20 att
630 329 134 27 hastigheten
786 329 37 22 vid
837 328 95 23 menföre
954 328 55 22 skall

259 364 94 22 minskas
369 364 54 22 efter
438 364 109 27 väglagets
561 363 152 25 beskaffenhet,
728 364 25 22 sä
767 364 103 22 innebära
881 363 129 22 bestämnin-

259 405 65 21 garne
339 400 8 20 i
361 398 69 22 denna
445 398 12 28 $
471 398 47 22 icke
539 398 67 27 några
628 398 94 28 oskäliga
740 398 94 27 anspråk
855 398 28 28 pä
904 397 106 28 skjutshä-

259 435 84 20 starnes
357 432 117 28 duglighet.

327 467 112 22 Utskottet
453 467 64 28 hyser
532 467 40 22 den
587 467 145 27 öfvertygelse,
749 468 32 21 att
795 467 8 21 i
817 467 101 22 händelse
932 465 76 28 ifräga-

259 502 94 22 varande
377 501 117 28 lagförslag
515 502 74 21 vinner
611 501 130 22 Ständernas
763 502 154 27 godkännande
938 501 8 21 i
968 501 42 22 den

259 537 55 21 form
330 537 119 21 detsamma
462 543 76 20 genom
553 537 116 20 utskottets
690 535 147 28 omarbetning
858 535 93 27 erhållit,
973 535 36 22 det

259 576 78 21 genom
367 570 54 21 1883
451 570 34 21 års
513 570 123 27 förordning
664 569 84 22 införda
776 571 101 26 systemet
902 569 54 22 skall
978 575 32 16 er-

260 604 82 22 kännas
365 610 50 15 vara
437 605 8 20 i
467 605 46 21 sina
534 604 133 27 väsendtliga
688 604 60 22 delar
769 604 116 21 bibehållet
906 605 56 20 samt
982 603 28 28 på

261 639 32 21 ett
307 638 34 21 för
357 638 58 21 såväl
431 639 26 20 de
473 638 226 28 skjutsningsskyldiga
713 645 46 15 som
775 638 40 22 den
830 639 107 20 allmänna
957 643 53 16 sam-

261 673 94 21 färdseln
378 672 122 27 förmånligt
526 674 43 20 sätt
591 673 128 21 utveckladt.
755 673 257 27 Entreprenadsystemet,

260 707 81 22 hvilket
363 707 111 21 allaredan
488 707 57 27 gjort
559 707 32 28 sig
605 707 97 26 gällande
721 707 36 22 vid
771 707 42 22 905
829 707 22 21 af
872 707 83 21 landets
970 706 40 22 951

261 741 154 28 gästgifverier,
431 741 40 21 bör
486 747 75 21 genom
576 742 25 21 de
620 748 29 15 nu
671 741 120 27 föreslagna
813 741 199 22 modifikationerna

261 776 64 21 vinna
339 775 124 26 ytterligare
477 775 128 27 utbredning
620 775 39 22 och
674 776 81 26 stadga,
771 776 118 27 hvarjemte
907 775 48 22 med
970 774 42 22 till-

261 809 75 27 försigt
350 809 43 21 kan
408 811 97 24 emotses,
528 811 32 20 att
583 810 260 26 entreprenadkostnaden
859 810 47 21 icke
922 809 90 22 allenast

263 843 54 23 skall
331 843 86 22 komma
432 845 33 19 att
477 844 96 27 jemnare
591 843 63 22 träffa
676 844 25 21 de
724 843 215 28 skjutningsskyldige
960 844 51 20 utan

262 878 62 21 äfven
339 879 48 25 steg
402 878 33 20 för
450 880 45 25 steg
511 878 74 26 nedgå.
610 878 50 21 Man
671 884 60 21 synes
747 879 102 26 derjemte
865 878 61 22 äfven
940 878 72 21 kunna

262 912 89 26 hoppas,
367 912 33 21 att
414 911 142 28 skjutslegans
571 912 143 26 likformighet
724 912 40 21 och
775 912 26 21 de
811 912 124 22 förkortade
946 918 66 20 uppe-

262 946 72 21 hållen
348 945 29 28 på
391 946 203 22 reservstationerna
609 946 60 21 skola
684 946 132 28 undanrödja
839 947 41 21 den
901 946 111 27 motvillig-

262 980 37 22 het
313 982 46 20 mot
373 980 137 27 begagnande
525 980 24 21 af
562 980 119 27 hållskjuts,
698 987 45 15 som
765 981 55 22 visat
835 981 31 27 sig
888 980 8 22 i
917 980 37 22 det
975 986 37 16 an-

262 1014 189 28 märkningsvärda
473 1015 132 27 nedgåendet
620 1014 23 22 af
663 1015 40 21 den
718 1014 131 28 samfärdsel,
867 1015 64 21 hvars
945 1015 67 27 betje-

262 1049 69 21 nande
347 1048 278 27 skjutsningsinstitutionen
639 1050 40 20 har
696 1050 32 20 till
751 1050 104 21 ändamål.
886 1049 63 22 Såväl
963 1050 7 20 i
985 1049 25 21 de

263 1082 238 28 skjutsningsskyldiges
523 1090 46 15 som
591 1083 7 22 i
620 1083 102 22 trafikens
743 1084 90 21 intresse
848 1090 50 15 vore
913 1084 36 21 det
964 1084 47 21 der-

263 1117 52 26 före,
333 1117 65 27 enligt
413 1117 115 22 utskottets
543 1118 91 26 mening,
657 1118 98 26 önskligt,
771 1119 32 20 att
818 1118 40 21 den
873 1124 42 21 nya
929 1118 83 21 förord-

262 1151 77 27 ningen
353 1150 36 22 må
403 1150 72 22 kunna
489 1152 107 26 tillämpas
611 1152 65 20 redan
692 1152 54 21 efter
760 1151 106 28 utgången
883 1152 24 21 af
927 1152 83 21 inneva-

262 1184 66 22 rande
343 1184 150 27 treårsperiod,
516 1186 81 21 hvilket
619 1186 62 21 äfven
702 1186 43 21 kan
767 1186 44 27 ske,
833 1186 45 22 ifall
892 1186 119 22 förordnin-

261 1224 42 21 gen
325 1219 73 21 vinner
419 1218 64 28 nådig
505 1220 134 22 stadfästelse
662 1220 39 21 och
723 1220 76 22 blifver
825 1220 99 22 utfärdad
953 1220 57 25 inom

262 1252 74 26 loppet
350 1252 24 21 af
386 1252 141 22 innevarande
543 1254 29 20 år.
602 1254 72 25 Enligt
695 1254 6 20 6
717 1254 13 26 &
747 1254 39 21 bör
807 1254 107 26 nämligen
936 1254 75 22 bered-

262 1285 77 27 ningen
355 1286 23 20 af
396 1285 230 29 skjutsningsförslaget
649 1287 96 27 begynna
767 1288 7 20 i
797 1288 36 20 det
852 1289 108 20 närmaste
975 1286 36 23 två

263 1318 24 23 år
301 1318 47 22 före
363 1320 252 27 entreprenadperiodens
631 1321 85 27 utgång,
732 1321 53 22 eller
795 1322 33 21 för
836 1322 174 22 nästkommande

262 1354 74 26 period
351 1354 109 22 allaredan
474 1355 57 21 inom
545 1355 104 22 Februari
663 1355 78 22 månad
757 1357 61 22 1889.

330 1490 189 19 Ekonomiutskottets
531 1492 114 18 betänkande
656 1492 38 18 N:o
706 1494 17 16 8.
