1114 1742
410 146 70 22 Ständ.
497 147 32 21 Sv.
544 158 28 3 —
588 146 58 26 Prop.
662 146 35 20 N:o
712 145 31 21 21.

271 216 82 24 kassor,
370 215 28 20 då
414 215 35 21 det
465 215 44 24 lån,
526 214 67 20 hvarå
609 212 122 21 skuldsedel
746 212 118 27 utfärdats,
884 211 69 21 seder-

271 256 58 15 mera
345 249 27 27 af
384 256 26 14 en
425 249 52 21 eller
492 255 74 14 annan
583 247 124 27 anledning,
725 246 91 20 oaktadt
832 245 124 27 inteckning

272 284 76 27 derför
371 282 70 28 blifvit
464 283 118 23 meddelad,
605 281 66 20 likväl
686 280 45 21 icke
747 280 98 27 beviljas;
862 279 95 20 börande

271 318 53 20 dock
342 317 153 28 förhållandet
518 317 35 20 vid
576 316 74 27 hvarje
673 315 86 27 tillfälle
774 321 53 14 vara
843 313 114 27 behörigen

272 351 94 28 bestyrkt
382 353 55 19 samt
453 351 91 20 ärendet
560 350 33 21 till
609 349 162 22 vederbörande
789 348 123 21 Guvernörs
920 347 33 28 af-

271 386 97 27 görande
384 385 150 27 öfverlemnas.

585 431 15 26 $
615 430 34 20 41.

329 470 175 21 Landskontoret
520 471 8 19 i
543 470 75 27 hvarje
633 469 37 20 län
687 475 49 21 eger
752 475 33 14 om
800 467 96 21 kronans
912 469 45 19 rätt

273 505 37 20 och
333 505 61 20 bästa
417 505 136 20 härutinnan
569 504 68 27 hafva
660 510 112 21 noggrann
789 502 37 21 och
842 501 116 28 uppmärk-

273 546 46 13 sam
335 540 64 25 vård;
415 539 37 20 och
468 539 83 28 åligger
566 539 98 20 kontoret
675 537 65 28 förty
755 539 33 19 att
799 537 55 28 föra
872 536 86 21 ordent-

274 574 30 27 lig
320 573 181 28 anteckningsbok
517 574 20 27 ej
552 573 83 20 mindre
649 572 46 21 med
711 571 169 22 landtränteriet
900 570 60 28 öfver

274 608 38 21 der
334 607 104 28 befintligt
461 608 120 27 stämpladt
601 614 86 21 papper
709 607 40 20 och
770 605 187 28 stämpelmärken,

274 645 28 18 än
318 642 48 21 med
376 641 242 28 försäljningsmännen
635 642 61 26 öfrer
712 641 57 20 hvad
785 641 25 21 de
826 641 34 20 till
871 636 89 37 försälj-

274 677 53 26 ning
350 676 68 27 utfått
442 677 37 20 och
502 677 46 20 med
565 677 52 24 dem,
635 683 43 13 som
695 676 84 20 sådana
793 676 31 26 på
840 675 72 20 kredit
926 681 31 14 er-

276 711 69 28 hållit,
368 712 57 19 samt
446 711 59 20 hvad
527 711 26 25 af
571 711 45 21 dem
633 711 7 20 i
656 710 110 26 betalning
782 710 90 25 influtit,
888 710 70 19 såsom

276 745 36 20 ock
327 748 33 18 att
374 748 107 23 emottaga
498 745 35 21 och
545 745 94 27 förvara
654 744 169 21 vederbörandes
839 743 120 28 aflemnade

277 779 165 28 borgesskrifter
458 779 37 20 och
506 779 161 28 förbindelser;
682 779 37 20 och
734 779 56 20 skall
813 778 147 21 landskamre-

276 821 66 14 raren
358 820 92 14 ansvara
463 814 40 27 för
519 815 38 20 den
569 814 86 27 förlust
670 813 84 21 kronan
771 813 42 20 kan
830 812 130 29 tillskyndas

277 849 123 26 derigenom
422 851 33 18 att
477 848 50 24 han,
551 849 7 19 i
573 848 102 21 händelse
691 847 28 28 af
730 847 172 22 vederbörandes
914 846 47 28 för-

277 883 110 20 summelse
402 885 33 18 att
452 882 110 27 betalning
578 883 7 19 i
601 882 87 27 behörig
705 882 32 20 tid
753 882 123 24 inleverera,
890 882 71 20 inven-

278 918 70 26 tering
371 916 95 21 anställa
490 916 51 21 eller
560 916 139 27 redovisning
715 916 94 28 afgifva,
825 916 45 21 icke
885 918 77 25 genast

278 950 124 28 skriftligen
426 951 165 27 handräckning
615 951 36 20 hos
673 951 154 27 länestyrelsen
842 950 54 26 sökt,
912 950 51 21 eller

279 992 31 13 om
335 985 42 21 han
398 985 122 27 anförtrott
531 985 204 27 försäljningsman
751 987 70 18 större
838 985 72 27 belopp
927 986 35 23 än,

279 1020 66 26 enligt
360 1019 57 21 hvad
433 1020 42 20 här
490 1020 67 26 ofvan
573 1020 105 26 stadgadt
694 1022 32 22 är,
743 1019 35 21 till
794 1020 70 20 denne
873 1019 47 20 bort
928 1022 33 17 ut-

279 1054 86 20 lemnas.
395 1053 15 21 I
431 1054 72 26 öfrigt
527 1054 37 20 och
584 1054 68 26 jemte
676 1054 34 20 det
733 1054 164 20 landskontoret
913 1060 49 20 eger

278 1088 67 20 ställa
367 1088 33 26 sig
423 1088 35 20 till
475 1088 146 26 efterrättelse
637 1088 57 20 hvad
705 1088 201 26 författningarna
920 1088 42 26 på-

279 1122 66 26 bjuda
368 1128 33 14 om
423 1122 176 27 halfärsförslag
623 1125 56 17 samt
701 1122 171 27 ärsräkningars
889 1122 73 27 afgif-

278 1156 74 25 vande,
369 1156 84 26 äligger
469 1156 206 20 landskamreraren
688 1156 55 27 föra
756 1156 151 27 förenämnda
924 1163 38 13 an-

279 1189 150 27 teckningsdbok
452 1193 55 17 samt
522 1192 106 25 upprätta
645 1190 45 20 alla
706 1190 129 26 räkningar,
848 1190 114 27 förslager

278 1224 39 20 och
336 1224 152 26 anordningar
503 1226 47 19 med
566 1231 57 14 mera
640 1224 60 26 öfver
714 1225 9 19 i
738 1224 169 20 landitränteriet
929 1224 32 20 be-

274 1258 88 27 fintligt
384 1258 152 26 kartaförräd.
569 1258 43 21 Och
632 1259 41 25 mä,
691 1258 28 21 dä
735 1258 81 21 sådant
832 1259 40 19 allt
889 1258 72 26 blifvit

279 1292 159 26 vederbörligen
450 1293 123 26 fullgjordt
588 1295 56 17 samt
667 1292 96 20 kronans
785 1294 45 18 rätt
849 1292 113 26 behörigen

279 1326 95 20 bevakad
389 1326 37 20 och
442 1326 118 26 iakttagen,
576 1327 8 19 i
599 1325 174 21 landskontorets
789 1326 133 26 ärsräkning
932 1326 29 26 få

279 1360 81 26 afföras
383 1360 35 20 två
436 1362 92 24 procent
551 1360 29 25 af
591 1360 57 20 hvad
663 1360 57 20 inom
737 1360 47 20 året
795 1360 43 26 för
848 1360 113 26 kartaför-

279 1394 98 26 säljning
400 1394 83 26 influtit
499 1394 37 20 och
553 1394 84 20 kronan
653 1393 185 27 tillgodokommit,
855 1394 38 20 och
909 1394 53 19 hvil-

279 1428 38 20 ken
330 1430 90 23 procent
436 1427 105 27 tillfaller
557 1427 204 21 landskamreraren
778 1427 36 21 och
836 1428 126 20 landtränt-

280 1463 107 19 mästaren
405 1461 34 20 till
454 1460 87 28 hälften
557 1460 113 21 hvardera.
