1103 1725
347 111 22 23 U.
385 112 23 22 B.
423 123 29 7 —
468 113 58 27 Prop.
543 113 35 22 N:o
589 112 18 23 Il.
810 114 13 20 7

107 174 68 27 gande
197 175 13 21 å
232 175 139 27 entreprenad
391 175 77 27 jemväl
489 175 7 22 i
518 175 26 22 de
565 175 61 22 flesta
647 175 37 21 fall
702 178 36 19 äro
755 177 31 20 att
801 175 52 22 söka

107 208 64 22 bland
189 214 99 22 personer
302 209 46 21 frän
364 210 40 22 den
414 211 92 20 närmast
516 209 170 27 skjutsanstalten
696 210 90 26 belägna
796 209 56 22 trak-

107 240 43 28 ten,
165 242 39 22 har
219 243 35 21 det
268 242 46 22 icke
329 245 58 25 synts
409 243 103 22 utskottet
533 250 50 15 vara
598 242 121 22 välbetänkt
733 245 32 19 att
779 242 74 28 frängä

108 276 41 22 den
170 276 115 22 bestående
307 277 115 26 ordningen
441 277 32 21 för
488 277 287 27 entreprenadauktionernas
791 278 62 20 verk-

108 310 103 22 ställande
232 311 58 21 inom
312 311 72 27 hvarje
406 310 106 28 kommun,
528 311 30 21 dit
572 311 145 27 skjutsanstalt
731 310 68 22 blifvit
813 310 40 22 för-

107 344 55 28 lagd,
187 347 49 19 enär
258 344 62 28 länga
339 351 59 16 resor
411 345 33 21 för
458 345 116 22 bivistande
588 345 23 22 af
624 345 144 27 auktionerna,
783 344 71 22 hvilka

107 379 85 21 komma
207 381 31 20 att
252 379 72 22 infalla
339 380 66 20 under
419 379 51 22 bräd
482 379 106 27 arbetstid,
600 380 65 21 mäste
675 378 93 23 medföra
778 379 77 21 minsk-

107 413 51 27 ning
171 413 8 21 i
193 413 173 28 spekulanternas
388 413 56 22 antal
467 414 38 21 och
524 414 120 26 derigenom
659 413 116 22 medelbart
791 414 64 20 verka

107 446 127 22 hämmande
248 448 28 26 pä
291 448 249 26 entreprenadsystemets
554 447 124 27 utveckling.
696 447 111 22 Utskottet
816 447 39 21 har

108 480 55 28 förty
178 481 110 21 bibehållit
302 482 125 26 stadgandet
449 488 33 15 om
501 482 206 27 skjutsanstalternas
722 482 39 21 och
775 481 80 27 hällgö-

108 515 84 27 ringens
207 515 130 27 utbjudande
355 516 77 21 sädant
454 516 116 22 detsamma
584 516 59 27 ingär
657 516 30 21 uti
702 515 98 27 gällande
814 515 41 21 för-

110 549 88 28 ordning
213 549 39 22 och
266 549 79 22 tilläter
360 549 37 27 sig,
408 549 32 22 till
454 549 124 23 bemötande
588 550 22 22 af
618 549 167 28 propositionens
795 549 61 22 moti-

109 584 72 27 vering
203 583 46 22 utaf
270 584 40 21 den
326 583 116 28 föreslagna
456 584 126 23 förändrade
597 584 114 27 ordningen
728 583 79 28 anföra,
823 585 32 20 att

110 618 41 22 den
173 618 127 27 tidsutdrägt
323 618 39 22 och
384 619 26 21 de
433 620 119 26 omgängar,
574 619 71 22 hvilka
666 621 37 19 äro
718 618 137 27 förknippade

109 653 49 21 med
181 652 35 22 det
230 653 120 21 nuvarande
364 655 106 26 systemet,
486 654 66 21 måste
567 659 60 16 anses
641 659 50 16 vara
706 652 22 22 af
740 651 115 23 underord-

110 687 42 21 nad
167 687 113 27 betydelse,
294 687 103 27 jemförda
412 687 47 22 med
474 687 36 22 det
524 687 87 22 intresse
626 687 124 28 skjutslaget
764 693 48 21 eger
821 686 35 22 vid

110 723 33 20 att
165 721 36 22 det
223 721 75 27 högsta
320 721 84 28 möjliga
425 721 80 22 antalet
526 722 134 27 spekulanter
674 721 90 22 infinner
778 721 32 26 sig
823 720 33 22 till

111 755 72 28 hvarje
198 754 228 28 auktionsförrättning.

181 789 47 22 Den
242 789 124 27 förändring
380 790 7 21 i
402 790 92 27 lydelsen
512 790 23 22 af
550 789 11 29 $
580 791 32 26 10,
630 796 44 15 som
689 790 106 21 utskottet
811 789 45 21 vid-

111 823 64 28 tagit,
199 825 24 19 är
245 824 100 27 betingad
367 824 23 21 af
410 824 155 27 skjutsningens
586 825 107 26 indelning
715 825 7 20 i
745 823 111 25 ordinarie,

112 859 61 21 extra
187 857 40 23 och
242 858 149 28 reservskjuts.

181 893 41 21 Vid
237 893 11 28 $
264 894 24 22 11
306 894 39 20 har
359 894 123 27 visserligen
497 894 115 24 anmärkts,
628 895 32 20 att
670 893 36 21 det
715 894 71 21 kunde
796 892 63 22 hafva

111 928 48 21 sina
172 928 102 25 fördelar,
290 930 32 20 att
337 928 117 22 bestämma
469 928 141 28 tidsperioden
625 928 33 22 för
672 928 131 27 gästgifveri-
818 927 39 21 och

113 962 201 27 skjutshällningens
329 963 128 27 upplätande
472 964 75 20 endast
560 963 33 21 till
608 964 33 20 tre
657 962 30 27 är,
704 962 91 22 emedan
815 963 43 20 tra-

111 996 191 22 fikförhällandena
317 998 67 20 under
397 996 43 23 fem
456 996 23 22 är
494 998 71 21 kunna
578 997 105 27 betydligt
696 997 112 21 förändras
819 996 39 22 och

112 1030 57 28 förty
184 1030 86 28 päkalla
283 1031 123 27 förändring
421 1031 22 21 af
456 1031 269 28 entreprenadkontraktet,
749 1032 55 20 samt
826 1032 32 20 att

112 1066 8 20 i
134 1065 101 21 händelse
251 1067 164 25 entreprenören
430 1065 93 22 befinnes
539 1066 105 26 olämplig,
660 1066 35 21 det
709 1072 50 15 vore
775 1072 26 15 en
815 1066 43 21 för-

113 1100 34 22 del
163 1101 32 20 att
210 1100 171 21 kontraktstiden
395 1106 49 16 vore
459 1100 96 27 kortare;
571 1106 47 16 men
633 1100 106 22 utskottet
760 1100 39 22 har
822 1106 37 15 an-

112 1136 43 20 sett
170 1134 41 22 den
224 1134 74 27 längre
312 1134 205 27 entreprenadtiden,
528 1134 28 28 pä
570 1136 42 19 sätt
626 1134 8 21 i
649 1140 70 21 prop:s
734 1135 125 26 motivering

113 1169 96 27 antydes,
227 1169 97 21 medföra
338 1170 69 20 större
422 1169 66 26 utsigt
502 1171 33 19 att
548 1169 82 22 erhålla
644 1169 85 27 dugliga
751 1170 108 26 entrepre-

113 1205 64 19 nörer
192 1204 55 20 samt
260 1203 8 21 i
284 1203 64 27 öfrigt
363 1203 33 21 för
410 1203 152 21 kommunerna
576 1203 163 26 fördelaktigare
750 1204 109 26 entrepre-

115 1237 120 27 nadanbud,
252 1237 99 22 hvarföre
366 1237 105 22 utskottet
485 1237 8 21 i
508 1237 68 22 denna
590 1237 34 22 del
640 1237 98 22 omfattat
760 1237 41 21 den
823 1237 36 21 nä-

115 1272 48 27 diga
177 1272 164 26 propositionen.

182 1306 33 21 De
229 1305 7 21 i
251 1306 11 27 $
279 1306 26 21 12
320 1305 100 27 vidtagna
441 1305 293 27 redaktionsförändringarne
752 1304 63 23 hafva
829 1305 32 22 sin

115 1340 68 26 grund
205 1339 44 22 dels
263 1339 8 21 i
286 1340 65 26 några
365 1340 31 21 uti
412 1339 25 22 de
452 1339 124 26 föregående
590 1339 27 28 $$
633 1339 80 21 införda
734 1339 126 22 förändrade

115 1371 162 28 bestämningar,
295 1372 70 21 hvilka
379 1372 120 21 återverkat
513 1373 27 26 på
554 1372 94 27 lydelsen
662 1371 23 22 af
697 1372 69 21 denna
781 1373 19 26 8,
816 1372 44 22 dels

115 1406 40 22 ock
169 1407 7 20 i
192 1406 40 21 den
253 1405 47 22 från
322 1405 156 29 propositionen
500 1407 64 26 något
583 1405 108 22 afvikande
706 1405 132 28 uppfattning
852 1406 8 21 i

115 1441 45 27 sak,
175 1440 84 22 hvilken
281 1440 39 22 hos
342 1441 103 21 utskottet
464 1440 56 27 gjort
534 1440 31 27 sig
580 1440 101 27 gällande.
711 1441 10 21 I
737 1440 36 22 det
787 1446 73 17 senare

184 1480 186 18 Ekonomiutskottets
384 1480 115 18 betänkande
511 1481 37 17 N:o
560 1480 17 17 8.

884 787 12 28 g
912 787 32 21 10.

890 890 11 28 8
918 891 32 21 11.

889 1303 11 28 8
916 1304 32 21 12.
