1109 1736
326 127 24 33 U.
365 128 23 23 B.
403 141 27 4 —
446 129 64 28 Prop.
525 129 38 23 N:o
579 128 29 23 13.

370 503 217 29 Lagutskottets
613 504 172 23 betänkande
808 503 38 23 N:o

300 537 25 23 14
341 537 5 23 i
358 538 117 29 anledning
486 538 28 23 af
522 538 59 24 Hans
592 538 124 29 Kejserliga
728 538 119 29 Majestäts

301 572 81 28 nådiga
404 572 136 29 proposition
562 572 113 29 angående
694 572 91 24 makars
800 572 48 23 för-

301 606 290 29 mögenhetsförhållanden.

163 669 107 28 Samtliga
290 669 66 22 stånd
378 670 66 23 hafva
465 671 121 22 remitterat
604 670 42 23 den
660 670 82 29 nådiga
755 669 93 29 proposi-

95 704 73 23 tionen
184 704 34 22 till
232 704 157 23 förberedande
404 704 131 29 behandling
550 705 24 22 af
587 705 161 28 Lagutskottet,
763 711 45 16 som
821 704 28 27 på

94 739 66 27 gjord
174 739 103 22 anhållan
291 739 88 22 erhållit
398 739 34 22 del
446 739 26 22 af
484 740 20 27 ej
519 739 83 23 mindre
616 740 38 21 det
667 739 83 28 förslag
764 738 36 22 till
812 738 38 28 lag

95 773 9 21 i
126 775 72 20 ämnet
219 779 45 16 som
282 773 25 22 af
319 773 195 28 Lagberedningen
536 774 127 27 utarbetats,
680 774 38 21 och
732 773 8 21 i
755 773 96 27 enlighet

95 806 103 23 hvarmed
213 807 42 22 den
269 807 82 28 nådiga
365 808 159 27 propositionen
539 807 104 28 affattats,
658 810 30 19 än
702 807 65 22 äfven
779 808 71 26 proto-

95 841 45 22 koll
159 841 61 23 öfver
238 849 27 15 en
279 842 8 22 i
301 842 125 28 Kejserliga
442 843 94 21 Senaten
550 842 37 22 vid
602 843 100 22 ärendets
716 841 134 28 behandling

97 874 114 24 förefallen
234 876 142 28 omröstning;
398 876 120 28 hvarjemte
541 876 40 22 den
598 876 39 22 vid
650 876 90 28 frågans
754 875 98 22 remiss
841 870 15 39 i

96 910 164 22 Bondeståndet
274 910 159 29 försiggångna
446 911 148 23 diskussionen
602 910 73 24 blifvit
689 910 106 23 utskottet
814 916 38 22 ge-

95 951 49 16 nom
159 945 198 28 protokollsutdrag
372 945 120 23 meddelad.

167 1089 48 22 Den
236 1088 160 23 svensk-finska
419 1088 205 27 äktenskapsrätten
645 1087 118 27 genomgås
786 1086 69 22 sedan

98 1124 105 27 gammalt
225 1122 26 23 af
270 1125 80 21 tvenne
374 1123 113 28 principer,
502 1123 50 22 från
567 1122 73 23 hvilka
655 1122 78 22 endast
747 1121 59 23 vissa
819 1126 37 16 un-

100 1158 84 27 dantag
199 1163 42 22 ega
255 1164 53 21 rum,
323 1157 113 28 nämligen
451 1156 246 29 egendomsgemenskap
713 1156 90 22 emellan
812 1160 45 17 ma-

100 1192 68 22 karne
183 1192 40 22 och
238 1198 102 16 mannens
356 1192 164 22 målsmansrätt
534 1191 34 22 för
582 1191 97 22 hustrun.
701 1190 69 22 Dessa
779 1188 79 29 grund-

99 1228 73 21 satser
192 1226 73 29 hafva,
288 1227 67 21 sedan
379 1227 57 21 1734
450 1226 36 22 års
500 1225 124 28 lagstiftare
638 1224 58 23 ifrån
711 1225 27 21 de
752 1224 60 22 äldre
826 1223 31 22 la-

100 1267 70 22 garne
185 1262 95 27 upptogo
296 1261 114 27 desamma,
427 1260 114 22 bibehållit
554 1260 35 27 sig
604 1259 141 22 oförändrade
758 1257 58 24 ända
825 1257 48 22 till"

102 1296 55 21 våra
172 1295 75 28 dagar.
276 1295 35 22 Då
327 1295 38 22 det
380 1294 178 23 konstitutionela
572 1293 235 29 lagstiftningsarbetet
821 1293 39 22 hos

101 1336 37 16 oss
152 1330 8 21 i
174 1329 77 28 början
266 1329 25 22 af
305 1331 55 21 1860
378 1329 56 23 talet
448 1329 57 23 efter
519 1331 32 21 ett
565 1329 77 28 längre
651 1327 149 24 stillastående
810 1327 50 22 åter

103 1365 100 26 upptogs,
214 1364 72 22 blefvo
295 1364 129 27 visserligen
436 1364 66 21 äfven
511 1363 227 28 lagbestämningarna
747 1361 114 28 angående

104 1397 87 23 makars
213 1397 311 28 förmögenhetsförhållanden
546 1396 90 23 föremål
654 1395 36 23 för
711 1395 150 28 lagstiftarens

105 1432 195 28 uppmärksamhet,
316 1438 49 16 men
380 1431 28 24 de
423 1431 158 29 förändringar,
596 1430 76 24 hvilka
679 1429 66 24 häraf
752 1429 74 24 blifvit
835 1435 27 17 en
