1109 1739
266 141 28 20 26

474 138 24 24 U.
514 138 22 24 B.
551 150 28 6 —
595 138 65 28 Prop.
675 136 38 24 N:o
728 136 30 24 13.

376 205 59 22 Dock
449 204 39 22 mä
502 206 20 26 ej
536 204 84 28 boskap
629 204 38 22 och
678 203 149 27 äkerredskap
836 203 32 21 till
876 203 48 27 fast
933 209 59 21 egen-

375 240 51 21 dom
440 239 115 28 hänföras.

443 274 30 26 Ej
491 274 66 21 heller
575 274 60 27 njute
657 272 64 22 make
742 272 101 28 giftorätt
859 272 9 21 i
882 272 110 27 egendom,

375 314 49 16 som
443 314 76 21 genom
540 307 70 28 gäfva
624 308 51 20 eller
690 308 123 20 testamente
830 308 28 20 är
873 306 32 22 till
919 306 75 22 andra

376 343 79 21 maken
478 343 73 27 gifven
573 342 50 22 med
644 341 70 22 vilkor
732 342 32 21 att
783 342 41 21 den
844 341 56 22 skall
914 341 79 22 honom

376 377 52 21 eller
442 377 68 21 henne
524 376 94 22 enskildt
632 376 94 22 tillhöra.

631 440 28 24 88
672 440 64 21 4—7.

445 480 56 21 Lika
523 480 94 26 lydande
639 480 49 21 med
709 486 89 15 samma
817 480 27 24 $$
858 480 8 20 i
880 478 42 22 den
940 477 52 23 nåd.

373 520 65 21 prop.

628 620 20 24 2
663 620 81 30 Kap.

446 673 38 23 Om
505 672 167 24 målsmansrätt
694 672 41 23 och
754 672 110 29 rättighet
881 672 35 24 att
932 672 62 24 öfver

377 708 51 22 boet
443 707 62 23 råda.

661 761 47 24 81.

446 807 65 21 Mom.
528 807 11 20 1
556 806 75 22 säsom
646 807 8 20 i
665 812 65 21 prop.

446 841 105 22 Hustrun
560 841 64 28 följer
635 841 37 22 ock
683 847 108 15 mannens
799 840 66 23 stånd
873 841 37 22 och
918 841 76 22 vilkor.

661 917 49 24 $2

450 963 56 21 Utan
521 963 109 21 hustruns
644 963 110 27 frivilliga
764 963 28 27 ja
807 963 38 22 och
858 963 138 28 underskrift

377 999 9 20 i
401 999 79 20 tvänne
494 998 94 21 vittnens
602 999 99 20 närvaro
716 998 64 27 hafve
794 1003 97 16 mannen
905 999 20 26 ej
934 998 62 21 makt

379 1033 31 20 att
432 1033 64 26 sälja,
520 1032 75 27 skifta,
618 1032 108 27 bortgifva
748 1032 52 21 eller
820 1033 108 27 förpanta
948 1033 49 27 fast

378 1067 110 26 egendom,
508 1067 48 21 deri
575 1067 97 22 hustrun
691 1073 50 20 eger
760 1067 106 28 giftorätt,
882 1067 51 22 eller
947 1067 49 22 hen-

378 1107 39 16 nes
426 1101 100 22 enskilda
534 1102 63 26 fasta
607 1101 59 27 gods,
678 1101 60 22 ändä
749 1102 32 21 ait
790 1101 35 22 det
834 1103 28 26 af
866 1101 80 22 honom
951 1102 45 27 för-

378 1136 77 21 valtas.
479 1132 35 25 Är
528 1135 97 22 hustrun
640 1137 70 26 afvita
722 1137 51 20 eller
780 1135 156 28 fränvarande
945 1136 51 21 eller

377 1171 99 26 förlöper
490 1170 43 21 hon
547 1176 103 21 mannen,
666 1169 30 22 dä
711 1170 39 21 mä
764 1176 96 15 mannen
875 1171 59 26 sälja
945 1170 51 22 eller

376 1205 108 26 förpanta
509 1204 73 22 sädan
604 1205 48 27 fast
676 1205 110 26 egendom,
810 1205 94 21 hvarom
930 1205 66 27 ofvan

378 1239 65 27 sagdt
462 1241 34 24 är,
517 1233 53 27 dock
594 1239 49 21 med
656 1240 67 20 nästa
736 1239 108 27 fränders
857 1239 45 22 räd
916 1239 38 21 och
968 1239 28 21 bi-

378 1272 48 26 fall,
449 1279 36 14 om
507 1273 34 20 det
563 1275 28 18 är
610 1273 108 21 hustruns
736 1273 100 21 enskilda
853 1274 62 26 fasta
934 1273 61 26 gods,

378 1312 48 15 som
441 1306 67 26 säljes
522 1306 52 21 eller
582 1307 126 26 förpantas.
732 1306 56 22 Sker
798 1307 134 26 annorledes,
942 1312 53 16 vare

379 1340 73 26 ogildt,
474 1346 35 14 om
524 1340 96 21 hustrun
634 1339 55 22 derä
704 1340 60 21 talar
777 1340 61 22 inom
851 1341 49 21 natt
914 1340 38 22 och
967 1339 28 23 är

378 1375 68 21 sedan
465 1374 43 21 hon
528 1374 35 22 det
580 1375 48 21 veta
646 1374 47 26 fick.
724 1374 47 22 Dör
791 1374 95 22 hustrun
898 1375 52 27 förr
965 1376 31 20 än

377 1415 103 20 mannen,
498 1415 37 21 ege
558 1408 80 22 hennes
658 1410 120 26 arfvingar
792 1416 88 15 samma
895 1410 32 21 tid
938 1409 57 28 frän

377 1445 79 21 hennes
471 1444 48 21 död.
