1086 1745
276 164 14 20 4
464 163 64 23 Ständ.
543 163 30 23 $v.
591 175 24 4 —
631 163 55 29 Prop.
702 162 31 24 N:o
747 162 28 24 18.

246 228 68 28 gäller
329 229 32 21 att
375 228 163 28 iordningställa
551 228 132 27 biblioteket,
698 228 55 27 stiga
767 227 32 23 till
814 228 46 22 icke
875 227 120 28 obetydliga

247 268 83 28 belopp.
355 268 117 22 Ständerna
487 269 63 22 hafva
563 268 83 23 således
661 268 33 22 för
708 268 165 28 komplettering
888 268 23 22 af
918 267 76 22 biblio-

247 310 60 21 teket
320 311 56 21 samt
390 309 33 22 för
437 309 130 28 inbindning,
583 310 36 22 der
634 309 76 23 sådant
720 309 113 28 erfordras,
844 308 108 23 äfvensom
962 308 33 22 för

247 356 103 21 expenser
364 350 87 28 beviljat
466 351 32 21 ett
513 350 100 23 särskildt
628 350 74 28 anslag
716 349 13 23 å
743 349 64 28 5,000
822 350 61 23 mark
897 350 33 22 för
937 350 57 21 näst-

247 391 126 22 kommande
388 391 149 28 finansperiod.

315 466 49 22 Med
380 467 99 22 afseende
494 467 57 27 derå,
566 469 32 20 att
612 466 137 23 bibliotekets
759 467 134 22 förstorande
900 466 95 22 kommer

245 507 32 21 att
292 506 96 22 medföra
402 507 66 22 ökadt
482 507 73 22 arbete
570 507 33 22 för
617 507 170 27 bibliotekarien,
802 506 64 23 hafva
876 506 119 22 Ständerna

245 547 70 21 ansett
333 546 32 27 sig
378 547 54 22 böra
446 546 50 28 höja
511 546 173 23 bibliotekariens
700 546 92 29 aflöning
806 546 32 23 till
854 546 63 28 1,000
931 547 61 22 mark

245 592 35 17 om
295 586 52 22 året.

313 644 10 22 I
345 643 93 29 enlighet
458 640 90 27 härmed
560 641 85 26 komma
660 645 143 22 kostnaderna
817 645 33 22 för
865 645 129 22 Ständernas

244 679 103 22 bibliotek
368 680 56 21 samt
444 679 80 22 vården
546 680 23 22 af
590 680 117 22 detsamma
728 681 39 22 och
783 679 129 24 Ständernas
926 680 69 27 öfriga

244 714 102 27 egendom
361 714 33 22 för
410 713 138 23 1889—1891
565 716 32 21 att
611 715 85 27 utgöra:

923 766 43 28 Ing

243 806 59 27 Hyra
317 805 34 23 för
365 805 198 23 bibliotekslokalen
578 806 33 22 för
626 807 13 21 3
654 806 31 27 är,
700 805 13 22 ä
727 806 43 22 800
783 807 62 21 mark
875 822 4 6 .
923 807 70 27 2,400.

243 846 84 22 Arvode
343 845 22 23 ät
379 846 170 27 bibliotekarien,
567 846 62 27 1,000
643 847 61 21 mark
718 846 81 27 årligen
839 863 5 5 .
875 863 4 5 .
923 847 70 27 3,000.

271 886 41 21 D:o
341 887 22 21 ät
378 885 164 30 vaktmästaren,
557 887 43 22 200
614 887 61 22 mark
690 893 34 16 om
739 886 46 23 året
803 903 4 5 .
839 903 4 5 .
875 903 4 5 .
944 887 48 22 600.

242 927 98 22 Kostnad
347 927 33 22 för
385 927 65 28 inköp
455 927 23 22 af
483 928 84 27 böcker,
572 928 132 27 inbindning,
710 933 102 22 expenser
817 934 60 15 m.m.
900 923 14 37 —
920 927 72 28 5,000.

728 986 87 23 Summa
829 986 48 28 Fay
908 986 82 29 11,000,

240 1061 49 22 med
310 1060 80 23 hvilket
412 1061 77 28 belopp
512 1062 35 21 det
569 1061 185 23 ofvanberäknade
776 1062 97 28 anslaget
887 1063 32 21 för
935 1062 54 22 1891

239 1101 34 22 ärs
288 1101 102 27 landtdag
404 1101 40 22 bör
460 1101 58 22 ökas.

307 1158 31 21 Pä
359 1159 68 27 grund
450 1159 23 21 af
493 1160 37 21 det
551 1159 88 22 anförda
661 1159 22 22 fä
704 1159 119 23 Ständerna
837 1159 153 30 underdänigst

237 1199 84 22 anmäla

442 1271 32 20 att
496 1269 120 23 Ständerna
635 1270 61 22 anslä
712 1277 24 14 en
751 1277 82 16 summa
847 1271 28 27 af
885 1271 103 26 275,000

372 1307 60 22 mark
446 1308 33 21 till
493 1308 132 22 bestridande
641 1309 26 27 af
678 1309 24 21 de
712 1309 32 21 uti
753 1309 16 28 $
781 1310 30 21 82
823 1310 26 26 af
854 1310 132 28 Landtdags-

372 1346 116 29 ordningen
506 1348 127 22 omnämnda
649 1348 108 22 allmänna
770 1349 86 27 utgifter
871 1350 34 27 för
920 1350 66 22 landt-

371 1386 67 28 dagen
458 1388 26 21 är
503 1389 57 21 1891
577 1390 56 20 samt
649 1388 30 22 till
693 1388 174 28 kompletterande
882 1390 26 27 af
920 1390 65 23 Stän-

371 1428 75 22 dernas
462 1427 93 24 bibliotek
571 1429 107 27 äfvensom
694 1429 31 22 till
740 1430 109 27 aflönande
865 1431 26 27 af
900 1430 84 24 ekonom

369 1468 33 28 för
424 1469 78 22 vården
526 1470 25 27 af
564 1469 133 23 Ständernas
713 1471 63 27 arkiv,
793 1471 94 23 bibliotek
903 1472 35 22 och
954 1473 29 27 öf-
