1103 1734
281 138 26 20 14
487 136 22 22 U.
527 136 22 23 B.
564 147 29 6 —
609 137 58 27 Prop.
684 136 34 22 N:o
735 135 28 23 12.

251 200 28 26 pä
300 200 68 25 grund
387 198 23 22 af
423 200 115 20 detsamma
552 198 77 26 kunna,
643 198 67 21 under
724 197 139 22 förebärande
876 198 23 21 af
912 200 32 19 att
958 198 41 21 till-

251 233 62 21 ständ
335 233 32 21 till
388 233 122 27 ledningens
529 232 87 21 förande
633 232 56 21 öfver
703 231 136 27 fastighetens
854 231 85 22 omräde
953 231 46 23 icke

252 267 114 26 utverkats,
389 266 79 22 föröfva
490 266 79 21 hvilket
591 266 68 27 ohägn
678 272 44 15 som
737 265 55 22 helst
806 267 13 20 &
834 272 25 15 en
874 265 7 22 i
896 265 54 22 bruk
965 272 34 16 va-

251 301 65 21 rande
339 301 193 26 telefoninrättning
546 302 50 20 utan
612 302 31 20 att
658 306 49 15 vara
722 299 142 22 underkastad
879 307 75 14 ansvar
968 300 31 22 ät-

251 335 104 22 minstone
369 335 63 21 innan
448 341 76 21 genom
539 341 25 14 en
576 334 105 22 mähända
690 334 107 27 längvarig
808 335 110 26 rättegäng
928 334 72 22 utredt

251 368 68 22 blifvit
341 371 31 20 att
393 369 111 27 ledningen
526 369 78 26 dragits
627 368 57 21 öfver
699 368 136 27 fastighetens
852 369 85 21 område
953 368 47 22 med

252 405 89 24 ägarens
363 403 128 26 begifvande.
522 403 37 21 Ett
580 402 123 27 stadgande,
725 402 79 21 hvilket
826 402 87 22 sålunda
932 402 68 21 skulle

251 436 56 27 gifva
329 439 31 19 ett
381 437 56 26 slags
458 437 146 26 berättigande
618 437 23 21 åt
655 436 55 21 vissa
724 442 100 21 personer
839 438 31 20 att
887 437 72 20 ofreda
973 442 27 15 en

251 470 34 22 för
306 470 87 22 allmänt
415 470 64 22 behof
492 470 130 21 tillkommen
637 469 120 28 inrättning,
773 470 67 21 under
854 470 36 21 det
905 470 68 26 ohägn
987 470 14 21 å

253 504 120 28 densamma
395 504 22 22 af
437 504 65 22 andra
523 510 49 15 vore
592 504 70 26 belagt
677 504 47 21 med
739 505 83 26 strängt
836 510 81 20 ansvar,
933 505 66 20 måste

253 539 33 21 väl
300 534 109 25 betraktas
423 539 69 21 såsom
507 538 114 27 olämpligt.
652 537 44 22 Och
712 537 26 22 då
753 539 7 20 i
775 538 42 21 min
830 538 63 21 tanke
902 538 98 27 gällande

251 572 35 27 lag
308 572 80 22 lemnar
410 572 172 27 fastighetsägare
604 571 121 27 tillräckligt
747 574 51 19 värn
820 574 56 19 emot
891 571 110 28 obehörigt

251 601 88 32 ingrepp
361 606 7 21 i
385 607 52 21 hans
452 606 130 27 äganderätt,
597 605 42 22 kan
653 605 35 28 jag
703 605 17 28 ej
736 605 56 22 finna
807 606 36 21 det
857 612 50 15 vara
921 605 24 22 af
957 612 44 15 om-

252 640 171 27 ständigheterna
446 640 108 27 påkalladt
576 641 31 21 att
621 640 8 21 i
643 640 150 26 sammanhang
808 641 46 21 med
870 639 131 23 bestämmel-

252 680 62 16 serna
329 680 34 16 om
378 674 122 27 fridlysning
515 673 22 22 af
550 674 101 21 telefoner
660 673 68 22 införa
738 676 30 19 ett
778 674 99 21 särskildt
886 673 115 28 stadgande

252 708 8 22 i
275 708 60 22 detta
349 708 103 22 afseende.

320 742 40 26 Jag
375 742 32 21 får
422 742 69 21 derför
506 742 106 21 vördsamt
626 741 82 27 föreslå,
724 742 31 21 att
770 741 117 22 Ständerna
902 741 48 22 ville
965 741 36 22 be-

253 776 55 22 sluta
330 778 33 20 att
377 776 121 22 förberörda
513 775 72 27 tillägg
600 775 53 22 skail
668 776 50 26 utgå
733 775 39 21 och
786 775 148 27 förordningen
949 775 52 22 säle-

254 810 37 22 des
306 809 80 23 erhälla
400 809 90 27 följande
505 809 87 27 lydelse:

457 883 133 27 Härigenom
612 883 78 21 varder
704 883 109 28 stadgadt,
829 885 31 19 att
869 883 134 27 förordnin-

389 924 40 21 gen
452 917 40 22 den
514 919 29 19 24
564 917 117 22 November
696 919 62 23 1864,
775 917 151 28 innefattande
937 917 63 28 frid-

391 952 175 27 lysningsstadga
576 952 41 27 för
632 951 83 22 landets
726 951 126 28 jernvägar,
862 952 92 21 kanaler
964 951 37 22 och

390 986 245 27 telegrafinrättningar,
651 986 62 25 skall,
730 987 9 20 i
752 987 58 21 hvad
823 986 41 21 den
874 987 70 27 angär
955 986 48 21 tele-

385 1020 58 27 graf,
460 1020 111 27 tillämpas
586 1019 64 27 äfven
666 1021 13 19 å
694 1021 235 26 telefoninrättningar.

762 1106 58 23 Josef
834 1105 99 23 Stenbäck.

610 1236 35 22 IV.

307 1301 3 3 -
321 1288 96 21 Emedan
432 1288 35 20 det
482 1287 64 26 enligt
561 1288 37 20 vår
612 1287 64 21 tanke
690 1293 50 15 vore
755 1287 18 26 ej
789 1288 81 21 mindre
885 1287 119 27 principielt

254 1321 93 27 oriktigt,
370 1322 27 20 än
418 1327 26 15 ur
464 1320 96 27 praktisk
582 1321 105 27 synpunkt
702 1320 114 28 olämpligt,
833 1323 33 19 att
880 1321 31 21 till
926 1320 78 28 ifråga-

253 1356 91 21 varande
366 1354 128 28 författning,
516 1354 84 22 hvilken
615 1354 55 22 afser
684 1356 32 20 att
730 1354 130 23 beträffande
876 1354 68 28 skydd
958 1356 45 20 mot

255 1389 68 27 ohägn
346 1389 93 22 likställa
453 1388 192 28 telefoninrättning
660 1389 47 21 med
722 1388 94 28 telegraf,
831 1389 86 27 fogades
933 1389 36 22 det
983 1389 22 22 af

253 1424 150 27 Lagutskottet
419 1423 112 22 förordade
545 1424 101 27 tillägget,
661 1424 134 27 hvarigenom
810 1423 193 29 fridlysningsstad-

253 1464 53 22 gans
321 1457 129 28 tillämpning
465 1457 74 26 blefve,
554 1458 69 22 såvidt
637 1457 102 23 telefoner
754 1459 72 27 angår,
836 1458 107 22 utesluten
953 1460 50 26 gent

322 1498 140 23 Lagutskottets
474 1498 114 18 betänkande
602 1498 37 18 N:o
653 1498 16 18 6.
