1103 1742
319 129 64 35 Ständ.
399 128 30 36 $v.
447 153 23 4 —
488 141 55 29 Prop.
558 141 32 23 N:o
605 141 29 23 19.
811 143 13 20 3

103 207 60 21 mark
190 207 25 21 18
233 207 71 26 penni.
334 207 79 21 Härvid
433 207 39 22 bör
490 207 128 27 observeras,
639 208 32 20 att
691 208 41 20 den
746 207 108 27 betydliga

104 240 121 27 stegringen
240 240 7 21 i
263 240 68 22 denna
351 240 122 27 utgiftspost
488 241 67 21 under
570 241 24 21 är
609 240 55 22 1886
679 241 32 21 till
726 242 80 20 största
821 241 33 21 de-

104 274 34 21 len
153 273 132 23 förorsakats
300 274 23 22 af
337 274 41 21 den
392 274 113 28 tillökning
518 275 8 21 i
540 274 161 26 löneförmäner,
712 281 46 15 som
768 274 24 21 af
799 274 55 22 1885

103 308 34 22 års
153 308 90 21 Ständer
257 308 98 27 beviljats
369 308 161 22 folkskollärare
546 309 39 21 och
600 309 119 21 lärarinnor
734 308 26 27 pä
775 308 78 21 landet.

104 342 54 22 Utaf
171 342 40 22 den
226 342 23 22 af
264 337 166 32 Öfverstyrelsen
444 343 33 21 för
492 342 151 22 skolväsendet
657 342 83 28 utgifna
754 342 100 22 berättel-

103 383 38 16 sen
156 383 34 15 om
205 376 218 23 folkskoleväsendets
437 376 7 22 i
459 377 73 22 landet
546 376 121 28 utveckling
681 377 67 21 under
758 376 96 22 läseären

105 411 140 22 1865—1886
267 410 99 28 framgär,
389 412 31 21 att
442 411 195 28 lärarepersonalen
658 411 35 21 vid
708 411 146 22 folkskolorna

104 446 27 26 pä
145 446 74 21 landet
233 445 67 21 under
316 445 26 22 de
357 445 13 21 5
385 447 83 20 senaste
484 446 23 21 af
520 446 141 27 nyssnämnda
676 446 23 22 är
714 446 62 21 ökats
791 446 63 21 medi

103 480 101 22 medeltal
218 480 27 21 26
260 480 70 22 lärare
346 480 39 22 och
401 480 26 21 18
442 480 119 22 lärarinnor
575 480 89 28 årligen;
673 480 40 22 och
720 480 64 22 hafva
792 479 62 22 Stän-

104 515 67 21 derna
191 515 8 21 i
222 514 216 22 öfverensstämmelse
460 516 49 20 med
529 514 99 22 bemälda
643 510 164 31 Öfverstyrelses
823 514 31 22 uti

104 550 47 21 dess
173 549 80 27 förslag
273 549 33 21 till
329 550 43 20 stat
393 548 33 22 för
440 548 206 22 folkskoleväsendet
660 549 7 21 i
681 548 91 22 Finland
786 548 68 22 under

103 584 190 22 nästinstundande
315 583 142 27 finansperiod
479 583 95 21 uttalade
597 582 59 28 äsigt,
679 583 83 27 antagit
784 583 70 22 såsom

104 618 114 26 sannolikt,
241 619 32 20 att
295 618 42 22 den
359 617 67 27 ärliga
448 618 140 27 tillökningen
610 618 66 21 under
691 617 41 22 den
747 618 107 22 närmaste

103 652 115 22 framtiden
240 658 86 16 snarare
348 652 94 22 kommer
463 654 32 20 att
516 652 66 22 öfver-
605 653 27 20 än
654 652 122 28 understiga
796 652 58 22 detta

103 687 106 27 medeltal,
231 689 52 20 enär
304 693 42 21 nya
368 687 71 22 skolor
458 687 131 23 fortfarande
604 686 84 28 uppstå.
717 686 74 28 Enligt
804 692 50 22 nyss

103 722 89 22 anförda
211 721 118 28 beräkning
348 721 67 22 skulle
434 722 40 21 den
489 721 67 28 årliga
570 722 139 27 tillökningen
724 721 85 23 komma
822 722 33 21 att

103 758 86 25 utgöras
205 757 23 21 af
241 756 27 22 26
283 756 76 28 anslag
373 756 13 21 å
401 756 41 22 800
456 757 61 21 mark
532 757 39 21 och
588 756 26 22 18
629 756 74 28 anslag
718 756 13 22 å
741 756 43 22 600
793 756 61 22 mark

103 791 51 21 eller
174 791 138 21 tillsammans
331 790 78 27 31,600
422 792 67 20 mark.
520 791 117 22 Ständerna
651 790 64 22 hafva
730 790 71 22 derför
816 796 37 16 an-

103 826 42 21 sett
164 825 32 27 sig
211 825 52 21 böra
278 826 113 26 godkänna
405 826 36 21 det
456 826 7 20 i
478 826 160 26 propositionen
652 826 86 26 intagna
752 825 102 27 förslaget

104 866 34 15 om
158 866 26 15 en
198 859 53 28 årlig
266 860 115 27 tillökning
395 859 23 22 af
432 860 78 27 35,000
524 860 66 27 mark,
606 860 55 21 helst
676 860 67 21 under
758 860 24 21 år
798 859 55 22 1886

103 901 41 20 nya
159 895 170 21 statsunderstöd
343 893 34 23 för
391 889 148 27 folkskolorna
551 894 27 27 på
592 894 72 22 landet
673 893 71 23 blifvit
750 894 104 28 beviljade

103 929 32 22 till
150 929 47 22 icke
211 929 82 21 mindre
309 931 26 19 än
351 929 76 26 35,200
441 929 67 22 mark.
532 929 120 28 Utgifterna
666 929 33 21 för
709 929 145 22 folkskolorna

103 963 27 28 pä
144 963 74 22 landet
231 963 70 22 blefve
317 963 89 22 sälunda
421 963 91 27 595,000
527 963 60 22 mark
602 963 32 22 för
650 962 23 22 är
689 963 61 28 1889,
762 963 92 27 630,000

103 999 61 21 mark
186 998 33 21 för
242 998 24 21 är
282 998 55 22 1890
352 998 38 22 och
406 997 92 27 665,000
512 998 60 21 mark
587 997 33 22 för
636 997 23 22 är
676 997 53 22 1891
745 997 53 22 eller
812 997 42 22 till-

103 1038 106 16 sammans
231 1032 113 27 1,890,000
365 1032 61 22 mark
447 1032 34 21 för
496 1032 49 22 hela
560 1032 174 22 nästkommande
749 1031 103 28 finanspe-

103 1067 54 22 riod.
186 1066 119 23 Ständerna
320 1066 21 22 fä
357 1066 71 22 derför
442 1066 152 28 underdänigst
608 1065 93 23 anmäla:

309 1193 30 20 att
363 1190 119 23 Ständerna
507 1191 31 22 till
558 1190 154 28 folkskolornas
729 1192 34 25 pä
784 1191 71 22 landet

240 1225 111 28 underhåll
373 1226 67 21 under
464 1227 51 20 åren
539 1227 65 25 1889,
630 1227 61 20 1890
709 1225 36 22 och
759 1227 58 20 1891
832 1226 26 27 af

241 1260 108 22 allmänna
368 1260 64 22 medel
452 1259 89 28 anslagit
559 1259 154 28 sammanlagat
732 1259 122 28 1,890,000

228 1295 76 22 "mark.

171 1408 83 23 Jemväl
269 1407 132 22 beträffande
416 1408 100 27 anslagen
531 1408 33 21 för
579 1407 165 28 löneförhöjning
759 1407 36 22 och
800 1415 54 20 pen-

104 1444 107 27 sionering
226 1443 26 27 af
263 1443 69 21 lärare
347 1442 37 21 och
399 1442 119 22 lärarinnor
533 1442 35 21 vid
582 1441 140 29 folkskolorna
738 1443 31 26 på
784 1442 72 22 landet
