1103 1731
318 126 65 25 Ständ.
398 126 31 25 Sv.
445 140 25 4 —
487 128 55 30 Prop.
557 128 32 24 N:o
603 128 20 24 II.
812 132 14 22 9

241 194 152 22 vederbörande
406 194 133 28 kronofogde,
554 195 9 21 i
577 196 90 21 samråd
680 196 47 22 med
736 196 78 23 ombud
822 198 34 26 för

242 229 40 22 alla
306 228 32 22 till
355 228 88 23 häradet
458 228 48 23 eller
521 229 123 28 skjutslaget
658 230 91 23 hörande
763 231 92 22 kommu-

240 270 37 14 ner
298 264 56 20 samt
376 263 151 22 vederbörande
547 264 170 28 kronolänsmän,
738 266 14 20 å
772 266 33 21 tid
819 266 36 21 och

241 299 38 25 ort,
296 304 46 15 som
358 297 27 27 af
396 297 133 22 Guvernören
544 298 132 30 bestämmes
682 299 36 21 och
732 299 66 21 minst
808 301 48 20 tret-

242 332 29 21 tio
286 331 67 27 dagar
367 331 58 27 förut
434 331 70 27 hvarje
513 332 98 21 kommun
623 332 37 22 och
669 332 187 22 kommunalstäm-

240 372 46 15 mas
307 365 126 27 ordförande
451 366 110 26 bevisligen
576 366 111 28 meddelas,
702 368 96 26 uppgöra
813 367 43 27 för-

239 400 46 27 slag
308 400 32 22 till
358 400 131 22 inrättandet
505 400 26 27 af
541 400 199 28 skjutsanstalterna
756 401 36 22 och
808 402 47 22 ord-

240 434 78 22 nandet
333 434 27 28 af
370 434 151 28 skjutsningen.

308 491 66 23 Detta
388 492 79 27 förslag
482 492 54 22 skall
549 494 106 26 upptaga:

308 538 22 26 a)
346 538 25 22 de
385 539 71 26 vägar,
473 545 46 15 som
534 538 50 22 böra
599 538 48 22 med
657 538 146 28 gästgifverier
812 539 43 27 för-

239 578 40 20 ses,
288 572 108 27 äfvensom
404 572 89 27 sådana,
501 572 37 22 vid
543 572 68 22 hvilka
619 573 171 21 reservstationer
796 573 59 22 skola

239 606 115 27 förläggas,
376 606 67 21 under
464 606 134 27 iakttagande
617 608 38 25 att,
675 607 68 21 derest
758 606 63 27 behof
832 607 27 26 af

240 639 150 27 skjutsanstali
410 640 75 21 endast
504 640 67 21 under
589 641 71 26 någon
680 640 32 21 tid
726 640 27 27 af
764 641 46 21 året
824 640 30 27 fö-

239 673 119 28 rekommer,
374 674 96 27 afseende
483 674 55 21 härä
551 675 80 26 fästes;

309 708 19 25 b)
343 709 25 21 de
378 709 175 28 skjutsanstalter,
564 709 36 22 vid
609 708 68 23 hvilka
687 709 104 27 bätskjuts
800 708 55 23 skall

240 742 106 27 inrättas
338 738 12 36 ;

308 780 18 23 o)
342 777 78 22 antalet
438 777 172 28 skjutsanstalter
629 777 36 23 vid
678 777 70 28 hvarje
762 779 40 26 väg
818 777 36 22 och

239 812 133 27 ungefärliga
392 812 107 27 afständet
518 812 84 22 emellan
619 812 111 27 desamma,
746 812 108 27 äfvensom

240 847 25 21 de
280 847 50 27 byar
354 847 48 21 eller
421 847 86 21 enstaka
519 847 88 27 gårdar,
625 847 37 21 der
676 846 176 28 skjutsanstalter,

239 881 71 22 sävidt
325 881 35 22 ske
374 881 48 27 kan,
438 881 49 22 böra
501 881 115 27 förläggas,
634 881 87 21 hvarvid
735 881 71 27 tillses,
823 883 31 20 att

240 916 108 27 afständet
372 916 85 21 emellan
484 916 106 21 desamma
611 915 44 22 icke
674 915 120 28 öfverstiger
813 915 40 28 tju-

238 951 66 26 gutvä
318 950 111 26 kilometer,
445 950 68 21 derest
527 949 43 22 icke
585 949 106 22 särskilda
702 949 151 28 omständighe-

240 986 30 20 ter
284 984 110 27 föranleda
407 985 122 26 undantag;

307 1019 23 26 d)
346 1019 78 22 antalet
445 1019 106 21 ordinarie
573 1018 98 28 skjutsar,
691 1025 46 15 som
754 1019 10 20 i
778 1018 76 28 dygnet

240 1053 36 22 bör
289 1053 52 27 från
356 1053 69 28 hvarje
434 1053 125 28 gästgifveri
568 1055 93 25 utgöras,
672 1053 37 21 och
717 1053 80 27 hästar,
808 1059 45 15 som

238 1088 35 27 för
280 1087 122 22 ändamålet
410 1087 53 22 skall
469 1087 81 27 hållas;
564 1087 37 22 vid
608 1087 163 22 bestämmandet
777 1087 79 27 hvaraf

239 1122 109 27 iakttages,
364 1124 32 19 att
410 1121 32 22 till
455 1122 71 27 grund
540 1122 34 27 för
589 1121 131 28 skjutsarnes
736 1121 58 22 antal
808 1121 46 27 läg-

238 1163 38 21 ges
297 1156 115 22 medeltalet
436 1156 26 27 af
478 1156 25 21 de
520 1156 100 27 skjutsar,
643 1163 45 14 som
702 1156 67 21 under
784 1155 24 22 de
824 1157 30 20 tre

239 1191 125 27 föregående
384 1191 51 21 åren
449 1191 9 20 i
472 1190 76 28 dygnet
563 1191 77 26 utgått,
656 1190 63 22 ökadt
732 1190 48 22 med
793 1189 61 28 högst

240 1225 100 27 tjugufem
359 1226 94 26 procent,
474 1224 36 21 och
525 1227 37 24 att,
582 1224 36 21 der
633 1223 99 28 betydligt
748 1223 54 22 olika
818 1231 36 14 an-

240 1259 30 22 tal
283 1259 69 22 under
375 1259 53 22 olika
443 1259 92 21 årstider
550 1258 122 27 erfordrats,
694 1259 101 26 förslaget
810 1258 44 21 der-

240 1295 51 26 efter
306 1293 89 27 lämpas,
415 1293 108 27 äfvensom
538 1295 31 20 att
583 1293 78 22 antalet
675 1293 143 27 skjutshästar
833 1293 21 28 ej

240 1329 36 20 må
298 1328 123 27 understiga
444 1327 116 22 medeltalet
583 1327 27 27 af
625 1327 24 22 de
663 1327 99 28 skjutsar,
785 1328 69 21 som
841 1323 16 36 i

240 1362 77 27 dygnet
336 1362 52 26 från
404 1362 144 26 gästgifveriet
565 1362 77 25 utgätt,
658 1362 27 19 sä
698 1361 66 26 framt
778 1362 20 25 ej
813 1364 41 18 tra-

239 1395 190 27 fikförhållandena
443 1395 15 20 å
473 1396 58 20 orten
544 1401 75 20 genom
629 1394 124 22 tillkomsten
764 1394 26 27 af
796 1394 58 27 jern-

239 1432 40 25 väg
294 1429 48 22 eller
356 1429 28 27 af
394 1428 67 23 andra
482 1428 83 22 orsaker
583 1430 52 26 göra
650 1435 25 15 en
690 1428 96 27 afvikelse
800 1428 52 28 från
