1111 1750
360 140 70 22 Ständ.
446 140 32 22 Sv.
493 153 29 3 —
537 142 57 26 Prop.
610 141 33 21 N:o
659 140 32 22 21.
847 140 27 21 49

531 204 13 25 $
560 204 34 19 35.

283 253 41 20 Vid
338 254 109 27 utgången
463 253 28 28 af
504 253 73 28 hvarje
592 253 57 28 halft
665 254 27 19 år
706 253 56 20 skall
778 253 40 20 allt
834 253 71 20 osåldt

220 287 148 26 kartaförråd
384 287 37 21 hos
438 287 25 21 de
479 291 93 23 antagne
585 287 237 28 försäljningsmännen
834 287 74 20 inven-

221 324 64 24 teras,
302 321 58 27 efter
369 321 151 28 förteckning,
536 329 43 13 som
596 322 46 19 dem
651 321 79 28 åligger
743 321 57 27 förut
809 322 23 19 in
842 321 65 26 duplo

221 358 111 25 upprätta,
355 358 56 19 samt
434 355 57 21 hvad
514 355 68 27 deraf
602 355 37 20 hos
663 355 45 20 dem
724 357 26 18 är
766 355 8 20 i
790 355 69 21 behåll
874 355 34 20 till

221 392 64 18 nästa
301 389 86 28 halfårs
402 390 140 27 redovisning
557 389 159 21 utbalanseras.

278 424 63 27 Efter
365 424 103 21 anmälan
491 424 28 27 af
534 424 241 28 försäljningsmannen
794 423 112 27 förrättus

222 459 94 19 nämnda
332 459 135 26 inventering
483 459 13 19 å
512 459 103 25 tjenstens
631 460 83 23 vägnar
729 457 132 28 afgiftsfritt
876 457 30 28 af

222 493 34 20 två
280 493 230 26 magistratspersoner
532 493 7 18 i
554 492 49 21 stad
618 494 56 18 samt
689 491 28 28 af
729 491 133 28 kronofogde
878 492 29 20 el-

222 526 30 21 ler
269 526 54 21 hans
339 526 168 27 tillförordnade
523 527 76 20 ombud
615 527 13 20 å
644 526 81 24 landet,
740 525 80 25 hvilka,
836 525 30 21 då
882 526 25 20 de

221 561 39 20 allt
276 561 76 26 riktigt
364 560 86 28 funnit,
463 561 31 27 på
504 560 167 28 förteckningen
687 560 50 21 eller
753 561 155 26 inventerings-

222 596 150 20 instrumentet
394 595 82 20 sådant
496 594 105 28 bestyrka.
634 594 44 21 Och
693 595 57 20 skall
765 595 90 21 berörda
872 595 33 20 in-

222 632 110 24 strument,
356 630 69 20 såsom
449 629 136 26 verifikation
603 629 41 26 för
666 629 157 27 behållningen,
837 629 68 26 jemte

222 664 118 27 qvittanser
365 664 12 19 å
401 663 145 21 inlevererade
568 663 68 21 medel
652 663 84 28 bifogas
746 663 161 27 försäljnings-

222 704 103 15 mannens
348 697 145 27 redovisning,
510 697 67 28 deraf
590 700 75 18 tvenne
679 697 117 27 exemplar,
816 698 34 20 det
865 703 41 15 ena

217 731 42 27 för
274 734 32 18 att
323 732 7 19 i
346 731 161 22 landskontoret
518 731 105 28 förvaras
639 732 37 20 och
693 732 34 20 det
742 731 71 21 andra
829 733 32 19 att
877 731 30 20 bi-

217 766 67 27 fogas
308 766 172 20 landskontorets
504 765 93 27 räkning
613 765 58 28 öfver
687 765 219 27 kartasigillatamed-

222 801 40 24 len,
278 801 68 20 innan
363 801 40 20 den
419 801 27 20 15
459 799 132 28 påföljande
606 800 49 21 Juli
670 801 36 20 och
723 800 27 21 15
764 799 100 21 Januari
872 800 35 20 till

223 834 163 21 landskontoret
409 834 115 27 afsändas.
554 834 15 21 I
587 841 74 14 annan
678 835 108 25 händelse,
802 834 51 21 eller
868 834 39 21 der

217 869 200 28 försäljningsman
440 869 122 22 uraktlåter
585 872 32 17 att
640 870 104 27 antingen
772 869 134 27 inventering

224 904 79 27 begära
326 904 50 21 eller
391 906 33 18 att
439 904 58 20 inom
516 906 69 18 utsatt
599 903 33 22 tid
647 903 139 27 redovisning
803 903 102 26 insända,

224 938 55 21 skall
302 939 80 20 sådant
405 945 61 14 anses
490 939 69 21 såsom
583 938 54 22 hade
660 939 43 20 han
718 938 84 27 försålt
817 938 39 21 allt
872 938 34 20 det

224 973 122 27 stämplade
357 980 93 21 papper,
466 973 42 21 han
526 973 117 28 emottagit,
659 975 56 18 samt
730 973 110 27 betalning
859 973 49 20 der-

218 1007 42 28 för
274 1008 38 20 hos
328 1008 75 20 honom
419 1007 96 22 utsökas.

531 1066 15 27 $
561 1067 34 20 36.

284 1110 44 22 Till
350 1111 245 27 registratorskontoren
619 1111 35 21 vid
678 1111 104 21 Senatens
807 1111 100 22 Justitie-

224 1145 38 20 och
275 1144 264 29 Ekonomiedepartement
555 1145 55 21 skall
620 1145 127 28 framdeles,
757 1145 91 21 likasom
858 1146 50 20 här-

224 1180 77 27 intills,
318 1180 61 27 ifrån
395 1180 162 21 landskontoret
573 1181 8 19 i
597 1181 57 20 länet
669 1180 107 21 utlemuas
790 1181 119 26 stämpladt

220 1221 86 20 papper
318 1215 32 26 pä
366 1215 126 26 regvisition
509 1215 27 26 af
544 1215 157 21 vederbörande
710 1215 136 27 registrator,
854 1215 53 20 hvil-

222 1248 40 21 ken
279 1249 35 20 det
330 1249 83 26 åligger
430 1251 32 18 att
477 1249 74 27 hvarje
567 1249 32 24 är,
612 1249 31 27 pä
659 1251 42 18 sätt
718 1249 72 20 derom
802 1249 106 20 särskildt

223 1285 26 17 är
260 1282 143 28 förordnadt,
418 1283 35 20 till
468 1283 152 27 länestyrelsen
636 1282 85 28 afgifva
737 1283 66 28 ligvid
814 1283 42 26 för
871 1284 35 20 det

222 1317 120 26 stämplade
354 1323 92 20 papper,
463 1317 43 20 han
524 1317 67 20 under
607 1317 70 26 loppet
693 1316 27 28 af
733 1317 33 20 det
787 1317 119 27 nästförut-

221 1351 89 26 gångna
326 1351 47 20 året
387 1353 55 18 emot
458 1351 71 20 sådan
544 1351 125 26 regvisition
685 1350 94 21 erhållit.

284 1384 42 20 Vid
342 1384 154 27 länestyrelsen
511 1385 9 18 i
540 1384 84 27 Wiborg
639 1391 48 19 eger
696 1384 211 21 kanslibokhållaren

223 1417 108 26 likaledes,
354 1420 53 18 emot
430 1417 269 28 redovisningsskyldighet
715 1417 41 27 för
771 1418 136 25 kalenderår,

219 1452 33 27 pä
274 1451 99 28 skriftlig
396 1451 28 28 af
436 1451 215 22 landssekreteraren
666 1451 101 28 godkänd
782 1453 125 27 regvisition
