1123 1739
343 129 22 28 U.
382 134 23 22 B.
426 133 15 18 —
464 131 63 32 Prop.
543 134 38 23 N:o
597 135 29 22 13:
821 137 12 20 3

109 198 89 28 förslag,
221 199 115 28 äsyftande
355 200 153 27 förändringar
525 200 26 22 af
563 201 76 27 lagens
653 201 161 28 bestämningar
828 207 34 16 om

109 233 86 21 makars
214 232 319 29 förmögenhetsförhällanden..
561 235 32 21 Af
606 235 65 22 dessa
683 235 104 27 föreslogs
801 235 9 21 i
825 235 37 22 det

108 266 69 22 första
190 268 36 21 att
240 267 44 28 gift
298 267 81 27 gvinna
393 267 70 23 skulle
478 273 77 23 genom
570 269 37 27 lag
622 269 143 22 tillerkännas
773 270 45 20 rätt
828 271 34 20 att

107 301 150 28 sjelfständigt
277 302 56 22 råda
354 302 67 22 öfver
437 302 34 22 sin
493 302 62 22 ärfda
577 303 54 21 eller
645 303 98 22 enskilda
757 303 104 28 egendom

107 337 56 20 samt
177 335 61 22 öfver
252 336 63 22 lönen
330 336 34 22 för
379 336 37 22 det
431 337 75 22 arbete
520 337 43 21 hon
577 337 113 27 verkstält,
706 337 90 28 sälänge
811 337 50 22 den-

107 376 81 15 samma
209 370 20 27 ej
251 370 74 28 ingätt
344 371 8 21 i
371 371 38 21 det
423 377 156 21 gemensamma
593 371 57 28 boet,
665 371 53 22 eller
733 373 33 20 att
781 371 80 27 gvinna

108 404 129 22 ätminstone
255 411 76 20 genom
347 405 206 28 äktenskapsförord
568 405 68 22 skulle
651 405 74 22 kunna
739 405 121 23 förbehälla

106 438 36 29 sig
160 439 70 22 denna
243 441 52 26 rätt,
311 439 8 22 i
334 440 37 22 det
386 440 68 22 andra
469 441 54 27 äter,
538 441 59 21 utom
611 440 114 22 enahanda
741 440 119 22 förändrin-

106 480 46 22 gar,
175 474 103 27 derjemte
299 474 158 28 inskränkuing
475 475 26 22 af
513 475 41 22 den
569 475 148 27 lagbestämda
732 474 128 29 giftorätten

106 508 39 22 och
162 515 103 17 mannens
281 509 182 27 dispositionsrätt
478 509 60 23 öfver
552 510 61 22 boets
628 510 58 21 fasta
701 510 110 27 egendom,
827 512 33 19 ut-

106 544 126 28 sträckning
254 544 25 22 af
298 544 134 28 rättigheten
453 546 33 20 att
505 544 66 22 vinna
591 543 114 23 boskilnad
719 545 56 21 samt
789 543 71 23 förän-

106 577 64 28 dring
188 578 26 22 af
229 578 76 28 lagens
323 578 164 28 bestämningar
501 585 33 15 om
548 578 87 22 makars
649 577 209 29 gäldförhällanden,

106 612 109 23 äfvensom
234 612 9 22 i
257 613 38 21 det
308 613 72 27 tredje
395 613 46 22 dels
456 613 153 27 berättigande
623 613 34 21 för
671 613 76 21 hustru
762 614 34 20 att
810 612 52 28 sjelf

105 647 95 22 förvalta
221 647 34 22 sin
276 647 100 23 enskilda
393 648 109 26 egendom,
519 648 45 21 dels
579 646 78 23 förbud
671 647 34 21 för
719 653 92 16 mannen
825 648 35 21 att

104 682 123 26 bortskifta,
243 682 102 26 förpanta
359 681 52 22 eller
425 682 56 27 sälja
496 682 60 22 boets
571 681 59 23 fasta
644 681 103 28 egendom
759 683 54 21 utan
822 682 37 21 hu-

104 718 72 20 struns
191 716 110 28 samtycke
317 716 38 22 och
369 716 44 22 dels
424 716 65 22 äfven
497 716 127 28 törändring
635 716 25 22 af
668 716 191 28 bestämningarna

104 757 34 15 om
152 750 112 28 betalning
279 750 25 22 af
316 750 87 22 makars
417 751 58 27 gäld.
504 751 12 21 I
530 750 118 27 anledning
663 750 24 22 af
700 750 63 22 dessa
776 750 82 28 förslag

105 785 85 22 anhöllo
209 785 123 22 Ständerna
347 785 32 22 uti
395 784 113 23 skrifvelse
522 785 34 22 för
571 786 42 21 den
627 786 28 20 22
670 785 44 27 Maj
733 787 61 25 1885,
812 786 46 26 ,att

105 820 61 22 Hans
181 820 122 27 Kejserliga
318 820 104 27 Majestät
436 820 85 22 täcktes
531 820 48 21 läta
587 821 98 26 uppgöra
696 820 39 21 och
744 818 114 28 förelägga

105 854 122 22 Ständerna
242 854 82 28 förslag
338 854 35 22 till
387 854 84 22 sädana
479 854 196 28 lagförändringar,
685 860 44 15 som
739 853 74 22 kunna
824 854 33 22 be-

104 889 69 22 finnas
195 889 90 27 egnade,
302 890 34 20 att
350 889 49 22 med
413 888 151 22 bibehållande
580 888 25 22 af
616 888 241 28 egendomsgemenska-

103 930 42 20 pen
160 924 76 21 makar
251 924 90 21 emellan
356 924 39 21 och
409 929 103 16 mannens
526 923 179 22 mälsmannarätt
719 922 33 22 för
766 923 91 21 hustrun

103 958 70 21 såsom
194 958 66 27 regel,
283 958 46 21 dels
349 957 80 22 bereda
444 959 69 20 större
527 957 68 22 frihet
609 959 27 19 än
651 956 107 22 härintills
773 958 34 20 att
821 962 36 22 ge-

102 998 50 16 nom
172 992 74 22 förord
268 992 184 22 öfverenskomma
467 998 32 15 om
514 992 62 22 säväl
591 990 158 28 eganderätten
763 990 34 22 till
811 996 45 16 som

102 1026 161 28 förvaltningen
285 1026 24 22 af
327 1027 59 27 gods,
402 1026 84 23 hvilket
500 1026 26 22 af
536 1027 77 21 makar
627 1025 81 23 införes
723 1026 8 21 i
745 1025 52 22 boet
811 1025 45 22 dels

101 1063 60 21 sätta
180 1062 44 28 gift
239 1062 80 26 gvinna
324 1055 11 39 i
355 1060 86 24 tillfälle
456 1062 33 21 att
504 1060 64 23 äfven
583 1060 38 22 der
637 1060 70 28 dylikt
721 1059 73 23 förord
808 1059 48 22 icke

101 1096 86 22 träffats
209 1097 8 21 i
239 1096 122 28 möjligaste
375 1096 70 21 mätto
460 1096 84 27 skydda
558 1095 34 22 sin
608 1094 103 28 egendom
727 1096 56 21 emot
797 1094 59 22 miss-

102 1131 55 21 bruk
172 1130 25 22 af
209 1137 103 15 mannens
327 1130 208 27 mälsmannaskap*,
551 1130 40 21 och
605 1129 40 22 har
659 1128 64 22 Hans
732 1128 124 28 Kejserliga

101 1165 104 28 Majestät
219 1172 76 20 genom
309 1171 30 16 nu
353 1164 169 28 ifrågavarande
536 1164 85 27 nådiga
634 1162 133 29 proposition
780 1162 76 22 tillmö-

100 1200 84 27 tesgätt
199 1200 71 21 denna
285 1199 132 22 Ständernas
431 1198 150 28 underdäniga
596 1197 108 23 anhällan.

168 1233 44 22 Vid
226 1233 159 28 behandlingen
401 1233 24 22 af
439 1233 69 22 denna
523 1232 83 28 nädiga
620 1231 133 28 proposition
767 1231 40 21 har
816 1230 39 22 Ut-

100 1268 81 22 skottet
195 1268 8 22 i
217 1268 91 21 främsta
323 1269 92 21 rummet
429 1269 72 20 ansett
516 1269 34 20 att
560 1267 27 21 de
597 1266 138 28 grundvalar,
744 1265 29 27 pä
779 1264 76 23 hvilka

99 1302 101 27 gällande
222 1302 179 28 äktenskapsrätt
415 1302 68 27 enligt
498 1302 58 22 hvad
576 1301 65 23 ofvan
660 1300 102 22 nämndes
777 1299 77 26 hvilar,

99 1337 53 21 eller
166 1336 277 28 egendomsgemenskapen
457 1336 34 22 för
504 1335 107 23 makarne
625 1335 40 22 och
680 1340 103 16 mannens
792 1333 64 22 mäls-

99 1372 105 20 mansrätt
221 1369 35 23 för
269 1371 91 21 hustrun
376 1370 64 22 äfven
455 1370 114 22 framdeles
583 1370 54 21 böra
651 1368 120 22 bibehällas
785 1368 70 21 säsom

98 1404 66 28 regel.
194 1404 69 22 Dessa
277 1404 109 28 principer
401 1405 34 21 stä
452 1404 68 28 enligt
534 1404 118 22 utskottets
666 1403 67 21 tanke
743 1402 8 21 i
761 1402 38 22 det
808 1403 47 19 när-

98 1440 77 22 maste
188 1439 104 23 samband
313 1439 48 23 med
380 1439 38 22 det
438 1439 8 22 i
465 1439 26 22 de
505 1438 104 23 nordiska
623 1437 79 23 landen
716 1437 8 22 i
739 1431 117 27 allmänhet
