1095 1720
288 121 25 22 18
505 120 21 23 U.
543 120 21 23 B.
580 132 29 5 —
625 121 59 27 Prop.
700 121 36 22 N:o
753 121 21 22 II.

258 183 197 26 öfverhufvudtaget
476 183 196 27 tillfyllestgörande
694 183 117 26 ersättning
825 183 33 21 för
873 183 41 21 den
929 183 79 21 arbets-

256 217 119 26 prestation
389 223 46 15 som
450 217 188 27 hållskjutsningen
652 217 120 26 innefattar,
787 217 40 21 har
836 216 116 23 utskottets
961 217 48 21 fler-

257 251 31 21 tal
311 251 54 22 dock
385 251 47 22 icke
455 251 72 21 tvekat
549 253 32 19 att
602 251 86 22 förorda
710 251 47 21 dess
776 251 90 27 höjande
881 251 33 21 till
929 251 80 22 femton

256 286 70 26 penni.
355 285 44 22 Det
413 285 39 22 har
466 285 104 27 nemligen
583 286 47 21 icke
644 285 81 22 kunnat
740 285 71 28 undgå
825 285 117 22 utskottets
956 292 54 21 upp-

257 320 149 26 mårksamhet,
424 321 31 20 att
477 319 257 27 entreprenadkostnaden
756 319 33 22 för
807 320 203 21 reservstationerna

258 354 39 22 och
319 354 147 28 skjutsningen
487 354 35 21 vid
545 355 111 26 desamma,
672 355 7 20 i
694 353 52 27 följd
761 353 22 22 af
797 355 41 20 den
853 354 109 27 möjlighet
976 354 33 21 till

256 389 66 27 högre
337 389 117 26 ersättning
468 388 33 21 för
516 389 107 21 verkstäld
638 388 145 27 reservskjuts,
795 394 45 15 som
856 389 98 26 gällande
968 388 41 21 för-

256 423 92 26 fattning
369 423 117 26 medgifver
508 424 170 25 entreprenören,
693 423 8 20 i
716 422 116 21 allmänhet
853 424 156 25 representerat

256 463 26 16 en
297 456 108 28 obetydlig
421 456 33 22 del
469 456 23 22 af
504 456 171 22 totalkostnaden
690 456 33 21 för
738 456 155 28 skjutsningens
908 456 100 28 uppehål-

256 491 69 26 lande,
341 491 111 21 hvaremot
467 492 30 20 ett
512 492 88 20 motsatt
621 490 131 22 förhållande
771 492 52 20 utan
837 490 74 22 tvifvel
925 491 84 21 komme

256 528 32 20 att
299 526 85 21 inträda
397 526 126 26 derigenom,
534 527 31 19 att
578 525 60 27 legan
649 525 33 21 för
693 524 142 28 reservskjuts
845 532 29 14 nu
889 525 121 28 föreslagits

256 560 33 22 till
304 560 43 21 lika
369 560 76 26 belopp
461 560 48 21 med
524 560 38 20 den
578 559 47 22 från
639 559 182 27 gästgifverierna,
837 562 55 18 samt
907 560 102 26 derjemte

255 595 8 21 i
277 594 141 22 betraktande
440 596 59 24 tages
521 595 32 20 att
575 595 187 25 entreprenörerne
785 594 12 20 å
812 594 197 22 reservstationer
996 590 16 34 i

255 629 68 21 likhet
344 628 49 21 med
415 628 154 27 gästgifvarene
590 634 88 15 numera
692 630 36 19 äro
744 628 92 27 betagna
851 628 29 21 all
895 628 65 27 utsigt
975 628 33 22 till

255 663 98 27 förtjenst
375 668 76 21 genom
473 662 123 27 försäljning
610 662 22 21 af
645 662 150 27 spritdrycker,
817 662 66 27 jemte
898 663 36 21 det
949 664 59 20 vänt-

255 697 121 27 ningstiden
391 696 69 21 tillika
474 696 123 22 förkortats.

323 731 47 22 Den
392 730 183 27 omständigheten
597 731 32 20 att
650 730 106 28 tillfälliga
779 730 137 28 spekulanter
940 731 67 21 under

255 765 114 28 inflytande
384 764 23 22 af
421 765 40 21 den
483 764 140 22 arbetslöshet
644 764 40 21 och
699 764 61 22 deraf
772 764 107 22 beroende
894 765 112 27 penninge-

254 800 61 25 brist,
337 806 46 15 som
406 799 26 21 de
454 799 97 21 sednaste
573 799 50 21 åren
644 798 56 22 varit
722 799 115 21 rådande
827 794 14 35 i
854 799 79 26 landet,
955 799 53 21 kun-

254 836 38 20 nat
314 834 89 26 erbjuda
427 833 88 21 resande
537 832 68 28 skjuts
628 834 56 20 emot
710 839 26 15 en
758 833 47 27 lega
821 828 12 37 ,
828 832 117 28 betydligt
967 840 41 15 un-

256 868 134 27 derstigande
405 867 41 21 den
461 867 7 20 i
482 867 35 27 lag
531 867 8 20 i
553 866 131 26 faststälda",
700 869 63 24 utgör
785 867 18 27 ej
820 869 31 19 ett
868 867 58 21 bevis
942 867 65 27 derpä

256 904 31 20 att
303 902 40 21 den
358 901 131 22 sistnämnda
511 901 67 21 skulle
597 901 112 26 öfverstiga
724 901 224 27 skjutsningsarbetets
963 902 43 26 pris

254 937 68 20 under
336 936 96 21 normala
446 935 152 22 förhållanden.
627 935 99 21 Tvärtom
742 935 90 22 erhåller
847 942 49 15 man
911 936 49 21 stöd
974 935 33 22 för

255 977 25 15 en
302 971 89 20 motsatt
410 969 135 28 uppfattning
566 975 74 21 genom
663 969 195 28 sammanställning
877 969 22 22 af
913 970 35 21 det
962 970 44 27 pris

254 1011 38 21 per
307 1006 58 19 verst
379 1005 187 26 entreprenörerne
581 1003 24 22 af
617 1003 118 27 skjutsning
745 1003 47 22 från
802 1004 205 21 reservstationerna

253 1039 96 26 betingat
371 1039 31 26 sig
424 1038 33 21 för
478 1044 28 15 nu
527 1038 106 27 ingångna
654 1037 149 27 treårsperiod,
826 1038 81 21 hvilket
922 1039 83 26 utgör
993 1033 15 36 i

253 1073 100 22 medeltal
367 1073 81 20 inemot
462 1071 97 28 tjugutvå
574 1071 39 22 och
628 1078 26 15 en
668 1071 46 22 half
726 1072 70 26 penni.

321 1107 34 21 En
377 1107 118 26 hästegare,
511 1112 45 15 som
571 1106 76 21 anlitas
662 1106 35 21 vid
712 1105 96 28 lämpligt
823 1106 89 27 tillfälle,
929 1106 26 21 då
970 1112 36 15 an-

254 1148 42 15 nan
317 1141 170 27 arbetsförtjenst
509 1140 82 27 saknas,
614 1140 42 21 kan
678 1141 133 26 naturligtvis
835 1141 63 27 åtaga
920 1141 32 27 sig
974 1143 32 19 att

254 1176 82 28 skjutsa
350 1175 33 22 för
397 1175 96 27 billigare
507 1175 50 27 pris,
573 1177 27 19 än
616 1175 40 21 den
670 1181 46 15 som
730 1175 109 22 förbinder
854 1176 32 26 sig
896 1177 33 20 att
939 1175 67 22 under

254 1217 26 16 en
302 1211 73 26 längre
396 1210 43 21 tids
461 1209 82 28 förlopp
565 1209 71 22 städse
655 1209 57 22 hålla
726 1210 32 21 sin
773 1209 49 22 häst
837 1210 69 27 färdig
920 1210 35 21 vid
970 1216 36 15 an-

253 1245 92 25 fordran,
361 1245 49 20 med
425 1244 44 21 risk
484 1246 31 19 att
537 1244 67 21 under
619 1250 26 15 en
660 1244 34 21 del
709 1244 22 21 af
744 1244 59 21 tiden
818 1245 67 20 sakna
900 1244 104 27 förtjenst.

253 1279 34 27 En
309 1277 127 26 förbättring
458 1277 22 21 af
493 1277 253 25 arbetskonjunkturerna
768 1277 96 21 kommer
879 1280 32 18 att
926 1278 79 26 hastigt

253 1311 110 23 förorsaka
378 1313 31 19 ett
424 1311 95 26 stegradt
540 1310 64 21 värde
619 1310 13 21 å
646 1310 179 28 hästdagsverken
839 1311 8 21 i
863 1311 49 21 hela
926 1312 78 20 landet.

252 1346 34 22 Då
301 1347 36 21 det
351 1352 29 14 nu
396 1345 66 27 gäller
477 1346 32 20 att
530 1345 116 21 bestämma
666 1350 25 16 en
706 1351 119 21 gemensam
841 1345 117 28 skjutslega
972 1345 32 22 för

252 1380 147 29 gästgifverier
421 1379 40 22 och
483 1379 179 27 reservstationer,
684 1379 40 21 bör
746 1380 79 21 dennas
839 1379 84 28 belopp,
940 1380 65 27 enligt

252 1416 117 22 utskottets
391 1414 61 28 åsigt,
474 1414 46 22 icke
542 1416 67 20 sättas
630 1414 58 27 lägre
710 1416 27 20 än
756 1415 40 21 den
811 1420 28 16 nu
855 1415 97 27 gällande
967 1415 37 21 all-

321 1454 188 20 Ekonomiutskottets
521 1454 113 18 betänkande
646 1455 35 17 N:o
694 1454 16 18 8.
