1098 1731
335 134 18 22 U.
371 133 19 23 B.
406 133 53 29 Prop.
477 146 24 3 —
519 133 35 24 N:o
569 133 35 23 20.
805 135 11 19 7

96 196 50 21 dets
162 195 102 29 utgifter,
287 196 53 21 med
358 195 107 23 afseende
481 196 13 21 å
508 196 62 22 hvad
592 196 71 21 redan
685 195 110 29 tillgjorts
810 195 37 22 för

96 230 28 21 de
138 230 76 21 finska
231 232 137 26 truppernas
389 230 140 28 utrustning,
552 231 73 21 måste
640 232 97 26 antagas
751 237 95 14 numera

96 264 79 21 kunna
190 264 52 21 med
257 266 72 19 större
344 264 107 21 säkerhet
469 268 29 17 än
513 264 151 21 härförinnan
682 264 99 20 förutses
803 263 43 21 och

96 297 120 22 beräknas.
245 297 121 22 Utskottet
381 297 42 22 har
437 298 77 20 derför
529 300 77 19 ansett
620 296 177 29 ifrågavarande
811 299 36 19 ut-

96 331 110 29 giftspost
228 332 79 20 kunna
331 331 117 22 nedsättas
470 331 36 21 till
529 332 92 27 250,000
643 331 64 21 mark
731 338 36 14 om
791 331 54 21 året.

96 365 12 21 I
138 366 167 28 sammanhang
331 365 94 22 härmed
455 366 97 21 utbeder
578 366 34 28 sig
640 365 130 28 Utskottet,
797 372 49 14 som

97 400 53 21 med
164 400 201 22 tillfredsställelse
387 400 110 28 iakttagit
519 400 44 21 den
586 399 141 29 sparsamhet
742 399 43 22 och
800 406 47 14 om-

98 434 70 22 tanke
192 434 90 22 landets
308 434 229 28 militärförvaltning
558 434 50 28 lagt
630 434 8 21 i
662 434 81 28 dagen,
767 435 34 20 att
823 432 24 22 få

81 478 2 2 *
98 468 122 22 framhålla
242 468 183 22 önskvärdheten
445 468 70 27 deraf,
539 471 35 19 att
591 468 154 28 bokföringen
767 467 26 22 af
812 469 35 19 ut-

98 503 102 29 gifterna
222 503 35 22 för
281 503 166 22 militieverket
470 502 77 22 blefve
576 502 88 22 ordnad
688 502 102 27 sålunda,
813 503 35 20 att

99 537 67 22 deraf
185 537 106 29 tydligen
313 537 129 29 framginge
464 537 36 21 till
523 537 80 21 hvilka
625 536 106 22 ändamål
749 536 44 22 och
811 535 37 22 till

99 571 59 21 huru
180 573 62 20 stora
259 572 84 28 belopp
362 572 27 21 de
403 571 36 21 för
455 571 88 22 diverse
559 570 43 22 och
617 570 147 22 oförutsedda
778 569 73 22 behof

100 605 112 28 anslagna
226 605 91 22 medlen
333 605 78 21 blifvit
425 605 113 26 använda,
553 605 9 21 i
577 604 78 22 stället
669 604 36 21 för
717 606 40 25 att,
773 604 75 21 såsom

100 639 82 22 hittills
198 639 67 28 skett,
281 639 176 29 ifrågavarande
476 639 96 29 utgifter
587 638 104 22 bokförts
706 637 87 23 enhvar
807 645 42 14 un-

102 673 39 22 der
159 673 84 22 kontot
264 673 36 22 för
322 673 44 22 den
385 673 144 30 utgiftstitel,
544 673 38 22 för
596 673 69 22 hvars
679 672 100 29 räkning
795 671 53 22 den-

102 715 86 15 samma
202 707 79 23 blifvit
295 708 73 29 gjord.

172 743 83 28 Enligt
268 743 131 21 Utskottets
414 742 87 29 förslag
517 742 73 21 skulle
606 741 97 22 sålunda
717 741 133 21 militiever-

102 777 50 21 kets
167 777 98 28 utgifter
279 777 73 22 under
366 777 191 22 nästkommande
572 775 155 30 finansperiod
737 775 68 22 ställa
815 775 36 28 sig

103 818 49 15 som
166 811 77 28 följer:

404 868 145 27 Afkortning.

526 909 80 36 Årligen
743 914 78 31 Summa

103 966 47 21 För
144 933 149 65 fattigdom
313 965 43 22 och
378 965 71 22 andra

132 995 53 28 laga
201 994 105 22 orsaker.
337 1010 40 5 .:.
443 1011 4 5 N
527 994 70 27 5,000:
615 1006 24 3 —
720 993 82 27 15,000:
820 1004 23 4 —

365 1063 117 21 Ordinarie
498 1063 94 28 utgifter.

104 1115 46 22 Till
164 1115 67 21 Hans
251 1114 130 29 Kejserliga
403 1114 48 21 Ma-

130 1149 83 29 jestäts
233 1148 60 28 höga
313 1147 137 30 disposition
515 1148 83 27 56,000:
614 1159 27 3 —
706 1147 97 26 168,000:
820 1158 25 3 —

104 1183 194 29 Krigsministern
327 1181 44 22 och
394 1182 56 22 hans

132 1217 77 22 kansli
224 1217 36 20 för
274 1216 75 21 finska
366 1215 84 22 militä-

133 1259 41 14 ren
199 1266 250 16 VAN
515 1250 83 27 40,000:
614 1261 28 4 —
707 1248 96 27 120,000:
819 1259 26 4 —

106 1285 255 28 Generalguvernörens
388 1283 63 29 adju-

134 1321 76 20 tanter
234 1336 4 3 .
269 1335 4 5 .
305 1335 4 4 .
409 1335 41 5 PE
517 1318 81 26 11,508:
616 1329 24 3 —
720 1316 83 27 34,524:
821 1327 24 4 —

106 1336 256 44 Generelguvernörena
376 1335 3 5 -
401 1351 50 22 stab

134 1386 36 22 för
184 1386 74 20 finska
274 1386 115 20 militären
409 1401 5 5 .
445 1400 4 4 .
516 1384 83 27 28,380:
618 1396 22 3 —
721 1383 82 27 85,140:
819 1394 28 4 —

105 1419 278 27 Befälhafvarestyrelsen
411 1434 4 5 .
447 1434 3 4 .
517 1418 83 26 91,000:
616 1429 27 3 —
707 1417 97 23 273,000:
821 1428 27 3 —

325 1458 125 27 Transport
477 1453 12 36 =
501 1457 97 27 231,888:
615 1468 25 4 —
706 1456 98 26 695,664:
821 1467 26 3 —

175 1500 143 16 Statsutskottets
331 1498 109 16 betänkande
453 1498 33 15 N:o
499 1496 16 17 3.
