1125 1739
345 123 22 30 U.
384 123 25 24 B.
422 136 28 4 —
467 124 64 29 Prop.
548 123 39 24 N:o
602 123 29 24 13.
803 123 28 22 39

108 189 7 22 i
129 189 32 22 tid
183 195 76 22 genom
281 190 105 23 vinnande
404 190 24 23 af
443 191 113 22 boskilnad
575 190 126 23 säkerställa
716 191 33 21 sin
763 189 97 22 enskilda

108 225 109 26 egendom,
232 236 28 3 —
275 224 24 22 sä
313 226 73 20 kunna
399 225 21 21 vi
434 225 19 28 ej
468 225 75 22 förena
557 231 35 16 oss
607 225 48 22 med
665 225 115 22 utskottets
790 224 70 21 flertal

107 258 7 21 i
129 258 100 22 afseende
244 259 13 21 å
272 259 41 22 den
327 259 78 21 nämda
419 259 165 28 uteslutningen,
600 261 52 20 utan
667 258 89 29 föreslå:

1087 204 17 64 nat

314 323 31 20 att
365 321 121 23 Ständerna
508 322 65 22 måtte
590 321 114 28 godkänna
723 320 15 29 $
758 322 16 21 2
791 320 9 21 i
819 321 40 21 5:te

243 355 87 28 kapitlet
344 356 70 22 sådan
429 356 41 22 den
484 356 58 27 lyder
555 357 10 20 i
575 356 166 27 propositionen.
1095 369 8 14 v

175 417 65 23 Josef
251 417 118 24 Stenbäck.
581 417 68 24 Ernst
663 417 126 24 Rönnbäck.

393 453 80 24 Albert
489 447 79 35 Öberg.
1069 435 34 86 N

175 517 10 21 I
200 517 135 23 förestående
358 518 129 22 reservation
505 518 70 22 sävidt
589 517 40 21 den
644 518 66 26 angår
724 517 14 21 2
753 516 12 27 $
779 516 15 22 5
808 517 50 27 kap.

105 552 7 22 i
126 552 63 27 lagen
204 558 34 16 om
252 552 86 23 makars
352 552 114 28 egendoms
482 552 39 22 och
536 552 60 27 gälds
611 551 148 22 förhällanden
772 550 86 22 förenar

105 588 32 26 sig

527 614 80 24 Gustaf
619 613 169 30 Langenskiöld.

458 747 40 22 HL.

173 782 94 23 Emedan
281 783 37 27 jag
333 783 18 27 ej
367 782 67 22 heller
450 782 82 22 kunnat
547 783 56 21 sluta
618 783 42 26 mig
670 782 33 21 till
711 781 42 22 den
764 782 93 27 uppfatt-

103 818 56 26 ning,
175 823 45 16 som
240 818 57 21 inom
317 817 111 22 Utskottet
442 817 57 27 gjort
514 818 31 26 sig
560 817 97 27 gällande
672 818 132 22 beträffande
819 826 36 14 ne-

103 852 134 22 dannämnda
252 852 124 27 paragrafer
390 852 8 20 i
412 851 144 27 lagförslaget,
572 852 40 21 och
627 853 51 20 enär
693 853 26 21 de
734 854 121 27 ändringar,

102 893 45 16 som
163 888 31 20 uti
209 887 62 21 dessa
286 886 124 28 paragrafer
424 886 108 27 vidtagits,
543 888 37 20 äro
590 887 83 27 ganska
682 888 124 28 väsentliga,
817 889 39 21 har

100 922 37 27 jag
152 923 71 21 ansett
237 922 43 26 mig
295 922 53 22 böra
363 921 62 22 äfven
440 922 127 21 härutinnan
583 921 112 22 framhälla
709 923 44 21 min
768 922 87 28 skiljak-

105 956 44 27 tiga
163 957 92 26 mening.

174 986 29 26 Ät
217 992 52 21 sista
283 997 63 16 mom.
366 990 24 22 af
403 991 14 21 2
432 990 11 28 $
458 991 14 21 2
487 992 49 26 kap.
556 990 39 22 har
610 991 110 22 Utskottet
734 992 61 26 gifvit
810 998 49 16 ena-
870 993 13 22 2
898 992 11 27 $
922 993 11 21 2
943 992 48 28 kap.

104 1025 71 23 handa
189 1026 86 27 lydelse,
291 1032 46 15 som
351 1025 129 27 stadgandet
493 1025 34 21 för
542 1026 132 21 närvarande
689 1026 39 22 har
742 1026 32 22 uti
784 1026 14 21 8
808 1026 11 28 $
828 1027 25 21 11

104 1060 48 28 kap.
168 1060 26 22 G.
209 1060 32 27 B.,
260 1060 136 27 hvarigenom
418 1060 66 21 orden
504 1060 50 27 ,och
569 1060 74 22 hafver
657 1060 19 26 ej
692 1061 32 21 sin
738 1060 60 22 talan
812 1060 43 22 för-

103 1094 72 22 suttit*
190 1094 47 22 frän
252 1102 63 15 mom.
331 1094 76 28 utgätt.
430 1094 34 22 Dä
478 1094 117 22 emellertid
609 1095 62 21 dessa
686 1096 38 20 ord
733 1095 122 28 pätagligen

104 1129 80 29 tillagts
199 1130 34 21 för
247 1132 32 20 att
294 1129 131 22 förekomma
441 1129 27 22 de
477 1129 161 28 förvecklingar,
649 1135 45 16 som
704 1129 96 28 uppstätt
808 1130 46 22 der-

103 1164 90 27 igenom,
209 1166 32 20 att
255 1164 92 22 nämnda
361 1164 83 26 lagrum
459 1164 80 22 tolkats
554 1164 96 27 sälunda,
660 1166 32 20 att
701 1164 102 22 hustruns
813 1165 42 21 arf-

104 1199 74 27 vingar
192 1200 81 20 ansetts
288 1200 73 20 kunna
375 1198 53 22 efter
443 1198 80 22 hennes
539 1199 42 21 död
595 1198 44 22 tala
654 1198 13 22 ä
681 1200 31 20 ett
726 1199 24 21 af
762 1205 93 16 mannen

102 1233 103 21 afslutadt
219 1233 43 27 köp
278 1238 34 16 om
327 1232 103 22 hustruns
442 1232 56 27 jord,
513 1232 62 22 äfven
590 1239 34 15 om
640 1232 41 22 den
691 1232 34 22 för
732 1233 68 21 henne
810 1233 45 27 gäl-

102 1267 63 21 lande
180 1267 213 27 preskriptionstiden
408 1266 60 27 längt
483 1266 58 22 förut
555 1267 136 27 tilländagätt
705 1266 38 22 och
753 1266 100 28 fastighe-

102 1302 36 20 ten
154 1301 120 22 sedermera
288 1300 52 22 flere
355 1300 79 28 gänger
450 1300 82 28 ombytt
546 1307 69 21 egare,
630 1300 43 22 kan
686 1301 37 27 jag
732 1300 46 22 icke
790 1303 66 20 annat

101 1335 59 21 finna
175 1337 27 19 än
217 1337 32 20 att
264 1336 37 21 det
315 1334 161 28 ifrägavarande
492 1335 96 27 tillägget
602 1335 56 22 varit
671 1334 24 22 af
708 1335 101 22 behofvet
818 1335 37 27 pä-

101 1369 89 21 kalladt.

170 1402 39 22 Uti
225 1404 11 20 1
252 1409 63 16 mom.
331 1404 23 21 af
366 1404 15 20 4
396 1403 12 27 $
423 1403 14 21 5
451 1403 50 27 kap.
517 1404 40 20 har
571 1403 112 21 Utskottet
697 1402 83 23 inflikat
788 1403 67 21 orden
867 1404 14 22 4
896 1404 8 28 $
917 1404 11 22 5
941 1405 49 26 kap.
1085 1400 14 18 4

102 1455 4 10 ,
109 1437 44 28 der
170 1438 43 22 han
228 1438 52 22 eller
295 1438 42 22 hon
347 1438 36 22 vill
394 1438 121 27 undantaga
525 1444 70 16 annan
603 1438 110 27 egendom,
721 1439 27 21 än
756 1438 6 22 i
779 1438 5 22 2
792 1444 63 16 mom.
