1103 1728
334 108 22 22 U.
372 108 23 21 B.
411 119 29 6 —
456 109 58 28 Prop.
531 109 35 22 N:o
582 108 18 23 il.
788 107 26 22 33

450 205 39 21 IV:

161 273 51 22 Min
234 273 71 22 tanke
321 278 31 23 är,
376 276 34 19 att
431 274 37 21 till
487 274 102 28 lindring
605 274 26 21 af
644 273 81 27 denna,
741 273 51 21 från
808 281 36 12 ur-

92 307 89 29 åldriga
197 307 60 22 tider
271 308 37 21 till
324 307 139 30 grundskatt
478 309 159 28 öfvergångna
660 307 134 29 skyldighet
810 309 34 20 att

91 342 136 22 underhålla
243 343 162 28 gästgifverier
421 343 42 21 och
479 345 82 26 utgöra
576 343 81 29 skjuts,
674 343 46 21 alla
736 343 108 28 tillgäng-

91 376 48 29 liga
154 377 76 21 medel
246 377 69 21 borde
332 377 91 25 anlitas,
438 376 82 22 hvilka
534 377 60 21 blott
609 377 20 28 ej
640 377 98 29 menligt
747 376 97 22 inverka

91 412 30 28 på
146 411 313 22 samfärdselförhållandena
484 412 8 20 i
514 412 52 20 vårt
588 411 61 22 land.
688 410 157 22 Alldenstund

91 445 114 21 utskottet
228 445 73 29 enligt
323 446 49 21 min
395 446 60 28 åsigt
474 446 19 28 ej
510 446 136 28 tillräckligt
661 446 94 21 beaktat
770 445 76 22 denna

91 479 98 29 princip,
214 480 26 20 så
261 480 47 21 kan
328 480 42 28 jag
393 480 18 29 ej
433 480 47 21 helt
496 480 42 21 och
553 480 76 21 hållet
641 480 90 21 ansluta
746 480 48 28 mig
809 479 36 21 till

92 514 28 21 de
143 514 93 28 åsigter,
259 514 80 22 hvilka
361 515 61 27 gjort
444 514 37 28 sig
502 514 108 28 gällande
634 514 62 22 inom
720 514 125 22 utskottets

91 548 120 29 pluralitet
226 548 39 22 vid
281 548 173 29 behandlingen
470 549 27 21 af
510 548 44 22 den
569 548 85 28 nådiga
665 548 180 29 propositionen,

92 582 43 22 och
149 582 142 30 framlägger
303 583 42 29 jag
361 582 76 22 derför
452 582 42 22 här
510 583 48 21 min
574 582 124 22 afvikande
714 582 68 29 åsigt:

160 617 149 22 Beträffande
325 620 12 24 $
353 620 12 20 3
381 617 92 22 förenar
486 618 42 28 jag
543 618 47 28 mig
605 618 9 20 i
625 617 44 22 den
680 617 25 21 af
713 617 133 29 landtdags-

92 660 101 14 mannen
208 652 138 30 Lagerstedt
362 652 88 29 afgifna
466 653 178 21 reservationen.

160 687 183 28 Bestämningen
360 688 8 20 i
383 689 11 24 &
411 688 24 20 11
453 694 36 14 om
506 686 228 29 entreprenadtidens
744 686 102 21 faststäl-

93 721 68 22 lande
177 721 37 21 till
231 723 11 19 5
259 722 24 21 är
299 729 68 14 anser
379 721 41 29 jag
436 721 117 29 olämplig,
577 723 25 26 ty
621 721 166 28 förordningen
810 728 37 14 om

93 755 359 29 skjutshällningsskyldigheten
467 755 102 22 kommer
584 757 34 19 att
635 755 30 22 bli
680 755 98 21 likasom
786 755 62 22 stäld

93 790 30 28 pä
137 797 33 21 ny
185 789 76 29 grund
277 789 140 30 derigenom,
440 792 35 19 att
495 797 86 14 samma
596 789 128 29 skjutslega
739 789 45 22 blir
799 789 48 28 gäl-

93 824 69 21 lande
183 824 37 21 för
240 823 293 30 reservgästgifvargärdar
555 831 48 14 som
625 824 36 21 för
684 824 114 21 ordinarie
814 825 34 20 sä-

93 859 66 26 dana,
183 858 90 21 hvilket
299 858 4 21 i
325 859 56 21 vära
404 858 374 22 kommunikationsförhällanden
801 858 46 21 kan

93 893 104 22 medföra
213 893 86 21 sädana
313 893 171 28 förändringar,
500 893 79 21 hvilka
594 901 55 13 man
664 892 39 22 vid
719 892 129 23 anordnan-

94 927 39 22 det
155 927 26 22 af
201 927 245 29 gästgifvargärdarna
468 927 19 28 ej
512 935 40 14 ens
568 927 90 22 kunnat
672 926 94 29 förutse,
781 927 67 22 hvar-

93 962 101 22 förutom
210 961 69 22 äfven
295 969 84 21 genom
394 961 142 22 förbättrade
558 961 232 26 kommunikationer,
813 962 35 21 sä-

94 1004 48 14 som
155 996 132 29 jernvägar,
302 996 102 27 kanaler,
419 996 242 28 hamnanläggningar
683 996 43 21 och
744 996 104 28 byggan-

94 1031 39 21 det
148 1029 25 23 af
187 1038 47 21 nya
249 1030 145 28 landsvägar,
410 1029 152 22 samfärdseln
577 1029 117 28 förflyttar
708 1030 36 28 sig
759 1030 52 21 frän
820 1038 28 13 en

94 1067 37 19 ort
145 1064 37 21 till
198 1072 28 13 en
243 1072 83 13 annan.
357 1064 36 21 Dä
409 1064 27 21 de
451 1071 84 21 genom
555 1071 29 14 en
606 1064 72 21 sädan
700 1064 148 29 förflyttning

94 1099 26 22 af
140 1098 152 22 samfärdseln
314 1098 133 29 uppkomna
470 1098 239 27 missförhällandena,
732 1098 8 21 i
762 1098 42 22 fall
821 1099 27 21 de

94 1133 62 29 finge
171 1133 108 27 fortvara,
303 1133 74 20 skulle
393 1132 73 22 blifva
482 1133 41 21 allt
537 1140 49 14 mer
600 1133 109 23 känbara,
729 1140 67 14 anser
808 1133 41 28 jag

94 1167 177 28 bestämningen
286 1167 8 20 i
304 1174 33 14 nu
348 1167 107 28 gällande
464 1167 136 28 förordning
611 1174 55 14 vara
677 1169 34 19 att
721 1167 127 28 föredraga,

94 1202 97 21 hvilken
206 1201 126 22 fastställer
348 1201 218 28 entreprenadtiden
581 1201 36 22 till
633 1203 35 20 tre
683 1201 55 21 eller
753 1201 47 22 fem
818 1202 30 20 är.

163 1235 47 22 Vid
224 1235 172 29 behandlingen
411 1235 26 22 af
450 1235 10 28 $
478 1238 25 19 29
519 1235 41 22 har
582 1235 126 22 utskottets
730 1235 120 29 pluralitet

94 1273 58 19 utan
167 1270 136 28 förändring
318 1270 104 28 godkänt
443 1269 86 29 nädiga
550 1270 180 29 propositionen,
753 1270 96 21 hvilken

93 1305 41 28 jag
149 1312 67 14 anser
231 1311 54 15 vara
301 1312 28 13 en
345 1305 111 28 ätergäng
471 1305 37 21 till
524 1304 44 21 den
583 1304 69 25 förra,
668 1304 33 21 för
711 1303 139 30 jordegaren

97 1346 63 14 mera
174 1339 103 21 kostsam
291 1338 119 22 blifvande
425 1339 197 28 organisationen;
644 1341 26 25 ty
686 1345 37 14 om
746 1346 53 13 man
822 1346 28 14 en

97 1373 62 27 gäng
182 1372 66 26 afser,
271 1373 74 20 säsom
362 1372 69 20 äfven
446 1372 72 20 redan
533 1379 31 13 nu
584 1375 25 17 är
631 1371 161 27 förhällandet,
816 1374 34 18 att

97 1405 146 29 gästgifveri-
259 1406 42 21 och
317 1405 211 29 skjutshällningen
545 1405 41 21 bör
601 1412 66 14 anses
683 1405 74 21 såsom
774 1412 28 14 en
817 1405 33 21 bi-

97 1440 179 29 sysselsättning
291 1440 36 21 för
339 1439 175 30 jordbrukaren,
530 1440 25 21 sä
570 1446 67 14 anser
649 1439 42 29 jag
702 1439 38 22 det
749 1439 21 29 ej
778 1440 73 28 lämp-

168 1480 189 19 Ekonomiutskottets
370 1480 114 18 betänkande
498 1481 34 17 N:o
545 1480 17 17 8.

773 1516 9 16 3
