1111 1748
370 141 23 19 U.
408 141 21 19 B.
445 152 27 3 —
487 142 59 25 Prop.
560 142 37 19 N:o
613 143 28 19 21.
850 142 27 20 49

157 201 42 20 bör
221 200 8 21 i
252 201 80 28 vanlig
354 202 98 29 ordning
468 203 130 28 föreläggas
613 203 173 22 vederbörande
802 203 98 28 myndig

156 234 46 27 het,
224 241 55 20 som,
301 235 9 20 i
332 235 110 22 händelse
463 237 72 27 något
558 237 8 21 i
584 237 182 28 handlingarnas
781 237 121 28 kartering

135 292 4 7 ,
157 268 103 22 befinnes
274 269 120 27 åsidosatt,
409 269 95 29 pröfvar
519 271 61 22 hvad
595 271 109 22 afseende
716 271 14 21 å
739 271 161 28 ansökningen

156 302 83 22 hafvas
253 303 43 22 må.

224 337 70 22 Hvad
309 338 98 23 sålunda
421 346 38 14 om
473 339 151 28 tjenstemans
642 339 149 28 ansvarighet
806 343 25 18 är
841 339 61 22 stad-

157 373 63 28 gadt,
243 373 37 21 må
303 373 60 21 dock
385 373 21 28 ej
422 373 117 29 tillämpas
555 374 13 21 å
582 375 70 28 prest,
668 373 30 22 då
713 374 189 29 äktenskapsför-

158 407 41 21 ord
214 407 36 21 för
265 407 84 22 honom
364 410 90 25 upptes.

499 472 14 25 8
528 472 34 21 21.

226 511 43 21 Om
292 511 126 29 stämpling
440 512 26 21 af
488 511 86 22 sådana
596 514 78 26 öppna
696 511 53 22 bref
762 512 14 21 å
791 512 114 27 embeten,

158 545 150 28 värdigheter
331 545 44 22 och
397 545 89 28 afsked,
505 553 49 14 som
569 545 26 22 af
607 546 66 21 Hans
688 545 133 29 Kejserliga
835 546 69 29 Maje-

159 581 46 20 stät
220 580 157 29 egenhändigt
392 580 177 28 undertecknas,
587 580 102 29 besörjer
704 581 45 22 den
757 581 148 26 embetsman,

159 621 49 15 som-
230 615 96 21 ärendet
348 615 9 21 i
379 615 101 22 Senaten
501 615 134 29 föredragit.
666 615 54 22 Men
735 616 36 21 för
785 616 121 27 kartering

159 649 26 22 af
207 649 28 22 de
258 649 165 29 expeditioner,
447 657 48 15 som
511 650 112 29 antingen
638 650 27 21 af
678 650 102 22 Senaten
795 650 55 22 eller
866 657 38 14 an-

159 684 41 21 dra
215 684 147 23 embetsverk
377 684 112 28 utfärdas,
505 691 66 16 svare
586 684 45 23 den
647 684 146 29 tjensteman,
809 692 49 15 som
869 692 35 14 ex-

159 718 136 29 peditionen
318 719 187 28 kontrasignerat
529 719 63 27 eller,
612 719 40 22 der
667 719 203 28 kontrasignation
884 719 21 28 ej

160 755 39 26 egt
214 760 56 21 rum,
287 753 132 22 densamma
433 753 110 22 utfärdat.

228 788 45 22 För
288 787 74 30 öfrigt
376 788 37 21 mä
427 788 21 28 ej
465 788 77 28 nägon
557 789 7 20 i
580 788 72 29 tjenst
674 788 97 21 insättas
787 788 55 21 eller
857 788 50 21 der-

161 823 53 21 med
236 823 110 22 förenade
371 823 171 21 löneförmäner
566 823 44 21 och
635 822 139 29 rättigheter
797 822 109 29 tillgodo-

161 858 73 28 njuta,
255 857 73 22 innan
343 857 47 23 han
404 857 111 22 fullmakt
530 857 55 22 eller
600 857 155 22 förordnande
771 857 14 21 &
800 857 108 28 behörigt

161 892 126 29 stämpladt
306 900 89 21 papper
409 892 73 22 utlöst
498 892 43 22 och
556 892 118 29 uppvisat,
689 891 124 22 hvaröfver
827 892 79 21 veder-

162 926 101 22 börande
280 926 56 22 chef
349 933 55 22 eger
417 926 73 22 hafva
505 926 87 29 tillsyn.

504 991 13 25 $
532 990 33 21 22.

233 1030 87 22 Finnes
343 1030 66 22 vexel
432 1029 73 22 sakna
527 1029 97 29 stämpel
647 1029 56 22 eller
718 1036 55 15 vara
789 1029 119 22 ofullstän-

163 1066 51 28 digt
229 1065 113 28 karterad,
359 1065 54 21 böte
427 1064 168 22 innehafvaren
614 1064 69 21 deraf
696 1063 160 29 tjugufaldiga
871 1064 37 20 be-

163 1100 80 29 loppet
264 1100 27 21 af
312 1099 46 22 den
379 1099 120 21 bristande
514 1098 204 30 stämpelafgiften,
735 1098 60 22 dock
809 1098 21 29 ej
846 1098 8 21 i
870 1098 40 21 nä-

163 1136 41 26 got
219 1134 42 22 fall
277 1134 90 22 mindre
383 1136 29 19 än
426 1133 70 29 tjugu
511 1133 71 22 mark.
612 1132 89 23 Varder
716 1132 122 22 okarterad
854 1132 56 22 eller

163 1168 141 28 bristfälligt
321 1168 108 21 karterad
443 1167 68 22 vexel
527 1168 25 21 af
565 1166 196 29 bankinrättning
775 1169 133 27 emottagen

163 1203 56 21 eller
234 1202 137 22 äsidosättes
390 1202 4 21 i
411 1202 194 28 bankinrättning
624 1201 42 22 vid
680 1201 140 29 utgifvande
835 1202 26 21 af
874 1208 36 14 ve-

163 1237 38 22 xel
223 1237 63 23 hvad
310 1245 37 14 om
371 1237 80 22 vexels
473 1237 119 28 kartering
615 1239 25 19 är
655 1236 116 29 stadgadt,
786 1243 54 15 vare
856 1236 54 21 ban-

164 1273 57 21 kens
243 1272 98 29 styrelse
363 1271 56 22 eller
440 1271 45 22 den
507 1271 183 22 bankkontorets
710 1271 85 22 rörelse
811 1271 100 21 förestär

165 1308 118 21 dessutom
300 1306 111 23 förfallen
433 1305 37 22 till
491 1306 74 29 böter,
580 1305 8 21 i
604 1307 34 20 ett
653 1305 37 22 för
704 1305 48 26 allt,
768 1305 53 22 frän
836 1305 74 28 femtio

164 1341 38 22 till
217 1343 93 20 ettusen
324 1341 73 22 mark.

235 1376 50 21 Har
307 1375 79 28 inlaga
408 1375 55 21 eller
480 1375 84 28 bilaga,
582 1381 77 14 annan
675 1378 29 17 än
720 1375 74 26 vexel,
809 1374 41 22 vid
864 1382 45 13 em-

165 1411 109 22 betsverk
289 1410 81 22 blifvit
385 1411 138 26 emottagen,
539 1409 57 21 eller
610 1408 141 28 expedition,
768 1415 49 14 som
832 1411 24 18 är
871 1409 39 20 be-

165 1446 98 28 hörigen
284 1444 187 27 underskrifven,
493 1443 103 22 derifrän
620 1443 116 28 utgifvits,
758 1443 37 21 mä
810 1443 37 21 för
866 1442 43 22 bri-

234 1485 205 24 Bevillningsutskottets
451 1484 106 19 betänkande
569 1483 34 20 N:o
615 1484 17 16 5.
831 1483 11 16 4
