1095 1748
225 146 32 34 54
435 152 23 19 U.
473 152 21 19 B.
510 163 27 3 —
557 152 58 24 Prop.
630 152 37 19 N:o
682 152 28 20 21.

202 211 44 22 och
262 212 109 28 lämplige
387 213 59 20 samt
461 212 68 21 ställa
544 212 105 27 antaglig
664 212 114 21 säkerhet.
808 213 36 20 Då
860 212 91 28 försälj-

203 246 123 28 ningsman
348 246 80 21 blifvit
450 246 125 21 förordnad
593 246 43 21 och
656 246 171 29 försäljningen
845 247 47 22 kan
913 247 37 21 be-

202 287 87 21 gynna,
304 280 60 22 skall
380 280 77 22 derom
472 280 7 21 i
495 281 94 21 stadens
604 281 56 21 eller
670 281 114 21 socknens
795 281 89 28 kyrkor
893 281 59 22 kun-

202 318 75 25 göras.
307 314 79 23 Större
400 314 85 29 belopp
501 315 125 28 stämpladt
641 322 88 21 papper
741 315 43 22 och
794 315 159 29 stämpelmär-

202 348 46 22 ken
263 352 30 19 än
308 349 46 28 det,
369 349 95 22 hvarför
478 349 108 22 säkerhet
601 349 80 22 blifvit
695 349 68 29 stäld,
779 350 37 21 mä
826 350 21 29 ej
858 349 39 22 till
907 350 45 21 för.

203 383 169 29 säljningsman
392 383 111 29 utgifvas,
519 384 51 21 icke
585 384 73 22 heller
673 386 54 26 nytt
741 384 77 29 förlag
832 384 66 22 deraf
912 384 40 21 ho-

203 425 53 14 nom
278 417 95 28 lemnas,
398 417 73 22 innan
492 418 46 22 han
560 418 38 22 till
617 418 179 22 landtränteriet
813 419 140 21 inlevererat

204 451 121 30 betalning
347 453 37 21 för
407 452 61 22 hvad
491 453 92 22 utöfver
603 452 44 22 den
663 453 75 21 stälda
753 453 138 22 säkerheten
906 453 46 22 kan

203 486 135 29 regvireras,
354 487 125 22 hvaröfver
495 487 40 21 det
549 487 90 28 äligger
653 487 177 22 landskontoret
845 489 35 20 att
890 494 61 22 noga

203 521 66 21 vaka.

271 555 12 21 I
297 555 31 21 all
343 555 110 22 händelse
468 559 25 18 är
507 556 205 29 försäljningsman
727 555 93 30 pligtig,
835 557 35 20 att
880 555 71 22 minst

203 589 81 28 hvarje
302 589 62 22 halft
379 590 25 21 år
418 589 123 30 betalning
555 591 37 21 för
607 589 100 23 försälda
723 590 79 21 kartor
816 590 136 22 inleverera.

203 623 51 22 Blir
273 623 8 22 i
297 623 83 22 sädant
396 624 108 22 afseende
520 625 78 28 nägon
613 624 272 29 penningeförsändning
900 624 52 22 med

203 659 83 28 posten
301 658 25 21 af
338 657 84 30 nöden,
433 659 91 28 ätnjute
534 659 205 29 försäljningsman
749 659 72 22 frihet
830 659 52 22 frän
893 659 59 22 bäde

203 694 67 26 porto
293 692 43 22 och
358 693 211 29 assuransafgifter,
589 693 25 22 sä
633 693 44 21 ock
697 693 36 22 för
748 693 31 22 all
794 700 77 15 annan
886 693 8 22 i
910 693 42 22 och

204 727 37 20 för
255 727 57 21 hans
328 727 132 29 befattning
475 728 136 29 erforderlig
625 727 191 29 korrespondans.

272 761 89 26 Genom
376 761 162 23 Guvernörens
553 763 8 20 i
578 762 107 29 Wiborgs
700 763 40 20 län
754 762 91 28 försorg
856 763 96 27 antages

202 795 87 28 jemväl
298 795 41 22 vid
349 795 77 22 finska
436 797 218 28 passexpeditionen
666 797 8 20 i
686 797 35 22 S:t
731 797 139 28 Petersburg
881 796 71 28 lämp-

203 829 34 28 lig
253 829 211 29 försäljningsman,
484 831 96 21 hvilken
595 837 53 22 eger
664 830 178 22 tillhandahålla
857 829 95 22 allmän-

204 863 70 21 heten
297 863 28 23 de
344 864 91 22 valörer
454 865 25 21 af
497 865 125 28 stämpladt
635 871 89 23 papper
739 865 43 22 och
797 864 156 29 stämpelmär-

204 898 53 26 ken,
265 904 48 16 som
321 898 36 22 för
367 898 111 22 behofvet
487 900 119 21 derstädes
615 900 80 20 kunna
705 899 123 22 erfordras.
850 898 103 22 Nämnde

204 932 205 29 försäljningsman
428 933 103 29 åtnjuter
548 934 53 28 fyra
615 936 96 26 procent
725 934 9 21 i
749 934 119 28 provision
880 933 73 29 jemte

205 966 61 22 skild
282 968 130 28 ersättning
426 968 37 21 för
477 971 66 25 porto
559 969 43 21 och
617 975 116 21 assurans,
748 970 60 20 samt
823 968 79 21 ställer
918 968 35 28 sig

204 1001 37 21 för
263 1001 71 29 öfrigt
352 1002 38 21 till
408 1002 155 22 efterrättelse
579 1002 46 22 alla
639 1002 28 22 de
684 1002 154 28 föreskrifter,
853 1009 49 15 som
917 1002 37 22 för

205 1035 76 29 öfriga
303 1036 204 29 försäljningsmän
530 1040 39 19 äro
592 1037 107 29 gällande
722 1039 59 19 samt
799 1037 27 21 af
838 1036 116 22 Minister-

206 1070 223 22 Statssekreteraren
445 1071 58 21 efter
517 1071 177 22 förhållandena
709 1072 79 21 kunna
803 1070 123 23 anordnas.

273 1104 50 22 Hos
346 1105 28 21 de
396 1105 97 22 sålunda
511 1108 101 26 antagne
629 1106 252 28 försäljningsmännen
900 1112 54 22 eger

206 1138 95 27 kronan,
315 1139 9 21 i
339 1138 110 23 händelse
464 1139 27 21 af
503 1140 82 21 balans
600 1140 56 22 eller
670 1140 120 22 bristande
800 1139 153 29 redogörelse,

206 1172 35 21 för
256 1172 263 30 kartasigillatamedlen
535 1181 85 15 samma
630 1174 150 22 förmånsrätt
790 1181 50 15 som
850 1174 42 22 hos
902 1174 52 22 kro-

206 1214 59 14 nans
279 1207 173 29 uppbördsmän
468 1208 7 21 i
491 1208 131 22 allmänhet.

549 1274 13 25 $
577 1273 34 21 34.

274 1311 88 28 Hvarje
377 1311 241 29 försäljningskontor,
634 1312 25 21 så
674 1312 8 20 i
698 1311 51 22 stad
765 1318 49 15 som
826 1313 31 27 på
866 1311 88 29 landet,

207 1344 59 21 skall
286 1345 46 21 alla
350 1345 157 29 söcknedagar
527 1346 53 21 från
595 1345 100 22 klockan
710 1346 40 21 nio
765 1346 49 21 före
829 1346 125 29 middagen

206 1379 38 22 till
266 1379 37 29 sju
326 1380 59 22 efter
404 1380 124 29 middagen
542 1381 74 21 hållas
631 1382 77 27 öppet.
738 1381 111 22 Beträdes
865 1381 89 30 försälj-

207 1415 123 28 ningsman
345 1415 53 22 med
413 1415 157 22 försummelse
585 1415 55 22 eller
655 1415 63 22 visar
733 1416 46 22 han
790 1417 99 28 ogenhet
899 1416 56 22 eller

206 1450 65 21 beter
294 1449 36 29 sig
349 1449 157 29 otillständigt
525 1453 60 19 emot
605 1450 162 29 allmänheten,
785 1451 71 22 varde
873 1452 82 27 genast

276 1491 205 23 Bevillningsutskottets
493 1491 108 19 betänkande
613 1491 35 18 N:o
661 1493 17 16 5.
