1123 1756
259 151 13 21 2
439 151 70 22 Ständ.
525 151 32 21 Sv.
573 163 26 2 —
616 151 58 26 Prop.
689 151 34 20 N:o
737 149 37 23 26.

299 212 8 21 I
329 212 142 22 förevarande
493 213 80 27 nådiga
594 212 135 27 proposition
751 211 114 26 beräknas,
883 211 28 27 på
926 217 54 21 upp-

230 248 67 25 tagna
312 247 53 26 skäl,
381 246 41 21 den
437 247 68 26 årliga
519 247 281 26 tillverkningsqvantiteten
815 245 24 22 af
846 245 93 21 bränvin
948 245 33 20 för

231 281 52 21 åren
300 281 139 21 1889—1891
455 281 31 21 till
500 281 114 27 2,400,000
628 281 91 26 kannor,
735 280 80 21 hvilket
825 280 77 27 belopp
913 280 7 20 i
930 285 51 22 pro-

231 315 122 27 positionen
369 315 120 22 evalverats
504 315 31 21 till
549 315 115 28 6,000,000
674 315 52 21 liter.
756 315 123 21 Inkomsten
890 314 24 21 af
922 314 58 22 skat-

230 351 37 20 ten
288 349 33 22 för
343 349 163 28 tillverkningen
527 352 105 25 upptages
656 350 53 25 åter,
731 349 50 22 med
804 349 135 28 tillämpning
961 348 23 22 af

232 384 41 21 den
292 384 211 27 tillverkningsskatt,
522 386 27 20 65
570 384 66 28 penni
651 390 38 21 per
707 384 53 27 liter,
777 390 47 15 som
839 383 120 28 föreslagits
975 383 6 21 i

231 419 79 28 nådiga
325 419 163 28 propositionen
503 419 112 28 angående
631 419 36 21 det
681 419 103 21 metriska
799 419 64 21 mått-
875 419 42 21 och
926 419 55 26 vigt-

232 456 115 25 systemets
369 454 139 27 användning
529 455 36 20 vid
591 454 135 27 tillverkning
748 454 42 21 och
812 453 127 28 försäljning
961 453 24 21 af

232 488 97 27 bränvin,
349 489 32 21 till
398 488 114 27 3,900,000
532 489 62 21 mark
612 489 82 26 årligen
711 488 69 22 under
797 488 146 21 instundande
957 487 24 22 fi-

231 523 138 28 nansperiod,
385 523 84 21 hvartill
483 523 87 22 komme
585 522 244 28 utskänkningsskatten
844 523 49 21 med
904 523 77 26 30,000

233 559 60 20 mark
309 560 56 19 samt
380 557 181 28 kontrollafgiften
576 557 48 22 från
643 557 222 22 destillationsverken
879 557 102 21 likaledes

232 593 49 21 med
296 593 79 26 30,000
389 592 67 27 mark,
472 592 87 22 hvadan
574 592 85 23 således
673 592 196 21 bruttoinkomsten
885 591 23 22 af
916 591 65 22 brän-

231 627 135 22 vinsskatten
373 627 69 22 under
449 627 96 21 nämnda
553 627 145 28 finansperiod
705 627 117 21 beräknats
830 627 30 20 till
868 626 113 28 3,960,000

232 662 61 21 mark
308 662 33 21 för
356 662 29 21 år.

300 696 121 22 Ständerna
436 696 66 22 hafva
517 697 81 28 jemväl
613 697 6 21 i
635 696 225 23 öfverensstämmelse
875 697 50 21 med
940 696 41 22 den

232 732 79 27 nådiga
327 732 163 28 propositionen
505 732 125 28 uppskattat
645 731 42 22 den
703 732 67 27 årliga
784 731 198 22 bränvinstillverk-

232 767 80 27 ningen
329 766 69 22 under
415 767 144 21 instundande
578 767 147 27 finansperiod
747 766 30 21 till
800 766 113 27 2,400,000
927 767 54 21 kan-

232 808 47 20 nor,
300 808 50 15 men
369 801 106 22 beräknat
494 802 128 21 densamma
641 801 7 21 i
663 801 103 22 litermått
780 801 31 21 till
826 801 43 27 6!/,
883 801 99 27 miljoner

232 836 53 22 liter.
315 835 46 23 Och
377 836 28 21 då
419 836 128 27 Ständerna,
567 836 65 27 enligt
649 836 58 21 hvad
725 836 134 21 Ständernas
874 835 108 22 underdå-

233 871 50 27 niga
305 870 179 27 svarsskrifvelse,
508 870 6 21 i
537 870 116 28 anledning
678 870 23 21 af
722 870 159 22 ofvanberörda
903 870 80 27 nådiga

233 905 141 28 proposition,
397 905 113 27 angående
530 907 183 26 metersystemets
732 905 135 28 tillämpning
886 905 36 22 vid
941 905 40 21 till-

233 940 104 28 verkning
352 940 41 22 och
409 940 125 28 försäljning
549 940 23 22 af
584 940 92 22 bränvin
692 940 41 21 och
747 940 68 22 andra
831 940 150 28 spritdrycker,

232 975 88 27 utvisar,
342 974 86 23 beslutit
447 977 32 19 att
497 975 234 27 tillverkningsskatten
751 975 54 21 skall
823 976 52 26 utgå
890 975 49 21 med
954 974 28 22 62

232 1009 65 27 penni
317 1016 38 21 per
374 1009 53 27 liter,
446 1010 88 22 komme
553 1010 124 22 inkomsten
695 1009 23 22 af
736 1009 165 28 ifrågavarande
923 1009 58 22 skatt

233 1044 52 22 efter
304 1044 71 22 denna
394 1044 119 28 beräkning
532 1047 31 19 att
583 1045 72 27 uppgå
672 1044 31 22 till
718 1044 115 27 3,875,000
848 1044 66 22 mark.
944 1044 38 22 Ut-

232 1079 221 27 skänkningsskatten
468 1079 42 21 och
528 1078 183 28 kontrollafgiften
726 1078 48 22 från
790 1078 191 22 destillationsver-

231 1113 43 21 ken
288 1113 65 22 hafva
368 1113 122 22 Ständerna
504 1113 7 21 i
526 1114 66 22 likhet
607 1114 50 21 med
672 1114 42 22 den
729 1114 79 27 nådiga
818 1113 165 28 propositionen

232 1147 106 21 beräknat
357 1148 31 20 till
407 1148 77 26 30,000
503 1148 61 21 mark
579 1148 112 21 hvärdera.
721 1148 9 20 I
744 1148 94 27 enlighet
854 1148 49 22 med
918 1148 64 22 dessa

232 1181 145 28 beräkningar
392 1181 67 23 skulle
474 1182 85 22 således
574 1182 49 22 hela
643 1182 123 22 inkomsten
781 1181 24 23 af
817 1182 164 22 bränvinsskat-

230 1218 38 20 ten
279 1216 69 22 under
359 1217 53 21 åren
421 1216 138 22 1889—1891
569 1217 88 22 komma
665 1219 32 19 att
704 1216 78 28 belöpa
790 1217 33 27 sig
830 1217 31 21 till
868 1217 115 27 3,935,000

232 1250 61 22 mark
309 1257 36 15 om
361 1251 52 21 året.

299 1285 28 21 Af
341 1285 26 22 de
382 1285 82 27 anslag,
479 1292 49 15 som
543 1285 48 22 från
606 1285 65 22 dessa
685 1285 70 22 medel
769 1286 7 20 i
791 1285 90 22 främsta
889 1288 92 19 rummet

231 1318 62 21 skola
307 1319 58 26 utgå,
386 1320 39 20 äro
443 1319 147 21 kostnaderna
605 1319 34 21 för
653 1319 93 21 kontroll
761 1319 60 22 öfver
835 1319 146 22 bränvinstill-

231 1353 132 28 verkningen
378 1353 7 20 i
401 1353 41 22 den
457 1353 80 28 nådiga
551 1353 165 28 propositionen
730 1355 111 26 upptagna
851 1354 31 21 till
889 1354 93 27 200,000

230 1387 61 22 mark
306 1388 51 22 eller
371 1387 79 28 30,000
464 1387 62 22 mark
541 1393 46 16 mer
605 1389 29 20 än
645 1387 57 22 hvad
712 1387 47 23 utaf
767 1390 74 21 senast
851 1388 130 23 församlade

231 1422 92 22 Ständer
345 1422 7 22 i
367 1423 60 21 detta
445 1422 102 22 afseende
562 1423 143 22 beräknades.
734 1422 53 23 Som
802 1423 57 23 dock
873 1424 108 28 ifrägava-

230 1457 67 22 rande
312 1457 122 28 kostnader,
451 1457 45 22 deri
511 1457 144 22 inberäknadt
670 1458 142 23 restituerade
828 1459 75 28 medel,
916 1459 65 28 enligt
