1111 1756
433 157 53 23 N:o
510 157 52 23 22%.

395 455 66 21 Hans
484 454 144 27 Kejserliga
645 453 137 27 Majestäts
798 453 74 26 nädiga

329 495 125 27 proposition
481 494 29 21 till
536 494 92 21 Finlands
652 493 92 27 Ständer,
767 493 104 27 angäende

328 534 178 27 bevillningsafgift
521 535 31 21 för
570 534 67 21 tobak.

192 604 48 21 Den
262 602 194 28 bevillningsafgift,
479 609 46 14 som
548 602 48 21 med
619 602 127 21 Ständernas
764 601 109 28 samtycke

121 638 70 22 blifvit
213 644 75 21 genom
311 637 63 28 nådig
396 637 123 26 förordning
541 637 22 21 af
585 637 40 20 den
644 638 25 19 29
685 636 116 21 December
818 637 54 20 1885

121 672 106 28 pähjuden
252 674 33 19 att
311 672 106 27 uppbäras
439 671 33 22 för
494 671 130 27 importerad
646 671 65 22 tobak
734 670 65 21 under
822 670 51 21 åren

123 709 140 20 1886—1888
286 706 71 21 såsom
379 706 75 27 bidrag
472 705 33 21 till
523 705 134 22 bestridande
672 705 24 20 af
709 705 116 27 utgifterna
840 704 33 21 för

121 741 82 22 landets
222 740 177 25 militärväsende,
418 747 37 14 var
469 740 108 21 beräknad
593 742 31 19 att
639 739 96 27 inhringa
750 745 26 15 en
790 745 83 15 summa

122 776 23 21 af
160 776 111 27 1,100,000
286 775 60 21 mark
363 780 34 15 om
412 774 51 21 året.

192 810 66 21 Detta
273 809 78 27 belopp
367 815 61 21 synes
444 808 62 22 äfven
520 809 85 21 komma
620 810 32 20 att
666 808 79 27 inflyta.
776 807 97 28 Uppbör-

123 845 40 21 den
178 844 61 21 deraf
248 844 39 21 har
302 844 104 27 nemligen
421 843 90 28 uppgätt
527 843 23 22 är
566 845 53 20 1886
635 843 32 21 till
685 843 111 26 1,114,850
812 842 61 21 mark

124 881 25 20 17
173 879 61 27 penni
257 879 39 21 och
320 881 38 19 121
383 879 61 20 rubel
460 880 26 19 60
501 879 49 26 kop.
566 880 55 19 samt
635 878 67 21 under
716 877 25 21 de
756 880 33 18 tre
805 876 68 22 första

124 913 110 27 gvartalen
249 913 23 21 af
286 913 23 21 år
326 915 53 19 1887
394 913 34 20 till
444 913 90 26 854,023
551 912 61 21 mark
628 914 26 19 70
669 912 79 27 penni
734 906 10 38 i
759 911 64 21 finskt
834 910 39 22 och

123 949 26 20 62
165 948 59 21 rubel
239 948 8 21 i
262 947 59 28 ryskt
336 949 64 25 mynt.

193 982 42 21 För
251 981 39 22 den
305 981 38 27 tid,
358 981 160 27 ifrågavarande
533 981 186 27 bevillningsafgift
734 981 54 21 varit
799 981 74 26 päbju-

123 1017 46 26 den,
185 1017 39 20 har
240 1023 25 14 en
280 1016 135 27 nedsättning
430 1016 7 21 i
452 1015 153 28 tullafgifterna
624 1015 33 21 för
672 1016 57 21 vissa
743 1016 46 26 slag
805 1015 22 22 af
840 1018 33 18 to-

122 1051 43 21 bak
180 1050 126 27 medgifvits.
329 1050 110 21 Huruvida
455 1049 67 22 denna
536 1050 134 27 nedsättning
685 1050 55 21 varit
754 1049 120 28 nödvändig

122 1085 28 28 pä
165 1085 35 21 det
216 1087 32 19 att
263 1085 140 21 statsverkets
418 1084 69 21 fördel
502 1085 46 20 icke
562 1084 69 21 skulle
646 1090 75 21 genom
737 1084 137 21 öfverhöfvan

123 1120 52 27 dryg
189 1119 136 27 beskattning
341 1119 125 27 äfventyras,
482 1119 43 21 kan
540 1118 18 27 ej
570 1119 48 20 med
628 1117 37 22 full
676 1119 79 21 visshet
766 1118 108 22 bedömas.

123 1155 10 20 I
148 1154 73 26 hvarje
236 1153 37 22 fall
289 1160 62 20 synas
367 1159 93 21 numera,
476 1155 50 19 enär
545 1153 39 21 den
600 1153 97 27 stegrade
712 1153 163 27 beskattningen

121 1189 14 20 å
151 1189 66 21 tobak
232 1188 107 21 alltsedan
355 1188 39 21 den
410 1190 26 19 20
452 1189 50 20 Juni
522 1189 53 20 1882
591 1187 69 22 blifvit
675 1187 117 27 tillämpad,
808 1187 67 28 högre

123 1223 109 20 tullsatser
247 1222 12 21 å
275 1222 68 21 denna
366 1223 76 20 artikel
465 1222 47 21 åter
533 1223 70 20 kunna
625 1224 51 19 utan
692 1222 111 27 olägenhet
819 1228 55 15 sam-

123 1256 83 22 manstä
228 1256 49 21 med
299 1257 26 20 de
347 1256 69 22 såsom
440 1256 115 27 bevillning
576 1256 106 27 utgående
704 1255 91 28 afgifter.
825 1256 50 21 Med

124 1291 99 21 afseende
245 1291 53 20 härå
317 1291 38 20 och
370 1291 89 20 emedan
474 1290 36 21 det
525 1291 46 20 icke
586 1291 78 20 kunnat
679 1290 102 21 undvikas
797 1292 32 19 att
844 1290 31 21 ef-

123 1325 90 21 terhand
229 1325 41 21 öka
285 1325 26 20 de
327 1325 147 26 statsutgifter,
490 1325 71 20 hvilka
574 1325 52 20 böra
637 1325 47 20 med
695 1325 106 20 allmänna
811 1326 64 19 stats-

122 1359 88 22 fondens
232 1359 114 26 tillgångar
365 1359 110 26 bestridas,
493 1359 97 21 kommer
605 1365 25 15 en
646 1359 57 26 dylik
717 1358 136 27 nedsättning
867 1358 8 21 i

123 1392 164 27 tullafgifternas
302 1393 77 26 belopp
394 1393 46 20 icke
455 1392 73 21 vidare
543 1394 32 19 att
589 1392 109 26 påbjudas.

194 1426 59 21 Hans
267 1426 120 27 Kejserliga
402 1426 104 26 Majestät,
524 1426 49 21 Som
589 1431 75 20 genom
674 1425 157 27 medgifvandet
842 1427 33 19 att

123 1467 26 15 en
171 1463 108 25 temporär
301 1459 187 28 bevillningsafgift
502 1459 55 27 finge
572 1465 76 21 genom
662 1459 115 21 tullverket
792 1459 83 27 uppbä-
