1092 1723
261 131 26 19 24
563 129 39 22 N:o
620 132 32 19 11.

231 197 114 21 etthundra
367 197 116 26 kilograms
505 197 82 28 bagage
609 200 56 19 samt
688 197 53 22 efter
760 198 36 21 två
811 199 73 20 hästar
899 199 18 26 ej
933 199 51 20 flere

232 234 27 18 än
281 233 33 19 tre
336 238 100 19 personer
459 231 48 21 med
522 233 80 26 bagage
617 233 33 20 till
666 233 67 20 sextio
748 232 123 27 kilograms,
886 233 37 21 två
937 239 48 20 per-

232 271 62 15 soner
310 265 46 21 med
373 265 80 27 bagage
468 267 34 20 till
518 266 175 27 etthundratjugu
707 267 116 26 kilograms
839 267 52 20 eller
901 273 26 15 en
937 273 48 20 per-

232 306 38 15 son
285 300 50 20 med
349 300 82 26 bagage
445 300 34 21 till
494 299 119 22 tvåhundra
628 300 114 27 kilograms
758 300 50 27 vigt,
823 301 38 20 och
873 301 23 20 så
906 301 79 26 vidare,

232 341 48 14 men
295 335 107 26 begagnar
417 335 89 20 resande
522 337 46 24 eget
584 335 110 27 fyrhjuligt
709 337 64 25 öppet
784 335 70 22 åkdon
865 336 51 21 eller
926 336 59 21 täck-

231 369 65 26 släde,
320 369 37 26 får,
382 369 89 21 såframt
491 369 131 21 annorlunda
640 369 18 27 ej
674 369 199 27 öfverenskommes,
890 370 54 21 efter
959 377 26 14 en

230 403 49 22 häst
303 403 18 27 ej
345 403 41 21 åka
405 403 51 21 flera
472 405 25 19 än
514 409 25 15 en
554 403 90 22 fullväxt
658 410 78 21 person
748 404 67 27 jemte
831 406 32 19 ett
877 404 54 21 barn
947 405 38 20 och

231 438 81 27 bagage
328 437 32 22 till
376 437 76 27 fyratio
468 438 117 27 kilograms
600 438 50 26 vigt.
674 439 42 20 För
731 438 105 22 halftäckt
848 445 55 20 vagn
913 439 24 20 af
945 439 40 21 lät-

231 474 46 19 tare
300 471 147 22 beskaffenhet
466 479 50 14 vare
531 473 94 25 resande,
642 472 26 21 då
683 473 131 26 persontalet
831 473 38 21 och
884 473 102 27 bagagets

231 507 45 26 vigt
292 506 17 27 ej
327 506 132 21 öfverskrida
478 507 56 20 hvad
548 507 40 21 här
604 507 61 21 ofvan
682 507 103 27 stadgats,
801 508 46 21 icke
862 508 77 27 pliktig
954 509 32 20 att

232 541 95 27 begagna
342 541 52 20 flera
409 543 27 18 än
451 541 36 20 två
503 541 78 26 hästar,
598 547 49 15 men
662 541 33 20 för
710 543 74 25 tyngre
799 542 104 21 halftäckt
915 542 70 21 äfven-

233 581 44 16 som
301 575 33 21 för
356 575 94 22 heltäckt
473 582 55 20 vagn
545 575 58 26 böra,
620 575 37 21 der
672 575 144 22 föreståndare
832 576 33 21 för
880 576 106 27 skjutsan-

232 610 51 21 stalt
300 609 35 21 det
350 609 92 27 påyrkar
457 611 55 20 samt
528 610 25 20 de
569 609 100 22 resandes
684 610 58 21 antal
758 610 52 21 eller
825 610 102 27 bagagets
942 611 44 26 vigt

232 643 75 22 sådant
323 643 113 27 erfordrar,
453 646 32 19 tre
501 645 52 20 eller
568 644 52 21 flera
635 644 73 21 hästar
724 646 96 25 spännas.
849 645 39 21 Uti
903 645 36 21 det
955 645 30 21 of-

232 678 151 21 vanbestämda
405 679 131 26 persontalet
556 680 24 19 är
595 679 87 26 tjenare,
698 679 86 20 hvilken
799 678 70 22 såsom
884 679 55 21 kusk
955 679 30 22 åt-

231 712 62 27 följer
310 712 40 21 den
364 713 95 26 resande,
475 719 49 15 men
539 713 17 26 ej
574 713 40 20 den
629 713 122 26 skjutsande
766 713 129 27 inbegripen.

305 747 43 22 Två
370 747 53 22 barn
445 747 47 21 från
515 747 45 27 fyra
576 748 33 21 till
624 747 42 22 tolf
679 747 34 22 års
729 747 58 22 ålder
803 754 61 15 anses
878 749 45 21 lika
939 749 47 21 med

232 788 26 14 en
273 782 90 21 fullväxt
378 788 82 21 person,
477 788 47 15 men
541 784 31 20 ett
586 782 54 21 barn
655 782 66 21 under
736 782 46 27 fyra
798 783 23 21 år
837 785 59 25 tages
912 783 74 21 härvid

232 816 19 26 ej
267 816 7 20 i
289 816 124 27 beräkning.

304 850 44 21 Der
363 850 105 21 särskilda
488 850 193 21 ortsförhållanden
696 850 72 22 dertill
783 851 116 26 föranleda,
915 851 71 22 kunna

232 884 79 21 sådana
326 884 54 21 ifrån
396 884 144 27 stadgandena
551 885 6 20 i
569 885 67 20 denna
650 884 103 27 paragraf
766 885 112 21 afvikande
893 885 93 21 bestäm-

232 919 77 21 melser
325 919 22 21 af
362 919 91 22 Senaten
467 919 29 26 på
511 920 115 26 ansökning
642 919 113 27 meddelas,
772 925 46 16 som
834 919 62 22 dessa
907 920 79 21 förhål-

233 954 76 21 landen
325 954 95 27 skäligen
435 953 92 27 påkalla.

580 1024 11 27 8
608 1025 32 18 29.

303 1062 104 27 Resande,
431 1069 45 14 som
499 1063 107 26 begagnar
628 1063 74 26 skjuts,
718 1069 50 15 vare
784 1063 18 26 ej
818 1063 121 27 berättigad
955 1065 31 20 att

232 1097 128 21 framfärdas
376 1097 48 20 med
439 1099 69 18 större
523 1097 107 26 hastighet
646 1099 27 18 än
688 1103 26 15 en
728 1097 114 22 kilometer
857 1097 28 27 på
900 1104 38 14 sex
947 1098 39 20 mi-

231 1134 67 23 nuter,
323 1131 40 20 den
385 1131 36 26 tid,
442 1137 46 14 som
507 1131 33 21 för
554 1131 136 26 hästombyte
705 1131 113 27 erfordras,
835 1131 45 22 deri
894 1132 47 21 icke
955 1132 31 20 in-

230 1165 121 26 beräknad;
368 1165 38 20 och
422 1165 61 26 skall,
501 1165 37 20 der
552 1165 36 20 två
603 1165 103 21 fullväxta
721 1171 101 20 personer
831 1165 66 27 jemte
908 1166 78 26 skjuts-

231 1199 47 20 karl
301 1198 41 21 åka
365 1198 54 21 efter
441 1204 26 15 en
487 1199 38 21 och
544 1205 81 14 samma
640 1199 55 26 häst,
711 1199 135 28 hastigheten
861 1199 125 22 inskränkas

230 1233 33 20 till
287 1239 26 14 en
334 1233 114 20 kilometer
470 1233 28 26 på
522 1233 44 21 åtta
589 1234 98 20 minuter.
716 1233 42 21 Vid
780 1233 94 21 menföre
892 1234 93 21 minskas

231 1267 68 20 denna
322 1267 113 25 hastighet,
458 1267 55 20 efter
528 1267 108 26 väglagets
652 1267 152 26 beskaffenhet,
820 1267 25 20 så
859 1269 33 19 att
907 1268 78 25 skjuts-

230 1300 49 21 häst
303 1300 18 26 ej
341 1299 84 22 utöfver
440 1300 56 21 hvad
511 1300 78 27 skäligt
604 1303 24 18 är
644 1302 122 25 anstränges
782 1301 34 21 för
831 1301 40 21 den
885 1301 100 21 resandes

230 1334 173 21 framskaffande.

302 1369 77 27 Bryter
400 1369 89 22 resande
504 1369 104 28 häremot,
622 1369 68 28 plikte
706 1369 54 22 ända
775 1370 34 21 till
824 1369 77 28 fyratio
917 1370 68 21 mark.

230 1404 131 27 Uppehåller
383 1404 117 27 skjutskarl
522 1405 89 21 resande
626 1404 13 22 å
654 1406 40 26 väg
716 1405 73 27 längre
811 1404 32 22 tid
865 1407 27 19 än
907 1405 7 21 i
929 1405 56 21 före-
