1100 1739
456 134 65 23 Ständ.
537 134 30 23 $v.
583 144 27 5 —
627 132 55 30 Prop.
698 133 32 23 N:o
745 133 29 23 13.

624 304 20 24 2
658 304 82 30 Kap.

418 370 38 22 Om
470 368 166 24 mälsmansrätt
650 368 41 22 och
706 367 111 29 rättighet
831 367 35 23 att
880 367 62 23 öfver

615 408 52 23 boet
682 408 62 23 räda.

659 472 46 25 $1

445 517 71 22 Sedan
528 524 50 15 man
594 516 36 22 och
645 517 78 27 gvinna
738 518 38 20 äro
787 516 163 28 sammanvigde,
964 516 28 22 dä

376 554 25 20 är
422 552 42 22 han
483 552 76 22 hennes
578 553 56 21 rätte
651 552 106 22 mälsman
777 551 36 23 och
828 558 47 21 eger
889 551 51 22 söka
957 551 35 22 och

376 594 62 15 svara
453 588 34 26 för
501 587 65 22 henne
578 588 56 21 samt
648 586 54 22 råda
718 586 57 28 öfver
789 586 52 28 boet,
852 586 48 22 med
909 586 39 22 den
961 586 31 22 in-

377 621 129 28 skränkning
520 622 69 22 nedan
604 622 57 26 sägs.

446 662 98 22 Hustrun
559 662 59 28 följer
633 661 36 23 ock
683 668 102 15 mannens
799 661 67 23 stånd
876 661 36 23 och
922 660 72 24 vilkor.

658 732 17 23 $
684 732 27 23 2.

449 776 56 23 Utan
520 776 102 22 hustruns
636 775 101 28 frivilliga
747 776 26 27 ja
789 775 36 22 och
840 775 132 27 underskrift
986 776 9 21 i

378 813 72 20 tvenne
464 811 90 21 vittnens
568 811 91 21 närvaro
674 810 61 27 hafve
749 817 92 15 mannen
856 811 18 26 ej
891 810 58 22 makt
964 812 31 19 att

378 845 62 28 sälja,
456 845 70 27 skifta,
544 845 102 28 bortgifva
662 845 48 22 eller
724 845 101 27 förpanta
834 845 46 27 fast
889 844 106 28 egendom,

379 879 45 22 deri
444 879 90 22 hustrun
557 886 46 21 eger
622 879 104 28 giftorätt,
748 879 48 22 eller
809 879 78 22 hennes
902 879 93 22 enskilda

378 914 59 27 fasta
450 914 60 27 gods,
527 913 59 22 ändå
601 915 31 21 att
647 913 34 22 det
697 914 27 27 af
734 913 76 23 honom
825 914 108 27 förvaltas.
963 909 33 26 Är

378 949 91 21 hustrun
485 948 65 27 afvita
565 948 47 21 eller
626 947 145 28 frånvarande
785 948 48 21 eller
850 948 91 27 förlöper
955 948 41 21 hon

379 989 97 20 mannen,
499 983 29 21 då
550 983 36 21 må
606 989 90 15 mannen
711 982 57 27 sälja
783 983 49 22 eller
845 983 101 27 förpanta
960 983 36 21 så-

380 1017 42 21 dan
443 1017 46 27 fast
511 1017 104 27 egendom,
636 1017 86 21 hvarom
742 1017 63 26 ofvan
820 1017 64 28 sagdt
898 1019 32 25 är,
946 1017 51 22 dock

378 1051 48 21 med
439 1052 64 20 nästa
518 1050 99 27 fränders
631 1051 43 21 råd
689 1051 36 21 och
740 1051 67 26 bifall,
823 1058 33 15 om
872 1051 34 22 det
920 1053 26 19 är
960 1051 37 22 hu-

379 1087 73 20 struns
476 1085 93 22 enskilda
590 1085 58 26 fasta
666 1085 60 27 gods,
747 1091 46 16 som
812 1085 66 28 säljes
893 1085 49 22 eller
956 1085 42 27 för-

376 1121 87 24 pantas.
495 1119 52 21 Sker
562 1119 130 27 annorledes,
707 1125 49 16 vare
771 1119 71 28 ogildt,
859 1126 33 15 om
906 1119 91 22 hustrun

380 1153 52 22 derå
456 1153 54 22 talar
524 1154 56 21 inom
600 1155 47 20 natt
667 1153 36 22 och
718 1154 33 27 år,
767 1154 67 21 sedan
848 1154 41 21 hon
904 1154 35 22 det
952 1155 46 21 veta

380 1187 46 28 fick.
456 1187 46 22 Dör
516 1188 90 22 hustrun
621 1187 37 23 och
672 1188 73 27 hafver
759 1189 19 27 ej
792 1189 34 22 sin
847 1188 58 23 talan
919 1188 79 28 försut-

381 1223 31 26 tit,
432 1229 35 21 ege
487 1222 77 22 hennes
586 1223 109 27 arfvingar
713 1229 81 16 samma
810 1223 33 22 tid
855 1223 52 28 från
921 1223 77 22 hennes

382 1256 46 22 död.

661 1325 17 23 $
694 1326 20 19 3.

450 1369 84 22 Hustru
549 1370 52 21 räde
616 1370 56 26 öfver
686 1369 56 22 hvad
761 1369 41 23 hon
817 1376 74 22 genom
906 1372 44 26 eget
965 1377 34 15 ar-

382 1404 43 22 bete
442 1404 42 22 kan
502 1404 113 28 förvärfva.
648 1404 79 22 Genom
746 1404 201 28 äktenskapsförord
963 1406 36 21 mä

382 1439 65 22 henne
470 1439 98 29 tilläggas
588 1439 56 22 makt
664 1442 31 19 att
709 1440 57 22 råda
781 1440 57 27 öfver
852 1440 38 22 sitt
904 1440 94 23 enskilda
