<?xml version="1.0" encoding="UTF-8"?>
<alto xmlns="http://www.loc.gov/standards/alto/ns-v3#" xmlns:xlink="http://www.w3.org/1999/xlink" xmlns:xsi="http://www.w3.org/2001/XMLSchema-instance" xsi:schemaLocation="http://www.loc.gov/standards/alto/ns-v3# http://www.loc.gov/alto/v3/alto-3-0.xsd">
	<Description>
		<MeasurementUnit>pixel</MeasurementUnit>
		<sourceImageInformation>
			<fileName>/tmp/tess_4pqn6ck2_input.PNG</fileName>
		</sourceImageInformation>
		<OCRProcessing ID="OCR_0">
			<ocrProcessingStep>
				<processingSoftware>
					<softwareName>tesseract 5.3.4</softwareName>
				</processingSoftware>
			</ocrProcessingStep>
		</OCRProcessing>
	</Description>
	<Layout>
		<Page WIDTH="1120" HEIGHT="1745" PHYSICAL_IMG_NR="0" ID="page_0">
			<PrintSpace HPOS="0" VPOS="0" WIDTH="1120" HEIGHT="1745">
				<ComposedBlock ID="cblock_0" HPOS="264" VPOS="185" WIDTH="390" HEIGHT="22">
					<TextBlock ID="block_0" HPOS="264" VPOS="185" WIDTH="390" HEIGHT="22">
						<TextLine ID="line_0" HPOS="264" VPOS="185" WIDTH="390" HEIGHT="22">
							<String ID="string_0" HPOS="264" VPOS="186" WIDTH="13" HEIGHT="21" WC="0.96" CONTENT="2"/><SP WIDTH="291" VPOS="186" HPOS="277"/>
							<String ID="string_1" HPOS="568" VPOS="185" WIDTH="34" HEIGHT="21" WC="0.96" CONTENT="N:o"/><SP WIDTH="16" VPOS="185" HPOS="602"/>
							<String ID="string_2" HPOS="618" VPOS="185" WIDTH="36" HEIGHT="21" WC="0.96" CONTENT="28."/>
						</TextLine>
					</TextBlock>
				</ComposedBlock>
				<ComposedBlock ID="cblock_1" HPOS="231" VPOS="246" WIDTH="760" HEIGHT="1063">
					<TextBlock ID="block_1" HPOS="234" VPOS="246" WIDTH="756" HEIGHT="265">
						<TextLine ID="line_1" HPOS="234" VPOS="246" WIDTH="754" HEIGHT="28">
							<String ID="string_3" HPOS="234" VPOS="247" WIDTH="38" HEIGHT="26" WC="0.95" CONTENT="git,"/><SP WIDTH="25" VPOS="247" HPOS="272"/>
							<String ID="string_4" HPOS="297" VPOS="253" WIDTH="61" HEIGHT="21" WC="0.96" CONTENT="synes"/><SP WIDTH="23" VPOS="253" HPOS="358"/>
							<String ID="string_5" HPOS="381" VPOS="247" WIDTH="63" HEIGHT="21" WC="0.96" CONTENT="hafva"/><SP WIDTH="20" VPOS="247" HPOS="444"/>
							<String ID="string_6" HPOS="464" VPOS="247" WIDTH="32" HEIGHT="21" WC="0.96" CONTENT="sin"/><SP WIDTH="19" VPOS="247" HPOS="496"/>
							<String ID="string_7" HPOS="515" VPOS="247" WIDTH="64" HEIGHT="21" WC="0.96" CONTENT="orsak"/><SP WIDTH="19" VPOS="247" HPOS="579"/>
							<String ID="string_8" HPOS="598" VPOS="247" WIDTH="76" HEIGHT="20" WC="0.93" CONTENT="främst"/><SP WIDTH="15" VPOS="247" HPOS="674"/>
							<String ID="string_9" HPOS="689" VPOS="246" WIDTH="52" HEIGHT="27" WC="0.93" CONTENT="deri,"/><SP WIDTH="22" VPOS="246" HPOS="741"/>
							<String ID="string_10" HPOS="763" VPOS="248" WIDTH="31" HEIGHT="20" WC="0.92" CONTENT="att"/><SP WIDTH="14" VPOS="248" HPOS="794"/>
							<String ID="string_11" HPOS="808" VPOS="247" WIDTH="180" HEIGHT="27" WC="0.92" CONTENT="polismyndighe-"/>
						</TextLine>
						<TextLine ID="line_2" HPOS="234" VPOS="281" WIDTH="755" HEIGHT="26">
							<String ID="string_12" HPOS="234" VPOS="283" WIDTH="38" HEIGHT="19" WC="0.96" CONTENT="ten"/><SP WIDTH="22" VPOS="283" HPOS="272"/>
							<String ID="string_13" HPOS="294" VPOS="281" WIDTH="124" HEIGHT="21" WC="0.96" CONTENT="ankommer"/><SP WIDTH="15" VPOS="281" HPOS="418"/>
							<String ID="string_14" HPOS="433" VPOS="282" WIDTH="27" HEIGHT="25" WC="0.93" CONTENT="på"/><SP WIDTH="15" VPOS="282" HPOS="460"/>
							<String ID="string_15" HPOS="475" VPOS="281" WIDTH="231" HEIGHT="21" WC="0.91" CONTENT="kommunalnämnden"/><SP WIDTH="16" VPOS="281" HPOS="706"/>
							<String ID="string_16" HPOS="722" VPOS="282" WIDTH="7" HEIGHT="20" WC="0.96" CONTENT="i"/><SP WIDTH="17" VPOS="282" HPOS="729"/>
							<String ID="string_17" HPOS="746" VPOS="281" WIDTH="31" HEIGHT="21" WC="0.96" CONTENT="sin"/><SP WIDTH="17" VPOS="281" HPOS="777"/>
							<String ID="string_18" HPOS="794" VPOS="281" WIDTH="78" HEIGHT="26" WC="0.96" CONTENT="helhet,"/><SP WIDTH="17" VPOS="281" HPOS="872"/>
							<String ID="string_19" HPOS="889" VPOS="283" WIDTH="52" HEIGHT="19" WC="0.96" CONTENT="utan"/><SP WIDTH="16" VPOS="283" HPOS="941"/>
							<String ID="string_20" HPOS="957" VPOS="283" WIDTH="32" HEIGHT="20" WC="0.96" CONTENT="att"/>
						</TextLine>
						<TextLine ID="line_3" HPOS="234" VPOS="315" WIDTH="756" HEIGHT="28">
							<String ID="string_21" HPOS="234" VPOS="315" WIDTH="50" HEIGHT="22" WC="0.96" CONTENT="dess"/><SP WIDTH="23" VPOS="315" HPOS="284"/>
							<String ID="string_22" HPOS="307" VPOS="315" WIDTH="118" HEIGHT="22" WC="0.96" CONTENT="ledamöter"/><SP WIDTH="19" VPOS="315" HPOS="425"/>
							<String ID="string_23" HPOS="444" VPOS="316" WIDTH="52" HEIGHT="21" WC="0.96" CONTENT="hvar"/><SP WIDTH="19" VPOS="316" HPOS="496"/>
							<String ID="string_24" HPOS="515" VPOS="315" WIDTH="33" HEIGHT="22" WC="0.96" CONTENT="för"/><SP WIDTH="15" VPOS="315" HPOS="548"/>
							<String ID="string_25" HPOS="563" VPOS="315" WIDTH="33" HEIGHT="27" WC="0.96" CONTENT="sig"/><SP WIDTH="15" VPOS="315" HPOS="596"/>
							<String ID="string_26" HPOS="611" VPOS="316" WIDTH="7" HEIGHT="21" WC="0.96" CONTENT="i"/><SP WIDTH="17" VPOS="316" HPOS="618"/>
							<String ID="string_27" HPOS="635" VPOS="315" WIDTH="59" HEIGHT="22" WC="0.95" CONTENT="detta"/><SP WIDTH="16" VPOS="315" HPOS="694"/>
							<String ID="string_28" HPOS="710" VPOS="315" WIDTH="100" HEIGHT="22" WC="0.93" CONTENT="afseende"/><SP WIDTH="16" VPOS="315" HPOS="810"/>
							<String ID="string_29" HPOS="826" VPOS="321" WIDTH="39" HEIGHT="21" WC="0.92" CONTENT="ega"/><SP WIDTH="17" VPOS="321" HPOS="865"/>
							<String ID="string_30" HPOS="882" VPOS="315" WIDTH="108" HEIGHT="28" WC="0.91" CONTENT="sjelfstän-"/>
						</TextLine>
						<TextLine ID="line_4" HPOS="235" VPOS="349" WIDTH="755" HEIGHT="28">
							<String ID="string_31" HPOS="235" VPOS="350" WIDTH="46" HEIGHT="27" WC="0.93" CONTENT="digt"/><SP WIDTH="15" VPOS="350" HPOS="281"/>
							<String ID="string_32" HPOS="296" VPOS="350" WIDTH="73" HEIGHT="21" WC="0.92" CONTENT="utöfva"/><SP WIDTH="15" VPOS="350" HPOS="369"/>
							<String ID="string_33" HPOS="384" VPOS="351" WIDTH="115" HEIGHT="26" WC="0.92" CONTENT="polismakt"/><SP WIDTH="16" VPOS="351" HPOS="499"/>
							<String ID="string_34" HPOS="515" VPOS="351" WIDTH="52" HEIGHT="20" WC="0.96" CONTENT="eller"/><SP WIDTH="14" VPOS="351" HPOS="567"/>
							<String ID="string_35" HPOS="581" VPOS="349" WIDTH="65" HEIGHT="22" WC="0.96" CONTENT="hafva"/><SP WIDTH="15" VPOS="349" HPOS="646"/>
							<String ID="string_36" HPOS="661" VPOS="351" WIDTH="32" HEIGHT="26" WC="0.96" CONTENT="sig"/><SP WIDTH="15" VPOS="351" HPOS="693"/>
							<String ID="string_37" HPOS="708" VPOS="350" WIDTH="104" HEIGHT="21" WC="0.96" CONTENT="särskildt"/><SP WIDTH="15" VPOS="350" HPOS="812"/>
							<String ID="string_38" HPOS="827" VPOS="350" WIDTH="88" HEIGHT="21" WC="0.93" CONTENT="område"/><SP WIDTH="16" VPOS="350" HPOS="915"/>
							<String ID="string_39" HPOS="931" VPOS="351" WIDTH="59" HEIGHT="20" WC="0.92" CONTENT="anvi-"/>
						</TextLine>
						<TextLine ID="line_5" HPOS="234" VPOS="385" WIDTH="754" HEIGHT="28">
							<String ID="string_40" HPOS="234" VPOS="385" WIDTH="50" HEIGHT="21" WC="0.92" CONTENT="sadt"/><SP WIDTH="15" VPOS="385" HPOS="284"/>
							<String ID="string_41" HPOS="299" VPOS="385" WIDTH="32" HEIGHT="21" WC="0.96" CONTENT="för"/><SP WIDTH="16" VPOS="385" HPOS="331"/>
							<String ID="string_42" HPOS="347" VPOS="385" WIDTH="129" HEIGHT="27" WC="0.96" CONTENT="ordningens"/><SP WIDTH="14" VPOS="385" HPOS="476"/>
							<String ID="string_43" HPOS="490" VPOS="385" WIDTH="196" HEIGHT="28" WC="0.91" CONTENT="upprätthållande."/><SP WIDTH="30" VPOS="385" HPOS="686"/>
							<String ID="string_44" HPOS="716" VPOS="385" WIDTH="101" HEIGHT="22" WC="0.92" CONTENT="Förbises"/><SP WIDTH="16" VPOS="385" HPOS="817"/>
							<String ID="string_45" HPOS="833" VPOS="385" WIDTH="33" HEIGHT="22" WC="0.96" CONTENT="får"/><SP WIDTH="15" VPOS="385" HPOS="866"/>
							<String ID="string_46" HPOS="881" VPOS="385" WIDTH="47" HEIGHT="22" WC="0.93" CONTENT="icke"/><SP WIDTH="16" VPOS="385" HPOS="928"/>
							<String ID="string_47" HPOS="944" VPOS="385" WIDTH="44" HEIGHT="22" WC="0.90" CONTENT="hel-"/>
						</TextLine>
						<TextLine ID="line_6" HPOS="234" VPOS="419" WIDTH="755" HEIGHT="28">
							<String ID="string_48" HPOS="234" VPOS="419" WIDTH="31" HEIGHT="21" WC="0.96" CONTENT="ler"/><SP WIDTH="24" VPOS="419" HPOS="265"/>
							<String ID="string_49" HPOS="289" VPOS="421" WIDTH="31" HEIGHT="19" WC="0.96" CONTENT="att"/><SP WIDTH="22" VPOS="421" HPOS="320"/>
							<String ID="string_50" HPOS="342" VPOS="419" WIDTH="242" HEIGHT="22" WC="0.95" CONTENT="kommunalnämndens"/><SP WIDTH="24" VPOS="419" HPOS="584"/>
							<String ID="string_51" HPOS="608" VPOS="419" WIDTH="30" HEIGHT="21" WC="0.96" CONTENT="tid"/><SP WIDTH="21" VPOS="419" HPOS="638"/>
							<String ID="string_52" HPOS="659" VPOS="419" WIDTH="39" HEIGHT="21" WC="0.96" CONTENT="och"/><SP WIDTH="18" VPOS="419" HPOS="698"/>
							<String ID="string_53" HPOS="716" VPOS="419" WIDTH="84" HEIGHT="21" WC="0.96" CONTENT="krafter"/><SP WIDTH="18" VPOS="419" HPOS="800"/>
							<String ID="string_54" HPOS="818" VPOS="420" WIDTH="32" HEIGHT="20" WC="0.96" CONTENT="uti"/><SP WIDTH="16" VPOS="420" HPOS="850"/>
							<String ID="string_55" HPOS="866" VPOS="420" WIDTH="47" HEIGHT="20" WC="0.96" CONTENT="icke"/><SP WIDTH="15" VPOS="420" HPOS="913"/>
							<String ID="string_56" HPOS="928" VPOS="420" WIDTH="61" HEIGHT="27" WC="0.96" CONTENT="ringa"/>
						</TextLine>
						<TextLine ID="line_7" HPOS="234" VPOS="453" WIDTH="756" HEIGHT="28">
							<String ID="string_57" HPOS="234" VPOS="453" WIDTH="50" HEIGHT="22" WC="0.96" CONTENT="mån"/><SP WIDTH="15" VPOS="453" HPOS="284"/>
							<String ID="string_58" HPOS="299" VPOS="456" WIDTH="63" HEIGHT="25" WC="0.96" CONTENT="tagas"/><SP WIDTH="15" VPOS="456" HPOS="362"/>
							<String ID="string_59" HPOS="377" VPOS="455" WIDTH="7" HEIGHT="20" WC="0.96" CONTENT="i"/><SP WIDTH="16" VPOS="455" HPOS="384"/>
							<String ID="string_60" HPOS="400" VPOS="455" WIDTH="93" HEIGHT="26" WC="0.96" CONTENT="anspråk"/><SP WIDTH="15" VPOS="455" HPOS="493"/>
							<String ID="string_61" HPOS="508" VPOS="455" WIDTH="33" HEIGHT="21" WC="0.96" CONTENT="för"/><SP WIDTH="14" VPOS="455" HPOS="541"/>
							<String ID="string_62" HPOS="555" VPOS="455" WIDTH="160" HEIGHT="26" WC="0.96" CONTENT="handläggning"/><SP WIDTH="17" VPOS="455" HPOS="715"/>
							<String ID="string_63" HPOS="732" VPOS="453" WIDTH="23" HEIGHT="22" WC="0.96" CONTENT="af"/><SP WIDTH="9" VPOS="453" HPOS="755"/>
							<String ID="string_64" HPOS="764" VPOS="455" WIDTH="179" HEIGHT="26" WC="0.93" CONTENT="angelägenheter"/><SP WIDTH="12" VPOS="455" HPOS="943"/>
							<String ID="string_65" HPOS="955" VPOS="457" WIDTH="35" HEIGHT="19" WC="0.92" CONTENT="rö-"/>
						</TextLine>
						<TextLine ID="line_8" HPOS="234" VPOS="489" WIDTH="393" HEIGHT="22">
							<String ID="string_66" HPOS="234" VPOS="489" WIDTH="68" HEIGHT="21" WC="0.96" CONTENT="rande"/><SP WIDTH="15" VPOS="489" HPOS="302"/>
							<String ID="string_67" HPOS="317" VPOS="489" WIDTH="128" HEIGHT="21" WC="0.96" CONTENT="kommunen"/><SP WIDTH="17" VPOS="489" HPOS="445"/>
							<String ID="string_68" HPOS="462" VPOS="489" WIDTH="7" HEIGHT="21" WC="0.96" CONTENT="i"/><SP WIDTH="16" VPOS="489" HPOS="469"/>
							<String ID="string_69" HPOS="485" VPOS="490" WIDTH="48" HEIGHT="21" WC="0.96" CONTENT="dess"/><SP WIDTH="15" VPOS="490" HPOS="533"/>
							<String ID="string_70" HPOS="548" VPOS="489" WIDTH="79" HEIGHT="22" WC="0.96" CONTENT="helhet."/>
						</TextLine>
					</TextBlock>
					<TextBlock ID="block_2" HPOS="232" VPOS="523" WIDTH="759" HEIGHT="678">
						<TextLine ID="line_9" HPOS="302" VPOS="523" WIDTH="689" HEIGHT="31">
							<String ID="string_71" HPOS="302" VPOS="523" WIDTH="44" HEIGHT="22" WC="0.96" CONTENT="För"/><SP WIDTH="22" VPOS="523" HPOS="346"/>
							<String ID="string_72" HPOS="368" VPOS="526" WIDTH="33" HEIGHT="19" WC="0.93" CONTENT="att"/><SP WIDTH="22" VPOS="526" HPOS="401"/>
							<String ID="string_73" HPOS="423" VPOS="524" WIDTH="145" HEIGHT="27" WC="0.91" CONTENT="åvägabringa"/><SP WIDTH="22" VPOS="524" HPOS="568"/>
							<String ID="string_74" HPOS="590" VPOS="530" WIDTH="26" HEIGHT="14" WC="0.96" CONTENT="en"/><SP WIDTH="19" VPOS="530" HPOS="616"/>
							<String ID="string_75" HPOS="635" VPOS="523" WIDTH="107" HEIGHT="22" WC="0.93" CONTENT="önskvärd"/><SP WIDTH="19" VPOS="523" HPOS="742"/>
							<String ID="string_76" HPOS="761" VPOS="524" WIDTH="133" HEIGHT="30" WC="0.85" CONTENT="törändring"/><SP WIDTH="14" VPOS="524" HPOS="894"/>
							<String ID="string_77" HPOS="908" VPOS="523" WIDTH="22" HEIGHT="22" WC="0.93" CONTENT="af"/><SP WIDTH="16" VPOS="523" HPOS="930"/>
							<String ID="string_78" HPOS="946" VPOS="530" WIDTH="45" HEIGHT="15" WC="0.91" CONTENT="om-"/>
						</TextLine>
						<TextLine ID="line_10" HPOS="234" VPOS="557" WIDTH="755" HEIGHT="28">
							<String ID="string_79" HPOS="234" VPOS="557" WIDTH="106" HEIGHT="22" WC="0.91" CONTENT="förmälda"/><SP WIDTH="22" VPOS="557" HPOS="340"/>
							<String ID="string_80" HPOS="362" VPOS="557" WIDTH="141" HEIGHT="27" WC="0.96" CONTENT="förhållande,"/><SP WIDTH="25" VPOS="557" HPOS="503"/>
							<String ID="string_81" HPOS="528" VPOS="558" WIDTH="41" HEIGHT="21" WC="0.96" CONTENT="har"/><SP WIDTH="20" VPOS="558" HPOS="569"/>
							<String ID="string_82" HPOS="589" VPOS="557" WIDTH="61" HEIGHT="22" WC="0.96" CONTENT="Hans"/><SP WIDTH="22" VPOS="557" HPOS="650"/>
							<String ID="string_83" HPOS="672" VPOS="557" WIDTH="121" HEIGHT="27" WC="0.96" CONTENT="Kejserliga"/><SP WIDTH="23" VPOS="557" HPOS="793"/>
							<String ID="string_84" HPOS="816" VPOS="557" WIDTH="102" HEIGHT="28" WC="0.96" CONTENT="Majestät"/><SP WIDTH="22" VPOS="557" HPOS="918"/>
							<String ID="string_85" HPOS="940" VPOS="558" WIDTH="49" HEIGHT="21" WC="0.92" CONTENT="låtit"/>
						</TextLine>
						<TextLine ID="line_11" HPOS="234" VPOS="592" WIDTH="757" HEIGHT="27">
							<String ID="string_86" HPOS="234" VPOS="594" WIDTH="96" HEIGHT="25" WC="0.90" CONTENT="uppgöra"/><SP WIDTH="22" VPOS="594" HPOS="330"/>
							<String ID="string_87" HPOS="352" VPOS="592" WIDTH="82" HEIGHT="27" WC="0.96" CONTENT="förslag"/><SP WIDTH="23" VPOS="592" HPOS="434"/>
							<String ID="string_88" HPOS="457" VPOS="593" WIDTH="34" HEIGHT="20" WC="0.96" CONTENT="till"/><SP WIDTH="22" VPOS="593" HPOS="491"/>
							<String ID="string_89" HPOS="513" VPOS="592" WIDTH="130" HEIGHT="27" WC="0.95" CONTENT="förordning,"/><SP WIDTH="22" VPOS="592" HPOS="643"/>
							<String ID="string_90" HPOS="665" VPOS="592" WIDTH="149" HEIGHT="22" WC="0.95" CONTENT="innefattande"/><SP WIDTH="20" VPOS="592" HPOS="814"/>
							<String ID="string_91" HPOS="834" VPOS="595" WIDTH="100" HEIGHT="19" WC="0.92" CONTENT="närmare"/><SP WIDTH="19" VPOS="595" HPOS="934"/>
							<String ID="string_92" HPOS="953" VPOS="593" WIDTH="38" HEIGHT="20" WC="0.92" CONTENT="be-"/>
						</TextLine>
						<TextLine ID="line_12" HPOS="234" VPOS="626" WIDTH="754" HEIGHT="28">
							<String ID="string_93" HPOS="234" VPOS="626" WIDTH="132" HEIGHT="28" WC="0.96" CONTENT="stämningar"/><SP WIDTH="23" VPOS="626" HPOS="366"/>
							<String ID="string_94" HPOS="389" VPOS="633" WIDTH="33" HEIGHT="15" WC="0.92" CONTENT="om"/><SP WIDTH="23" VPOS="633" HPOS="422"/>
							<String ID="string_95" HPOS="445" VPOS="627" WIDTH="174" HEIGHT="21" WC="0.91" CONTENT="handhafvandet"/><SP WIDTH="25" VPOS="627" HPOS="619"/>
							<String ID="string_96" HPOS="644" VPOS="627" WIDTH="24" HEIGHT="20" WC="0.93" CONTENT="af"/><SP WIDTH="20" VPOS="627" HPOS="668"/>
							<String ID="string_97" HPOS="688" VPOS="627" WIDTH="231" HEIGHT="21" WC="0.90" CONTENT="landskommunernas"/><SP WIDTH="21" VPOS="627" HPOS="919"/>
							<String ID="string_98" HPOS="940" VPOS="629" WIDTH="48" HEIGHT="19" WC="0.92" CONTENT="ord-"/>
						</TextLine>
						<TextLine ID="line_13" HPOS="233" VPOS="661" WIDTH="757" HEIGHT="28">
							<String ID="string_99" HPOS="233" VPOS="661" WIDTH="251" HEIGHT="27" WC="0.88" CONTENT="ningsangelägenheter."/><SP WIDTH="33" VPOS="661" HPOS="484"/>
							<String ID="string_100" HPOS="517" VPOS="662" WIDTH="113" HEIGHT="26" WC="0.96" CONTENT="Förslaget"/><SP WIDTH="22" VPOS="662" HPOS="630"/>
							<String ID="string_101" HPOS="652" VPOS="663" WIDTH="64" HEIGHT="25" WC="0.96" CONTENT="utgår"/><SP WIDTH="21" VPOS="663" HPOS="716"/>
							<String ID="string_102" HPOS="737" VPOS="661" WIDTH="49" HEIGHT="22" WC="0.96" CONTENT="från"/><SP WIDTH="20" VPOS="661" HPOS="786"/>
							<String ID="string_103" HPOS="806" VPOS="662" WIDTH="41" HEIGHT="21" WC="0.96" CONTENT="den"/><SP WIDTH="19" VPOS="662" HPOS="847"/>
							<String ID="string_104" HPOS="866" VPOS="662" WIDTH="124" HEIGHT="27" WC="0.96" CONTENT="grundsats,"/>
						</TextLine>
						<TextLine ID="line_14" HPOS="234" VPOS="696" WIDTH="755" HEIGHT="27">
							<String ID="string_105" HPOS="234" VPOS="697" WIDTH="33" HEIGHT="20" WC="0.96" CONTENT="att"/><SP WIDTH="21" VPOS="697" HPOS="267"/>
							<String ID="string_106" HPOS="288" VPOS="696" WIDTH="73" HEIGHT="27" WC="0.96" CONTENT="hvarje"/><SP WIDTH="22" VPOS="696" HPOS="361"/>
							<String ID="string_107" HPOS="383" VPOS="696" WIDTH="100" HEIGHT="21" WC="0.96" CONTENT="kommun"/><SP WIDTH="23" VPOS="696" HPOS="483"/>
							<String ID="string_108" HPOS="506" VPOS="697" WIDTH="28" HEIGHT="26" WC="0.96" CONTENT="på"/><SP WIDTH="23" VPOS="697" HPOS="534"/>
							<String ID="string_109" HPOS="557" VPOS="696" WIDTH="73" HEIGHT="21" WC="0.96" CONTENT="landet"/><SP WIDTH="18" VPOS="696" HPOS="630"/>
							<String ID="string_110" HPOS="648" VPOS="696" WIDTH="40" HEIGHT="21" WC="0.96" CONTENT="bör"/><SP WIDTH="22" VPOS="696" HPOS="688"/>
							<String ID="string_111" HPOS="710" VPOS="696" WIDTH="83" HEIGHT="21" WC="0.96" CONTENT="indelas"/><SP WIDTH="23" VPOS="696" HPOS="793"/>
							<String ID="string_112" HPOS="816" VPOS="696" WIDTH="7" HEIGHT="21" WC="0.96" CONTENT="i"/><SP WIDTH="24" VPOS="696" HPOS="823"/>
							<String ID="string_113" HPOS="847" VPOS="696" WIDTH="87" HEIGHT="22" WC="0.94" CONTENT="distrikt"/><SP WIDTH="21" VPOS="696" HPOS="934"/>
							<String ID="string_114" HPOS="955" VPOS="696" WIDTH="34" HEIGHT="21" WC="0.96" CONTENT="för"/>
						</TextLine>
						<TextLine ID="line_15" HPOS="233" VPOS="730" WIDTH="755" HEIGHT="28">
							<String ID="string_115" HPOS="233" VPOS="731" WIDTH="110" HEIGHT="20" WC="0.96" CONTENT="vårdande"/><SP WIDTH="25" VPOS="731" HPOS="343"/>
							<String ID="string_116" HPOS="368" VPOS="730" WIDTH="24" HEIGHT="21" WC="0.95" CONTENT="af"/><SP WIDTH="26" VPOS="730" HPOS="392"/>
							<String ID="string_117" HPOS="418" VPOS="731" WIDTH="120" HEIGHT="21" WC="0.94" CONTENT="distriktets"/><SP WIDTH="25" VPOS="731" HPOS="538"/>
							<String ID="string_118" HPOS="563" VPOS="731" WIDTH="107" HEIGHT="21" WC="0.93" CONTENT="särskilda"/><SP WIDTH="26" VPOS="731" HPOS="670"/>
							<String ID="string_119" HPOS="696" VPOS="731" WIDTH="292" HEIGHT="27" WC="0.90" CONTENT="ordningsangelägenheter,"/>
						</TextLine>
						<TextLine ID="line_16" HPOS="234" VPOS="765" WIDTH="755" HEIGHT="27">
							<String ID="string_120" HPOS="234" VPOS="767" WIDTH="55" HEIGHT="19" WC="0.96" CONTENT="samt"/><SP WIDTH="16" VPOS="767" HPOS="289"/>
							<String ID="string_121" HPOS="305" VPOS="766" WIDTH="31" HEIGHT="20" WC="0.96" CONTENT="att"/><SP WIDTH="15" VPOS="766" HPOS="336"/>
							<String ID="string_122" HPOS="351" VPOS="765" WIDTH="73" HEIGHT="27" WC="0.96" CONTENT="hvarje"/><SP WIDTH="16" VPOS="765" HPOS="424"/>
							<String ID="string_123" HPOS="440" VPOS="766" WIDTH="67" HEIGHT="26" WC="0.96" CONTENT="dylikt"/><SP WIDTH="16" VPOS="766" HPOS="507"/>
							<String ID="string_124" HPOS="523" VPOS="766" WIDTH="86" HEIGHT="21" WC="0.96" CONTENT="distrikt"/><SP WIDTH="15" VPOS="766" HPOS="609"/>
							<String ID="string_125" HPOS="624" VPOS="765" WIDTH="55" HEIGHT="22" WC="0.93" CONTENT="skall"/><SP WIDTH="15" VPOS="765" HPOS="679"/>
							<String ID="string_126" HPOS="694" VPOS="765" WIDTH="93" HEIGHT="22" WC="0.92" CONTENT="förestås"/><SP WIDTH="11" VPOS="765" HPOS="787"/>
							<String ID="string_127" HPOS="798" VPOS="765" WIDTH="24" HEIGHT="22" WC="0.96" CONTENT="af"/><SP WIDTH="9" VPOS="765" HPOS="822"/>
							<String ID="string_128" HPOS="831" VPOS="771" WIDTH="25" HEIGHT="16" WC="0.95" CONTENT="en"/><SP WIDTH="12" VPOS="771" HPOS="856"/>
							<String ID="string_129" HPOS="868" VPOS="766" WIDTH="38" HEIGHT="21" WC="0.96" CONTENT="der"/><SP WIDTH="10" VPOS="766" HPOS="906"/>
							<String ID="string_130" HPOS="916" VPOS="766" WIDTH="73" HEIGHT="21" WC="0.96" CONTENT="bosatt"/>
						</TextLine>
						<TextLine ID="line_17" HPOS="233" VPOS="800" WIDTH="754" HEIGHT="27">
							<String ID="string_131" HPOS="233" VPOS="800" WIDTH="91" HEIGHT="21" WC="0.95" CONTENT="medlem"/><SP WIDTH="24" VPOS="800" HPOS="324"/>
							<String ID="string_132" HPOS="348" VPOS="800" WIDTH="23" HEIGHT="21" WC="0.93" CONTENT="af"/><SP WIDTH="19" VPOS="800" HPOS="371"/>
							<String ID="string_133" HPOS="390" VPOS="800" WIDTH="231" HEIGHT="22" WC="0.91" CONTENT="kommunalnämnden"/><SP WIDTH="19" VPOS="800" HPOS="621"/>
							<String ID="string_134" HPOS="640" VPOS="801" WIDTH="70" HEIGHT="20" WC="0.96" CONTENT="såsom"/><SP WIDTH="17" VPOS="801" HPOS="710"/>
							<String ID="string_135" HPOS="727" VPOS="800" WIDTH="159" HEIGHT="27" WC="0.96" CONTENT="ordningsman,"/><SP WIDTH="16" VPOS="800" HPOS="886"/>
							<String ID="string_136" HPOS="902" VPOS="800" WIDTH="85" HEIGHT="22" WC="0.96" CONTENT="hvilken"/>
						</TextLine>
						<TextLine ID="line_18" HPOS="233" VPOS="834" WIDTH="756" HEIGHT="28">
							<String ID="string_137" HPOS="233" VPOS="834" WIDTH="119" HEIGHT="21" WC="0.91" CONTENT="tillkomme"/><SP WIDTH="19" VPOS="834" HPOS="352"/>
							<String ID="string_138" HPOS="371" VPOS="835" WIDTH="57" HEIGHT="21" WC="0.95" CONTENT="vissa"/><SP WIDTH="16" VPOS="835" HPOS="428"/>
							<String ID="string_139" HPOS="444" VPOS="835" WIDTH="151" HEIGHT="26" WC="0.96" CONTENT="befogenheter"/><SP WIDTH="15" VPOS="835" HPOS="595"/>
							<String ID="string_140" HPOS="610" VPOS="835" WIDTH="7" HEIGHT="20" WC="0.96" CONTENT="i"/><SP WIDTH="16" VPOS="835" HPOS="617"/>
							<String ID="string_141" HPOS="633" VPOS="835" WIDTH="98" HEIGHT="21" WC="0.93" CONTENT="afseende"/><SP WIDTH="16" VPOS="835" HPOS="731"/>
							<String ID="string_142" HPOS="747" VPOS="836" WIDTH="12" HEIGHT="20" WC="0.91" CONTENT="å"/><SP WIDTH="17" VPOS="836" HPOS="759"/>
							<String ID="string_143" HPOS="776" VPOS="835" WIDTH="130" HEIGHT="27" WC="0.93" CONTENT="ordningens"/><SP WIDTH="16" VPOS="835" HPOS="906"/>
							<String ID="string_144" HPOS="922" VPOS="835" WIDTH="67" HEIGHT="21" WC="0.91" CONTENT="hand-"/>
						</TextLine>
						<TextLine ID="line_19" HPOS="233" VPOS="868" WIDTH="756" HEIGHT="28">
							<String ID="string_145" HPOS="233" VPOS="868" WIDTH="107" HEIGHT="22" WC="0.92" CONTENT="hafvande"/><SP WIDTH="18" VPOS="868" HPOS="340"/>
							<String ID="string_146" HPOS="358" VPOS="869" WIDTH="57" HEIGHT="21" WC="0.95" CONTENT="inom"/><SP WIDTH="19" VPOS="869" HPOS="415"/>
							<String ID="string_147" HPOS="434" VPOS="869" WIDTH="116" HEIGHT="21" WC="0.95" CONTENT="distriktet."/><SP WIDTH="40" VPOS="869" HPOS="550"/>
							<String ID="string_148" HPOS="590" VPOS="869" WIDTH="42" HEIGHT="21" WC="0.85" CONTENT="För"/><SP WIDTH="22" VPOS="869" HPOS="632"/>
							<String ID="string_149" HPOS="654" VPOS="869" WIDTH="200" HEIGHT="21" WC="0.90" CONTENT="vidmakthållande"/><SP WIDTH="24" VPOS="869" HPOS="854"/>
							<String ID="string_150" HPOS="878" VPOS="869" WIDTH="24" HEIGHT="21" WC="0.96" CONTENT="af"/><SP WIDTH="21" VPOS="869" HPOS="902"/>
							<String ID="string_151" HPOS="923" VPOS="869" WIDTH="66" HEIGHT="27" WC="0.96" CONTENT="nödig"/>
						</TextLine>
						<TextLine ID="line_20" HPOS="234" VPOS="903" WIDTH="754" HEIGHT="28">
							<String ID="string_152" HPOS="234" VPOS="904" WIDTH="127" HEIGHT="20" WC="0.96" CONTENT="samverkan"/><SP WIDTH="23" VPOS="904" HPOS="361"/>
							<String ID="string_153" HPOS="384" VPOS="903" WIDTH="91" HEIGHT="21" WC="0.93" CONTENT="emellan"/><SP WIDTH="22" VPOS="903" HPOS="475"/>
							<String ID="string_154" HPOS="497" VPOS="904" WIDTH="136" HEIGHT="27" WC="0.91" CONTENT="statspolisen"/><SP WIDTH="21" VPOS="904" HPOS="633"/>
							<String ID="string_155" HPOS="654" VPOS="904" WIDTH="39" HEIGHT="20" WC="0.96" CONTENT="och"/><SP WIDTH="19" VPOS="904" HPOS="693"/>
							<String ID="string_156" HPOS="712" VPOS="904" WIDTH="41" HEIGHT="20" WC="0.96" CONTENT="den"/><SP WIDTH="16" VPOS="904" HPOS="753"/>
							<String ID="string_157" HPOS="769" VPOS="904" WIDTH="139" HEIGHT="21" WC="0.93" CONTENT="kommunala"/><SP WIDTH="15" VPOS="904" HPOS="908"/>
							<String ID="string_158" HPOS="923" VPOS="903" WIDTH="65" HEIGHT="27" WC="0.92" CONTENT="polis-"/>
						</TextLine>
						<TextLine ID="line_21" HPOS="233" VPOS="938" WIDTH="755" HEIGHT="27">
							<String ID="string_159" HPOS="233" VPOS="938" WIDTH="151" HEIGHT="27" WC="0.96" CONTENT="myndigheten"/><SP WIDTH="16" VPOS="938" HPOS="384"/>
							<String ID="string_160" HPOS="400" VPOS="938" WIDTH="63" HEIGHT="27" WC="0.96" CONTENT="ingår"/><SP WIDTH="15" VPOS="938" HPOS="463"/>
							<String ID="string_161" HPOS="478" VPOS="939" WIDTH="6" HEIGHT="20" WC="0.93" CONTENT="i"/><SP WIDTH="16" VPOS="939" HPOS="484"/>
							<String ID="string_162" HPOS="500" VPOS="938" WIDTH="243" HEIGHT="27" WC="0.91" CONTENT="författningsförslaget"/><SP WIDTH="12" VPOS="938" HPOS="743"/>
							<String ID="string_163" HPOS="755" VPOS="938" WIDTH="80" HEIGHT="27" WC="0.90" CONTENT="jemväl"/><SP WIDTH="18" VPOS="938" HPOS="835"/>
							<String ID="string_164" HPOS="853" VPOS="938" WIDTH="135" HEIGHT="27" WC="0.96" CONTENT="bestämning"/>
						</TextLine>
						<TextLine ID="line_22" HPOS="233" VPOS="972" WIDTH="754" HEIGHT="28">
							<String ID="string_165" HPOS="233" VPOS="972" WIDTH="8" HEIGHT="21" WC="0.96" CONTENT="i"/><SP WIDTH="16" VPOS="972" HPOS="241"/>
							<String ID="string_166" HPOS="257" VPOS="973" WIDTH="79" HEIGHT="21" WC="0.96" CONTENT="sådant"/><SP WIDTH="16" VPOS="973" HPOS="336"/>
							<String ID="string_167" HPOS="352" VPOS="972" WIDTH="60" HEIGHT="27" WC="0.96" CONTENT="syfte,"/><SP WIDTH="12" VPOS="972" HPOS="412"/>
							<String ID="string_168" HPOS="424" VPOS="974" WIDTH="32" HEIGHT="20" WC="0.93" CONTENT="att"/><SP WIDTH="11" VPOS="974" HPOS="456"/>
							<String ID="string_169" HPOS="467" VPOS="973" WIDTH="203" HEIGHT="27" WC="0.91" CONTENT="kronobetjeningen"/><SP WIDTH="16" VPOS="973" HPOS="670"/>
							<String ID="string_170" HPOS="686" VPOS="975" WIDTH="57" HEIGHT="19" WC="0.93" CONTENT="samt"/><SP WIDTH="14" VPOS="975" HPOS="743"/>
							<String ID="string_171" HPOS="757" VPOS="973" WIDTH="230" HEIGHT="21" WC="0.91" CONTENT="kommunalnämnden"/>
						</TextLine>
						<TextLine ID="line_23" HPOS="233" VPOS="1007" WIDTH="758" HEIGHT="28">
							<String ID="string_172" HPOS="233" VPOS="1007" WIDTH="40" HEIGHT="21" WC="0.89" CONTENT="och"/><SP WIDTH="22" VPOS="1007" HPOS="273"/>
							<String ID="string_173" HPOS="295" VPOS="1007" WIDTH="126" HEIGHT="22" WC="0.89" CONTENT="distriktens"/><SP WIDTH="23" VPOS="1007" HPOS="421"/>
							<String ID="string_174" HPOS="444" VPOS="1008" WIDTH="151" HEIGHT="27" WC="0.90" CONTENT="ordningsmän"/><SP WIDTH="24" VPOS="1008" HPOS="595"/>
							<String ID="string_175" HPOS="619" VPOS="1007" WIDTH="60" HEIGHT="22" WC="0.96" CONTENT="skola"/><SP WIDTH="23" VPOS="1007" HPOS="679"/>
							<String ID="string_176" HPOS="702" VPOS="1008" WIDTH="35" HEIGHT="21" WC="0.93" CONTENT="vid"/><SP WIDTH="25" VPOS="1008" HPOS="737"/>
							<String ID="string_177" HPOS="762" VPOS="1007" WIDTH="141" HEIGHT="22" WC="0.91" CONTENT="förefallande"/><SP WIDTH="21" VPOS="1007" HPOS="903"/>
							<String ID="string_178" HPOS="924" VPOS="1007" WIDTH="67" HEIGHT="22" WC="0.92" CONTENT="behof"/>
						</TextLine>
						<TextLine ID="line_24" HPOS="232" VPOS="1041" WIDTH="755" HEIGHT="28">
							<String ID="string_179" HPOS="232" VPOS="1041" WIDTH="72" HEIGHT="22" WC="0.95" CONTENT="lemna"/><SP WIDTH="22" VPOS="1041" HPOS="304"/>
							<String ID="string_180" HPOS="326" VPOS="1042" WIDTH="121" HEIGHT="21" WC="0.96" CONTENT="hvarandra"/><SP WIDTH="23" VPOS="1042" HPOS="447"/>
							<String ID="string_181" HPOS="470" VPOS="1043" WIDTH="115" HEIGHT="26" WC="0.93" CONTENT="ömsesidig"/><SP WIDTH="18" VPOS="1043" HPOS="585"/>
							<String ID="string_182" HPOS="603" VPOS="1043" WIDTH="172" HEIGHT="26" WC="0.91" CONTENT="handräckning;"/><SP WIDTH="27" VPOS="1043" HPOS="775"/>
							<String ID="string_183" HPOS="802" VPOS="1043" WIDTH="46" HEIGHT="26" WC="0.95" CONTENT="och,"/><SP WIDTH="16" VPOS="1043" HPOS="848"/>
							<String ID="string_184" HPOS="864" VPOS="1043" WIDTH="7" HEIGHT="20" WC="0.95" CONTENT="i"/><SP WIDTH="15" VPOS="1043" HPOS="871"/>
							<String ID="string_185" HPOS="886" VPOS="1043" WIDTH="101" HEIGHT="21" WC="0.95" CONTENT="ändamål"/>
						</TextLine>
						<TextLine ID="line_25" HPOS="232" VPOS="1076" WIDTH="754" HEIGHT="28">
							<String ID="string_186" HPOS="232" VPOS="1078" WIDTH="33" HEIGHT="19" WC="0.95" CONTENT="att"/><SP WIDTH="22" VPOS="1078" HPOS="265"/>
							<String ID="string_187" HPOS="287" VPOS="1078" WIDTH="27" HEIGHT="19" WC="0.96" CONTENT="än"/><SP WIDTH="22" VPOS="1078" HPOS="314"/>
							<String ID="string_188" HPOS="336" VPOS="1077" WIDTH="74" HEIGHT="20" WC="0.95" CONTENT="vidare"/><SP WIDTH="22" VPOS="1077" HPOS="410"/>
							<String ID="string_189" HPOS="432" VPOS="1076" WIDTH="102" HEIGHT="28" WC="0.96" CONTENT="befrämja"/><SP WIDTH="23" VPOS="1076" HPOS="534"/>
							<String ID="string_190" HPOS="557" VPOS="1077" WIDTH="127" HEIGHT="26" WC="0.96" CONTENT="samverkan"/><SP WIDTH="20" VPOS="1077" HPOS="684"/>
							<String ID="string_191" HPOS="704" VPOS="1077" WIDTH="91" HEIGHT="21" WC="0.96" CONTENT="emellan"/><SP WIDTH="19" VPOS="1077" HPOS="795"/>
							<String ID="string_192" HPOS="814" VPOS="1077" WIDTH="93" HEIGHT="21" WC="0.92" CONTENT="nämnde"/><SP WIDTH="15" VPOS="1077" HPOS="907"/>
							<String ID="string_193" HPOS="922" VPOS="1077" WIDTH="64" HEIGHT="26" WC="0.92" CONTENT="polis-"/>
						</TextLine>
						<TextLine ID="line_26" HPOS="232" VPOS="1110" WIDTH="755" HEIGHT="28">
							<String ID="string_194" HPOS="232" VPOS="1110" WIDTH="154" HEIGHT="27" WC="0.93" CONTENT="myndigheter,"/><SP WIDTH="17" VPOS="1110" HPOS="386"/>
							<String ID="string_195" HPOS="403" VPOS="1113" WIDTH="105" HEIGHT="24" WC="0.91" CONTENT="upptager"/><SP WIDTH="15" VPOS="1113" HPOS="508"/>
							<String ID="string_196" HPOS="523" VPOS="1111" WIDTH="104" HEIGHT="27" WC="0.96" CONTENT="förslaget"/><SP WIDTH="14" VPOS="1111" HPOS="627"/>
							<String ID="string_197" HPOS="641" VPOS="1111" WIDTH="121" HEIGHT="26" WC="0.96" CONTENT="stadgande"/><SP WIDTH="12" VPOS="1111" HPOS="762"/>
							<String ID="string_198" HPOS="774" VPOS="1111" WIDTH="80" HEIGHT="27" WC="0.96" CONTENT="derom,"/><SP WIDTH="12" VPOS="1111" HPOS="854"/>
							<String ID="string_199" HPOS="866" VPOS="1113" WIDTH="32" HEIGHT="19" WC="0.93" CONTENT="att"/><SP WIDTH="10" VPOS="1113" HPOS="898"/>
							<String ID="string_200" HPOS="908" VPOS="1112" WIDTH="79" HEIGHT="20" WC="0.92" CONTENT="krono-"/>
						</TextLine>
						<TextLine ID="line_27" HPOS="232" VPOS="1144" WIDTH="755" HEIGHT="29">
							<String ID="string_201" HPOS="232" VPOS="1144" WIDTH="97" HEIGHT="21" WC="0.96" CONTENT="länsman"/><SP WIDTH="19" VPOS="1144" HPOS="329"/>
							<String ID="string_202" HPOS="348" VPOS="1146" WIDTH="24" HEIGHT="19" WC="0.95" CONTENT="är"/><SP WIDTH="15" VPOS="1146" HPOS="372"/>
							<String ID="string_203" HPOS="387" VPOS="1145" WIDTH="121" HEIGHT="26" WC="0.95" CONTENT="berättigad"/><SP WIDTH="16" VPOS="1145" HPOS="508"/>
							<String ID="string_204" HPOS="524" VPOS="1147" WIDTH="92" HEIGHT="19" WC="0.96" CONTENT="närvara"/><SP WIDTH="15" VPOS="1147" HPOS="616"/>
							<String ID="string_205" HPOS="631" VPOS="1145" WIDTH="36" HEIGHT="21" WC="0.93" CONTENT="vid"/><SP WIDTH="15" VPOS="1145" HPOS="667"/>
							<String ID="string_206" HPOS="682" VPOS="1145" WIDTH="158" HEIGHT="28" WC="0.89" CONTENT="ordningsmåls"/><SP WIDTH="15" VPOS="1145" HPOS="840"/>
							<String ID="string_207" HPOS="855" VPOS="1145" WIDTH="132" HEIGHT="27" WC="0.96" CONTENT="behandling"/>
						</TextLine>
						<TextLine ID="line_28" HPOS="232" VPOS="1179" WIDTH="291" HEIGHT="22">
							<String ID="string_208" HPOS="232" VPOS="1179" WIDTH="39" HEIGHT="21" WC="0.93" CONTENT="hos"/><SP WIDTH="15" VPOS="1179" HPOS="271"/>
							<String ID="string_209" HPOS="286" VPOS="1179" WIDTH="237" HEIGHT="22" WC="0.91" CONTENT="kommunalnämnden."/>
						</TextLine>
					</TextBlock>
					<TextBlock ID="block_3" HPOS="231" VPOS="1213" WIDTH="759" HEIGHT="96">
						<TextLine ID="line_29" HPOS="301" VPOS="1213" WIDTH="686" HEIGHT="28">
							<String ID="string_210" HPOS="301" VPOS="1213" WIDTH="146" HEIGHT="22" WC="0.92" CONTENT="Omförmälda"/><SP WIDTH="15" VPOS="1213" HPOS="447"/>
							<String ID="string_211" HPOS="462" VPOS="1213" WIDTH="226" HEIGHT="28" WC="0.89" CONTENT="författningsförslag,"/><SP WIDTH="16" VPOS="1213" HPOS="688"/>
							<String ID="string_212" HPOS="704" VPOS="1214" WIDTH="82" HEIGHT="22" WC="0.96" CONTENT="hvilket"/><SP WIDTH="9" VPOS="1214" HPOS="786"/>
							<String ID="string_213" HPOS="795" VPOS="1215" WIDTH="61" HEIGHT="20" WC="0.96" CONTENT="Hans"/><SP WIDTH="10" VPOS="1215" HPOS="856"/>
							<String ID="string_214" HPOS="866" VPOS="1214" WIDTH="121" HEIGHT="27" WC="0.96" CONTENT="Kejserliga"/>
						</TextLine>
						<TextLine ID="line_30" HPOS="231" VPOS="1248" WIDTH="759" HEIGHT="27">
							<String ID="string_215" HPOS="231" VPOS="1248" WIDTH="101" HEIGHT="27" WC="0.96" CONTENT="Majestät"/><SP WIDTH="22" VPOS="1248" HPOS="332"/>
							<String ID="string_216" HPOS="354" VPOS="1248" WIDTH="90" HEIGHT="21" WC="0.96" CONTENT="härmed"/><SP WIDTH="24" VPOS="1248" HPOS="444"/>
							<String ID="string_217" HPOS="468" VPOS="1249" WIDTH="55" HEIGHT="21" WC="0.96" CONTENT="velat"/><SP WIDTH="18" VPOS="1249" HPOS="523"/>
							<String ID="string_218" HPOS="541" VPOS="1249" WIDTH="8" HEIGHT="20" WC="0.96" CONTENT="i"/><SP WIDTH="18" VPOS="1249" HPOS="549"/>
							<String ID="string_219" HPOS="567" VPOS="1248" WIDTH="68" HEIGHT="22" WC="0.93" CONTENT="nåder"/><SP WIDTH="20" VPOS="1248" HPOS="635"/>
							<String ID="string_220" HPOS="655" VPOS="1249" WIDTH="130" HEIGHT="21" WC="0.91" CONTENT="öfverlemna"/><SP WIDTH="18" VPOS="1249" HPOS="785"/>
							<String ID="string_221" HPOS="803" VPOS="1248" WIDTH="32" HEIGHT="22" WC="0.93" CONTENT="till"/><SP WIDTH="17" VPOS="1248" HPOS="835"/>
							<String ID="string_222" HPOS="852" VPOS="1249" WIDTH="138" HEIGHT="21" WC="0.84" CONTENT="Ständernas"/>
						</TextLine>
						<TextLine ID="line_31" HPOS="231" VPOS="1283" WIDTH="421" HEIGHT="26">
							<String ID="string_223" HPOS="231" VPOS="1283" WIDTH="127" HEIGHT="25" WC="0.96" CONTENT="antagande,"/><SP WIDTH="18" VPOS="1283" HPOS="358"/>
							<String ID="string_224" HPOS="376" VPOS="1285" WIDTH="24" HEIGHT="18" WC="0.96" CONTENT="är"/><SP WIDTH="16" VPOS="1285" HPOS="400"/>
							<String ID="string_225" HPOS="416" VPOS="1283" WIDTH="23" HEIGHT="19" WC="0.96" CONTENT="af"/><SP WIDTH="13" VPOS="1283" HPOS="439"/>
							<String ID="string_226" HPOS="452" VPOS="1283" WIDTH="94" HEIGHT="25" WC="0.96" CONTENT="följande"/><SP WIDTH="15" VPOS="1283" HPOS="546"/>
							<String ID="string_227" HPOS="561" VPOS="1283" WIDTH="91" HEIGHT="26" WC="0.96" CONTENT="lydelse:"/>
						</TextLine>
					</TextBlock>
				</ComposedBlock>
				<GraphicalElement ID="cblock_2" HPOS="1108" VPOS="2" WIDTH="12" HEIGHT="682"></GraphicalElement >
			</PrintSpace>
		</Page>
	</Layout>
</alto>
