1098 1753
281 164 26 20 36
593 163 35 22 N:o
643 164 31 21 21.

252 232 28 27 på
296 231 119 28 stämpladt
430 238 88 21 papper,
536 233 27 20 då
579 232 84 21 enskild
679 238 77 20 person
773 234 23 19 är
812 233 49 26 part
876 232 6 20 i
899 231 72 24 saken,
982 231 27 26 på

253 268 44 19 sätt
312 267 7 20 i
337 268 53 19 1:sta
406 267 95 26 punkten
518 269 24 18 är
558 267 72 25 sagdt;

323 308 53 20 18:0.
407 307 44 20 Mål
476 313 45 14 som
544 307 36 20 vid
603 307 119 20 domstolar
742 307 38 20 och
799 306 135 21 embetsverk
953 305 55 22 före-

251 341 87 21 komma
354 341 92 21 rörande

321 376 23 27 a)
360 375 96 25 offentlig
472 375 220 27 embetsmyndighet;

321 410 20 26 0)
352 410 229 26 fattigvärdsstyrelse,
600 409 226 27 förmyndarenämnd,
840 409 169 27 ingvarterings-

252 444 89 26 nämnd;

321 479 19 27 c)
357 478 75 26 kyrka,
450 478 67 26 skola,
529 478 95 27 hospital
636 478 51 21 eller
699 484 69 15 annan
781 478 53 21 from
847 478 99 26 stiftelse,
958 484 52 21 pen-

252 514 68 21 sions-
345 513 51 21 eller
420 519 68 14 annan
509 512 218 26 understödsanstalt,
748 512 99 22 samfund
868 513 33 20 för
918 512 91 22 befräm-

249 549 66 26 jande
333 548 22 20 af
373 548 107 25 literatur,
501 548 124 26 vetenskap,
647 547 53 21 skön
716 548 70 23 konst,
804 547 204 27 landthushållning,

252 582 172 27 bibelspridning
445 582 52 20 eller
517 585 65 17 annat
603 582 160 26 allmännyttigt
779 582 106 26 ändamål,
901 582 108 20 inhemskt

252 618 27 26 på
296 617 117 26 ömsesidig
430 616 139 26 ansvarighet
580 616 108 27 grundadt
700 616 201 27 brandstodsbolag,
914 616 94 27 sjöassu-

252 652 156 25 ransförening,
432 651 176 27 lifränteanstalt,
633 651 115 26 sparbank,
768 651 241 27 hypoteksföreningen,

253 687 88 21 sockne-
361 686 39 20 och
419 685 236 27 understödsmagasin,
672 685 64 21 likväl
754 685 77 21 endast
846 686 56 20 hvad
918 686 12 20 å
946 687 63 21 dessa

251 721 70 21 verks:
335 720 39 21 och
395 720 156 26 inrättningars
572 722 81 24 vägnar
673 720 103 20 inlemnas
794 720 52 20 eller
861 720 33 20 till
911 720 48 21 dem
975 723 33 19 ut-

253 755 78 21 färdas.
363 754 60 21 Dock
448 754 68 26 gäller
540 755 69 20 denna
632 754 101 21 befrielse
756 754 46 21 icke
822 754 33 21 för
874 754 65 27 köpe-
956 755 52 21 eller

253 790 57 21 salu-
327 792 55 18 samt
397 788 72 27 bytes-
486 788 38 20 och
541 788 112 26 gäfvobref
668 788 13 20 å
696 788 43 21 fast
754 788 114 26 egendom;

323 830 53 20 19:0.
401 828 44 21 Allt
461 828 55 21 hvad
534 829 5 20 i
557 828 72 26 frägor
645 828 92 22 rörande
752 828 78 26 gratial
841 835 25 15 ur
877 829 131 27 krigsmans-

254 864 120 21 huskassan
395 863 53 21 eller
464 864 115 25 pensioner
598 862 33 21 för
651 862 67 21 enkor
738 863 39 21 och
793 863 53 21 barn
862 863 54 21 efter
932 864 77 22 aflidne

251 899 93 20 embets-
367 897 38 21 och
429 898 129 26 tjenstemän
583 897 46 20 frän
653 897 107 21 allmänna
784 899 64 19 stats-
868 898 39 20 och
924 898 85 21 militie-

252 932 69 21 medel
338 933 56 19 samt
410 932 42 20 alla
468 932 90 26 publika
573 931 39 21 och
629 931 98 21 enskilda
738 932 63 20 enke-
812 932 38 20 och
862 932 147 26 pupillkassor

252 972 7 21 i
275 967 74 21 landet
363 966 91 26 ingifves
471 966 37 20 och
525 966 86 21 utfärda
629 972 5 19 ;

321 1008 54 20 20:0.
406 1005 64 21 Bevis
494 1006 38 21 och
553 1006 142 26 vittnesbörd,
712 1012 46 15 som
774 1006 22 20 af
811 1006 148 21 föreständare
975 1006 34 22 för

252 1041 73 21 skolor
342 1040 38 21 och
397 1040 281 25 undervisningsanstalter,
688 1040 22 20 af
724 1040 56 20 hvad
797 1040 46 25 slag
859 1040 25 21 de
900 1047 52 14 vara
967 1042 41 25 mä,

252 1075 53 21 eller
329 1075 22 21 af
371 1075 70 20 lärare
462 1075 34 20 vid
518 1075 109 20 desamma
643 1074 32 20 till
693 1074 70 21 elever
778 1075 104 26 utfärdas,
899 1074 110 22 äfvensom

252 1109 149 26 ansökningar
420 1109 19 26 ej
460 1109 83 20 mindre
563 1115 33 14 om
612 1108 85 21 inträde
713 1109 6 20 i
736 1108 78 21 allmän
831 1109 134 26 läroanstalt,
981 1112 27 18 än

251 1143 82 21 sädana
351 1143 73 20 hvilka
441 1143 22 20 af
478 1143 131 20 studerande
628 1142 35 20 vid
679 1142 308 27 Alexanders-Universitetet,
1001 1144 7 20 i

251 1179 39 20 och
306 1179 33 19 för
355 1177 121 21 undfäende
499 1177 21 21 af
536 1177 124 27 stipendier,
673 1177 31 20 till
721 1177 167 21 Universitetets
900 1177 109 22 konsisto-

251 1213 55 20 rium
323 1213 38 20 och
379 1212 140 21 fakulteteter
536 1212 103 27 ingifvas;

319 1253 53 19 21:0.
396 1251 217 22 Permissionssedlar
629 1251 33 20 för
672 1257 104 21 personer
788 1251 94 22 hörande
894 1251 32 21 till
938 1251 70 22 finska

254 1287 107 19 militären
378 1286 38 20 och
432 1286 305 25 arbetskommenderingarna
752 1287 7 18 i
774 1286 82 24 landet;

320 1326 55 19 22:0.
405 1325 158 26 Redogörelser
587 1325 38 20 och
649 1325 141 26 uträkningar
814 1325 58 20 öfver
894 1325 114 26 omyndiga

253 1359 64 21 barns
332 1359 69 21 medel
417 1359 48 20 med
482 1359 72 21 dertill
570 1359 96 20 hörande
683 1358 93 27 bilagor;

319 1400 56 20 23:0.
400 1399 138 21 Testamente
554 1399 32 21 till
604 1399 68 26 make,
689 1399 125 26 skyldemän
831 1400 4 19 i
848 1401 44 19 rätt
903 1405 53 21 upp-
968 1399 39 21 och

252 1434 141 26 nedstigande
416 1434 34 21 led
474 1434 52 21 eller
546 1433 87 28 syskon,
653 1433 109 21 äfvensom
782 1433 33 21 till
832 1434 175 26 undervisnings-

252 1469 87 27 anstalt,
355 1468 159 27 vetenskapligt
530 1467 98 22 ändamål
645 1468 53 21 eller
712 1467 55 22 from
779 1468 100 26 stiftelse,
888 1469 67 25 jemte
966 1469 43 20 alla
