1095 1723
269 133 24 19 12
568 132 39 21 N:o
625 135 32 18 11.

238 200 97 27 reslagna
350 200 124 27 indragning
491 200 38 21 och
546 201 38 20 den
600 200 111 21 förordade
727 200 62 21 enkla
804 200 60 26 legan
879 200 32 21 för
922 200 67 26 skjuts

239 233 47 22 frän
302 234 157 21 reservstation.

311 269 30 21 Ur
363 269 11 27 &
399 270 26 20 10
448 269 38 21 har
508 269 70 27 utgätt
598 269 18 27 ej
633 268 81 22 mindre
729 269 160 26 bestämningen
903 269 7 21 i
925 274 63 16 mom.

240 310 20 19 a,
276 305 38 21 att,
330 304 8 20 i
352 303 101 21 händelse
476 304 187 26 skjutshällningen
679 303 34 21 vid
735 304 63 26 nägot
821 303 122 27 gästgifveri
965 305 24 19 är

240 337 97 22 fördelad
352 337 12 21 å
379 338 50 20 flere
444 338 130 27 kommuner,
590 338 72 27 hvarje
678 338 111 21 kommuns
804 338 186 26 skjutsningsskyl-

240 372 72 26 dighet
327 372 38 21 bör
376 372 35 20 vid
421 372 114 21 auktionen
551 372 99 22 särskildt
661 372 104 26 utbjudas,
777 374 26 18 än
813 378 63 15 mom.
889 372 16 26 b,
918 372 70 21 hvilka

240 406 154 26 uteslutningar
417 406 63 21 hafva
499 408 31 19 sin
545 406 67 27 grund
627 407 31 21 uti
675 406 38 21 den
729 406 126 21 förändrade
870 406 80 26 lydeise
965 406 24 27 88

240 442 12 19 2
269 440 38 21 och
323 442 12 19 6
350 440 5 21 i
373 440 100 27 förslaget
489 439 91 23 erhållit.

311 475 64 20 Emot
391 475 125 26 stadgandet
532 475 6 20 i
554 475 10 27 $
582 478 23 19 11
623 477 31 19 att
670 475 77 26 skjuts-
762 475 38 20 och
811 474 176 28 gästgifverihåll-

240 509 76 26 ningen
331 509 7 20 i
353 509 115 21 allmänhet
491 509 54 21 skall
563 509 97 27 utbjudas
675 509 28 26 på
719 509 98 27 antingen
832 511 32 19 tre
880 509 52 20 eller
946 509 43 20 fem

240 543 23 21 år
279 543 39 21 har
333 543 114 26 anmärkts,
463 545 32 20 att
509 544 62 26 ingen
587 543 105 27 ordentlig
702 545 136 25 entreprenör
848 543 61 22 torde
919 544 72 21 kunna

240 577 78 22 förmås
334 580 31 19 att
381 579 51 19 utan
447 578 93 27 ansenlig
556 578 116 26 ersättning
687 578 32 21 för
735 585 25 13 en
776 578 31 21 tid
821 578 23 21 af
858 579 89 20 allenast
957 581 33 18 tre

240 612 24 21 år
278 612 172 27 iordningsställa
469 614 31 19 ett
517 612 74 27 billiga
606 612 119 27 fordringar
740 613 147 20 motsvarande
902 611 87 28 gästgif-

239 648 51 26 veri,
313 647 56 21 helst
392 653 25 14 en
439 647 27 26 på
488 647 56 21 vissa
566 650 57 19 orter
642 649 43 19 rätt
699 647 118 26 betydande
832 647 157 26 inkomstkälla,

240 681 272 27 bränvinsutskänkningen,
536 681 47 21 från
606 682 38 21 och
663 682 48 21 med
727 681 24 21 år
767 684 54 19 1888
837 684 24 18 är
875 681 115 28 gästgifva-

241 722 49 15 rene
312 715 110 22 frånkänd.
452 715 32 22 Då
500 716 66 21 denna
585 716 136 27 anmärkning
736 716 46 21 icke
798 723 59 20 synes
873 716 65 21 sakna
955 716 33 21 be-

240 750 99 27 fogenhet
355 752 54 19 samt
425 750 142 27 tidsperioden
583 750 33 21 för
630 751 132 26 gästgifveri-
779 751 38 20 och
832 750 157 27 skjutshållnin-

240 791 50 20 gens
304 784 129 27 upplåtande
448 785 26 26 på
485 785 145 27 entreprenad,
647 785 65 26 enligt
728 785 25 21 de
768 785 7 20 i
790 785 149 27 förordningen
953 791 31 15 an-

240 819 58 27 gifna
313 819 97 27 grunder,
432 819 38 20 bör
484 825 51 15 vara
551 819 49 26 lika,
616 819 39 21 har
670 820 31 20 uti
717 819 100 27 förslaget
833 819 67 22 denna
915 819 77 27 period

240 853 104 23 faststälts
359 854 33 21 till
408 853 41 21 fem
466 853 29 22 år.

310 889 188 26 Bestämningarna
520 890 32 20 uti
574 889 10 28 $
607 891 24 19 12
647 888 23 22 af
683 888 149 28 förordningen
847 889 63 21 hafva
925 889 7 21 i
947 889 42 21 för-

240 924 68 26 slaget
330 923 113 27 undergått
461 924 116 26 väsentliga
592 924 119 26 ändringar.
741 924 33 21 Dä
789 924 65 20 likväl
869 924 121 22 ändamålet

240 958 48 21 med
304 958 59 21 dessa
379 957 112 27 ändringar
502 957 107 22 äfvensom
622 958 113 21 orsakerna
745 958 34 21 till
790 958 107 21 desamma
907 958 83 27 framgå

240 992 22 22 af
284 992 151 26 ordalydelsen,
458 993 61 20 torde
541 992 68 27 någon
624 992 91 21 särskild
730 993 125 27 motivering
870 993 23 20 af
907 993 48 20 dem
970 994 18 25 ej

238 1026 91 22 behöfva
350 1026 160 27 ifrågakomma.
539 1027 59 21 Dock
613 1027 38 20 bör
675 1026 123 21 framhållas
821 1030 38 19 att.
874 1027 7 20 i
897 1026 52 28 följd
966 1027 24 21 af

240 1061 40 21 den
294 1061 7 21 i
315 1061 92 21 nämnda
421 1062 12 26 $
448 1061 83 21 införda
554 1061 134 21 föreskriften
711 1061 72 21 derom
801 1063 32 19 att
852 1061 39 21 den
911 1061 77 27 skjuts-

239 1095 93 27 hållning
354 1095 35 20 vid
408 1095 127 26 gästgifveri,
553 1101 44 16 som
614 1095 17 27 ej
648 1095 68 21 blifvit
732 1095 21 22 åt
769 1097 136 25 entreprenör
922 1095 68 21 öfver-

239 1129 90 26 lemnad,
345 1129 53 21 skall
415 1129 53 21 efter
484 1129 80 21 mantal
579 1129 92 22 fördelas
685 1130 90 21 emellan
785 1130 96 27 samtlige
892 1130 96 21 kommu-

238 1170 37 15 ner
290 1165 7 20 i
313 1165 131 26 skjutslaget,
460 1164 37 21 fall
512 1165 70 20 kunna
597 1165 85 20 inträffa
693 1164 26 21 då
729 1165 106 26 kommun,
846 1165 28 26 på
885 1167 43 19 sätt
936 1165 53 26 jem-

238 1199 35 21 väl
287 1205 28 14 nu
331 1199 12 20 å
358 1198 107 27 åtskilliga
480 1201 63 23 orter,
560 1199 100 21 särskildt
675 1199 7 20 i
697 1199 95 26 nordliga
809 1199 84 21 delarne
909 1199 23 20 af
945 1199 44 20 lan-

238 1233 41 27 det,
296 1235 24 18 är
335 1232 147 27 förhållandet,
494 1233 79 26 nödgas
589 1233 90 27 fullgöra
695 1233 31 21 sin
737 1233 251 27 skjutsningsskyldighet

238 1267 35 20 vid
295 1273 44 14 mer
362 1267 51 19 eller
428 1267 81 19 mindre
524 1267 88 25 aflägset
626 1267 90 26 belägna
731 1266 153 27 gästgifverier.
913 1267 76 26 Någon

239 1299 73 22 alltför
327 1302 45 18 stor
387 1299 107 26 betydelse
510 1305 61 21 synes
587 1300 52 21 dock
651 1300 46 20 icke
707 1300 71 21 kunna
788 1300 99 26 tilläggas
898 1299 91 22 berörda

238 1333 162 28 omständighet,
425 1335 50 19 enär
499 1333 41 27 det,
559 1334 65 27 enligt
641 1336 9 19 1
667 1341 64 14 mom.
748 1336 25 19 17
788 1335 18 26 8,
822 1336 24 19 är
861 1334 80 22 tillåtet
955 1334 34 22 för

238 1368 45 26 den,
307 1374 45 15 som
375 1367 68 22 blifvit
466 1368 34 21 till
522 1368 111 27 hållskjuts
657 1369 72 26 indelt,
745 1370 32 20 att
792 1369 91 26 fullgöra
898 1369 91 21 nämnda

237 1403 120 26 skyldighet
372 1409 76 20 genom
463 1403 128 26 gästgifvare
610 1403 52 21 eller
677 1409 67 15 annan
759 1409 82 21 person,
857 1404 35 21 vid
907 1403 81 22 hvilket

236 1437 133 22 förhållande
390 1437 53 21 intet
465 1437 75 21 hinder
561 1437 66 22 finnes
649 1437 33 22 för
701 1437 50 22 flere
769 1438 51 21 eller
835 1438 34 21 till
885 1438 38 22 och
939 1439 49 21 med
