1106 1742
289 148 25 20 12
495 146 21 23 U.
534 146 22 23 B.
571 157 30 16 —
616 146 59 27 Prop.
691 146 35 21 N:o
743 144 27 22 12.

618 207 27 22 II.

327 248 40 26 Jag
381 248 42 21 kan
438 248 45 21 icke
498 248 71 21 förena
584 247 41 27 mig
645 246 47 22 med
714 246 161 27 Lagutskottets
896 244 109 29 pluralitet

260 282 78 26 derom,
354 284 31 19 att
400 281 222 28 fridlysningsstadgan
634 280 21 23 af
664 281 40 21 den
714 282 27 20 24
751 280 113 22 november
875 280 54 22 1864
938 279 66 21 borde

259 316 105 27 tillämpas
379 316 28 27 pä
421 316 39 22 alla
476 316 44 27 slag
530 315 22 22 af
561 315 223 27 telefoninrättningar,
796 317 50 19 enär
855 314 150 22 straffbestäm-

259 350 102 27 ningarna
382 350 7 21 i
408 350 65 28 sagda
488 350 120 27 förordning
623 356 61 22 synas
707 349 70 23 alltför
791 352 85 24 stränga
897 349 108 27 gentemot

260 385 69 27 ohägn
343 386 14 21 å
373 384 69 28 dylika
456 385 138 27 inrättningar
609 384 21 22 af
650 384 45 22 helt
717 384 38 22 och
778 384 65 22 hållet
859 384 70 27 privat
943 385 63 19 natur

259 421 54 20 samt
327 420 13 21 &
355 418 187 28 telefonledningar
557 419 75 22 mellan
642 425 26 15 en
678 418 158 22 centralstation
854 418 39 22 och
910 417 95 23 enskilda

261 453 96 27 delegare
373 453 50 21 eller
438 453 134 22 abonnenter.
603 453 49 23 Dels
667 459 61 21 synes
743 453 103 27 nämligen
861 454 86 26 stränga
956 452 47 22 frid-

258 487 223 28 lysningsstadganden
499 494 49 14 vara
562 488 128 20 motiverade
708 488 74 20 endast
800 487 36 22 der
852 487 35 21 det
897 486 66 28 gäller
973 488 32 20 att

258 522 81 27 skydda
354 521 111 27 allmänna,
481 521 128 22 omfattande
623 522 109 26 intressen,
755 521 44 22 dels
814 521 81 22 medför
909 521 69 27 ohägn
993 521 13 21 å

258 556 72 21 trädar
345 556 6 20 i
366 556 109 21 städernas
490 555 116 22 telefonnät
620 556 23 21 sä
654 556 82 27 mycket
746 556 80 21 mindre
835 555 120 29 betydande
965 554 40 23 och

258 590 77 21 lättare
351 589 99 28 afhjelpta
461 590 139 26 olägenheter,
616 592 26 19 än
658 590 56 27 dylik
724 590 66 21 skada
804 591 13 21 &
831 590 110 27 ledningar
955 589 52 22 mel-

258 624 35 22 lan
303 624 180 22 telefoncentraler
494 624 26 27 pä
530 624 45 21 från
586 624 118 22 hvarandra
712 630 44 18 mer
764 624 51 22 eller
823 624 80 22 mindre
914 624 91 27 aflägsna

259 661 64 24 orter,
345 660 32 20 att
399 658 43 22 lika
464 660 84 26 stränga
563 658 60 22 straff
636 658 7 21 i
665 658 65 27 begge
745 658 62 22 fallen
823 658 45 22 icke
883 658 61 22 hafva
959 658 47 22 skäl

258 693 33 21 för
306 693 37 27 sig.
372 692 78 22 Härtill
471 693 95 21 kommer
587 694 38 25 att,
649 699 34 15 om
699 692 40 22 den
761 693 92 27 antydda
873 692 132 22 ätskilnaden

258 727 47 22 icke
327 729 68 25 göres,
419 727 26 21 de
459 726 133 22 uteslutande
607 726 32 22 för
653 726 134 28 privatbehof
798 727 105 21 inrättade
919 726 87 22 telefon-

258 761 137 27 ledningarna
404 761 88 22 likasom
503 761 141 21 telefonnäten
654 761 7 21 i
671 762 99 21 städerna
780 763 50 19 utan
840 761 70 22 tvifvel
921 762 84 21 komma

259 798 32 20 att
307 795 96 22 förblifva
417 796 6 20 i
439 795 79 21 saknad
534 795 21 21 af
568 796 38 21 allt
621 797 64 19 annat
700 795 72 27 skydd,
795 798 27 18 än
837 795 39 22 den
899 795 106 23 allmänna

258 830 73 28 lagens
345 830 156 26 bestämningar
516 836 33 15 om
564 830 153 27 skadegörelse.
748 830 29 27 Ty
793 836 48 15 man
858 830 41 21 kan
914 832 49 25 taga
973 829 32 23 för

258 864 65 27 gifvet
337 866 32 20 att
384 864 35 22 det
433 864 103 22 särskilda
550 864 146 26 förordnande,
711 864 87 22 hvarom
810 865 25 20 10
845 864 12 27 $
868 864 6 21 i
884 864 122 22 förenämda

259 899 207 27 fridlysningsstadga
480 898 60 26 talar,
562 898 54 22 skall
638 898 65 21 varda
725 898 119 27 förvägradt
858 899 7 20 i
880 899 26 21 de
920 898 43 26 fall,
979 899 27 21 dä

259 933 140 22 straffmåtten
414 933 45 22 icke
474 933 84 22 komme
572 934 32 20 att
614 933 33 21 stä
661 932 7 21 i
683 933 65 27 något
763 933 130 22 förhållande
904 933 32 22 till
948 933 57 22 brot-

259 970 41 20 tets
315 967 108 28 betydelse
445 967 40 22 och
506 967 94 22 bärvidd.
630 967 108 27 Deremot
752 973 62 16 anser
833 968 36 27 jag
883 967 56 23 intet
959 967 47 23 skäl

258 1002 131 21 förekomma
404 1003 31 20 att
449 1001 7 21 i
472 1001 96 22 afseende
582 1003 14 20 &
610 1001 122 28 fridlysning
746 1004 52 25 göra
812 1002 105 22 ätskilnad
928 1002 79 22 mellan

259 1036 106 21 allmänna
379 1035 227 28 telegrafinrättningar
624 1036 38 22 och
684 1036 136 27 ledningarna
833 1036 78 22 mellan
925 1037 80 21 sädana

260 1070 179 22 telefonanstalter
453 1071 28 26 pä
496 1070 55 21 olika
566 1072 63 25 orter,
644 1069 70 22 hvilka
741 1083 12 2 --
774 1077 34 15 om
823 1071 62 21 också
901 1071 27 26 pä
938 1071 69 26 privat

259 1107 40 24 väg
313 1104 111 21 tillkomna
439 1116 24 3 —
483 1106 44 19 mot
542 1103 125 28 erläggande
678 1103 22 22 af
712 1104 42 21 viss
764 1104 135 27 delaktighet,
915 1104 93 22 abonne-

259 1140 68 19 ments
343 1138 51 21 eller
409 1144 69 15 annan
493 1137 65 27 afgift,
577 1139 70 20 kunna
661 1137 105 28 begagnas
782 1138 38 21 och
835 1138 87 22 faktiskt
944 1139 62 21 äfven

259 1173 64 20 redan
339 1173 111 26 begagnas,
468 1172 42 21 lika
525 1172 33 21 väl
572 1171 23 22 af
608 1174 80 19 statens
703 1171 131 22 embetsverk
849 1172 39 21 och
903 1172 103 21 anstalter

259 1208 54 20 samt
329 1206 64 22 andra
409 1205 107 28 offentliga
530 1206 38 21 och
591 1206 32 21 till
638 1205 151 22 allmänhetens
803 1212 54 21 gagn
873 1205 87 22 afsedda
975 1205 33 22 in-

258 1240 124 27 rättningar,
405 1247 44 15 som
465 1240 23 21 af
500 1240 93 21 enskilda
607 1246 107 21 personer.
743 1240 58 22 Slika
816 1239 190 22 telefoninrättnin-

257 1280 49 20 gars
321 1274 107 26 betydelse
443 1274 33 21 för
491 1274 40 21 den
546 1274 104 21 allmänna
672 1273 191 22 sammanlefnaden
885 1274 39 21 och
944 1275 62 20 deras

257 1307 114 27 inflytande
385 1308 28 26 pä
427 1307 121 21 samhällets
563 1306 119 27 utveckling
704 1309 36 19 äro
755 1307 65 21 redan
842 1313 28 15 nu
887 1308 28 25 pä
930 1313 26 15 en
971 1306 34 22 del

259 1343 56 19 orter
330 1341 47 26 föga
392 1340 80 21 mindre
487 1342 26 19 än
529 1341 40 20 den
579 1340 105 21 allmänna
694 1340 132 27 telegrafens,
840 1341 38 21 och
890 1347 34 15 om
939 1341 66 26 nägra

257 1375 24 22 år
296 1375 55 21 skall
365 1374 105 22 telefonen
485 1375 68 21 såsom
568 1373 163 28 föreningsband
753 1375 76 22 mellan
851 1375 82 22 landets
949 1374 56 23 olika

259 1409 58 22 delar
331 1411 51 20 utan
397 1408 38 22 allt
449 1407 71 23 tvifvel
534 1407 62 23 hafva
612 1408 7 21 i
630 1409 75 27 mänga
716 1409 110 22 afseenden
836 1409 76 28 intagit
921 1409 83 28 platsen

257 1443 86 22 framför
358 1443 120 27 telegrafen.

331 1511 133 23 Lagutskottets
476 1511 110 18 betänkande
600 1513 36 16 N:o
648 1511 17 18 6.
