1142 1695
296 89 41 23 U.
353 89 48 23 B.
417 102 27 4 —
460 91 110 27 Prop.
586 91 66 22 N:o
668 91 54 22 13.

404 531 143 29 Lagutskottets
566 531 72 29 förslag
658 532 26 23 till
704 532 177 28 sammanjemkning

335 566 21 23 af
375 566 23 23 de
417 566 58 23 delvis
495 566 108 29 skiljaktiga
620 566 68 26 beslut,
705 567 5 22 i
726 566 60 23 hvilka
801 567 79 23 stånden

335 601 77 23 stannat
432 600 28 23 vid
485 600 134 29 behandlingen
642 601 21 23 af
687 601 102 24 utskottets
812 601 69 24 hetän-

336 635 60 23 kande
412 635 30 23 N:o
459 635 22 23 14
497 636 5 22 i
517 635 99 29 anledning
632 635 20 24 af
665 634 67 30 nådiga
743 636 137 29 propositionen

336 669 97 30 angäende
449 670 75 23 makars
539 669 278 30 förmögenhetsförhällanden.

199 729 72 26 Enligt
292 729 26 20 de
340 728 105 22 utskottet
467 729 7 20 i
497 729 87 21 ärendet
606 728 182 21 tillhandakomna
810 730 71 26 proto-

130 763 159 26 kollsutdragen
304 763 63 21 hafva
382 762 97 27 samtliga
495 763 68 26 ständ,
578 763 49 21 med
642 762 154 27 godkännande
812 763 24 21 af
849 765 33 19 ut-

130 798 91 21 skottets
243 797 134 22 betänkande
400 797 6 21 i
429 797 71 27 öfrigt,
523 797 131 22 beträffande
672 797 161 22 nedannämnde
857 797 24 27 $$

130 833 85 20 stannat
229 832 7 20 i
251 832 122 26 skiljaktiga
387 831 77 22 beslut.

447 898 19 23 2
481 899 81 28 Kap.

480 962 46 27 82.

198 1020 137 29 Ridderskapet
357 1020 35 23 och
415 1019 56 24 Adeln
491 1020 38 22 har
551 1020 33 22 för
608 1020 63 26 öfrigt
693 1020 83 26 antagit
797 1020 33 27 $:n
846 1027 36 15 en-

129 1057 38 27 ligt
188 1056 152 27 betänkandet,
361 1061 47 15 men
430 1055 34 21 för
486 1055 26 22 de
527 1055 36 22 två
578 1055 52 21 sista
644 1054 137 26 meningarne
796 1054 22 22 af
834 1055 48 22 den-

129 1097 86 20 samma,
236 1090 95 27 godkänt
353 1089 92 27 följande
473 1090 89 26 lydelse:
591 1089 65 27 ,Sker
678 1088 132 27 annorledes,
833 1095 49 16 vare

130 1125 66 26 ogildt
211 1131 20 14 o.
247 1131 16 15 s.
280 1131 18 14 v.
315 1124 66 27 enligt
396 1124 78 26 nådiga
488 1124 170 27 propositionen;

198 1157 144 24 Presteständet
359 1158 40 21 har
420 1158 81 27 antagit
522 1159 25 20 de
565 1159 76 21 tvenne
656 1156 67 22 första
738 1164 62 14 mom.
816 1158 67 26 enligt

130 1194 151 25 betänkandet,
303 1199 49 15 men
375 1198 62 16 mom.
461 1192 13 21 3
496 1193 7 21 i
526 1192 217 22 öfverensstämmelse
765 1192 49 21 med
832 1192 50 22 näd.

130 1228 166 28 propositionen;

199 1262 95 28 Borgare-
319 1262 38 21 och
381 1260 142 25 Bondeständen
553 1261 63 22 hafva
637 1260 94 27 godkänt
753 1260 34 27 $:n
817 1261 65 26 enligt

130 1297 77 27 nädiga
222 1297 167 27 propositionen.

198 1331 93 22 Sälunda
306 1331 63 20 hafva
384 1330 98 26 samtliga
497 1330 62 21 ständ
573 1329 48 21 med
637 1329 98 20 afseende
750 1329 12 20 ä
777 1330 105 25 preskrip-

130 1365 115 22 tionstiden
260 1365 33 20 för
308 1365 41 20 den
364 1364 87 21 hustrus
466 1363 106 26 arfvingar
588 1363 159 21 tillkommande
762 1362 121 22 klanderta-

130 1401 35 21 lan
184 1399 99 23 omfattat
303 1399 127 28 stadgandet
445 1398 7 21 i
468 1398 40 21 den
524 1397 48 22 näd.
588 1397 164 27 propositionen.
782 1396 101 23 Vidkom-
