1098 1750
395 146 23 21 U.
432 147 23 20 B.
470 158 27 4 —
512 148 59 26 Prop,
586 148 36 21 N:o
638 149 28 22 21,
846 148 24 22 31

147 187 70 38 —
151 204 751 17 n"

226 250 109 22 eftersom
361 251 40 22 vid
423 252 80 30 hvarje
526 254 95 22 tillfälle
643 255 63 27 pröf-

154 260 2 17 |

153 278 3 41 |
225 290 52 21 vas;

153 332 2 12 |
200 318 35 20 2:0
250 318 39 21 till
304 318 133 23 inrättande
454 320 26 22 af
493 322 85 28 apotek
592 322 9 20 i
616 322 51 22 stad
696 334 5 4 -
772 325 29 21 60
819 319 18 36 |
849 336 21 2 —

153 356 2 11 |
227 354 59 18 samt
300 353 31 27 pä
347 352 158 30 landsrygden
528 367 1 5 «
554 368 4 4 .
590 368 25 4 .
640 368 60 4 ..-
712 365 2 18 |
772 359 28 21 20|
846 369 27 3 —

153 380 1 5 |
171 386 164 28 Provisorsbref
355 399 4 5 +
383 399 61 5 scr
469 400 231 6 «e.
713 389 2 9 j
787 393 13 21 5
818 385 18 33 |
846 403 28 3 —

171 420 93 28 Ritning
285 421 39 21 till
345 428 42 22 ny-
411 422 55 21 eller
481 422 157 30 tillbyggnad,
656 431 59 22 som
706 416 12 41 |

200 455 27 21 af
248 455 99 27 enskild,
370 456 8 21 i
395 456 108 22 afseende
517 457 14 22 å
545 458 158 27 fastställelse,

199 488 37 22 till
259 490 172 22 vederbörande
447 491 127 22 auktoritet
589 492 115 29 ingifves:

224 523 38 21 till
284 524 144 29 boningshus
451 526 22 21 at
497 528 51 20 sten
564 526 26 23 af
602 526 56 22 flera
674 531 25 18 än
712 522 2 43 |

253 566 28 13 en
296 559 89 29 våning
410 571 4 5 +
440 572 3 5 «
466 572 5 5 -
496 573 32 4 «<
554 573 30 5 <
609 573 33 4 rr
666 573 33 5 ec
786 566 86 21 2|—
895 564 2 25 |

224 592 37 22 till
276 594 73 21 andra
365 594 42 22 hus
418 594 43 22 och
471 595 143 29 byggnader,
624 596 89 26 äfven-|
895 596 2 4 i

252 635 48 14 som
324 628 36 22 till
382 629 139 29 förändring
543 630 26 22 af
584 630 129 27 inrednin-|
894 654 2 11 |

251 662 89 28 ningen
355 663 8 21 i
379 664 65 21 såväl
459 666 61 20 sten-
535 672 49 14 som
600 664 80 23 trähus
685 655 11 42 -
711 659 2 27 |
787 669 9 20 1|
845 680 26 4 —

169 697 168 29 Sjömansrulla,
354 705 25 14 se
394 705 58 21 pass.
711 695 2 7 |
895 699 1 5 |

150 745 1 14 |
168 732 122 28 Skattebref
304 732 14 22 &
332 732 100 22 rusthäll.
462 744 7 5 +
495 746 3 4 .
523 746 3 3 -
552 746 3 4 -
580 746 5 4 -
637 746 61 4 ee
784 738 13 20 4
819 730 9 36 |
844 750 28 2 —

149 777 2 22 |
302 768 12 20 3
329 766 108 22 hemman
465 780 4 4 -
510 780 44 4 <
579 780 118 5 0.0.
710 768 2 15 I
784 772 13 20 2
844 784 26 3 —
893 785 2 11 ||

149 804 2 2 |
167 780 115 54 Skiljobref
297 802 8 20 i
320 802 107 28 fästning
442 801 57 22 eller
514 802 141 30 äktenskap:
675 797 11 39 =
710 804 2 28 |
894 802 1 11 |

221 836 36 21 för
272 836 165 28 ståndsperson
461 849 4 4 +
490 849 4 5 -
547 849 33 5 >
605 849 4 5 <
635 832 12 36 +»
664 850 32 6 ++
770 841 26 21 10
814 834 14 34 |
844 853 26 3 —

221 870 37 21 för
273 870 75 29 öfriga
364 871 199 23 samhällsklasser
581 884 1 4 +
607 884 4 4 +
636 884 4 4 +
664 884 4 5 +
692 885 4 4 -

168 904 195 28 Tillståndsbiljett,
381 912 24 14 se
419 912 61 22 pass.
709 903 2 28 |

168 939 238 23 Tillständsresolution
426 940 43 22 och
485 940 65 26 -bref,
567 947 24 15 se
606 943 94 19 natura-

147 970 2 30 |
173 966 11 41 —
194 974 116 22 lisations-
325 974 42 22 och
383 974 178 29 privilegiibref.

168 1010 174 27 Transportbref,
359 1016 24 14 se
399 1009 113 21 fullmakt.
892 1008 2 19 |

168 1044 206 28 Tullkammarpass,
391 1051 20 15 se
422 1051 60 21 pass.
818 1040 2 2 |

169 1078 75 28 Vapen
259 1078 43 22 och
318 1078 219 29 vapenförändring,
554 1086 23 14 se
593 1078 95 28 diplom.

170 1112 161 34 Vistelsebiljett,
349 1120 21 14 se
382 1119 58 21 pass.

167 1142 66 33 Öppet
255 1147 71 28 bref
316 1138 15 41 &
345 1147 226 22 utmärkelseteeken
586 1147 36 22 för
638 1147 61 22 oför-

192 1181 70 28 vitlig
277 1182 121 28 statstjenst.
434 1194 3 5 +
463 1194 2 4 =
490 1194 5 5 <
518 1194 4 4 <
548 1194 3 5 +
575 1194 119 5 <<
707 1190 2 18 |
768 1183 26 22 10
817 1178 18 34 |
841 1194 27 3 —

783 875 13 21 O

844 888 26 2 |

494 1263 13 26 8
522 1263 19 21 6.

212 1307 147 29 Afhandling
375 1307 98 23 emellan
489 1307 108 23 enskilda
610 1314 110 22 personer
737 1310 59 19 samt
804 1307 88 22 förbin-

144 1342 62 22 delse
222 1342 44 22 och
281 1350 77 14 annan
373 1342 75 26 skrift,
464 1350 49 14 som
529 1343 26 21 af
568 1342 85 22 sådana
667 1342 113 26 utfärdas,
796 1342 37 21 må
840 1342 53 21 med

144 1376 39 20 det
205 1376 125 28 undantag,
354 1384 49 14 som
417 1379 17 22 $
451 1376 14 20 7
478 1376 137 25 innehåller,
631 1376 101 20 skrifvas
751 1376 29 28 på
795 1377 98 25 ostämp-

143 1409 50 21 ladt
216 1416 92 22 papper,
323 1416 53 15 men
395 1410 47 26 bör,
459 1410 30 20 då
504 1410 45 21 den
564 1410 86 20 företes
665 1409 41 21 vid
721 1409 100 21 domstol
836 1408 57 22 eller

142 1443 234 29 embetsmyndighet,
403 1444 72 21 förses
503 1444 51 21 med
577 1443 127 29 stämpladt
726 1450 87 22 papper
836 1442 56 22 eller

211 1484 207 24 Bevillningsutskottets
430 1484 107 18 betänkande
549 1483 36 19 N:o
597 1485 17 17 5.
