1103 1720
275 121 28 20 30
486 119 22 23 U.
525 118 22 24 B.
562 129 30 6 —
608 119 59 27 Prop.
683 118 37 22 N:o
737 117 22 23 II.

313 181 34 22 Af
360 182 66 21 dessa
440 180 51 22 skäl
506 180 72 28 vägar
590 179 42 29 jag
646 178 119 22 vördsamt
779 178 85 22 föreslä

451 249 34 21 det
500 248 49 21 ville
565 248 124 21 Ständerna
703 248 9 20 i
727 246 191 28 svarsskrifvelsen
934 246 13 20 å
958 246 41 21 den

385 283 82 28 nådiga
486 283 164 27 propositionen
664 281 174 28 underdänigast
855 281 96 25 anmäla,
967 283 31 18 att

385 318 25 20 de
425 320 43 18 mot
483 317 41 21 den
536 317 131 28 föreslagna
682 316 135 28 skjutslegan
833 316 45 20 icke
892 315 52 28 haft
959 316 40 20 nä

384 354 35 25 got
435 354 31 18 att
482 352 79 20 erinra.

777 412 18 23 T.
811 412 18 23 J.
845 412 83 23 Aminoff.

316 509 42 22 Uti
373 509 167 22 ofvanstäende
555 508 147 27 reservation,
718 508 25 21 sä
757 507 52 23 vidt
824 507 45 22 den
881 509 73 28 angår
964 509 12 26 $
988 509 12 20 6

250 551 68 15 mom.
329 543 38 28 f),
381 543 135 21 instämmer

710 570 55 24 AL.
781 577 35 17 von
832 570 96 30 Knorring.

317 669 42 21 Uti
381 668 145 22 förestående
548 668 141 22 reservation
709 668 92 22 förenar
815 668 36 28 sig
865 667 138 22 underteck-

250 703 46 22 nad
311 703 8 21 i
335 703 52 22 allo.

741 731 70 23 Edvard
828 731 100 23 Molander.

610 840 30 21 I.

318 897 105 22 Emedan
442 897 42 29 jag
506 896 50 22 icke
575 897 90 21 kunnat
679 896 81 23 förena
774 896 49 29 mig
837 896 53 22 med
904 895 100 22 flertalet

251 932 10 21 i
283 931 223 23 ekonomiutskottet
521 931 85 27 derom,
622 933 35 20 att
671 931 144 29 skjutslegan
829 931 30 28 på
875 930 80 22 landet
968 930 37 22 för

251 966 125 21 framtiden
399 965 69 22 borde
488 965 127 22 fastställas
630 965 37 21 till
683 966 26 21 15
724 965 71 28 penni
809 965 36 22 för
859 965 144 26 kilometern,

251 999 43 22 har
310 999 41 29 jag
367 1001 76 19 ansett
457 999 49 27 mig
521 999 56 21 böra
591 1001 49 19 mot
655 998 64 22 detta
732 999 77 21 beslut
823 999 96 28 inlägga
933 1005 72 15 reser-

252 1034 85 21 vation.
369 1032 49 22 Och
441 1032 88 22 tillåter
548 1032 42 29 jag
608 1032 48 28 mig
671 1035 34 19 att
719 1033 76 21 såsom
811 1032 50 22 skäl
876 1032 36 22 för
928 1032 76 22 denna

252 1066 142 23 reservation
409 1066 24 22 få
448 1066 81 22 anföra
544 1066 112 29 följande:

319 1100 42 23 Uti
376 1100 52 22 sina
442 1100 38 21 till
492 1100 132 29 Kejserliga
635 1100 100 21 Senaten
745 1099 91 29 afgifna
845 1100 160 28 underdåniga

252 1134 137 23 utlåtanden
405 1134 9 22 i
429 1134 96 22 ärendet
539 1134 71 22 hafva
624 1134 195 29 länestyrelserna
833 1134 9 21 i
857 1134 150 28 Tavastehus,

252 1170 106 28 Wiborg,
375 1169 32 22 S:t
421 1168 93 28 Michel,
529 1170 73 21 Wasa
616 1168 43 22 och
674 1169 118 28 Uleåborg
807 1168 121 29 samteliga
939 1168 69 22 fram-

253 1204 70 22 hållit
344 1202 111 22 behofvet
478 1202 25 22 af
523 1203 154 28 skjutslegans
699 1203 157 28 nedsättning,
873 1202 136 22 varierande

254 1238 39 21 det
323 1236 131 30 föreslagna
482 1236 108 30 beloppet
618 1237 98 22 emellan
747 1238 26 20 10
796 1237 71 29 penni
892 1237 116 28 (Wiborg)

254 1271 42 21 och
327 1272 26 19 14
380 1270 70 28 penni
473 1270 40 25 (St.
538 1270 94 27 Michel)
654 1270 36 21 för
711 1270 147 26 kilometern;
880 1270 129 28 hvarjemte

254 1304 26 21 af
302 1304 28 21 de
353 1304 47 21 fem
421 1303 143 27 kommuner,
587 1303 80 22 hvilka
689 1305 30 27 på
742 1304 106 28 offentlig
865 1303 145 22 kommunal-

255 1341 97 20 stämma
374 1338 46 22 fått
441 1338 8 21 i
473 1338 71 22 saken
566 1338 75 22 uttala
663 1339 42 28 sig,
727 1338 52 29 fyra
799 1338 70 29 yrkat
884 1339 30 28 på
928 1338 81 29 legans

253 1373 160 29 nedsättning,
437 1373 47 22 dels
507 1373 38 21 till
562 1375 33 25 12,
616 1373 48 22 dels
678 1373 37 22 till
732 1374 25 21 15
772 1373 72 30 penni
859 1372 37 23 för
911 1374 94 21 versten

254 1408 84 29 Någon
357 1407 135 30 förhöjning
507 1407 26 22 af
546 1407 70 29 legan
630 1408 41 22 har
686 1407 51 22 icke
753 1416 28 14 en
796 1407 59 23 enda
871 1407 138 30 myndighet

256 1443 57 22 eller
328 1443 109 22 kommun
453 1442 127 29 föreslagit.

324 1488 190 20 Ekonomiutskottets
528 1488 116 19 betänkande
656 1490 34 16 N:o
703 1488 17 18 8.
