1120 1756
428 170 52 23 N:o
497 170 52 23 23.

385 496 65 22 Hans
473 497 144 27 Kejserliga
640 496 134 27 Majestäts
790 496 73 28 nädiga

326 530 125 27 proposition
474 531 29 21 till
527 531 92 21 Finlands
638 531 94 26 Ständer,
747 536 32 16 om
795 531 68 22 bevill-

326 565 45 27 ning
387 565 31 21 för
434 565 127 27 tillverkning
577 565 21 22 af
614 565 141 28 maltdrycker.

168 628 10 21 I
202 627 221 22 öfverensstämmelse
446 629 48 20 med
517 629 36 20 det
576 628 24 21 af
621 628 83 22 landets
729 630 73 19 senast
820 629 42 20 för-

111 663 96 21 samlade
224 663 92 21 Ständer
330 663 82 21 fattade
428 663 69 21 beslut
513 663 110 27 angäende
638 663 87 21 fortsatt
733 663 129 27 erläggande

111 698 24 21 af
147 698 118 27 bevillning
279 698 34 21 för
328 697 138 27 tillverkning
482 697 22 22 af
517 698 151 26 maltdrycker,
684 698 40 21 har
739 697 65 27 nädig
818 698 43 21 för-

113 732 91 27 ordning
219 733 6 20 i
241 734 73 19 ämnet
328 731 107 22 utfärdats
452 732 40 21 den
509 734 26 19 29
551 732 117 21 December
686 733 61 20 1885.

168 767 125 21 Inkomsten
309 767 24 21 af
346 767 70 21 denna
430 767 117 26 bevillning
562 767 40 21 har
616 768 100 25 uppgätt:

184 795 30 26 Är
232 802 53 20 1884
301 801 33 21 till
357 817 2 4 .
390 817 5 4 .
426 817 4 5 .
461 817 5 5 .
497 802 90 25 471,680
603 801 61 21 mark
679 802 27 20 50
720 801 71 27 penni.

192 851 12 12 »
232 836 54 20 1885
313 853 11 9 ,
356 851 4 6 <
392 851 4 4 -
461 852 4 4 0.
496 836 89 25 427387
627 852 12 11 »
683 837 27 20 36
750 853 12 9 ,,

192 887 12 10 »
232 871 53 20 1886
313 887 11 9 ,
355 887 5 4 .
392 886 4 4 .
426 886 3 4 .
462 887 4 4 .
496 871 91 26 896216
627 887 12 9 ,
684 871 26 20 66
750 887 12 10 ,

113 905 51 21 eller
186 904 87 22 säledes
296 905 7 20 i
318 904 99 22 medeltai
432 904 33 21 för

196 939 75 27 hvarje
287 939 26 22 är
327 939 33 22 til
390 955 4 4 .
425 955 5 4 .
461 956 5 4 .
496 940 88 26 431761
626 955 13 11 ,
682 940 25 20 51
749 956 12 10 ,,

184 974 48 21 Den
248 974 33 21 för
296 973 121 22 kontrollen
434 973 59 21 öfver
503 973 164 27 ifrägavarande
677 973 137 27 tillverkning
824 975 38 20 nö-

112 1008 50 26 diga
176 1008 93 21 kostnad
284 1008 109 26 utgjorde:

183 1036 30 28 Är
230 1043 55 21 1884
317 1058 3 4 .
352 1058 4 5 .
387 1058 4 4 .
423 1058 4 4 .
459 1058 4 4 .
507 1042 77 26 28,115
599 1042 62 21 mark
677 1042 27 21 58
719 1042 71 26 penni.

193 1094 12 10 »
233 1077 55 20 1885
315 1093 5 4 .
386 1092 5 5 0
457 1092 5 5 0.
509 1077 72 26 16951
623 1092 13 12 ,
676 1077 26 21 55
740 1092 13 12 »

192 1128 12 9 »
232 1112 53 20 1886
319 1126 5 5 .
354 1126 4 4 .
512 1111 75 26 15,682
627 1127 11 10 »
680 1111 24 20 17
743 1127 12 10 ,

110 1145 82 21 hvilket
214 1144 69 28 gifver
305 1146 32 20 ett
359 1122 107 54 medeltal

182 1180 34 20 för
231 1179 74 27 hvarje
320 1180 26 20 år
361 1178 23 22 af
423 1195 5 5 .
459 1195 4 4 .
509 1180 74 25 18588
623 1196 13 11 ,
677 1180 25 20 10
743 1196 12 9 ,

110 1214 189 22 Nettoinkomsten
319 1214 39 21 har
378 1214 84 21 säledes
596 1242 3 2 -

182 1249 7 21 i
197 1248 103 22 medeltal
307 1248 33 21 för
348 1248 25 21 är
382 1248 83 26 utgjort
494 1248 91 27 413,178
676 1248 26 20 41

181 1283 75 21 Ehuru
278 1282 66 27 sagde
363 1282 25 21 är
405 1282 69 21 förete
492 1284 31 19 ett
537 1264 129 44 nedgående
681 1282 7 20 i
703 1260 157 53 afkastningen,

110 1318 43 20 kan
175 1317 55 21 dock
251 1319 89 24 antagas
355 1318 33 20 att
403 1316 41 22 den
460 1316 33 21 för
508 1316 104 26 perioden
628 1316 140 21 1886—1888
783 1315 79 27 påräk-

111 1352 55 21 nade
180 1351 167 21 medelinkomst
362 1350 23 22 af
399 1351 91 25 400,000
505 1350 62 21 mark
582 1350 56 21 skall
653 1350 71 21 ernås.

178 1385 50 20 Med
247 1386 25 18 år
292 1386 54 19 1888
361 1384 64 26 utgår
440 1385 41 19 den
498 1384 32 20 tid
545 1384 33 20 för
593 1384 86 20 hvilken
697 1383 165 26 ifrågavarande

111 1418 117 27 bevillning
243 1418 68 26 enligt
326 1418 62 21 ofvan
403 1418 94 20 nämnda
507 1417 126 26 förordning
644 1416 56 21 skall
709 1418 94 24 utgöras.
828 1417 35 21 Då

111 1452 125 22 densamma
255 1452 134 22 fortfarande
408 1452 24 20 är
450 1450 92 28 behöflig
560 1452 71 20 såsom
651 1450 77 28 bidrag
743 1450 33 22 till
791 1450 72 22 betäc-

111 1487 72 22 kande
200 1487 23 21 af
237 1487 26 20 de
278 1487 82 26 anslag,
376 1486 109 27 angående
502 1485 73 22 hvilka
589 1485 157 27 propositioner
757 1484 34 22 till
802 1484 62 22 Stän-
