1098 1745
477 125 66 34 Ständ.
558 135 30 23 $v.
605 147 25 4 —
646 134 55 29 Prop.
717 133 32 24 H:o
764 133 18 22 Il.

384 201 94 22 insända
493 201 38 22 sitt
545 200 73 22 dervid
626 199 62 28 förda
699 198 105 28 protokoll
815 198 31 22 till
857 196 142 27 Guvernören,

385 243 52 20 som,
457 235 36 22 der
515 235 47 22 skäl
582 235 31 21 till
631 235 47 27 laga
694 233 44 22 åtal
751 233 142 28 förekommer,
909 231 92 28 förvisar

385 270 64 22 saken
471 269 32 23 till
524 269 96 27 domstol,
638 269 62 22 hvars
719 268 71 27 utslag
809 267 36 22 bör
865 265 136 23 Guvernören

385 305 111 22 meddelas.
530 303 42 23 Vid
584 303 181 27 undersökningen
783 309 50 15 vare
847 301 40 22 den
901 299 100 24 resandes

385 339 94 22 hörande
500 339 43 21 icke
561 338 73 27 nödigt
653 337 49 23 med
715 337 81 22 mindre
811 336 42 22 han
869 335 52 28 sjelf
932 335 70 22 derom

385 375 56 27 gjort
455 373 102 28 förbehåll
571 373 47 22 eller
634 372 106 23 särskilda
755 370 175 29 omständigheter
945 370 58 28 eljest

387 409 69 22 dertill
470 408 116 29 föranleda.

660 497 16 24 $
691 495 38 22 28.

455 542 36 22 På
505 542 60 23 släde
579 542 49 21 eller
642 541 163 22 sommaräkdon
820 540 51 27 efter
886 547 25 15 en
926 539 77 28 skjuts-

388 577 51 22 häst
451 577 37 26 får
503 577 75 27 läggas
594 576 58 22 ända
667 576 31 22 till
705 575 180 22 etihundrasextio
894 575 109 27 kilogram,

389 611 80 22 hvilken
485 611 66 28 tyngd
564 611 34 27 för
614 611 71 27 hvarje
704 610 49 21 häst
771 609 118 28 derutöfver
903 609 36 28 får
954 609 50 22 ökas

389 646 48 22 med
458 645 172 28 etthundratjugu
647 645 108 28 kilogram.
785 645 62 27 Efter
865 651 26 15 en
905 644 50 21 häst
969 644 36 21 må

389 681 19 27 ej
423 681 41 22 åka
479 681 52 27 flera
547 682 28 20 än
592 681 35 21 två
639 686 101 21 personer
754 680 47 21 med
815 679 78 28 bagage
908 679 27 27 af
944 678 62 28 högst

390 715 79 28 fyratio
490 716 114 27 kilograms
622 715 43 27 vigt
684 715 47 22 eller
749 721 26 15 en
792 721 77 20 person
884 713 47 22 med
934 709 6 38 -
945 713 60 28 högst

391 751 111 22 etthundra
517 750 114 28 kilograms
649 749 77 28 bagage
744 751 56 20 samt
815 749 51 28 efter
881 749 36 22 två
931 748 75 22 hästar

391 785 18 27 ej
423 785 52 27 flera
490 786 29 21 än
535 787 30 20 tre
576 791 102 21 personer
696 784 47 21 med
757 784 78 27 bagage
849 783 32 22 till
895 783 67 22 sextio
977 783 28 21 ki-

391 819 98 27 lograms,
512 820 36 21 två
566 825 102 20 personer
686 819 47 21 med
747 818 78 27 bagage
840 818 31 22 till
885 817 122 23 etthundra-

392 853 59 27 tjugu
473 853 113 28 kilograms
608 853 48 22 eller
674 859 26 15 en
719 860 78 19 person
815 852 48 22 med
880 853 78 27 bagage
977 852 32 21 till

392 888 119 21 tvåhundra
525 888 113 26 kilograms
657 887 48 27 vigt,
726 886 36 22 och
776 888 27 20 så
817 887 78 26 vidare,
911 893 46 15 men
973 886 32 22 be-

390 928 82 22 gagnar
493 922 89 22 resande
604 924 44 25 eget
668 921 109 29 fyrhjuligt
795 923 60 25 öppet
873 921 70 23 åkdon
959 921 47 23 eller

392 957 111 27 täcksläde,
519 957 42 28 får,
576 957 92 27 såframt
684 957 132 22 annorlunda
827 957 18 28 ej
855 956 150 28 öfverenskom-

391 999 50 20 mes,
457 992 52 27 efter
523 999 25 14 en
563 992 51 21 häst
628 991 18 28 e&
662 991 40 22 åka
715 991 53 28 flera
782 993 29 20 än
827 999 24 14 en
861 991 90 28 fullväxt
959 999 46 20 per-

392 1033 39 16 son
448 1027 65 28 jemte
535 1029 29 20 ett
586 1027 58 26 barn,
668 1026 36 23 och
723 1027 78 27 bagage
816 1026 32 23 till
861 1027 80 28 fyratio
955 1027 52 22 kilo-

390 1068 73 21 grams
477 1061 49 28 vigt.
556 1061 44 22 För
614 1061 103 27 halftäckt
731 1067 54 22 vagn
801 1062 27 26 af
838 1061 76 22 lättare
926 1061 81 28 beskaf-

393 1097 70 27 fenhet
484 1103 49 16 vare
554 1096 95 26 resande,
670 1096 30 21 då
713 1096 132 27 persontalet
860 1096 37 23 och
912 1097 99 27 bagagets

393 1131 43 27 vigt
458 1131 19 28 e&
497 1131 128 27 öfverskrida
643 1130 56 22 hvad
716 1130 40 22 här
772 1131 63 27 ofvan
849 1131 104 27 stadgats,
969 1131 42 22 icke

390 1166 77 27 pliktig
489 1167 31 21 att
538 1165 93 28 begagna
648 1165 54 26 flera
720 1166 29 21 än
765 1166 36 21 två
815 1165 81 28 hästar,
915 1173 48 14 men
977 1166 34 27 för

395 1203 73 25 tyngre
489 1200 102 27 halftäckt
612 1200 107 27 äfvensom
733 1200 35 27 för
782 1200 89 22 heltäckt
885 1207 55 20 vagn
955 1201 56 24 böra,

395 1235 36 22 der
445 1235 147 27 föreståndare
606 1235 34 27 för
654 1235 150 28 skjutsanstalt
813 1235 34 22 det
849 1235 99 28 päyrkar
955 1237 57 20 samt

395 1270 25 21 de
433 1270 102 21 resandes
550 1270 59 21 antal
623 1269 49 22 eller
686 1270 98 26 bagagets
799 1270 44 26 vigt
856 1270 80 22 sådant
945 1271 65 26 erfor-

395 1303 57 25 drar,
469 1305 30 19 tre
514 1302 48 22 eller
581 1303 53 26 flera
652 1302 75 22 hästar
745 1304 102 25 spännas.
881 1303 36 22 Uti
931 1303 35 21 det
981 1304 30 26 of-

395 1336 149 22 vanbestämda
557 1336 129 27 persontalet
704 1338 25 20 är
745 1337 84 27 tjenare,
845 1337 80 23 hvilken
939 1338 72 21 säsom

395 1370 53 22 kusk
470 1370 85 28 åtföljer
574 1371 40 22 den
628 1371 94 28 resande,
737 1378 47 16 men
799 1372 19 28 ej
833 1372 40 22 den
888 1372 123 28 skjutsande

396 1405 126 28 inbegripen.

464 1440 43 22 Två
521 1436 55 37 barn
593 1440 52 28 från
660 1440 48 29 fyra
723 1441 32 23 till
770 1442 43 27 tolf
823 1442 38 22 års
876 1442 59 22 ålder
949 1449 62 15 anses
