1125 1717
389 102 16 19 U.
419 102 14 19 B.
447 114 22 2 -—
481 103 45 23 Prop.
539 103 26 20 N:o
577 104 25 18 27.
827 106 22 16 17

441 160 108 26 Inkomster.

116 215 216 28 Bränvinsskatten,
350 216 37 22 till
403 216 44 22 den
463 217 38 21 del
515 217 132 22 densamma

145 249 107 22 tillfaller
277 245 13 38 —
291 250 306 29 kommunikationsfonden,
635 252 11 20 a

145 284 115 27 2,675,000
275 284 86 21 mark.
393 301 4 4 .
429 301 3 4 .
463 301 5 6 so
499 301 6 6 sco
536 301 4 5 .
570 303 5 4 .
606 302 5 5 .
642 301 5 5 .
678 286 114 27 8,025,000
807 286 64 21 mark

116 317 175 22 Nettoinkomst
314 318 53 22 frän
392 314 216 65 statsjornvägarae,
633 319 14 21 å

145 352 113 27 2,400,000
273 352 89 21 mark
351 338 15 45 .
393 370 4 4 .
606 369 5 5 .
642 370 6 5 .
679 354 112 26 7,200,000

116 385 43 22 D:o
169 385 53 22 frän
230 386 168 22 Walkeakoski
405 369 76 44 kanal,
491 387 13 21 å
500 370 25 38 vi
528 369 47 44 000
578 383 70 37 mark
727 388 64 27 3,000
831 404 11 10 »

116 419 90 22 Räntor
222 421 14 20 ä
250 421 82 26 medel,
348 421 152 21 innestående
507 421 42 22 hos
557 421 91 22 utländ-

144 455 42 22 ska
201 454 92 27 ombud,
310 454 14 22 &
338 455 79 27 20,000
431 455 67 22 mark
535 472 4 5 .
570 472 5 5 .
642 472 5 4 .
714 456 78 25 60,000
831 473 11 9 ,

118 488 90 23 Genom
230 485 168 65 konvertering
420 489 26 22 af
465 491 55 20 1874
535 489 42 22 och
593 472 54 41 1881

146 523 37 22 års
197 523 57 22 lån,
284 540 5 5 .
321 540 40 5 «os
535 541 4 4 <
570 541 40 5 <.
642 541 4 4 .
664 525 127 25 14,000,000
831 541 11 9 ,

122 591 9 4 N
428 540 105 45 summa
547 564 103 21 inkomst
663 565 129 26 29,288,000
799 564 71 21 mark.

117 596 151 30 Ofverföring
282 597 26 22 af
324 597 118 23 allmänna
459 598 186 28 bevillningsme-

146 631 44 27 del,
205 631 136 29 förslagsvis
365 648 4 4 .
401 648 4 5 .
436 647 5 5 .
471 649 4 5 .
507 648 5 5 <
543 648 4 5 .
578 649 6 4 .
642 648 5 5 =.
679 633 112 26 1,952,780
831 649 11 9 ,

556 672 92 22 Summa
664 673 128 26 31,240,780
799 672 72 22 mark.

184 744 47 22 För
248 744 45 23 den
308 745 110 23 händelse
433 747 36 20 att
483 746 40 21 det
543 745 199 29 kapitaltillskott,
766 753 50 15 som
837 753 36 15 er-

118 778 73 23 hälles
214 779 40 21 vid
276 779 195 29 konverteringen
494 780 25 21 af
538 780 157 28 nyssnämnda
717 783 86 19 tvänne
825 780 46 28 län,

116 813 52 22 icke
190 813 75 22 skulle
286 814 79 28 uppgä
379 814 38 21 till
432 814 39 22 det
487 814 26 22 af
524 814 252 29 Finansexpeditionen
791 814 82 22 beräk-

116 847 60 23 nade
192 848 44 22 och
251 847 27 23 af
289 848 122 22 Utskottet
422 848 87 29 jemväl
517 851 101 27 antagna
627 848 109 29 beloppet
746 850 126 26 14,000,000

116 882 73 27 mark,
219 882 104 22 kommer
351 882 117 29 sjelffallet
496 882 124 22 tillskottet
644 882 53 22 från
720 882 153 29 bevillnings-

116 916 92 22 medlen
238 916 37 22 till
298 916 297 22 kommunikationsfonden
620 919 34 19 att
676 917 10 21 i
709 916 163 23 motsvarande

116 951 56 22 män
187 951 61 21 ökas.

186 986 42 22 5:0.
258 985 12 21 I
292 985 114 22 särskilda
427 985 86 29 nådiga
527 985 169 29 propositioner
710 985 62 22 N:ris
788 986 34 24 21,
838 986 34 26 22,

117 1020 34 27 23,
174 1020 28 22 24
224 1019 44 22 och
290 1020 28 21 25
340 1019 43 23 har
404 1019 65 22 Hans
483 1020 131 29 Kejserliga
628 1020 110 29 Majestät
752 1019 121 29 föreslagit

118 1056 34 19 att
168 1054 130 22 Ständerna
313 1054 56 22 ville
384 1054 37 21 för
434 1054 192 22 nästkommande
635 1054 158 29 finansperiod
804 1054 69 28 ätaga

117 1088 37 29 sig
178 1087 103 30 följande
306 1088 157 29 bevillningar
484 1088 126 29 nemligen:
635 1087 238 31 stämpelbevillning,

117 1122 130 30 bevillning
261 1122 37 23 för
312 1123 78 28 tobak,
405 1123 36 22 för
456 1123 153 29 tillverkning
624 1123 26 22 af
662 1123 157 28 maltdrycker
829 1122 45 22 och

118 1157 36 22 för
169 1157 104 30 spelkort
288 1160 60 19 samt
362 1157 231 29 näringsbevillning.
616 1157 46 23 Vid
678 1157 28 22 de
717 1157 157 29 beräkningar

118 1191 121 22 Utskottet
254 1191 111 30 företagit
385 1192 66 21 öfver
464 1192 156 28 tillgängarne
635 1192 8 21 i
660 1191 118 22 allmänna
792 1191 82 22 bevill-

118 1225 164 29 ningsfonden,
304 1226 29 21 de
355 1225 98 30 utgifter
475 1233 49 14 som
546 1226 65 21 skola
634 1225 103 22 derifrän
759 1225 114 22 bestridas

118 1262 60 20 samt
201 1259 40 22 det
264 1259 90 30 belopp,
378 1267 48 14 som
444 1267 84 22 genom
543 1259 156 29 bevillningar
714 1259 72 22 borde
800 1259 74 22 under

119 1295 55 22 åren
197 1295 140 22 1889—1891
360 1294 149 29 uppbringas,
532 1293 42 23 har
594 1293 122 23 Utskottet
733 1295 83 25 ansett,
833 1295 40 25 att,

118 1329 102 22 förutom
235 1328 212 27 bränvinsskatten,
459 1335 28 14 en
502 1335 88 14 summa
606 1327 26 22 af
644 1327 108 29 omkring
761 1327 113 26 6,900,000

119 1362 66 22 mark
207 1362 37 22 för
266 1362 54 22 hela
341 1361 186 29 finansperioden
550 1361 56 21 eller
630 1361 108 28 omkring
760 1362 114 26 2,300.000

119 1396 66 22 mark
199 1403 42 22 per
256 1396 26 21 är
296 1396 9 21 i
320 1395 84 22 sädant
418 1395 109 22 afseende
541 1401 55 16 vore
611 1394 148 29 erforderlig;
775 1394 43 21 och
833 1395 42 20 har

190 1436 157 19 Statsntskottets
360 1434 119 20 betänkande
492 1435 35 18 N:o
541 1436 25 17 17.
805 1458 12 17 2
