1131 1734
329 116 26 35 U:
368 118 65 23 B.:—
449 118 69 33 Prop.
524 117 45 34 N:o
583 118 30 34 13.
812 120 12 19 7

89 182 132 33 .matverkas
243 183 38 22 och
296 182 112 34 möjlighet
427 185 82 25 öppnas
527 185 39 25 att,
585 184 39 22 der
639 184 61 22 detta
715 183 55 23 dock
784 183 69 23 skulle

98 212 46 34 ske,
166 217 9 21 i.
195 216 108 29 familjens
322 218 40 21 och
376 212 101 28 hustruns
492 218 91 21 intresse
598 218 8 21 i
619 217 34 22 tid
666 217 91 28 vidtaga
772 218 80 27 åtgärd

88 248 4 32 *
100 257 34 17 om
143 251 159 31 upphäfvande
317 251 25 22 af
353 258 104 21 mannens
471 252 196 31 förvaltningsrätt.

168 285 88 23 Sådana
269 285 154 28 förändringar
437 292 41 16 var
492 286 37 22 det
544 286 65 22 äfven
623 292 45 16 som
679 287 55 20 1885
745 286 36 22 års
791 286 63 22 Stän-

99 319 39 23 der
152 320 9 22 i
176 320 62 22 deras
253 319 187 28 ofvanåberopade
453 320 114 22 skrifvelse
582 320 82 28 ansågo
682 320 53 22 böra
751 320 102 28 vidtagas

100 354 8 21 i
129 354 41 23 vår
192 354 183 28 äktenskapsrätt.
405 354 46 23 Och
471 354 29 23 då
513 354 80 28 jemväl
608 354 41 23 den
664 354 81 28 nådiga
758 353 96 29 proposi-

98 389 80 27 tionen,
202 389 67 22 ehuru
291 389 122 22 densamma
434 389 8 21 i
465 389 59 22 vissa
543 388 116 23 afseenden
678 389 41 27 går
736 389 76 27 längre
827 391 28 19 än

100 422 123 23 Ständerna
242 423 9 22 i
271 423 70 28 sagda
355 423 114 23 skrifvelse
485 423 89 28 åsyftat,
589 423 68 23 likväl
671 422 8 22 i
693 422 123 23 hufvudsak
830 424 26 20 är

100 457 116 22 utarbetad
231 457 68 29 enligt
314 458 26 22 de
355 457 146 28 grundsatser,
517 464 44 15 som
582 457 66 23 ofvan
662 457 128 28 utvecklats,
798 459 57 20 samt

101 492 49 24 med
172 492 143 28 iakttagande
337 492 25 22 af
381 492 41 22 den
444 492 8 22 i
474 493 32 21 ett
520 492 25 22 så
562 492 122 28 grannlaga
699 494 61 19 ämne
774 491 81 28 nödiga

101 527 130 27 varsamhet,
245 527 40 22 har
300 527 108 22 utskottet
415 528 72 21 ansett
501 526 159 28 propositionen
669 526 58 27 böra,
738 525 50 23 med
797 526 58 23 vissa

102 561 126 28 ändringar,
244 561 25 23 af
281 561 123 22 Ständerna
413 561 134 28 godkännas.

91 593 3 2 |
159 595 113 23 Utskottet
294 595 101 28 öfvergår
417 602 29 16 nu
467 595 34 22 till
522 597 99 21 närmare
639 595 135 28 granskning
791 595 25 22 af
829 595 27 22 de

101 629 59 23 olika
176 629 65 28 delar,
256 629 143 29 lagförslaget
413 630 126 22 innehåller.

423 721 80 29 Kap.
519 721 22 23 I.

172 779 68 22 Detta
253 779 83 27 kapitel
351 779 92 22 handlar
457 785 34 16 om
505 779 101 27 giftorätt
619 778 42 22 ibo
671 780 56 20 samt
736 779 120 21 motsvaras

99 813 93 23 sålunda
210 813 26 22 af
249 815 26 20 10
291 814 55 27 Kap.
362 814 25 22 G.
403 814 25 22 B.
444 813 39 22 och
498 815 13 20 2
527 813 12 29 $
553 814 8 21 i
576 813 27 22 K.
618 812 153 28 förordningen
786 811 42 22 den
843 813 12 20 9

100 848 121 23 November
234 850 62 26 1868,
317 848 114 28 angående
445 847 212 29 äktenskapsförord.
685 847 78 27 Någon
784 846 73 24 förän-

102 883 66 28 dring
182 883 26 22 af
212 883 108 22 härintills
328 883 101 27 gällande
438 883 141 27 grundsatser
591 888 52 17 vare
653 882 34 27 sig
696 881 49 23 med
754 880 103 24 afseende

102 918 14 21 å
136 917 139 28 giftorättens
293 918 82 22 storlek
395 918 52 22 eller
465 918 49 21 dess
533 916 88 28 omfång
636 919 26 20 är
676 915 77 23 härvid
768 915 20 27 ej
803 915 54 22 före-

102 952 83 28 slagen.

171 986 282 28 Egendomsgemenskapen
472 986 83 22 komme
569 984 92 24 sålunda
675 983 135 23 fortfarande
825 984 33 21 att

102 1020 108 28 lagenligt
228 1020 91 22 omfatta
338 1020 29 22 all
387 1026 71 16 annan
477 1020 110 27 egendom,
607 1020 58 21 utom
682 1018 176 27 landsfastighet,

94 1061 52 16 -som
162 1062 50 15 man
226 1055 54 22 eller
293 1056 77 21 hustru
384 1054 46 23 före
445 1054 53 22 eller
512 1054 68 22 under
594 1053 144 27 äktenskapet
752 1052 45 22 ärft
806 1052 54 22 eller

103 1088 59 24 förut
181 1089 94 23 förvärft
292 1091 57 21 samt
369 1089 109 28 egendom,
493 1095 45 16 som
553 1094 76 22 genom
644 1088 69 27 gåfva
726 1088 53 21 eller
792 1087 67 22 testa-

104 1126 71 20 mente
195 1124 70 23 blifvit
284 1124 33 23 till
336 1125 70 22 andra
424 1124 77 22 maken
520 1123 74 28 gifven
613 1122 48 23 med
679 1122 71 23 vilkor
768 1123 34 21 att
818 1121 41 22 den

103 1159 58 22 skall
180 1159 87 22 tillhöra
285 1159 70 22 denne
374 1158 101 23 enskildt.
505 1158 81 23 Genom
605 1157 56 22 aftal
675 1157 71 22 kunde
761 1157 49 22 åter
824 1162 36 21 ge-

104 1194 160 22 mensamheten
279 1193 102 28 utvidgas
395 1193 35 22 till
445 1193 39 22 allt
498 1193 59 27 slags
573 1191 103 29 egendom
691 1191 47 22 med
747 1190 113 27 undantag

105 1228 26 22 af
148 1229 54 27 gods
216 1228 25 22 af
253 1227 111 29 sistsagda
378 1227 148 22 beskaffenhet
541 1228 56 21 samt
611 1225 109 28 arfvejord
734 1225 30 28 på
778 1224 80 27 landet,

106 1262 110 23 äfvensom
231 1262 128 22 inskränkas
373 1262 34 22 till
421 1261 93 23 allenast
529 1261 42 28 det,
587 1267 45 16 som
646 1260 103 22 makarne
763 1259 9 22 i
784 1259 77 22 äkten-

106 1297 78 27 skapet
199 1297 42 22 afla
256 1297 147 22 tillsammans.

176 1353 169 22 Vidkommande
363 1353 68 22 sedan
450 1353 104 27 kapitlets
573 1351 98 28 detaljer,
689 1351 40 22 har
754 1350 108 23 utskottet

176 1387 50 22 från
240 1388 13 25 $
269 1389 12 20 1
304 1387 99 22 uteslutit
421 1386 67 22 orden
511 1386 68 26 ,efter
608 1385 59 22 hvad
695 1384 71 22 nedan
796 1384 64 27 sägs"

107 1421 72 34 såsom
193 1420 148 30 öfverflödiga.

893 1386 49 27 81
