1106 1734
316 82 32 24 U.
363 83 78 29 B.
417 74 19 45 —
458 84 99 30 Prop.
571 91 50 17 no
634 78 46 31 15.

393 461 252 22 Ekonomiutskottets
675 462 71 22 andra
778 461 94 28 förslag

325 496 30 21 till
364 496 172 28 sammanjemkuing
551 496 20 22 af
580 495 89 23 Ståndens
685 497 111 27 skiljaktiga
811 497 61 21 beslut

324 531 32 21 vid
370 531 132 28 behandlingen
512 531 19 22 at
546 531 101 22 utskottets
663 531 152 22 hetänkandeN:o
831 531 18 26 4,
865 531 6 20 i

325 565 98 28 anledning
444 565 22 22 af
485 565 47 22 Hans
557 566 104 28 Kejserliga
685 566 96 28 Majestäts
806 565 66 28 nådiga

323 600 113 28 proposition
457 600 33 21 N:o
506 600 31 25 15,
553 599 92 28 angående
664 601 153 26 metersystemets
832 599 39 22 till-

325 634 93 28 lämpning
426 635 29 21 vid
470 635 123 27 tillverkning
608 635 33 21 och
656 635 112 28 försäljning
783 635 20 21 af
816 634 56 21 brän-

324 669 31 20 vin
371 669 33 21 och
419 664 130 33 spritdrycker.

186 764 34 23 Af
234 765 29 21 de
277 765 115 22 utskottet
406 764 199 22 tillhandakomna
619 764 84 30 utdrag
719 763 26 22 af
757 763 115 22 Ståndens

120 799 117 30 protokoll
251 799 98 22 rörande
364 798 171 30 behandlingen
551 798 26 22 af
588 798 126 22 utskottets
729 798 72 21 första
814 805 59 15 sam-

112 829 282 34 "manjemkningsförslag
417 833 10 22 i
448 833 71 22 ofvan
541 832 97 23 berörda
660 832 90 28 ärende,
775 832 98 22 medelst

118 867 91 23 hvilket
224 867 88 29 förslag
325 867 115 23 utskottet
452 867 101 30 inbjudit
561 867 170 29 Ridderskapet
745 866 44 23 och
796 866 77 22 Adeln

119 904 61 20 samt
194 902 196 28 Borgareståndet
405 904 34 20 att
453 902 81 22 förena
553 902 36 28 sig
611 902 52 22 med
685 902 28 21 de
735 902 40 21 två
797 901 76 29 öfriga

119 936 105 22 Ständen
247 944 37 14 om
307 936 130 29 antagande
459 936 26 22 af
505 938 12 26 $
537 938 10 19 1
563 937 9 20 i
587 936 124 22 utskottets
727 936 146 21 betänkande

116 970 88 29 jemväl
219 970 9 21 i
242 970 68 29 fråga
324 978 38 14 om
376 970 108 29 beloppet
500 970 26 22 af
541 970 44 22 den
607 970 69 25 skatt,
699 977 49 14 som
768 970 37 21 för
826 970 47 21 till-

118 1005 116 28 verkning
250 1004 26 22 af
288 1004 98 22 bränvin
402 1005 40 22 bör
456 1005 64 28 utgå,
535 1004 42 22 har
586 1004 114 22 utskottet
709 1004 120 27 inhemtat,
839 1005 34 20 att

188 1038 170 29 Ridderskapet
373 1038 42 22 och
423 1038 83 26 Adeln,
521 1038 52 22 med
588 1038 149 22 förkastande
753 1038 26 22 af
784 1038 89 21 utskot-

119 1075 46 19 tets
182 1072 146 30 inbjudning,
343 1076 105 18 närmare
463 1073 134 21 formulerat
611 1072 42 22 sitt
668 1072 75 22 beslut
753 1072 120 29 angäende

120 1108 13 27 8
151 1108 10 21 1
179 1106 94 29 derhän,
288 1110 36 19 att
338 1107 91 22 skatten
447 1108 72 21 måtte
541 1108 57 28 utgå
620 1107 53 22 med
695 1108 25 21 61
744 1107 72 29 penni
837 1106 36 22 för

119 1141 82 29 hvarje
223 1141 53 22 liter
298 1141 105 28 bränvin,
422 1141 71 30 jemte
517 1141 38 22 det
573 1141 96 22 ärendet
683 1142 190 21 äterremitterats

119 1175 39 22 till
174 1175 231 22 Ekonomiutskottet
418 1175 37 23 för
469 1176 150 29 uppgörande
639 1175 26 22 af
683 1178 55 26 nytt
760 1183 113 14 samman-

112 1206 236 32 ”jemkningsförslag,
371 1209 49 22 deri
441 1210 87 21 Preste-
545 1209 43 22 och
603 1209 180 22 Bondeständen
799 1209 74 22 skulle

112 1240 115 32 ”inbjudas
242 1245 35 20 att
292 1243 80 22 förena
387 1244 36 29 sig
437 1251 37 14 om
482 1244 170 29 Ridderskapet
667 1244 43 21 och
717 1243 88 22 Adelns
813 1245 60 20 samt

120 1277 208 29 Borgareständets
344 1285 94 15 numera
449 1278 88 29 jemväl
551 1278 38 22 till
599 1278 90 22 formen
696 1277 177 22 öfverensstäm-

120 1311 85 23 mande
219 1312 87 27 beslut;

191 1345 196 29 Borgareständet
408 1346 43 22 har
472 1348 82 23 ansett,
577 1349 35 19 att
629 1345 244 29 sammanjemknings-

119 1379 116 28 förslaget
249 1379 9 22 i
272 1379 67 28 fräga
354 1387 37 14 om
405 1379 258 29 tillverkningsskatten
681 1380 13 20 &
708 1379 99 21 bränvin
822 1380 52 21 bort

120 1412 141 23 framställas
283 1413 31 30 pä
335 1413 144 30 grundvalen
501 1413 27 22 af
540 1413 28 22 de
583 1413 80 22 ständs
678 1413 82 27 beslut,
776 1419 48 15 som
840 1413 33 21 af-

191 1453 187 20 Ekonomiutskotteis
390 1454 61 18 andra
463 1453 260 23 sammanjemkningsförslag.
