1098 1750
385 142 23 22 U,
423 142 22 21 B.
460 154 28 2 —
502 142 59 26 Prop.
576 142 37 21 N:o
629 143 28 21 21,

197 249 8 21 i
220 250 35 21 3:e
270 249 123 28 kategorin
409 261 3 4 »
437 260 4 5 +
469 261 1 5 *
496 261 2 4 <
526 261 1 5 <
553 261 2 5 <
580 261 3 4 <
607 261 5 4 <
637 260 4 5 +
665 261 5 4 >
694 256 4 4 =

197 283 58 22 ide
307 277 106 36 Bok
437 295 33 5 KK
494 295 204 5 KN.

223 296 171 55 Skyldigheten
410 319 35 19 att
455 318 93 22 kartera
558 317 144 29 bouppteck-

196 352 214 28 ningsinstrument
435 352 38 21 till
498 359 32 14 nu
552 352 161 22 föreskrifvet

197 386 84 28 belopp
306 385 104 22 sträcker
434 386 37 28 sig
495 386 82 22 endast
601 385 39 22 till
664 375 35 46 det
711 379 2 38 |

197 420 118 28 exemplar
324 420 26 21 af
358 420 170 27 instrumentet,
541 420 92 21 hvilket
643 407 70 47 skall

197 453 38 22 till
264 453 172 23 vederbörande
459 454 100 21 domstol
581 453 122 26 aflemnas;

198 487 43 22 och
257 488 42 21 bör
314 488 14 21 &
344 487 39 23 det
398 488 73 21 andra
484 487 148 30 exemplaret,
643 488 70 26 hvil-

198 522 40 21 ket
252 522 38 21 till
305 521 246 29 sterbhusdelegarene
567 521 146 29 äterställes,

198 557 95 21 tecknas
315 557 75 29 intyg,
410 559 35 18 att
460 558 34 20 ett
509 557 127 29 behörigen
652 556 51 22 kar-

198 591 77 21 teradt
290 590 118 30 exemplar
422 591 39 21 till
476 591 131 22 domstolen
622 590 81 22 inlem-

198 620 59 38 nats.
712 624 2 6 |

223 659 105 28 Ingifves
357 659 357 29 bouppteckningsinstrument
706 655 13 37 |

198 693 74 21 under
296 693 136 29 försegling,
458 693 56 21 böra
538 693 165 28 förrättnings-

198 731 99 18 männen
322 727 71 22 hafva
416 728 13 20 &
452 727 113 29 omslaget
578 726 126 22 antecknat

198 761 44 22 och
264 762 53 22 med
340 761 50 22 sina
410 768 81 15 namns
506 760 146 23 underskrift
667 761 38 21 be-

200 796 78 28 styrkt
293 798 35 20 att
342 796 165 22 instrumentet
523 796 80 22 blifvit
614 795 100 30 behöri-
706 791 10 39 |

198 837 45 21 gen
259 830 126 22 karteradt.

224 864 374 29 Bouppteckningsinstrumentet
628 865 75 21 karte-

197 906 37 14 ras
250 899 75 29 enligt
340 898 45 23 den
400 898 149 30 författning,
565 906 48 14 som
629 899 85 29 gäller!

198 933 13 21 å
234 933 44 21 den
301 933 41 26 tid,
363 933 30 21 dä
412 933 39 22 det
466 933 38 21 till
519 933 98 22 domstol
633 932 70 30 ingif-

197 964 48 37 ves.
712 967 2 2 |

223 1002 50 21 Har
288 1002 86 21 afliden
388 1008 84 22 person
487 1003 30 27 pä
531 1002 56 21 flera
602 1002 112 25 orteref-|

197 1036 123 22 terlemnat
330 1036 119 28 egendom,
459 1036 122 22 hvaröfver
589 1035 114 22 särskilda

200 1070 218 28 bouppteckningar
454 1070 80 22 blifvit
567 1070 146 27 förrättade,j

198 1104 61 22 skall
293 1104 205 22 sammanräknade
529 1104 173 29 behållningen,

198 1138 75 30 enligt
298 1139 66 23 dessa
386 1139 227 30 bouppteckningar,
637 1141 66 27 tagas

198 1173 38 22 till
258 1174 76 29 grund
357 1174 36 21 för
414 1174 162 29 beräkningen
596 1173 25 22 af
634 1175 69 20 stäm-

197 1208 157 29 pelbeloppet,
376 1208 92 22 hvilket
488 1209 41 20 bör
544 1209 35 21 för
594 1208 119 29 samtliga;

198 1242 247 29 bouppteckningarne
454 1242 198 22 kontrollerasvid
659 1239 54 47 den
711 1254 2 16 |

198 1277 107 26 domstol,
321 1277 35 22 dit
372 1277 28 21 de
415 1277 110 28 ingifvas.

844 250 27 20 30

844 285 28 20 40

151 1308 1 3 |
170 1308 114 30 Certifikat
298 1311 58 21 eller
370 1311 195 28 ursprungsbevis
576 1311 35 21 för
622 1318 76 14 varor-
792 1314 11 20 1!
846 1330 25 2 —

171 1344 113 28 Certifikat
298 1345 36 21 för
349 1344 85 31 fartyg,
450 1352 24 14 se
489 1345 90 22 fribref.

151 1410 2 4 |
175 1375 94 43 Diplom:

201 1414 32 19 1:o
250 1414 12 18 å
278 1412 64 28 adlig
358 1411 132 29 värdighet.
524 1424 4 4 +
553 1424 4 4 -
582 1424 3 4 +
610 1424 5 4 -
638 1423 4 5 -
666 1423 33 5 ++
761 1414 44 21 500
817 1407 14 37 |
846 1424 26 4 —

250 1446 13 21 å
278 1446 119 28 friherrlig
412 1446 36 22 d:o
469 1458 5 5 »
498 1458 4 4 *
542 1458 17 5 <
609 1458 6 5 +
639 1458 33 5 ++
675 1450 25 13 "+
743 1448 63 27 1000]
847 1459 26 3 —
895 1449 2 22 |

219 1486 205 24 Bevillningsutskottets
436 1486 110 18 betänkande
557 1485 34 19 N:o
604 1487 17 17 5.
821 1488 10 15 2
