1142 1709
358 96 19 23 U.
393 96 12 23 B
422 108 27 5 —
464 96 53 30 Prop.
533 96 32 24 N:o
580 97 26 24 13.
818 98 13 21 3

109 163 55 20 samt
183 162 56 22 hvad
253 162 43 22 hon
311 168 76 22 genom
402 162 37 23 sitt
453 162 73 23 arbete
540 163 124 27 förvärfvar,
681 163 27 22 dä
723 163 95 22 deremot
834 164 26 21 de

108 196 36 22 tvä
164 196 67 28 öfriga
250 197 90 21 ständen
359 198 76 22 endast
452 198 57 22 velat
524 198 105 27 medgifva
642 198 76 21 hustru
732 197 128 28 befogenhet

109 231 33 21 att
162 230 28 28 pä
211 231 69 27 grund
303 231 23 21 af
347 232 202 26 äktenskapsförord
570 232 51 22 räda
639 232 58 26 öfver
712 232 38 22 sitt
764 232 96 22 enskilda

108 266 59 26 gods.
197 266 12 20 I
224 265 114 28 anledning
353 266 63 22 häraf
429 266 39 22 och
483 266 27 22 dä
525 267 36 21 det
575 266 85 28 förslag,
676 272 44 16 som
731 266 77 27 ingår
800 261 11 37 i
819 266 41 22 den

108 300 68 22 första
195 300 146 22 betänkandet
359 301 111 27 vidfogade
489 301 159 21 reservationen
668 300 38 22 och
727 300 67 27 enligt
808 300 53 22 hvil-

110 334 36 22 ket
165 334 75 22 hustru
259 334 83 22 komme
362 336 31 20 att
408 336 7 20 i
429 335 57 28 regel
501 334 91 22 förvalta
607 335 77 22 endast
698 335 33 22 sin
746 334 114 22 arbetsför-

109 369 71 27 tjenst,
200 370 7 20 i
227 368 73 28 sjelfva
319 369 74 22 verket
409 370 67 28 ligger
491 370 89 22 emellan
594 370 156 21 betänkandets
766 369 39 21 och
820 370 40 20 den

109 403 49 22 nåd.
174 403 168 28 propositionens
358 404 79 28 förslag
451 406 56 20 samt
520 404 88 22 sålunda
618 404 42 22 kan
670 404 111 22 betraktas
791 403 69 22 såsom

110 444 26 15 en
150 438 128 27 förmedling
298 438 22 22 af
334 438 27 22 de
377 438 56 22 olika
448 439 43 22 slut
505 439 8 21 i
527 439 71 21 hvilka
614 439 89 21 ständen
719 439 91 25 stannat,
828 438 32 22 fär

110 472 104 22 utskottet
228 473 109 21 vördsamt
351 473 112 22 hemställa

315 521 32 20 att
361 520 100 28 samtliga
475 519 66 22 stånd
555 519 53 27 ville,
624 519 46 21 med
685 518 137 29 frängäende
837 518 27 28 af

246 555 51 22 sina
318 554 93 28 tidigare
432 554 9 22 i
462 554 66 22 saken
543 553 82 28 fattade
644 553 71 27 beslut,
736 554 82 27 antaga
834 560 26 14 en

245 589 25 22 sä
285 588 93 30 lydande
392 590 25 24 $:

315 624 85 21 Hustru
414 623 52 25 råde
481 623 58 27 öfver
553 622 55 22 hvad
622 622 43 21 hon
680 628 75 22 genom
770 623 45 27 eget
825 628 34 15 ar-

247 660 42 21 bete
308 659 45 22 kan
367 658 116 28 förvärfva.
515 658 78 21 Genom
610 656 201 28 äktenskapsförord
826 656 34 21 mä

246 694 71 22 henne
336 693 99 27 tilläggas
453 692 59 22 makt
526 693 32 21 att
571 691 56 23 råda
642 690 57 28 öfver
712 691 38 21 sitt
764 690 96 22 enskilda

247 729 58 27 fasta
327 727 37 22 och
387 727 42 21 lösa
451 726 58 28 gods,
531 726 38 22 och
589 725 55 29 gälle
659 725 35 21 det
708 724 73 28 förord
796 724 64 28 äfven

247 763 139 28 egendomens
401 761 100 28 afkomst.

315 792 32 26 Är
369 796 86 22 hustrus
477 794 168 29 arbetsförtjenst
664 793 50 22 eller
732 793 91 28 afkomst
838 792 26 28 af

247 832 92 22 enskildt
353 831 56 29 gods,
424 830 112 28 hvaröfver
551 830 42 21 hon
608 829 69 27 råder,
692 829 10 20 i
711 835 78 15 annan
799 834 61 22 egen-

247 867 48 21 dom
316 865 136 29 förvandlad,
475 865 64 21 varde
562 865 36 21 ock
621 864 41 22 den
685 863 27 28 af
726 863 76 22 hustru
816 862 45 28 för-

246 902 79 22 valtad.

315 936 101 22 Hustrun
436 942 48 20 eger
498 934 50 22 söka
563 934 37 22 och
614 940 69 20 svara,
700 933 28 21 dä
742 932 65 22 saken
822 938 39 16 an-

247 972 40 28 gär
302 971 100 28 egendom
416 969 111 28 hvaröfver
542 969 42 22 hon
599 968 69 22 räder.

465 1032 47 27 48.

179 1083 76 21 Denna
279 1080 12 28 $
313 1081 39 21 har
372 1080 23 21 af
417 1078 136 29 Ridderskapet
575 1078 35 23 och
632 1077 57 23 Adeln
712 1079 54 19 samt
788 1076 72 28 Borga-

111 1116 99 24 reständet
225 1116 91 27 antagits
331 1115 68 27 enligt
413 1114 165 27 propositionen,
594 1114 54 20 samt
663 1113 23 21 af

179 1151 79 23 Preste-
275 1150 39 22 och
329 1148 143 24 Bondeständen
485 1148 83 27 jemlikt
582 1147 153 22 betänkandet.

179 1186 12 21 1
209 1184 100 22 händelse
331 1184 116 21 utskottets
470 1182 79 27 förslag
571 1181 131 22 beträffande
716 1181 48 21 näst
779 1180 83 27 föregä-

112 1221 53 22 ende
188 1220 11 27 $
221 1221 93 25 antages,
337 1218 67 22 borde
426 1224 29 14 nu
477 1216 159 28 ifrägavarande
655 1215 11 27 $
682 1215 80 22 erhälla
778 1215 40 21 den
832 1215 30 26 ly-

112 1256 64 26 delse,
191 1254 106 22 utskottet
311 1254 7 20 i
333 1253 37 21 sitt
384 1252 135 22 betänkande
534 1251 60 27 gifvit
610 1250 127 22 densamma.
754 1249 30 21 Pä
794 1249 68 27 grund

111 1290 63 21 häraf
186 1289 89 21 föresläs
290 1287 129 27 ödmjukast:

316 1335 32 19 att
363 1332 137 28 Ridderskapet
515 1332 37 20 och
566 1331 56 22 Adeln
636 1332 55 19 samt
701 1328 161 30 Borgareständet

248 1367 54 26 ville,
318 1366 47 22 med
379 1366 136 27 frängäende
530 1365 27 27 af
568 1365 50 21 sina
634 1364 92 27 tidigare
740 1364 72 25 beslut,
824 1369 39 15 an-

249 1403 50 26 taga
313 1403 42 24 $:n
370 1400 67 28 enligt
451 1399 108 23 utskottets
573 1397 139 24 betänkande.

1112 631 4 50 —
1111 590 4 14 88
1108 542 8 30 Hl
1075 438 40 93 AM
1083 414 32 14 N
1105 377 10 26 <L/
1111 298 4 58 i
1103 185 12 74 AE
1091 92 32 86 /——
1091 23 32 40 i
