1109 1753
247 153 28 21 32
427 154 68 22 Ständ.
511 155 30 21 Sv.
559 167 26 3 —
601 156 58 27 Prop.
676 156 35 21 N:o
727 156 31 22 21.

336 296 23 27 b)
373 296 14 22 &
410 297 102 27 egendom
537 298 71 22 under
623 300 78 20 endast
717 300 124 28 nyttjorätt,

351 330 97 29 belägges
464 332 103 22 likaledes
583 333 58 27 efter
656 334 115 21 domarens
776 335 66 27 pröf-

351 366 55 27 ning
420 367 48 20 med
483 368 175 27 stämpelpapper
665 368 58 27 frän
732 370 15 20 2
758 369 34 21 till
802 370 41 20 100

351 399 68 27 mark,
447 403 54 19 utan
526 402 104 27 afseende
652 403 59 25 derä,
734 410 32 14 om
790 404 53 20 vissi

351 435 65 21 värde
434 435 9 20 i
455 436 128 28 penningar
598 439 27 18 är
640 439 69 19 utsatt
724 438 50 21 eller
789 438 51 21 icke.

351 469 60 22 Dock
434 469 100 22 karteras
548 471 214 28 fideikommissbref
775 473 67 28 enligt

290 519 1 14 |
351 504 184 28 nästföregäende
547 505 72 28 punki
634 513 18 13 a.

313 537 131 28 Transport-
467 539 51 21 eller
533 540 192 28 öfverlätelsebref
736 542 13 19 &
765 541 77 21 krono-

337 572 100 26 rusthåll,
459 572 166 23 kronohemman
649 574 38 21 och
708 575 71 21 andra
794 576 49 20 kro-

337 606 152 28 nolägenheter
504 607 31 28 af
546 607 57 22 hvad
617 615 66 15 namn
699 610 25 20 de
735 617 56 13 vara
800 610 42 26 mä,

339 640 44 21 lika
399 641 48 21 med
461 641 110 28 köpebref.

315 674 69 26 Verel,
400 682 21 13 se
432 675 163 28 förskrifning.

310 703 223 34 Äktenskapsförord,
557 710 29 21 då
607 712 43 20 viss
672 717 81 16 summa
769 713 9 19 i
789 719 53 20 pen-

339 743 80 28 ningar
440 746 27 19 är
489 745 102 26 bestämd,
615 745 99 22 karteras
733 746 44 21 lika
795 747 47 21 med

338 778 124 28 gäfvodref,
477 786 47 14 men
540 779 9 21 i
563 782 70 19 annat
643 779 58 28 fall.
731 797 4 4 .
766 797 4 4 .
801 797 4 4 .
837 799 3 4 .
907 783 13 19 5
941 796 26 1 |—

313 807 199 33 Öfverlätelsebref,
528 821 22 14 se
566 814 169 28 transportbref.
935 815 3 35 |

347 884 159 27 Anmärkning.
541 885 42 21 Vid
599 885 137 22 inlemnande
751 886 31 27 af
791 885 136 28 handlingar
938 886 34 22 till

290 919 108 22 Finlands
414 919 64 22 Bank
492 920 8 19 i
516 920 101 27 afseende
633 921 13 20 å
662 920 48 21 läns
733 919 125 22 erhållande
871 921 69 26 gäller
955 921 20 26 ej

291 954 41 21 den
345 954 43 27 för
400 954 113 21 anlitande
525 955 31 27 af
567 954 90 21 domstol
665 954 37 21 och
714 955 203 27 embetsmyndighet
934 955 41 20 här

290 989 67 26 ofvan
373 989 104 26 stadgade
493 989 251 28 karteringsskyldighet.

588 1102 39 20 III
639 1102 68 24 Kap.

422 1167 109 28 Angående
547 1168 72 21 bruket
634 1168 21 21 af
669 1168 174 27 stämpelpapper.

606 1237 51 28 87.

347 1295 105 26 Skrifvas
468 1296 13 19 &
497 1301 82 14 samma
595 1295 40 20 ark
645 1295 60 26 flera
714 1295 93 26 skrifter
816 1295 50 20 eller
875 1295 99 26 afhand-

292 1329 75 27 lingar
381 1329 32 26 af
423 1329 70 20 sådan
510 1328 149 28 beskaffenhet,
675 1331 33 18 att
723 1328 26 20 de
764 1328 53 21 hvar
829 1328 43 27 för
886 1329 40 27 sig,
942 1329 34 26 ef-

292 1365 33 19 ter
339 1363 72 20 denna
423 1362 146 28 förordning,
577 1364 40 19 äro
626 1362 112 28 kartering
747 1362 165 27 underkastade,
922 1362 52 22 böra

291 1399 26 20 de
333 1398 99 20 karteras
449 1397 69 21 såsom
535 1404 32 14 om
583 1404 24 14 en
625 1397 54 21 hvar
693 1397 31 27 af
735 1397 46 21 dem
791 1397 74 28 blifvit
873 1397 99 29 skrifven

293 1434 12 20 &
321 1432 104 22 särskildt
440 1432 46 20 ark.
