1145 1745
363 112 20 23 U.
398 112 13 23 B
427 124 26 5 —
468 111 54 32 Prop.
537 113 31 24 N:o
582 113 27 24 13.
818 112 13 22 5

462 179 39 28 88

181 236 39 20 har
235 235 145 24 Presteständet
395 237 81 27 antagit
490 237 66 27 enligt
570 237 148 26 betänkandet,
734 237 65 21 likväl
813 237 46 20 med

115 269 131 28 uteslutning
265 270 23 21 af
301 277 61 15 mom.
378 271 20 26 4;
415 271 25 21 de
456 271 68 27 öfriga
538 273 32 20 tre
585 271 89 22 ständen
690 271 62 21 hafva
767 271 94 21 deremot

116 304 94 27 godkänt
231 304 33 27 8:n
284 305 7 21 i
311 305 47 22 dess
380 305 72 22 helhet
474 306 7 21 i
496 305 216 22 öfverensstämmelse
725 305 49 22 med
788 304 73 21 betän-

113 340 85 26 kandet,
218 339 38 22 och
279 339 113 22 förefinnes
414 339 88 23 sälunda
523 340 195 27 ständerpluralitet
734 339 6 22 i
757 339 59 22 detta
830 338 31 21 af-

114 375 82 22 seende.

182 407 139 25 Bondeständet
340 409 39 21 har
397 409 101 28 derjemte
520 410 6 21 i
550 410 40 21 den
608 408 155 29 finskspräkiga
781 409 80 26 lagtex-

114 446 36 19 ten
165 444 91 27 vidtagit
270 444 92 28 följande
377 444 108 22 rättelser:

182 479 8 21 i
204 479 15 21 4
232 478 90 28 kapitlet
337 479 171 22 förekommande
523 479 117 27 tryckfelet,
652 479 135 27 hvarigenom
798 477 65 22 orden

117 513 23 27 »5
154 513 12 27 $
181 513 96 21 niinkuin
292 514 141 21 armollisessa
448 514 135 26 esityksessä*
598 513 111 27 bortfallit,
724 513 39 21 har
777 514 86 24 rättats;

116 548 7 20 i
139 548 13 21 5
174 548 90 26 kapitlet
285 547 11 28 $
316 548 13 21 8
351 548 45 22 står
417 548 119 27 ,kenkilön*
558 548 7 20 i
588 548 71 21 stället
673 548 33 21 för
721 546 143 22 "henkilön*
852 542 16 37 i

116 588 81 16 samma
218 582 80 27 kapitel
320 582 11 28 $
354 583 27 21 15
400 583 38 21 har
453 583 61 21 ordet
531 582 100 28 ,olkoon*
647 583 76 21 rättats
738 582 34 21 till
787 581 74 25 ,olko*

117 618 53 21 samt
190 617 54 22 efter
264 618 65 21 orden
344 618 53 27 lain
412 617 104 23 mukaan"
534 618 80 26 tillagts
629 617 60 22 ordet
706 617 55 27 ,ei;"
778 616 39 22 och
832 616 32 22 får

117 653 105 21 utskottet
236 652 111 22 hemställa

322 712 32 20 att
369 710 135 29 Ridderskapet
514 710 35 24 och
559 710 64 26 Adeln,
638 710 76 23 Preste-
725 709 36 22 och
771 709 92 28 Borgare-

256 744 79 24 stånden
352 745 63 28 äfven
429 745 48 23 ville
491 745 116 28 godkänna
622 744 60 23 dessa
697 744 110 28 språkliga
820 745 44 20 rät-

256 780 66 22 telser.

187 838 133 27 Helsingfors
335 839 41 21 den
392 838 25 22 17
434 838 42 26 Maj
494 838 60 22 1888.
