1103 1734
286 124 12 21 2
491 122 24 24 U.
531 123 23 23 B.
573 135 21 4 —
613 122 63 28 Prop.
691 123 36 23 N:o
744 123 26 23 19.

257 186 36 17 den
305 185 62 18 första
378 186 161 22 undervisningen
552 185 57 17 bland
620 184 37 18 den
670 184 116 23 befolkning,
798 184 71 18 hvaraf
884 185 71 17 största
973 184 30 17 de-

257 214 31 17 len
314 216 21 15 är
358 214 63 17 bosatt
443 214 51 17 inom
518 214 59 22 sagda
603 214 59 17 härad
684 223 20 3 —
733 212 68 18 inalles
828 214 51 20 4,600
903 212 54 18 mark
975 211 30 18 för

257 242 61 23 högre
335 242 106 18 folkskolor
457 244 7 16 i
482 242 97 23 Soanlaks,
597 242 100 22 Suistamo,
714 242 66 18 Kitelä
797 242 36 18 och
844 240 161 19 Mantschinsaari

257 271 125 19 skoldistrikt.
405 271 52 18 Tack
473 277 46 13 vare
537 272 132 22 förnämligast
683 271 55 18 dessa
755 270 132 24 uppoffringar
904 271 35 17 har
956 270 48 18 folk-

258 300 162 23 undervisningen
443 301 52 22 gjort
518 300 71 18 sådana
612 300 97 23 framsteg,
734 301 27 16 att
785 300 71 17 antalet
873 299 61 24 högre
957 298 48 18 tolk-

259 329 65 18 skolor
334 329 8 17 i
354 329 69 17 Salmis
436 329 64 20 härad,
511 329 74 18 hvilket
597 329 30 18 för
639 330 33 17 två
684 329 20 17 är
716 329 58 18 sedan
786 328 90 24 utgjorde
889 329 67 18 endast
970 329 35 21 tre,

258 364 25 12 nu
296 358 54 23 stigit
362 358 29 18 till
403 358 78 19 femton.
505 358 44 19 Men
561 364 31 13 om
601 364 48 16 man
661 358 33 18 vill
704 358 140 23 förhindra
817 353 26 33 ett
852 357 153 24 tillbakagäende

257 387 7 18 i
276 387 52 18 detta
340 387 89 18 afseende
442 387 36 18 och
490 387 83 18 undvika
585 387 127 24 olägenheter,
724 388 66 18 hvilka
801 387 7 18 i
826 387 102 18 framtiden
946 386 59 19 blifva

258 417 57 18 svära
326 418 28 16 att
366 416 90 24 afhjelpa,
469 419 33 16 äro
514 417 113 24 ytterligare
638 417 60 23 nägra
716 417 140 23 jemförelsevis
874 416 73 18 mindre
959 421 46 18 upp-

260 445 92 24 offringar
363 445 43 18 frän
418 445 110 18 samhällets
541 446 40 18 sida
593 446 22 17 af
624 446 68 17 nöden.

326 473 30 19 Af
365 475 131 23 nyssnämnda
507 475 74 18 femton
593 475 64 17 skolor
674 474 59 19 hafva
751 475 67 18 endast
835 475 39 17 fem
889 480 49 17 egna
956 474 49 18 skol-

258 503 42 23 hus,
316 503 100 18 hvaremot
428 503 23 18 de
463 503 63 23 öfriga
538 506 32 15 äro
582 503 88 24 förlagda
681 504 7 17 i
701 503 190 24 upphyrdailokaler,
909 503 22 18 af
940 503 66 18 hvilka

258 531 24 19 de
298 531 57 19 flesta
372 534 33 16 äro
423 531 30 19 för
470 532 220 24 undervisningsarbetet
702 533 22 17 sä
736 532 108 24 olämpliga,
860 534 29 16 att
900 533 107 18 detsamma

260 561 98 18 derstädes
370 561 42 18 icke
424 561 38 18 kan
473 561 98 18 bedrifvas
583 561 43 18 med
638 561 107 24 framgång.
768 561 139 18 Anskaffandet
924 561 20 18 al
957 567 48 17 egna

260 589 80 18 skolhus
352 591 22 16 är
385 589 64 19 derför
461 591 27 16 ett
499 589 95 19 lifsvilkor
605 590 31 18 för
648 590 55 18 dessa
714 596 47 18 nyss
773 590 96 18 inrättade
876 591 70 17 skolor.
970 590 37 17 En-

259 618 53 23 hvar,
325 624 41 12 som
378 620 22 16 är
411 618 99 24 förtrogen
523 619 42 18 med
577 619 145 18 förhållandena
739 619 24 24 på
781 620 60 22 orten,
862 621 33 16 vet
912 619 49 18 dock
979 620 28 17 att

260 653 23 12 en
296 649 40 16 stor
348 647 31 18 del
391 647 21 18 af
422 647 139 20 ofvanberörda
573 649 112 18 kommuner
703 648 36 18 och
757 648 120 18 skoldistrikt
888 648 43 18 icke
942 648 65 18 kunna

259 676 46 19 eller
317 676 115 18 åtminstone
443 677 43 18 icke
497 677 26 24 på
534 677 57 24 länge
602 678 76 17 komma
690 679 28 16 att
730 677 61 18 skaffa
803 677 31 24 sig
846 683 49 18 egna
913 677 94 18 skolloka-

259 705 33 22 ler,
305 711 31 12 om
348 705 23 19 de
384 705 41 18 icke
437 705 30 19 för
478 706 69 18 sådant
558 707 87 18 ändamål
658 706 71 18 erhålla
740 706 68 24 bidrag
820 706 22 18 af
857 707 95 17 allmänna
969 712 38 12 me-

261 734 35 19 del,
320 734 105 19 Enahanda
437 735 68 24 bidrag
517 737 21 16 är
549 735 30 19 för
591 736 43 18 dem
646 735 57 19 äfven
715 735 119 24 nödvändigt
852 735 29 18 för
898 736 109 17 inrättande

259 763 22 18 af
291 763 138 19 skolbibliotek.

329 793 30 17 Då
371 793 241 23 undantagsförhållanden
629 793 69 18 kräfva
714 794 199 23 undantagsåtgärder
930 794 36 17 och
984 795 24 17 då

261 821 32 18 det
305 821 22 18 af
336 821 37 18 lätt
383 821 80 19 insedda
475 822 42 18 skäl
529 821 30 19 för
571 823 99 17 samhället
685 824 21 16 är
724 822 22 18 af
761 823 43 22 vigt
818 823 28 16 att
863 822 144 18 skoltörhållan-

262 850 49 18 dena
323 849 12 18 å
346 850 147 24 ifrågavarande
505 851 72 19 trakter
596 851 61 18 blifva
674 851 56 18 snabt
748 851 36 19 och
801 852 31 17 väl
850 851 89 23 ordnade,
956 851 21 18 få
987 852 20 18 vi

260 878 112 24 härigenom
392 881 46 16 äran
455 880 76 18 anhålla
549 886 30 12 om
591 880 123 18 Hedervärda
726 880 154 18 Bondeståndets
891 880 117 19 medverkan

262 908 28 17 till
304 914 23 12 en
339 908 119 24 underdånig
470 909 81 23 petition
563 909 28 18 till
603 909 54 18 Hans
669 909 109 24 Kejserliga
789 909 91 23 Majestät
892 910 75 19 derom:

465 1002 28 16 att
505 1002 26 22 af
539 1000 98 19 allmänna
650 1001 54 18 medel
715 1002 56 17 måtte
784 1002 77 22 beviljas
873 1004 26 16 ett
910 1003 67 23 anslag
985 1004 26 23 af

398 1028 68 23 20,000
484 1030 52 17 mark
553 1031 58 18 såsom
631 1031 64 22 bidrag
713 1030 29 18 till
756 1031 124 23 uppförande
899 1032 25 22 af
934 1032 74 19 skolhus

398 1058 32 18 och
443 1058 56 20 2,500
512 1059 50 17 mork
570 1060 35 22 för
617 1060 107 17 inrättande
736 1060 25 22 af
770 1059 129 19 skolbibliotek
911 1061 30 17 uti
946 1062 62 17 Mant-

397 1086 111 21 schinsaari,
526 1088 67 21 Kitelä,
612 1088 95 22 Suojärvi,
729 1088 131 22 Korpiselkä,
867 1089 91 18 Soanlaks
976 1090 31 17 och

399 1116 91 17 Suistamo
503 1116 115 18 skoldistrikt
631 1117 48 17 inom
692 1116 67 18 Salmis
771 1118 59 17 härad

331 1176 125 24 Helsingfors,
469 1177 36 18 den
518 1180 11 16 2
540 1178 90 19 Februari
643 1180 48 17 1888.

344 1265 30 18 H.
390 1264 30 20 H.
432 1265 120 20 Teittinen.
607 1267 53 24 Jarl.
672 1267 56 24 Aug.
741 1267 79 19 Reinh.
833 1268 119 25 Lindberg.

330 1504 147 19 Statsutskottets
490 1505 115 19 betänkande
616 1505 35 21 N:o
664 1506 17 20 4.
