1086 1739
338 122 19 23 U.
373 121 20 24 B.
409 121 54 30 Prop.
480 134 25 4 —
522 122 34 24 N:o
572 123 26 24 19.
805 123 12 20 7

102 184 58 29 följd
174 183 68 22 häraf
254 184 42 22 bör
317 184 69 22 äfven
407 185 101 28 utgiften
530 185 27 22 af
575 184 214 29 bevillningsmedel
811 184 36 21 för

102 219 63 21 detta
180 218 107 22 ändamål
302 219 55 21 ökas
372 219 53 22 med
439 219 120 22 enahanda
573 219 89 28 belopp,
683 218 91 22 hvadan
792 218 54 21 den-

101 260 87 15 samma
202 253 90 21 komme
307 255 36 19 att
356 256 83 26 utgöra
454 253 25 22 år
496 255 52 21 1889
565 255 81 26 15,400,
660 253 25 21 år
702 254 53 21 1890
771 254 76 25 16,800

103 287 42 22 och
168 288 24 21 år
215 288 53 22 1891
294 289 81 26 18,200,
392 288 54 21 eller
467 287 36 22 för
525 287 51 22 hela
597 287 250 28 bevillningsperioden

102 323 77 26 50,400
194 321 71 22 mark.
295 321 176 22 Statsutskottet
486 321 35 22 får
537 321 75 22 derför
627 325 55 18 äran
696 321 95 22 föreslå:

306 427 32 19 att
349 425 122 22 Ständerna
479 425 50 21 ville
543 426 69 20 såsom
628 425 76 28 bidrag
719 425 34 21 till
763 425 85 27 fonden

233 460 42 27 för
296 460 154 27 pensionering
465 465 26 21 aj
505 459 113 22 städernas
623 459 172 28 folkskollärare
810 458 38 21 och

239 494 127 21 lärarinnor
381 494 68 21 under
464 495 52 20 åren
536 495 142 20 1889—1891
694 493 62 22 anslå
771 493 78 21 inalles

240 529 79 25 50,400
334 528 67 21 mark.

172 631 34 22 Af
228 631 39 22 det
290 631 54 22 utaf
365 631 129 22 Ständerna
515 631 40 22 vid
577 633 89 20 senaste
688 631 111 28 landtdag
814 631 36 21 till

109 661 177 32 Öfverstyrelsens
299 667 43 27 för
360 667 146 20 skolväsendet
524 667 136 28 förfogande
679 667 72 20 stälda
773 667 77 26 anslag

105 699 26 23 af
144 701 62 26 5,000
220 700 65 21 mark
301 707 37 14 om
358 701 49 20 året
421 700 37 21 till
479 700 125 22 understöd
618 699 36 22 för
669 699 180 28 folkskollärare,

105 741 48 15 som
169 741 83 21 genom
267 734 81 22 iråkad
362 734 105 29 sjukdom
482 735 78 21 blifvit
581 734 37 21 för
639 741 29 14 en
690 734 34 21 tid
745 734 105 22 urstånd-

105 769 60 21 satte
180 770 35 19 att
230 768 66 22 sköta
311 769 36 21 sin
362 769 69 27 tjenst
446 769 43 22 och
504 769 72 22 måste
596 768 75 22 aflöna
691 768 94 28 vikarie,
810 769 42 21 har

106 803 36 22 för
157 802 63 22 detta
235 803 107 22 ändamål
357 803 70 28 tagits
442 803 9 21 i
466 804 98 28 anspråk
579 803 81 22 endast
675 804 41 21 600
730 803 67 22 mark
811 811 40 14 un-

107 837 40 22 der
169 837 25 21 år
216 838 54 22 1886
292 837 43 22 och
359 838 60 27 1,100
435 838 64 21 mark
513 838 73 22 under
601 839 25 21 år
643 839 60 21 1887.
731 838 122 22 Utskottet

106 871 41 22 har
161 871 73 22 likväl
248 872 51 21 icke
314 874 58 20 trott
390 872 35 29 sig
447 879 44 22 ega
512 873 50 21 skäl
585 875 34 20 att
637 872 90 21 minska
744 872 108 29 beloppet

107 907 26 22 af
145 907 63 21 detta
224 907 86 28 anslag,
326 907 30 21 då
373 907 45 22 den
433 906 37 22 del
485 907 26 22 af
523 907 132 27 detsamma,
670 914 49 14 som
733 907 36 22 för
783 907 69 22 fram-

106 941 65 22 tiden
185 940 111 29 möjligen
304 943 65 26 tages
384 941 9 22 i
407 941 106 28 anspråk,
521 941 115 29 sjelffallet
644 941 50 22 icke
709 941 45 22 kan
769 942 30 28 på
807 941 46 22 för-

107 975 62 22 hand
179 975 120 22 beräknas.
328 976 54 21 Men
390 975 120 23 Utskottet
523 976 42 21 har
574 976 83 21 härvid
666 976 116 29 ansettsig
797 976 55 22 böra

108 1011 74 21 såsom
208 1012 34 20 ett
266 1010 173 29 önskningsmål
464 1010 122 22 framhålla
608 1013 34 19 att
672 1010 105 29 anslaget
802 1010 51 22 icke

107 1045 72 22 måtte
194 1045 92 22 komma
300 1044 145 23 uteslutande
460 1044 29 22 de
503 1045 101 29 manliga
625 1045 110 28 lärarene,
750 1047 55 20 utan
821 1045 32 21 äf-

108 1086 45 14 ven
184 1078 160 23 lärarinnorna
367 1079 37 21 till
428 1079 67 29 godo.
531 1080 46 21 Det
600 1079 44 22 har
675 1079 50 21 icke
754 1079 101 29 undgått

107 1113 131 23 Utskottets
268 1114 203 28 uppmärksamhet
500 1116 34 19 att
562 1114 80 28 dylika
670 1113 125 22 understöd
819 1114 36 22 för

109 1148 28 22 de
159 1147 142 23 sistnämnda
322 1148 154 29 möjliggjorts
498 1156 83 21 genom
604 1148 143 22 inrättandet
765 1148 26 22 af
810 1148 44 22 den

109 1190 16 14 s.
147 1183 23 22 k.
188 1182 202 30 Generallöjtnant
412 1182 196 30 Standertskjölds
630 1182 164 29 pensionsfond
818 1182 37 22 för

109 1217 231 22 folkskollärarinnor
365 1218 50 21 Litt
436 1218 26 25 B,
485 1218 71 22 hvarä
575 1217 45 21 den
635 1217 72 29 ärliga
722 1219 83 25 räntan
819 1217 37 22 fär

110 1252 26 21 af
149 1247 183 34 Öfverstyrelsen
354 1252 36 21 för
414 1252 160 22 skolväsendet
596 1252 90 22 utdelas
709 1252 36 22 till
770 1252 85 21 sädana

110 1286 235 28 folkskollärarinnor,
360 1286 79 22 hvilka
454 1287 8 21 i
477 1286 58 30 följd
550 1286 26 22 af
588 1287 126 29 sjuklighet
728 1286 79 23 blifvit
821 1294 36 14 ur-

111 1320 129 22 ständsatta
258 1323 34 19 att
306 1321 37 28 sig
356 1320 81 29 sjelfva
447 1321 103 29 försörja.
579 1321 165 29 Tillgängarna
758 1322 8 20 i
781 1320 76 22 denna

111 1354 63 26 fond,
195 1355 178 28 ursprungligen
395 1356 76 26 30,000
493 1356 71 24 mark,
582 1355 108 28 utgjorde
712 1355 40 22 vid
773 1356 84 27 utgän-

111 1395 46 22 gen
181 1388 26 21 af
227 1388 25 21 är
274 1389 55 21 1885
350 1388 51 22 icke
423 1388 55 22 fullt
497 1390 77 26 33,500
595 1388 75 27 mark;
694 1388 41 22 och
750 1389 107 28 beloppet

112 1422 26 22 af
162 1422 54 21 derä
240 1422 127 29 inflytande
392 1424 85 25 räntor,
503 1423 106 28 omkring
632 1423 62 27 1,600
720 1423 70 28 mark,
815 1430 42 14 un-

113 1456 111 29 derstiger
239 1456 96 23 sälunda
352 1456 55 23 vida
428 1457 39 22 det
485 1457 85 29 anslag,
590 1464 49 15 som
659 1457 115 22 härintills
796 1457 62 23 varit

181 1497 149 19 Statsutskottets
342 1497 116 19 betänkande
469 1500 35 16 N:o
516 1498 17 18 2.
