1309 1753
538 156 68 27 Ständ.
622 156 75 21 Sv..—
712 157 57 26 Prop.
783 156 89 25 N:a.27:
1027 157 26 20 15

329 218 49 21 icke
399 220 71 19 ansett
491 218 33 27 sig
541 218 73 22 kunna
633 218 97 22 beräkna
748 219 71 21 denna
834 218 94 22 inkomst
943 219 31 21 till
989 225 46 15 mer
1051 220 29 20 än

329 252 116 26 2,400,000
467 252 67 22 mark,
564 252 102 27 Slutligen
688 253 41 21 har
743 253 7 20 i
766 253 42 21 den
822 253 80 26 nådiga
916 253 164 27 propositionen

330 286 128 28 föreslagits,
474 288 32 20 att
520 286 102 22 Finlands
637 287 73 21 Banks
724 287 36 21 vid
774 288 110 26 utgången
899 287 23 21 af
930 287 53 21 1887
994 287 88 27 odispo-

330 321 81 21 nerade
429 321 128 21 vinstmedel
572 322 66 20 måtte
654 321 120 22 öfverföras
788 322 31 20 till
833 321 247 21 kommunikationsfon-

331 355 49 26 den,
404 355 42 21 och
467 355 7 20 i
492 355 93 27 enlighet
601 355 87 22 dermed
703 355 65 22 hafva
782 355 66 22 bland
863 355 91 22 fondens
968 356 114 27 tillgångar

330 390 110 27 upptagits
462 390 96 21 nämnda
580 389 69 22 medel
672 391 49 20 -med
736 390 113 27 4,096,070
864 390 66 21 mark.
960 390 122 21 Ständerna

330 425 58 20 hålla
403 424 64 21 likväl
482 424 46 21 före
543 426 31 19 att
589 424 97 21 bankens
703 425 133 26 vinstmedel,
848 424 72 21 hvilka
930 424 23 21 af
960 424 122 22 Ständerna

330 459 118 21 beräknats
466 460 77 25 utgöra
560 459 114 26 4,772,834
692 459 62 21 mark
769 460 27 20 25
811 459 72 26 penni,
898 459 66 21 hellre
979 459 55 21 böra
1049 459 32 21 öf-

330 493 97 21 verföras
443 493 30 21 till
488 493 110 21 allmänna
612 493 212 28 bevillningsfonden.

399 533 173 21 Vidkommande
602 533 47 21 åter
678 533 290 22 kommunikationsfondens
996 533 86 27 utgifter

331 567 65 21 hafva
411 567 128 27 Ständerna,
558 567 66 28 enligt
638 568 57 21 hvad
708 568 133 21 Ständernas
851 568 148 26 underdåniga
1010 574 72 15 svars-

331 602 111 21 skrifvelse
458 602 7 20 i
480 602 116 27 anledning
611 602 23 21 af
646 603 80 26 nådiga
740 602 162 27 propositionen
917 602 113 27 angående
1043 609 39 14 an-

331 637 48 26 slag
400 637 32 20 till
446 636 148 22 fullbordande
610 637 23 20 af
644 637 118 26 jernvägen
778 637 47 21 från
840 637 98 20 Kouvola
952 636 32 21 till
998 636 84 27 Kuopio

331 671 90 26 utvisar,
443 671 33 21 för
498 671 96 21 nämnda
613 671 102 27 jernvägs
738 671 148 21 fullbordande
903 671 69 21 under
987 671 24 21 år
1027 671 55 21 1889

331 705 89 27 beviljat
442 707 30 19 ett
490 706 76 26 anslag
581 704 23 22 af
618 706 112 26 1,600,780
745 705 62 21 mark
822 705 42 21 och
878 705 29 26 på
922 706 43 20 sätt
980 704 102 22 Ständer-

332 746 40 14 nas
394 740 149 26 underdåniga
563 739 172 21 svarsskrifvelse
750 740 7 20 i
772 739 116 26 anledning
902 738 22 22 af
938 739 79 27 nådiga
1032 745 50 21 pro-

332 774 124 27 positionen
478 774 113 26 angående
613 774 75 26 anslag
703 774 33 20 för
751 780 43 20 nya
806 772 227 28 jernvägsbyggnader
1048 773 33 19 in-

333 808 101 26 nehåller,
454 808 95 26 godkänt
567 807 92 27 följande
675 808 75 26 anslag
764 814 26 14 ur
804 806 278 22 kommunikationsfonden

332 842 34 22 för
382 842 52 21 åren
451 842 147 26 1889—1891,
613 842 115 26 nemligen:

331 905 32 21 till
377 904 198 22 Kouvola—Kotka
587 904 91 27 jernväg
722 921 4 4 .
756 921 4 4 .
790 921 4 4 .
825 921 3 3 .
858 920 4 4 .
892 904 114 26 2,147,000
1021 903 62 21 mark

346 948 7 10 >
378 940 118 26 hamnspär
511 940 7 20 i
532 938 133 22 Nikolaistad
688 956 4 3 .
722 956 4 4 .
756 956 4 3 .
790 955 4 4 .
824 955 4 5 .
858 954 4 5 .
927 938 78 26 50,000
1044 946 8 10 >

346 983 7 10 >
378 973 365 28 Wiborg—Sordavala—Joensuu
755 973 106 27 jernväg
856 968 14 37 .
879 972 126 26 11,000,000
1044 980 7 11 >

345 1017 9 10 >
379 1008 307 26 Tammerfors—Björneborg
699 1008 91 27 jernväg
824 1022 4 4 .
858 1024 4 4 .
893 1007 112 26 1,600,000
1045 1015 7 9 »

346 1052 8 10 >
379 1043 118 26 hamnspär
512 1043 7 20 i
534 1042 90 27 Wiborg
913 1040 91 26 205,000—
1044 1049 8 10 >

774 1081 89 22 Summa
880 1081 127 26 15,002,000
1016 1080 66 21 mark.

403 1145 34 22 Uti
460 1145 141 22 förevarande
616 1145 80 26 nädiga
710 1144 135 27 proposition
860 1143 98 27 angifvas
973 1143 27 22 de
1016 1143 67 27 ärliga

334 1180 152 21 annuiteterna
511 1180 13 21 å
546 1179 168 27 jernvägslänen
738 1179 30 20 till
794 1178 113 27 3,456,000
932 1178 62 21 mark
1019 1178 63 21 hvar-

330 1215 69 26 jemte
421 1214 7 20 i
450 1214 162 27 propositionen
634 1213 90 21 föresläs
747 1215 30 19 ett
799 1213 75 25 anslag
893 1212 23 21 af
931 1213 75 25 10,000
1021 1212 62 20 mark

335 1255 36 15 om
387 1248 47 21 året
448 1248 33 21 för
492 1248 294 27 jernvägsundersökningar.
816 1247 62 20 Emot
894 1246 63 21 dessa
967 1246 116 22 beräknin-

334 1289 40 21 gar
396 1283 42 21 och
457 1282 75 27 anslag
547 1282 65 21 hafva
626 1282 122 21 Ständerna
762 1281 48 21 icke
825 1280 69 21 funnit
909 1280 47 21 skäl
970 1281 31 20 till
1016 1281 68 26 några

335 1317 174 27 anmärkningar.
538 1316 104 21 Förutom
661 1316 95 20 nämnda
770 1316 78 26 belopp
863 1314 41 22 bör
918 1315 68 21 under
1000 1315 83 21 nästin-

334 1350 122 22 stundande
471 1350 145 27 finansperiod
631 1350 73 21 vidare
720 1356 27 15 en
762 1355 84 15 summa
860 1348 23 21 af
890 1349 14 21 4
914 1349 98 27 miljoner
1022 1348 62 22 mark

334 1390 124 15 reserveras
475 1385 31 19 till
521 1385 83 19 inlösen
620 1384 22 19 af
656 1384 26 19 de
697 1384 33 19 för
744 1383 227 26 byggnadsarbetenas
987 1384 13 19 å
1015 1382 69 21 Savo-

336 1418 120 21 laksbanan
474 1417 142 22 fortsättande
631 1416 112 21 utfärdade
757 1417 13 20 3
786 1417 27 25 ?/,
828 1415 255 22 statskassaförskrifnin-

335 1458 46 21 gar,
397 1454 57 19 samt
468 1451 31 22 till
512 1453 64 20 ränta
592 1450 12 23 å
615 1451 111 22 desamma
737 1450 165 27 approximativt
914 1449 92 28 240,000
1016 1449 68 22 mark.
