1100 1723
511 125 19 23 U.
547 123 18 24 B.
582 136 27 4 —
624 123 54 29 Prop.
693 123 35 24 N:o
743 122 19 24 Il.

401 188 40 24 las,
463 188 98 26 uppgöra
586 186 84 28 förslag
692 186 35 21 till
745 184 134 22 inrättandet
893 184 30 28 af
931 183 79 27 skjuts-

402 221 133 21 anstalterna
550 220 37 21 och
603 220 120 21 ordnandet
738 219 31 27 af
777 219 158 27 skjutsningen.

468 260 67 21 Detta
550 260 87 28 förslag
651 259 57 21 skall
722 262 109 24 upptaga:

331 301 18 35 ?)
365 307 45 22 Jika
423 306 48 22 med
486 306 22 27 a)
524 306 39 22 och
577 306 24 26 b)
616 306 7 21 i
637 311 60 21 prop.

469 358 20 28 €)
505 358 82 20 antalet
601 356 176 28 skjutsanstalter
791 356 36 21 vid
837 356 74 27 hvarje
920 357 41 26 väg
971 355 38 21 och

400 392 140 28 ungefärliga
562 390 111 29 afständet
694 390 91 22 emellan
800 390 115 26 desamma,
930 390 78 27 äfven-

400 433 44 14 som
459 426 26 21 de
500 426 53 27 byar
568 425 51 21 eller
635 424 89 21 enstaka
741 424 89 28 gårdar,
846 424 38 20 der
897 423 112 28 skjutsan-

399 461 80 26 stalter,
495 461 26 20 så
536 459 44 22 vidt
595 459 36 21 ske
649 458 50 28 kan,
715 458 52 21 böra
777 458 126 28 förläggas,
917 457 91 22 hvarvid

400 495 73 26 tillses,
497 497 32 18 att
549 493 110 28 afståndet
682 493 89 21 emellan
791 492 110 22 desamma
914 491 47 22 icke
975 493 34 20 öt-

399 528 101 28 verstiger
514 528 99 27 tjugutvå
627 527 116 26 kilometer,
758 527 70 21 derest
842 525 46 22 icke
898 525 110 22 särskilda

400 562 178 27 omständigheter
588 561 119 27 föranleda
722 561 124 28 undantag;

466 596 25 24 d)
507 596 81 21 antalet
603 595 111 22 ordinarie
731 595 103 27 skjutsar,
849 602 45 14 som
908 595 9 21 i
931 595 77 28 dygnet

400 629 36 22 bör
447 630 57 27 från
519 629 73 27 hvarje
613 629 130 28 gästgifveri
764 631 93 26 utgöras,
873 628 38 22 och
926 629 81 24 hästar,

398 671 44 14 som
456 664 40 26 för
511 664 125 21 ändamålet
651 663 56 22 skall
722 663 83 26 hållas;
821 662 36 21 vid
867 663 139 21 bestämman-

398 698 34 21 det
454 698 80 27 hvaraj
555 698 112 27 iakttages,
690 700 31 19 att
737 697 35 22 till
787 697 73 28 grund
873 697 44 28 för
937 697 69 26 skjut-

398 739 75 14 sarnes
494 732 62 21 antal
578 733 72 26 lägges
672 732 120 21 medeltalet
813 731 30 28 af
861 731 25 21 de
903 730 103 27 skjutsar,

398 773 43 14 som
455 766 69 22 under
539 767 25 20 de
576 769 30 19 tre
615 766 136 28 föregäende
761 766 52 21 ären
825 767 8 20 i
843 766 78 28 dygnet
931 766 75 27 utgätt,

397 801 66 21 ökadt
485 801 47 21 med
553 801 60 28 högst
635 801 105 28 tjugufem
753 803 95 26 procent,
863 800 39 21 och
916 802 39 23 att,
969 800 38 21 der

397 835 101 29 betydligt
513 835 59 22 olika
587 835 61 21 antal
666 835 68 21 under
749 835 59 21 olika
823 834 94 22 årstider
938 834 70 28 erfor-

396 869 67 25 drats,
481 870 112 28 förslaget
615 869 93 28 derefter
730 870 91 28 lämpas,
843 872 110 22 äjvensom
974 872 32 18 att

398 904 81 21 antalet
500 904 146 28 skjutshästar
660 904 22 26 ej
695 905 36 20 mä
745 904 127 28 understiga
886 903 120 22 medeltalet

396 938 30 27 af
443 938 26 21 de
491 938 103 27 skjutsar,
616 945 45 14 som
676 938 8 20 i
698 938 77 27 dygnet
785 938 58 27 från
856 938 148 28 gästyifveriet

396 973 75 27 utgått,
495 973 25 20 sä
537 972 73 27 framt
632 971 21 28 ej
667 971 236 28 trafikförhällandena
918 972 14 21 å
947 974 58 19 orten

394 1013 74 21 genom
482 1006 130 21 tillkomsten
630 1006 29 27 af
666 1006 93 28 jernväg
774 1007 51 20 eller
840 1007 29 27 af
879 1007 72 21 andra
966 1006 40 22 lik-

395 1040 71 21 nande
481 1039 87 22 orsaker
583 1041 9 20 i
609 1040 119 28 väsendtlig
743 1041 52 21 mån
803 1041 148 27 förändrats;
968 1041 38 21 och

394 1076 36 20 må
445 1074 40 21 den
501 1075 8 20 i
523 1076 15 20 3
547 1081 62 15 mom.
619 1076 29 19 17
658 1074 15 27 $
685 1074 115 28 påbjudna
815 1075 191 28 skjutsningsskyls

395 1109 71 28 dighet
489 1109 71 21 andra
577 1109 85 28 gången
682 1110 8 19 i
707 1109 79 28 dygnet
799 1109 49 22 med
860 1116 84 14 samma
958 1109 48 21 häst

394 1142 77 22 härvid
493 1143 22 27 ej
532 1146 61 25 tagas
608 1144 8 20 i
631 1143 118 28 beräkning
764 1144 138 21 annorlunda
917 1145 30 20 än
961 1150 44 15 som

394 1178 172 28 reservtillgäng;

461 1212 21 27 €)
497 1213 82 20 antalet
601 1214 61 19 extra
684 1212 102 27 skjutsar,
802 1219 45 15 som
867 1212 38 22 vid
922 1213 82 27 inträf-

394 1246 66 24 fande
475 1247 110 27 tillfälligt
600 1247 67 26 behof
677 1247 36 20 bör
728 1247 53 24 från
796 1247 27 21 de
837 1249 98 19 närmast
947 1249 58 26 gäst-

391 1279 101 28 gifveriet
506 1279 91 27 belägna
612 1279 229 28 hemmanslägenheter
856 1280 9 20 i
879 1280 78 27 dygnet
971 1283 32 18 ut-

392 1315 70 25 göras,
477 1313 38 20 och
531 1313 80 24 hästar,
627 1319 44 14 som
681 1313 43 27 för
737 1313 125 21 ändamålet
871 1314 36 21 mä
921 1314 82 28 uppdä-

392 1347 47 24 das,
461 1347 70 21 derest
553 1347 142 28 entreprenad
709 1347 14 21 &
738 1347 61 28 dylik
820 1347 69 28 skjuts
903 1349 67 28 enligt
988 1349 16 28 $

392 1383 28 20 10
435 1381 46 22 icke
495 1381 94 22 kommer
603 1382 35 21 till
652 1382 76 26 stånd;

457 1417 26 26 F)
505 1417 82 21 antalet
601 1417 172 26 reservskjutsar,
787 1425 45 14 som
847 1419 9 20 i
870 1418 78 29 dygnet
963 1418 37 21 bör

387 1451 57 27 Jrän
459 1451 74 27 hvarje
548 1452 150 21 reservstation
714 1453 101 27 utgöras;

323 1490 186 18 Ekonomiutskotteis
521 1492 108 17 betänkande
641 1493 36 17 N:o
688 1491 18 18 8.
