1109 1714
351 135 19 23 U.
386 135 19 22 B.
420 147 28 4 —
464 134 53 29 Prop.
534 134 32 24 N:o
582 134 17 24 11.
794 136 26 20 21

97 193 83 29 rierna,
203 195 58 22 skall
283 196 37 21 för
338 195 183 23 bestämmandet
536 196 27 21 af
575 196 141 28 skjutsarnas
732 196 64 22 antal
810 196 40 22 vid

97 228 138 28 gästgifveri
258 229 36 21 till
316 230 76 28 grund
413 230 81 28 läggas
512 230 133 21 medeltalet
660 230 26 21 af
699 230 28 21 de
742 230 107 28 skjutsar,

97 268 48 14 som
168 262 74 22 under
264 263 39 21 det
324 263 140 29 föregäende
480 264 49 21 äret
543 271 41 21 per
600 264 63 28 dygn
678 264 84 28 utgätt,
778 263 71 22 ökadt

96 295 53 22 med
170 296 28 22 50
220 304 69 21 proc.,
305 297 118 22 äfvensom
443 298 89 21 antalet
545 298 80 21 hästar
639 298 26 21 sä
679 297 120 25 beräknas,
815 300 35 19 att

97 328 39 22 det
152 330 19 28 ej
187 330 147 30 understiger
348 331 134 23 medeltalet
497 332 26 21 af
536 332 28 21 de
580 332 107 28 skjutsar,
704 339 49 15 som
767 332 9 21 i
791 332 57 29 dyg-

96 367 40 19 net
157 364 53 22 från
232 365 138 29 pästgifveri
389 366 149 29 expedierats.
569 366 67 22 Huru
651 366 197 29 oändamälsenlig

97 405 29 15 en
146 398 65 29 dylik
227 399 148 30 bestämning
390 404 31 24 är,
436 408 69 20 synes
520 401 82 21 lättast
617 400 27 22 af
655 400 103 29 följande
773 408 74 14 exem-

96 432 45 29 pel.
171 434 77 29 Antag
263 436 35 20 att
312 434 37 22 för
364 435 173 29 skjutsningens
548 434 148 22 bestridande
705 434 75 22 under
789 435 60 21 före-

96 466 90 29 gäende
202 468 24 21 är
240 468 101 29 utgjorts
356 470 42 20 400
412 469 103 29 skjutaar
530 469 56 21 eller
602 469 106 28 omkring
725 472 41 24 1,09
776 469 72 28 skjut-

97 508 37 14 sar
157 501 9 22 i
188 502 95 29 dygnet,
306 502 60 23 skall
388 503 64 22 detta
473 503 85 29 belopp
581 502 55 23 ökas
659 502 53 22 med
734 504 27 21 50
778 510 69 22 proc.,

96 535 151 29 hvarigenom
268 537 131 28 skjutsarna
413 536 73 23 blifva
501 545 41 21 per
557 537 65 29 dygn
639 539 41 25 1,63
695 537 43 22 och
753 537 36 22 för
800 538 49 21 äret

96 569 9 21 i
120 569 40 22 det
173 573 117 19 närmaste
305 572 48 21 595.
382 571 47 22 Det
443 571 85 22 minsta
542 572 88 21 antalet
645 572 78 21 hästar
738 578 49 15 som
802 571 47 22 till-

96 603 65 28 lätes,
185 608 25 18 är
232 605 89 22 säledes
343 607 20 20 2.
392 606 64 21 Enär
472 605 65 22 dessa
551 605 85 28 hästar,
652 605 52 22 med
720 605 129 29 beräkning

98 637 26 23 af
144 646 28 14 en
194 639 74 29 skjuts
286 640 8 21 i
313 639 89 30 dygnet
421 640 37 21 för
476 640 120 28 hvardera,
616 640 73 21 under
704 642 34 19 ett
753 641 25 20 är
793 640 56 21 eller

98 674 41 21 365
155 674 64 29 dygn
234 675 80 21 kunna
328 675 126 21 verkställa
468 675 153 22 tillsammans
638 676 41 21 730
690 675 107 28 skjutsar,
807 674 43 22 har

97 715 61 20 man,
181 708 8 21 i
212 709 78 21 stället
311 708 37 22 för
370 709 150 29 erforderliga
536 710 48 26 400,
600 709 70 28 högst
684 710 41 21 595
742 709 106 28 skjutsar,

97 741 37 22 till
156 742 137 29 förfogande
309 743 56 22 stält
381 745 40 20 730
436 743 107 29 skjutsar,
560 743 20 22 d.
597 747 19 18 ä.
632 743 95 22 alldeles
743 743 107 28 onödigt-

97 776 35 21 vis
156 777 48 24 330,
227 777 71 21 minst
321 778 39 21 135
380 777 100 28 skjutsar
495 777 36 22 för
546 778 100 27 mycket.
676 777 126 28 Tillämpas
818 784 32 14 nu

97 809 65 22 detta
183 809 188 30 beräkningssätt
389 811 36 22 för
438 811 92 22 landets
540 811 52 22 alla
606 811 169 28 gästgifverier,
790 811 60 21 skall

97 851 54 14 man
175 845 45 20 lätt
243 844 81 28 förstå,
348 847 36 19 att
408 845 50 28 tio-,
480 845 26 28 ja
531 845 192 22 hundratusenta]
750 845 101 28 skjutsar

98 885 36 14 om
151 879 49 20 äret
215 879 8 21 i
239 878 91 22 onödan
344 879 134 22 utskrifvas.

166 912 129 22 Omordade
318 913 63 27 brist,
407 921 49 14 som
476 914 73 22 under
564 914 103 22 normala
681 913 169 27 förhållanden,

98 947 141 29 ohjelpligen
262 947 43 22 och
327 948 96 22 säframt
440 948 170 29 författningen
629 948 137 27 efterlefves,
782 949 68 21 mäste

97 981 149 28 förekomma,
269 982 42 22 har
331 982 114 22 utskottet
460 982 54 22 sökt
528 982 105 30 afhjelpa
647 989 84 22 genom
747 984 35 20 att
795 982 55 22 ned-

98 1018 61 20 sätta
180 1017 153 28 procenttalet
348 1018 28 20 50
390 1017 37 21 till
442 1018 34 26 25,
489 1016 72 29 jemte
576 1016 40 22 det
630 1016 144 22 sistnämnda
789 1024 61 14 sum-

97 1058 38 14 ma
157 1050 132 29 föreslagits
304 1053 36 19 att
353 1050 75 22 blifva
443 1054 34 18 ett
491 1050 185 29 maximibelopp.
707 1051 143 28 Härigenom

98 1086 66 20 ernäs
186 1084 137 29 visserligen
347 1084 111 28 fördelen,
482 1088 35 19 att
539 1085 39 21 det
600 1085 64 21 antal
679 1084 106 29 skjutsar,
800 1092 50 14 som

97 1119 74 21 mäste
186 1126 41 21 per
242 1118 64 29 dygn
320 1119 64 28 utgä,
399 1119 82 21 varder
496 1119 96 27 mindre,
608 1122 30 18 än
653 1126 37 14 om
700 1126 32 14 nu
743 1119 108 28 gällande

97 1153 189 29 beräkningssätt
300 1152 73 30 följes.
392 1154 54 20 Men
457 1153 105 22 slöseriet
576 1153 53 22 med
638 1152 147 22 hästkraften
794 1153 58 22 fort-

97 1187 37 22 far
148 1187 65 22 detta
223 1187 96 22 oaktadt
330 1187 43 22 och
384 1191 62 18 ännu
456 1187 78 22 dertill
549 1188 3 21 i
563 1188 60 21 ökad
633 1188 61 27 män,
705 1187 81 22 såvida
797 1195 54 14 man

98 1222 36 22 för
156 1223 34 20 ett
212 1222 112 21 minskadt
342 1222 65 22 antal
422 1222 107 29 skjutsar,
544 1222 129 28 uppställer
688 1229 82 14 samma
786 1222 65 22 antal

98 1256 80 22 hästar
193 1263 49 15 som
257 1256 70 22 förut.
356 1256 126 22 Använder
496 1264 54 14 man
567 1256 39 22 det
620 1256 98 22 anförda
729 1256 121 29 exemplet,

97 1290 75 22 finner
190 1298 55 14 man
259 1291 118 28 nemligen
392 1292 42 26 att,
449 1290 75 30 enligt
537 1291 126 21 utskottets
678 1290 94 28 förslag,
788 1292 14 20 å
817 1292 34 20 ett

98 1324 145 30 gästgifveri,
266 1324 102 22 derifrän
390 1325 9 21 i
420 1324 111 23 medeltal
552 1325 75 21 under
646 1327 12 20 3
678 1325 25 21 är
717 1325 79 28 utgått
810 1326 43 20 400

99 1358 100 29 skjutsar
221 1365 37 15 om
282 1360 48 20 äret
353 1358 55 22 eller
432 1360 41 25 1,09
496 1359 8 21 i
520 1358 94 28 dygnet,
630 1358 143 29 skjutsarnas
788 1358 65 21 antal

98 1392 44 22 blir
158 1392 54 21 frän
227 1392 44 21 och
284 1392 54 21 med
353 1393 41 21 404
410 1392 60 27 (med
487 1394 11 19 1
514 1399 61 21 proc.
590 1391 143 30 förhöjning)
745 1391 61 22 ända
815 1392 39 21 till

99 1426 44 23 och
157 1426 53 22 med
225 1427 43 22 500
282 1425 61 28 (med
358 1427 27 20 25
400 1433 62 22 proc.
474 1425 152 30 förhöjning),
637 1433 54 14 men
702 1425 149 29 hästantalet,

98 1461 92 22 hvilket
212 1460 20 30 ej
255 1461 37 22 fär
312 1461 131 28 unterstiga
465 1460 135 22 medeltalet
614 1460 102 29 skjutsar
729 1460 37 23 för
781 1461 72 28 dygn,

168 1501 190 19 Ekonomiutskottets
370 1501 115 18 betänkande
498 1503 36 15 N:o
548 1501 18 18 8.
