1123 1748
346 171 22 23 U.
384 171 22 23 B.
422 182 29 7 —
467 172 58 28 Prop.
541 173 36 22 N:o
592 172 36 22 28.
812 174 13 20 3

109 234 98 21 behofvet
228 234 24 20 af
268 234 39 21 den
322 234 119 27 föreslagna
455 234 147 22 institutionen
616 235 8 21 i
638 234 32 22 sin
684 234 48 22 män
748 236 54 20 varit
817 235 35 21 be-

108 268 131 22 stämmande
254 267 34 22 för
302 268 116 21 utskottets
432 268 140 26 uppfattning.

176 301 146 23 Afskaffandet
337 302 23 21 af
372 301 244 27 husbehofsbränningen
631 302 39 21 och
686 302 35 20 det
732 302 120 27 derigenom

109 336 109 22 minskade
240 336 147 27 begagnandet
408 336 22 22 af
449 336 127 27 rusdrycker
597 336 27 26 pä
649 336 143 27 landsbygden
815 337 39 21 har

108 370 143 27 undanrödjat
266 376 26 16 en
306 370 28 26 pä
348 370 32 22 sin
395 370 31 21 tid
441 370 87 33 allmänt
547 370 105 22 verkande
667 370 63 22 orsak
745 370 32 22 till
793 372 61 20 oord-

109 406 73 26 ningar
198 404 39 22 och
252 404 143 28 förbrytelser.
416 404 73 22 Ehuru
504 404 146 27 beklagligtvis
664 404 28 27 pä
706 410 26 15 en
747 405 33 21 del
796 407 57 19 orter

109 446 26 15 en
157 438 96 27 stigande
275 438 155 22 ölkonsumtion
451 438 75 22 verkat
540 439 7 21 i
563 440 87 20 motsatt
672 438 98 28 riktning,
786 439 67 22 mäste

110 480 47 15 man
180 473 53 21 dock
256 472 93 22 erkänna
371 474 32 20 att
425 472 40 22 den
486 472 68 22 finska
575 472 220 28 landtbefolkningens
817 474 37 21 lef-

108 508 120 22 nadsvanor
242 508 8 20 i
264 507 116 22 allmänhet
402 507 97 22 utmärka
521 507 32 27 sig
574 514 74 20 genom
668 507 117 27 nykterhet,
801 508 53 22 hvil-

107 542 38 22 ket
166 542 134 21 förhällande
322 542 100 21 särskildt
443 541 111 22 framträdt
578 542 54 21 efter
656 541 158 27 tillämpningen
832 542 22 22 af

107 576 98 28 gällande
226 576 123 27 förordning
364 582 34 16 om
413 576 134 28 tillverkning
562 576 39 21 och
616 575 124 28 försäljning
754 576 23 22 af
790 577 62 26 sprit-

108 611 95 27 drycker.
234 610 69 21 Ocksä
324 610 40 21 har
384 610 35 21 det
433 610 27 27 pä
475 612 83 19 senaste
573 610 31 21 tid
618 610 7 21 i
640 610 48 21 värt
701 610 51 21 land
766 612 86 25 uppträ-

108 645 68 22 dande
190 644 255 28 nykterhetssträfvandet
459 644 73 22 vunnit
547 644 51 27 liflig
612 644 108 27 anklang
710 640 9 36 i
731 645 42 21 alla
782 645 71 22 lands-

108 681 58 20 orter
180 679 58 22 inom
252 679 96 22 Finland.
378 679 73 22 Säsom
467 678 76 28 nykter
557 681 25 19 är
596 678 69 23 finnen
680 679 32 21 till
727 679 72 27 lynnet
808 681 44 20 sär-

108 713 57 22 deles
186 714 52 26 lugn
260 713 39 22 och
322 713 123 22 betänksam
467 715 55 20 samt
543 713 114 27 ingalunda
676 713 50 27 böjd
741 714 33 21 för
788 713 65 28 nägot

107 748 105 22 väldsamt
227 748 99 21 störande
341 748 23 21 af
378 748 121 27 ordningen.
520 748 217 27 Anmärkningsvärdt
752 749 24 20 är
786 748 67 27 äfven,

108 784 32 20 att
154 789 49 15 man
218 783 8 21 i
240 782 41 22 den
296 782 110 22 inhemska
420 782 184 27 tidningspressen,
622 782 85 21 hvilken
722 782 60 27 lifligt
797 782 56 22 äter-

108 817 84 28 speglar
214 817 158 27 stämningarna
394 817 39 22 hos
450 817 41 21 den
505 817 87 21 läsande
608 816 140 22 allmänheten
764 817 89 21 medelst

107 851 89 22 insända
218 851 89 21 artiklar
328 851 40 21 och
389 851 198 27 korrespondenser,
609 851 47 21 icke
677 850 93 28 försport
787 851 66 27 nägra

106 886 110 28 yrkanden
237 886 28 27 pä
287 892 27 15 en
336 885 65 22 sädan
422 885 145 27 förstärkning
589 885 23 21 af
625 885 184 27 ordningsmakten
826 885 27 27 pä

108 920 147 27 landsbygden
277 926 45 15 som
336 920 8 21 i
358 919 143 28 föreliggande
518 920 131 26 proposition
665 920 60 21 afses.
746 920 25 26 Ej
786 919 67 22 heller

108 955 56 21 inom
186 954 111 26 utskottet,
320 954 86 21 hvarest
420 954 120 22 erfarenhet
554 953 46 22 frän
615 954 45 21 vidt
674 953 68 22 skilda
758 954 60 21 delar
831 954 23 21 af

107 988 72 22 landet
194 988 54 22 dock
262 988 79 22 funnits
356 988 167 27 representerad,
539 988 38 21 har
592 994 26 15 en
633 987 58 27 dylik
705 988 117 27 anordning
832 988 22 21 af

107 1022 133 28 polisvärden
255 1022 34 22 för
303 1022 73 22 landet
390 1022 69 22 funnit
472 1022 70 26 nägon
555 1022 154 27 förespräkare.

176 1057 42 21 Det
232 1056 90 22 anförda
335 1056 67 27 gäller
416 1056 160 22 förhällandena
589 1056 28 27 pä
632 1056 143 27 landsbygden
785 1056 7 21 i
803 1056 49 22 Fin-

108 1091 49 22 land
179 1091 208 27 öfverhufvudtaget;
410 1097 47 15 men
473 1090 85 22 dermed
574 1092 23 20 är
611 1090 46 22 icke
673 1091 67 27 sagdt,
756 1091 36 21 det
806 1091 46 21 icke

108 1126 104 21 särskilda
227 1127 57 20 orter
299 1124 73 28 finnas,
388 1131 45 15 som
447 1126 77 26 utgöra
538 1125 114 27 undantag.
672 1124 31 22 Pä
718 1125 26 21 de
755 1125 97 27 punkter,

108 1160 38 22 der
168 1166 26 16 en
216 1161 69 20 tätare
307 1160 121 26 befolkning
449 1159 119 26 förefinnes,
584 1159 98 27 antingen
698 1159 69 22 såsom
782 1160 71 21 bofast

108 1195 52 21 eller
181 1194 133 27 tillfälligtvis
336 1194 174 26 sammandragen
524 1193 33 21 för
572 1194 106 21 allmänna
692 1194 52 21 eller
758 1194 96 21 enskilda

109 1228 159 27 arbetsföretag,
291 1228 93 22 militära
403 1228 94 26 öfningar
512 1228 52 21 eller
579 1227 73 28 dylikt,
668 1228 66 26 ligger
748 1228 36 21 det
799 1228 7 20 i
821 1234 33 15 sa-

108 1263 52 21 kens
175 1264 63 20 natur
253 1264 32 20 att
299 1262 68 27 afsteg
382 1262 47 22 frän
444 1262 40 22 den
494 1262 78 28 lagliga
582 1262 115 27 ordningen
707 1262 69 22 oftare
786 1262 67 22 mäste

108 1297 85 22 inträffa
208 1297 39 21 och
262 1297 85 27 päkalla
361 1297 150 27 polismaktens
527 1296 134 22 omedelbara
676 1296 135 22 inskridande
821 1297 33 21 för

108 1334 33 19 att
163 1332 63 27 stäfja
248 1331 203 28 lagöfverträdelser.
481 1330 49 22 Men
545 1331 25 21 de
586 1332 63 24 orter,
670 1331 37 21 der
721 1330 81 22 sådana
816 1338 38 14 un-

110 1365 236 26 dantagsförhällanden
360 1366 68 20 finnas
442 1366 33 20 för
490 1366 90 24 handen,
596 1367 36 19 äro
642 1366 7 20 i
660 1365 47 21 vårt
715 1365 49 21 land
774 1365 80 27 ganska

108 1400 22 21 fä
152 1399 39 22 och
214 1399 85 26 betinga
320 1398 83 22 derföre
425 1398 52 26 icke,
500 1399 65 26 enligt
580 1398 115 21 utskottets
710 1399 60 26 äsigt,
786 1399 69 26 nägon

110 1434 77 22 allmän
211 1432 222 29 lagstiftningsätgärd.
463 1432 33 21 En
518 1432 162 27 stadigvarande
698 1433 50 20 eller
763 1433 92 26 tillfällig

110 1468 112 27 förökning
244 1467 23 22 af
287 1467 141 28 polisstyrkan
451 1467 27 26 pä
499 1467 62 21 dessa
576 1467 104 22 särskilda
694 1467 92 27 punkter
800 1469 56 20 mot-

114 1509 72 17 svarar
208 1503 71 22 bättre
299 1501 119 22 ändamålet
433 1501 40 22 och
487 1501 41 22 kan
543 1501 134 28 genomföras
691 1502 47 21 med
754 1501 102 28 betydligt

179 1543 189 18 Ekonomiuiskoitets
382 1541 115 19 betänkande
509 1543 35 17 N:o
556 1541 30 19 10.
