1103 1745
299 117 31 23 U.
346 117 38 24 B.
403 131 20 4 -
442 118 98 29 Prop.
555 118 55 23 N:o
625 119 34 22 11.

376 495 188 22 Ekonomiutskottets
587 496 55 21 andra
665 496 69 27 förslag
756 495 29 22 till
808 503 47 14 sam-

308 530 136 27 manjemkuing
465 530 21 21 af
500 530 89 22 Ständens
611 530 109 27 skiljaktiga
743 530 60 21 beslat
825 530 30 22 vid

308 564 133 28 behandlingen
456 564 21 21 af
491 565 46 21 Hans
552 565 103 28 Kejserliga
670 565 96 27 Majestäts
789 565 66 28 nådiga

308 599 112 28 proposition
443 599 31 21 N:o
491 599 30 26 11,
544 599 124 22 innefattande
683 599 70 28 förslag
771 599 29 21 till
815 601 40 20 sär-

311 632 59 22 skilda
391 633 98 28 ändringar
513 634 5 21 i
537 633 84 28 gällande
636 633 110 28 stadganden
762 633 93 28 angäende

311 667 167 28 skjutshälloingen
494 669 33 21 och
542 668 160 29 gästgifrerierna.

173 765 31 22 Af
232 766 26 21 de
283 766 33 21 till
350 765 210 22 Ekonomiutskottet
591 766 107 21 ankomna
727 767 78 26 utdrag
835 766 24 22 af

105 800 106 22 Ständens
227 800 109 27 protokoll
351 800 35 21 vid
401 800 156 28 behandlingen
572 800 23 22 af
608 801 123 21 utskottets”
738 801 63 22 första
814 801 42 22 för-

105 835 45 28 slag
166 835 33 21 till
215 835 206 27 sammanjemkning
436 835 24 20 af
477 835 26 22 de
525 835 123 28 skiljaktiga
663 835 96 22 besluten
774 835 7 22 i
797 835 60 22 detta

105 870 84 25 ärende,
212 870 39 21 har
273 870 107 21 utskottet
401 869 104 22 inhemtat
527 872 32 19 att
574 869 23 22 af
611 870 40 20 den
667 869 5 21 i
689 870 116 21 utskottets
820 871 36 20 be-

105 904 108 22 tänkande
228 904 123 27 föreslagna
367 921 11 9 ,,
381 903 145 29 Förordning,
542 904 152 27 innefattande
709 904 124 27 ändringar
847 904 9 20 i

105 938 9 22 i
124 938 161 29 förordningen
300 938 112 28 angående
423 937 196 30 skjutshållningen
631 938 35 21 och
675 938 182 28 gästgifverierna

105 973 32 28 af
148 973 40 21 den
204 975 28 20 12
247 973 116 21 November
381 973 71 20 1883"

173 1019 102 21 rubriken
298 1019 42 21 och
357 1019 109 27 ingressen
481 1019 92 28 antagits
589 1018 23 22 af
626 1019 41 20 alla
686 1018 66 21 Stånd
767 1019 8 21 i
790 1019 67 27 enlig-

106 1054 36 21 het
157 1052 49 23 med
221 1054 117 21 utskottets
354 1053 140 22 betänkande.

174 1099 11 28 $
209 1101 11 18 2
246 1099 102 22 likaledes
370 1101 24 20 är
417 1099 23 21 af
455 1099 43 21 alla
513 1099 67 22 Stånd
595 1101 91 25 antagen
701 1099 67 27 enligt
782 1099 75 22 betän-

106 1134 85 21 kandet.

175 1174 11 27 $
210 1175 11 20 3
245 1174 38 21 har
305 1174 24 21 af
342 1174 89 26 Preste-,
446 1173 103 28 Borgare-
565 1173 39 22 och
618 1173 165 22 Bondestånden
797 1175 60 20 anta-

106 1209 43 26 gits
165 1208 23 22 så
203 1209 101 26 lydande:

175 1248 144 28 ySkjutslaget
334 1249 86 26 utgöres
442 1247 27 28 på
485 1247 72 21 landet
573 1246 24 22 af
610 1247 94 27 häradet,
720 1247 24 21 så
759 1247 65 22 framt
839 1247 18 28 ej

107 1283 100 27 samtliga
228 1283 127 21 kommuner
377 1282 72 26 önska,
473 1283 32 19 att
528 1282 35 21 det
577 1281 36 21 må
628 1281 90 22 omfatta
734 1283 65 20 annat
814 1288 44 15 om-

108 1317 61 25 råde;
186 1316 54 22 dock
255 1316 90 22 sålunda
359 1318 32 19 att
405 1316 72 26 hvarje
492 1316 101 20 kommun
608 1315 57 21 inom
681 1316 127 26 skjutslaget
823 1322 36 14 en-

108 1356 44 16 sam
168 1356 101 16 ansvarar
284 1350 34 22 för
333 1350 40 21 den
387 1349 134 28 gästgifveri-
536 1350 40 20 och
592 1349 169 27 skjutshällning,
785 1356 45 14 som
846 1350 13 21 &

109 1385 122 20 densamma
253 1384 71 21 blifvit
342 1384 102 25 fördelad,
460 1383 109 21 äfvensom
585 1383 33 21 för
633 1383 41 20 alla
690 1383 56 20 inom
761 1383 96 21 kommu-

108 1424 41 14 nen
164 1418 98 26 förlagda
277 1417 194 21 reservstationer.*
