1109 1739
167 1304 10 25 8
194 1305 11 18 5

106 1371 28 30 8$
150 1373 62 20 6—7.

283 142 28 20 14
492 139 22 23 U.
528 138 24 24 B.
570 152 24 3 —
612 138 64 28 Prop.
692 138 38 22 N:o
745 137 30 23 13.

322 204 36 22 Dä
378 205 36 21 det
438 204 117 22 emellertid
574 204 8 22 i
601 203 107 23 särskilda
731 202 39 22 fall
784 203 46 21 kan
843 208 55 16 vara
912 201 98 28 omöjligt

254 239 33 22 för
301 244 92 17 mannen
408 240 34 20 att
457 238 83 22 erhälla
554 238 102 22 hustruns
672 237 110 27 samtycke
796 236 38 23 vid
844 236 133 22 afslutandet
987 236 25 22 af

254 274 33 21 ett
306 272 137 23 rättsärende
458 272 24 22 af
495 272 168 28 ifrägavarande
678 270 148 23 beskaffenhet
841 271 39 21 och
895 270 38 22 det
947 276 63 22 synes

254 307 34 22 för
303 308 61 21 boets
379 308 63 20 bästa
450 313 54 16 vara
512 306 84 28 vigtigt
610 308 34 20 att
659 306 80 27 nödiga
754 305 160 22 transaktioner
926 304 84 28 härige-

254 348 47 16 nom
321 342 20 28 ej
356 341 94 27 hindras,
466 341 40 21 har
519 340 356 23 utskottet
636 335 11 39 i
656 340 219 23 öfverensstämmelse
889 339 49 22 med
953 339 57 22 stad-

254 376 86 28 gandet;
354 375 9 22 i
382 376 13 26 $
411 377 12 20 6
439 375 25 22 af
477 375 61 22 detta
552 375 84 28 kapitel
650 374 68 22 infört
732 374 136 28 bestämning
882 374 78 28 derom,
976 375 34 21 att

254 416 33 16 om
308 410 91 22 hustrun
421 412 25 19 är
468 409 74 28 afvita,
566 409 146 23 fränvarande
734 409 54 23 eller
801 408 95 28 förlöper
910 414 99 22 mannen,

254 445 43 22 han
312 445 28 21 dä
355 445 36 21 mä
406 450 42 22 ega
462 446 46 20 rätt
522 446 34 20 att
571 444 94 29 föryttra
680 444 52 22 eller
746 444 101 27 förpanta
862 444 62 22 boets
934 442 76 29 fastig-

254 480 37 21 het
306 480 53 21 utan
373 479 81 21 hennes
468 479 117 27 samtycke.

321 514 11 21 I
347 514 155 27 sammanhang
522 513 90 22 härmed
629 513 41 22 har
684 513 56 22 inom
755 512 106 23 utskottet
876 512 64 28 fräga
955 512 55 22 före-

254 548 63 27 varit,
341 554 33 15 om
396 548 113 21 enahanda
527 547 158 27 inskränkning
699 547 49 22 med
762 546 102 22 afseende
879 547 14 21 &
905 553 104 16 mannens

254 582 126 28 behörighet
395 584 33 20 att
443 582 95 27 föryttra
552 582 54 22 eller
619 582 154 27 förpanta-
742 578 39 36 det
788 588 157 21 gemensamma
960 582 50 21 boet

255 616 111 28 tillhöriga
384 616 186 28 lösörepersedlar,
586 616 75 22 hvilka
676 616 92 28 ansäges
783 622 55 16 vara
852 616 26 22 af
890 617 69 21 större
973 616 36 22 be-

253 650 83 28 tydelse
351 650 34 22 för
400 650 102 28 familjen.
531 651 37 21 Men
584 651 12 21 i
606 651 144 21 betraktande
759 650 25 22 af
797 651 27 21 de
838 650 114 28 praktiska
961 650 49 23 svä-

253 685 97 28 righeter
364 685 38 22 och
417 686 104 21 särskildt
536 685 37 22 det
590 685 93 28 menliga
697 685 119 28 inflytande
830 686 30 27 pä
878 684 79 23 handel
972 685 39 22 och

253 720 84 27 vandel,
353 726 45 16 som
413 721 33 20 ett
460 720 71 27 dylikt
545 720 122 28 stadgande
682 720 69 22 skulle
766 720 103 27 medföra,
885 720 40 22 har
940 720 70 28 nägot

254 754 82 28 förslag
349 754 9 22 i
372 754 79 23 sädant
465 754 58 28 syfte
538 754 48 23 icke
601 754 25 23 af
638 755 108 22 utskottet
759 754 125 23 framstälts.

322 789 64 22 Hvad
402 789 42 22 den
457 789 9 21 i
480 789 35 28 &n
528 789 126 28 föreslagna
675 789 217 28 preskriptionstiden
913 789 34 22 för
971 789 38 22 hu-

254 825 72 20 struns
344 823 154 22 klandertalan
516 823 138 28 vidkommer,
670 823 68 23 finner
753 824 107 22 utskottet
875 825 39 26 att,
930 823 29 22 dä
974 823 36 22 hu-

253 859 61 20 strun
333 858 93 27 mängen
441 858 60 27 gäng
517 864 80 21 ogerna
612 858 69 21 under
695 859 144 26 äktenskapet
854 858 103 22 klandrar
972 857 38 22 det

254 891 60 28 aftal,
334 898 76 21 genom
430 891 83 23 hvilket
527 897 93 16 mannen
635 891 105 27 föryttrat
754 892 52 22 eller
820 892 114 27 förpantat
948 892 61 21 boets

253 924 111 29 fastighet,
384 925 65 22 äfven
467 932 33 15 om
515 926 42 21 hon
572 925 49 22 haft
635 925 48 22 skäl
697 926 34 21 till
745 926 97 27 klander,
858 925 151 28 arfvingarnes

250 961 46 20 rätt
310 960 20 27 ej
353 959 66 22 borde
438 962 64 25 göras
517 959 107 23 beroende
642 959 66 28 deraf,
724 967 34 15 om
772 961 76 22 hustru
862 960 99 23 försuttit
976 960 31 22 sin

246 993 61 22 talan
322 993 52 22 eller
388 993 27 28 ej.
438 994 113 22 Utskottet
565 994 41 22 har
615 994 34 22 till
664 994 54 28 följd
736 995 68 27 häraf,
820 1001 8 15 1
837 994 169 23 öfverensstäm-

248 1028 65 22 melse
334 1028 49 22 med
406 1028 101 28 gällande
524 1029 44 27 lag,
584 1028 68 23 infört
666 1029 136 28 bestämning
817 1029 78 27 derom,
911 1030 34 21 att
958 1028 50 23 ifall

247 1063 91 22 hustrun
361 1062 38 22 dör
422 1062 46 23 före
486 1069 99 22 mannen,
601 1064 81 21 hennes
697 1063 113 28 arfvingar
825 1070 41 21 ega
880 1063 128 22 klanderta-

247 1103 43 21 jan,
305 1097 57 22 inom
376 1098 50 21 natt
441 1098 39 21 och
495 1098 25 21 är
535 1097 56 23 efter
605 1098 81 22 hennes
701 1099 49 26 död,
765 1100 53 20 utan
829 1098 101 23 afseende
938 1098 69 27 derpä

249 1133 33 20 att
296 1131 76 22 hustru
387 1131 101 28 möjligen
504 1131 100 23 försuttit
618 1132 34 22 sin
667 1134 45 20 rätt
726 1133 34 22 till
775 1133 69 21 sädan
858 1133 68 21 talan.

312 1166 12 21 I
344 1165 222 24 öfverensstämmelse
584 1166 49 23 med
655 1167 58 22 hvad
722 1167 65 23 ofvan
810 1166 89 28 anförts,
919 1167 41 22 har
974 1168 33 20 ut.

245 1201 83 21 skottet
345 1201 145 27 omredigerat
515 1201 63 22 dessa
600 1203 28 25 $$
646 1201 8 22 i
668 1200 58 29 syfte
741 1203 33 20 att
788 1201 76 22 hustru
879 1201 35 22 mä
929 1201 77 22 endast

246 1241 76 21 genom
345 1234 75 23 förord
442 1234 132 23 förbehällas
596 1235 136 28 rättigheten
753 1237 35 20 att
804 1235 95 23 förvalta
914 1235 40 22 sitt
967 1241 38 16 en-

246 1269 72 21 skilda
332 1269 47 22 lösa
394 1270 39 20 och
447 1269 59 22 fasta
521 1271 60 25 gods.

314 1302 38 28 I85
396 1302 40 21 har
452 1309 26 15 en
492 1302 100 28 spräklig
607 1303 93 28 ändring
715 1303 106 27 vidtagits
835 1303 9 22 i
859 1303 41 22 den
910 1303 95 22 svenska

246 1336 118 28 lagtexten.

314 1370 74 24 Hafva
403 1371 143 23 oförändrade
562 1371 114 29 godkänts.
