1106 1748
302 107 85 29 U/B.
404 122 24 2 —
445 108 98 29 Prop
559 108 53 24 N:o
627 110 48 21 16.

384 480 140 28 Lagutskottets
540 481 69 28 förslag
619 482 30 21 till
660 482 173 28 sammanjemkning
844 482 21 21 af

316 516 21 20 de
352 515 57 22 delvis
423 515 110 29 skiljaktiga
547 516 60 22 beslut
621 517 7 20 i
642 516 64 22 hvilka
721 516 76 22 stånden
813 518 49 20 stan-

316 551 33 20 nat
364 550 29 21 vid
408 550 134 30 behandlingen
557 550 21 22 af
591 550 101 22 utskottets
707 551 114 22 betänkande
829 550 32 22 N:o

316 584 11 21 5
343 584 6 21 i
364 584 99 28 anledning
484 584 22 22 af
522 584 66 28 nådiga
604 586 145 27 propositionen,
769 585 92 27 angående

315 619 71 21 lärares
410 618 33 22 och
465 618 114 23 lärarinnors
594 620 30 21 vid
647 620 214 25 elementarläroverken,

316 653 107 22 läroverken
439 653 30 22 för
483 654 151 28 qvinnobildning
645 656 47 19 samt
699 654 163 22 folkskolelärare-

316 687 33 22 och
364 687 224 24 lärarinneseminarierna
605 688 69 29 afgäng
693 695 22 16 ur
732 689 80 28 tjensten
832 688 30 22 vid

316 723 38 21 viss
370 721 55 24 älder.

181 791 83 29 Enligt
288 791 63 22 hvad
375 791 28 22 de
425 792 114 21 utskottet
561 791 201 22 tillhandakomna
786 794 77 27 proto-

112 825 147 29 kollsutdrag
273 826 9 21 i
297 825 95 22 ärendet
406 826 83 27 utvisa,
505 826 70 22 hafva
590 826 98 22 stånden
702 827 8 20 i
726 826 108 22 afseende
850 826 13 21 &

114 860 39 22 det
174 861 9 21 i
205 860 173 29 propositionen
401 860 114 29 ingående
537 860 112 29 förslaget
667 860 37 22 till
719 860 142 29 förordning,

112 894 122 29 angående
244 894 86 22 lärares
342 894 42 22 och
394 894 139 22 lärarinnors
543 894 41 22 vid
593 894 268 28 elementarläroverken,

111 928 136 23 läroverken
269 928 36 22 för
327 928 194 30 qvinnobildning
543 931 60 19 samt
625 928 172 23 folkskoleläre-
819 928 43 23 och

111 964 281 22 lärarinneseminarierna
413 963 87 29 afgång
517 971 28 14 ur
559 963 101 29 tjensten
675 963 40 22 vid
729 964 47 21 viss
793 964 68 26 ålder,

111 1000 95 20 stannat
220 997 39 22 vid
275 998 102 28 följande
393 998 84 22 beslut:

180 1032 149 22 Beträffande
358 1033 59 21 först
442 1034 110 27 ingressen
573 1032 43 22 har
638 1032 159 28 Ridderskapet
819 1032 43 22 och

112 1068 70 21 Adeln
206 1069 60 19 samt
287 1068 161 21 Presteståndet
463 1067 178 21 &terremitterat
655 1066 158 22 betänkandet
827 1066 37 22 till

112 1101 116 21 utskottet
242 1100 36 22 för
293 1102 35 20 att
343 1103 65 26 tagas
423 1102 8 20 i
447 1100 109 29 förnyadt
571 1100 170 29 öfvervägande
756 1100 53 22 med
824 1108 39 14 an-

112 1134 96 30 ledning
224 1134 27 22 af
262 1134 122 22 framstäld
399 1134 153 29 anmärkning
567 1134 76 22 derom
661 1136 34 20 att
709 1134 92 29 Nådiga
817 1134 46 22 för-

114 1168 86 23 säkran
220 1169 38 21 till
279 1169 178 26 Presteståndet,
473 1169 80 29 gifven
569 1168 45 22 den
629 1170 13 20 2
657 1169 60 21 Mars
734 1170 54 21 1789
804 1171 59 19 samt

114 1203 164 23 stadfästelsen
294 1203 45 22 den
354 1205 12 21 3
381 1204 67 28 April
463 1210 87 15 samma
561 1204 26 21 år
597 1203 13 21 ä
620 1203 139 29 Förenings-
769 1202 44 23 och
823 1202 40 22 Sä-

112 1237 165 23 kerhetsakten
284 1238 87 29 jemväl
382 1238 69 22 borde
461 1238 35 22 uti
506 1238 119 28 ingressen
639 1240 142 24 omnämnas;
797 1236 66 23 hvar-

114 1274 63 20 emot
194 1272 109 28 Borgare-
318 1272 43 22 och
376 1272 162 22 Bondeståndet
552 1271 105 29 godkänt
671 1272 118 28 ingressen
804 1270 59 23 oför-

115 1306 95 22 ändrad.

182 1340 38 22 Då
240 1340 114 22 utskottet
376 1348 66 14 anser
460 1342 35 20 att
509 1347 84 21 genom
607 1339 178 29 förordningens
800 1341 65 19 anta-

114 1373 77 29 gande
213 1381 29 14 en
264 1374 112 21 afvikelse
398 1374 91 21 komme
511 1376 34 18 att
567 1373 40 21 ske
629 1373 69 20 äfven
720 1373 61 20 ifrån
797 1373 28 20 de
840 1373 26 20 af

114 1407 171 28 Ridderskapet
307 1407 43 22 och
371 1407 76 22 Adeln
469 1409 60 19 samt
550 1406 175 22 Presteståndet
745 1406 120 29 påpekade

115 1441 137 30 grundlags-
274 1441 43 22 och
334 1439 270 32 privilegiistadganden,
619 1441 75 21 såsom
709 1439 156 23 innebärande

184 1481 139 25 Lagutskottets
332 1481 76 23 förslag
420 1481 29 18 till
461 1472 183 32 sammanjemkning.
