1106 1745
288 122 13 21 2
508 122 18 23 U.
543 121 20 23 B.
580 134 26 3 —
622 122 56 27 Prop.
694 123 34 22 N:o
746 121 60 24 18.

792 187 2 2 N
913 184 48 27 ye

722 217 118 26 Transport
869 217 97 26 190,820:
983 218 26 20 79

260 249 259 30 Tryckningskostnader.
549 265 5 5 .
584 265 6 5 .
620 256 5 15 :
798 266 5 5 <
834 267 5 5 .
883 251 84 26 —58,082:
983 251 27 22 63

260 285 122 34 Kostnader
402 284 34 22 för
455 285 96 26 häftning
566 285 22 21 af
601 265 240 47 landidagshandlingar
897 286 70 26 2,492:
983 285 26 21 36

260 316 286 30 Öfversättningskostnader
585 335 5 5 —.
620 336 4 5 .
834 335 5 6 ä
897 321 69 26 8,429:
982 320 28 21 33

260 354 122 22 Kostnader
396 353 34 21 för
440 353 196 27 korrekturläsning
647 336 40 39 och
692 331 148 55 Tenskrifning
897 355 70 26 4,364:
983 354 26 22 65

260 389 80 26 Anslag
355 388 33 21 till
404 387 159 28 Stenografiska
573 388 124 27 föreningen
726 403 5 5 .
762 405 5 5 .
798 404 4 4 .
833 404 5 5 .
897 389 70 26 5,000:
983 401 26 3 —

260 423 95 24 Diverse,
371 422 69 21 säsom
456 427 112 20 annonser,
583 421 189 55 Hn
786 428 55 20 upp-

328 455 82 28 lysning
427 461 27 15 m.
470 461 48 16 m...
548 471 5 5 .
584 471 4 6 .
620 470 4 5 +
655 471 5 6 os
726 471 112 6 e...
884 456 83 27 12,605:
983 456 27 22 30

691 500 85 22 Summa
791 501 48 27 rc
869 502 97 25 281,795:
982 503 27 20 06

329 563 62 22 Hvad
410 563 145 22 kostnaderna
570 563 34 22 för
618 563 129 27 landtdagen
762 563 25 22 är
803 564 52 21 1891
872 563 137 27 vidkommer,

260 600 40 21 har
314 598 112 23 Utskottet
441 597 104 22 beräknat
560 598 25 21 de
600 597 70 22 skilda
684 598 175 27 utgiftsposterna
874 599 33 21 till
921 599 90 27 ungefär

262 633 110 23 enahanda
386 633 77 26 belopp
479 639 44 15 som
539 632 35 21 vid
590 632 54 22 1885
660 632 34 21 års
705 633 109 27 landtdax.
842 633 79 22 Posten
933 650 10 9 ,
945 633 65 28 hyror

260 669 34 22 för
315 667 100 23 ständens
435 667 39 21 och
489 667 121 22 utskottens
624 666 96 22 lokaler"
736 667 39 21 har
789 667 111 22 Utskottet
915 668 95 21 emeller-

259 703 32 22 tid
313 703 72 22 ansett
406 702 32 27 sig
452 701 72 22 kunna
539 701 45 21 helt
599 701 39 22 och
654 701 65 22 hället
729 702 114 22 utelemna.
869 701 141 23 Ständerhus-

262 737 147 28 delegationen
430 737 40 20 har
491 736 122 29 visserligen
634 735 47 22 icke
704 738 55 19 ännu
773 736 113 21 inkommit
900 737 33 21 till
949 735 61 23 Stän-

261 773 65 22 derna
348 771 48 22 med
417 771 116 21 berättelse
554 770 109 27 angående
683 771 47 21 dess
745 771 127 26 tillgörande
887 771 34 21 för
935 771 74 27 uppfö-

260 807 66 21 rande
350 805 22 22 af
394 805 40 22 den
456 804 97 32 byggnad
575 804 33 21 för
631 805 26 20 de
672 805 33 20 tre
720 805 78 21 ofrälse
814 805 95 26 stånden,
925 803 86 24 hvilken

258 841 85 28 jemlikt
365 839 129 22 Ständernas
517 839 23 25 af
560 839 59 22 Hans
640 839 120 27 Kejserliga
782 839 101 27 Majestät
897 840 114 26 godkända

260 875 71 22 beslut
345 875 96 21 kommer
454 875 34 20 att
502 874 108 26 uppföras,
625 873 39 21 och
679 873 39 21 full
732 873 100 22 säkerhet
846 873 67 23 finnes
928 874 82 27 således

260 912 57 20 ännu
338 909 47 30 icke
408 909 32 20 att
461 907 160 27 ifrägavarande
640 907 98 28 byggnad
753 907 54 22 skall
822 914 51 15 vara
888 908 122 22 fullbordad

260 944 33 22 till
300 943 163 22 nästinfallande
471 942 108 27 landtdag.
603 942 49 21 Men
660 941 34 27 dä,
703 942 65 27 enligt
778 942 57 21 hvad
845 940 165 24 Statsutskottet

261 979 111 25 inhemtat,
395 977 43 21 alla
458 976 76 22 hinder
548 976 33 22 för
595 976 225 28 byggnadsföretagets
839 975 171 31 förverkligande

260 1013 61 23 skola
335 1019 52 15 vara
401 1011 133 26 undanröjda
549 1011 39 21 och
608 1011 36 21 det
658 1010 82 22 således
755 1011 43 21 kan
812 1017 63 15 anses
889 1011 7 21 i
905 1011 42 27 hög
957 1008 55 31 grad

260 1047 108 23 sannolikt
390 1047 32 20 att
440 1046 92 21 berörda
546 1045 98 27 byggnad
659 1044 55 22 skall
728 1045 58 21 inom
800 1046 109 20 närmaste
922 1042 87 25 framtid

260 1083 86 21 komma
365 1080 34 22 till
420 1080 72 26 ständ,
513 1079 41 21 har
568 1079 112 21 Utskottet
697 1080 71 20 ansett
782 1078 32 27 sig
828 1079 73 21 kunna
915 1080 94 21 utesluta

260 1104 66 43 sagda
349 1114 124 27 utgiftspost
493 1110 48 24 från
563 1113 31 21 sin
612 1112 117 27 beräkning
744 1112 59 22 öfver
817 1112 144 23 kostnaderna
976 1114 33 21 för

262 1150 54 22 1891
332 1149 35 23 års
382 1148 106 26 landtdag.
509 1147 78 21 Likaså
602 1147 39 21 har
655 1145 111 23 Utskottet
777 1146 93 22 derifrän
881 1148 129 21 bortlemnat

261 1184 95 26 anslaget
367 1183 33 21 till
409 1176 158 32 Stenografiska
589 1181 129 27 föreningen,
741 1181 85 21 hvilken
841 1181 64 28 utgift
920 1182 89 34 Utskot-

261 1220 31 20 tet
310 1218 70 21 ansett
395 1216 73 26 hvarje
482 1215 103 27 landtdag
596 1215 100 21 särskildt
706 1215 54 21 böra
770 1214 81 28 pröfva.

328 1285 97 21 Berörda
442 1284 117 28 kostnader
574 1284 83 20 komme
673 1283 90 21 sålunda
778 1284 32 19 att
827 1284 92 24 gestalta
934 1284 32 26 sig
980 1284 28 26 pä

269 1319 93 26 följande
372 1319 52 20 sätt:

261 1393 93 22 Ständen
370 1393 54 20 samt
440 1391 61 21 deras
515 1391 168 26 kanslipersona]
698 1390 39 21 och
752 1390 108 27 betjening
878 1406 2 5 .
925 1391 82 24 =90,000.

261 1428 115 21 Utskotten
391 1428 55 19 samt
461 1426 62 21 deras
538 1425 131 22 sekreterare
684 1425 40 21 och
738 1425 108 27 betjening
875 1440 4 5 .
925 1425 83 25 80,000.

764 1471 116 28 Transport
917 1472 91 27 —170,000

329 1513 146 18 Statsutskottets
487 1511 113 19 betänkande
612 1512 38 17 N:o
663 1512 15 16 7.
789 1521 2 2 :
