1103 1742
282 148 12 18 2
590 147 35 21 N:o
641 146 30 22 12.

253 214 100 21 månader
367 214 34 21 till
416 214 39 21 och
470 214 48 21 med
531 214 36 21 två
582 214 29 27 år,
628 215 51 20 eller
693 214 89 22 tukthus
797 214 47 21 från
859 214 38 22 och
908 214 49 21 med
967 216 34 19 tre

253 248 100 22 månader
368 248 34 22 till
417 249 38 21 och
470 249 47 21 med
532 251 32 19 tre
580 250 29 20 år.

326 283 106 22 Stannade
450 284 113 27 gerningen
577 284 36 21 vid
629 284 77 26 försök,
724 284 51 21 eller
790 290 38 14 var
844 284 122 21 densamma
981 284 23 21 af

253 317 65 22 sådan
333 317 145 22 beskaffenhet
493 319 31 20 att
539 317 74 22 hinder
623 318 191 27 itelegraferingen
825 318 120 27 derigenom
956 318 45 22 icke

252 352 155 27 förorsakades,
430 353 83 21 straffes
534 353 189 28 gerningsmannen
745 353 48 21 med
815 353 61 22 böter
898 353 47 21 från
964 353 39 22 och

252 388 49 21 med
315 388 60 27 tjugu
390 387 32 22 till
438 388 38 21 och
491 387 49 22 med
554 387 118 22 tvåhundra
686 388 78 21 mark."

323 423 12 22 I
358 424 12 21 5
392 423 11 28 $
428 423 22 21 af
473 423 147 28 förordningen
644 423 48 28 ingå
714 423 46 22 åter
782 423 221 22 straffbestämmelser

252 458 33 21 för
306 458 25 21 de
354 457 44 28 fall,
420 457 27 22 då
466 457 66 22 skada
547 458 12 21 å
573 457 91 28 telegraf
685 458 51 21 eller
751 457 74 22 hinder
840 459 7 20 i
863 458 46 21 dess
924 457 77 28 begag-

252 493 69 20 nande
341 492 76 22 vållats
439 499 76 21 genom
531 492 152 28 oförsigtighet,
699 493 133 21 vårdslöshet
846 493 51 20 eller
912 492 89 21 försum-

252 528 71 21 melse.

322 561 98 22 Nämnda
435 561 122 28 förordning
572 561 57 22 afser
642 562 7 21 i
664 561 89 22 främsta
768 563 91 20 rummet
875 563 79 20 statens
969 561 32 22 in-

252 597 117 26 rättningar
384 597 23 21 af
420 596 140 22 omförmälda
575 597 149 26 beskaffenhet,
741 603 48 15 men
803 596 116 21 innehåller
934 597 7 20 i
953 597 9 27 $
975 599 25 18 10

253 631 39 21 den
306 632 139 26 bestämning,
461 633 33 20 att
508 631 56 22 hvad
579 637 34 16 om
629 632 106 21 allmänna
748 631 114 28 jernvägs-,
879 631 73 21 kanal-
963 631 39 21 och

251 665 230 28 telegrafinrättningar
495 667 8 20 i
518 665 148 28 förordningen
689 668 23 19 är
734 666 99 27 stadgadt
852 666 47 27 kan,
916 665 27 22 då
958 667 43 20 sär-

250 701 65 21 skildt
330 700 141 22 förordnande
487 701 71 21 derom
574 701 123 26 meddelats,
714 701 61 21 äfven
789 701 107 26 tillämpas
907 701 12 20 å
930 700 71 27 dylika

249 735 146 28 inrättningar,
418 735 109 28 tillhöriga
550 736 95 21 enskilda
667 741 106 22 personer,
797 736 130 26 menigheter
950 735 51 21 eller

249 770 70 27 bolag,
335 770 23 21 så
373 771 60 26 länge
449 769 26 22 de
490 770 23 21 af
528 770 46 21 dem
589 771 116 26 behörigen
720 770 142 21 underhållas.
892 770 41 21 Till
948 769 54 27 följd

251 805 22 20 af
287 804 59 22 detta
361 804 116 27 stadgande
491 805 40 21 har
546 805 139 22 förordnande
700 805 61 21 äfven
776 805 107 22 utfärdats
895 804 107 28 angående

250 839 159 28 förordningens
431 839 132 28 tillämpning
578 839 12 22 å
605 839 295 28 brandtelegrafinrättningar
914 841 8 20 i
936 839 65 28 några

249 873 77 22 städer.
356 874 100 21 Deremot
479 874 67 27 gifver
569 874 65 28 sagda
649 874 116 26 stadgande
780 874 46 21 icke
841 874 112 27 anledning
969 876 32 20 att

249 908 108 22 utsträcka
372 908 160 28 förordningens
546 909 135 27 tillämpning
696 908 12 20 å
724 908 195 28 telefonledningar.

320 943 33 21 Då
375 943 119 21 emellertid
516 942 60 23 äfven
598 943 221 27 telefoninrättningar
838 943 66 21 borde
919 944 83 27 tagas
990 938 15 38 i

248 978 108 21 verksamt
379 978 66 26 skydd
464 980 57 19 emot
536 978 154 28 skadegörelse,
706 980 55 20 samt
776 978 140 22 omförmälda
931 979 69 21 strafi-

248 1013 160 21 bestämmelser
429 1019 61 21 synas
513 1019 39 21 ega
571 1013 150 27 tillämplighet
736 1013 61 21 äfven
812 1014 7 20 i
836 1013 59 28 fråga
910 1020 35 15 om
960 1013 41 22 fre-

249 1047 68 22 dande
339 1048 23 21 af
383 1048 71 26 dylika
476 1048 145 28 inrättningar,
642 1048 38 21 har
695 1049 58 20 Hans
768 1048 118 28 Kejserliga
901 1048 100 27 Majestät

249 1083 56 21 velat
332 1083 33 21 till
393 1083 126 21 Ständernas
545 1083 117 27 antagande
687 1084 7 20 i
718 1083 66 21 nåder
808 1083 129 21 öfverlemna
962 1084 39 20 föl-

247 1116 74 28 jande:

524 1216 126 34 Förslag
669 1217 33 26 till
716 1218 149 32 kungörelse,
878 1216 122 34 angående

454 1262 270 34 fridlysningsstadgans
746 1263 25 27 af
790 1265 43 25 den
852 1264 33 26 24
905 1264 95 27 Novem-

454 1307 43 26 ber
527 1308 61 26 1864
616 1308 141 32 tillämpning
785 1308 15 27 å
827 1309 172 27 telefoninrätt-

454 1353 89 34 ningar.

317 1428 129 28 Härigenom
468 1429 78 21 varder
567 1429 105 28 stadgadt,
696 1432 30 19 att
749 1430 148 29 förordningen
916 1432 40 21 den
972 1434 25 20 24

246 1463 119 22 November
389 1465 59 26 1864,
468 1463 143 23 innefattande
633 1464 211 30 fridlysningsstadga
866 1466 33 23 för
913 1467 82 23 landets
