1106 1742
437 135 40 22 N:o
495 137 31 19 17.
818 136 11 20 3

106 205 40 20 ock
167 204 98 22 anskaffa
281 206 31 19 ett
327 204 78 21 ombud
421 204 28 27 på
464 204 186 27 ingifningsorten,
668 204 78 21 medan
763 204 96 20 deremot

106 238 146 21 inlemnandet
275 238 23 21 af
319 238 153 27 ansökningen,
497 244 32 15 om
552 238 120 21 detsamma
686 238 56 26 finge
757 244 39 20 ega
812 243 47 15 rum

105 273 35 20 vid
163 272 199 27 uppbådstillfället,
387 273 37 20 der
447 273 41 20 den
507 272 153 27 värnepligtige
681 272 60 21 äfven
757 272 61 26 eljest
835 273 24 19 är

106 306 83 27 skyldig
213 308 32 19 att
265 306 137 27 personligen
418 306 53 21 eller
486 313 75 19 genom
578 306 78 21 ombud
672 308 98 24 närvara,
787 305 71 21 kunde

105 340 37 22 ske
166 343 52 19 utan
242 340 71 27 någon
339 340 94 22 särskild
456 341 93 21 kostnad
572 341 52 21 eller
648 340 114 27 olägenhet
777 340 32 20 för
825 341 32 19 sö-

105 375 90 21 kanden.

175 410 11 20 I
209 410 144 20 betraktande
375 409 64 21 häraf
457 410 39 20 och
512 410 27 21 då
555 409 161 22 bibehållandet
732 408 24 22 af
769 415 29 15 nu
812 409 45 26 gäl-

104 444 64 22 lande
192 444 105 28 fataljetid
319 444 34 21 för
375 444 147 22 inlemnandet
542 444 23 22 af
578 444 119 27 ansökning
713 450 33 15 om
764 443 95 27 eftergift

105 478 7 21 i
134 479 159 27 värnepligtens
317 479 134 27 fullgörande
475 479 46 21 icke
545 480 24 20 är
588 485 26 14 ur
633 479 136 26 synpunkten
785 478 23 20 af
822 478 36 20 det

105 513 118 21 allmännas
246 514 89 20 intresse
356 513 138 27 nödvändigt,
510 514 40 20 har
564 514 60 20 Hans
640 513 100 27 Majestät
755 512 58 22 velat
827 512 30 21 fö-

106 548 58 21 reslå
185 548 117 21 förändrad
326 548 81 26 lydelse
430 548 23 20 af
474 549 26 20 58
524 548 11 28 &
558 548 7 21 i
580 548 202 26 värnepligtslagen,
799 547 6 21 i
822 546 35 22 det

104 583 61 26 syfte,
188 584 31 19 att
242 582 119 27 ansökning
383 582 23 21 af
427 582 165 26 ifrågavarande
613 582 147 21 beskaffenhet
776 582 34 20 må
826 581 31 21 in-

105 616 82 22 lemnas
203 619 74 19 senast
293 617 12 20 å
321 616 68 22 första
405 617 174 26 uppbådsdagen.

176 650 36 22 Uti
228 651 11 27 $
255 652 24 20 81
298 650 22 21 af
334 651 195 27 värnepligtslagen
546 653 22 19 är
579 650 107 27 stadgadt,
698 653 32 18 att
741 651 31 25 de,
784 650 73 21 hvilka

104 685 102 21 inkallats
228 686 8 20 i
259 684 58 22 aktiv
340 686 66 26 tjenst
425 686 8 20 i
449 685 71 21 stället
535 685 33 21 för
584 685 25 21 de
626 685 6 21 i
647 684 129 27 föregående
791 684 23 28 $$
831 685 25 19 79

106 720 39 21 och
164 721 27 20 80
210 720 126 21 omnämnde
353 725 108 21 personer,
478 722 36 19 äro
532 720 136 26 berättigade
683 721 33 19 att
730 719 66 21 blifva
812 720 45 19 ent-

104 755 99 25 ledigade
228 754 133 22 omedelbart
385 754 54 22 efter
458 754 35 21 det
509 755 26 20 de
551 754 72 22 dertill
638 754 130 27 förpligtade
784 753 73 27 sjelfve

104 789 82 21 inträdt
209 789 7 20 i
237 790 72 25 tjenst,
325 791 56 19 samt
397 790 32 20 att
445 788 25 22 de
487 789 91 21 sålunda
594 789 133 26 entledigade
743 787 114 22 inskrifvas

104 824 36 20 vid
156 830 107 15 reserven.

177 858 48 21 Men
241 858 106 21 huruvida
363 858 40 21 och
412 858 8 21 i
430 858 56 21 hvad
496 858 50 21 mån
557 858 47 27 den,
616 864 44 15 som
671 856 28 28 på
710 856 67 22 sådan
788 856 69 27 grund

104 893 119 21 inskrifvits
238 893 36 20 vid
290 899 104 18 reserven,
410 893 54 20 skall
481 893 85 26 deltaga
581 893 7 20 i
603 892 211 26 reservmanskapets
827 891 30 21 öf-

105 927 142 26 ningsmöten,
268 927 67 20 finnes
351 926 18 27 ej
385 927 7 20 i
407 927 194 26 värnepligtslagen
619 927 115 24 bestämdt;
752 927 38 20 och
808 931 49 15 ena-

104 961 72 21 handa
193 963 24 19 är
232 961 147 21 förhållandet
393 961 49 21 med
458 961 25 21 de
494 961 161 27 värnepligtige,
667 967 45 14 som
724 960 54 21 efter
788 961 69 25 någon

104 996 44 21 tids
164 995 143 28 tjenstgöring
323 996 36 21 vid
374 996 59 21 aktiv
443 999 70 24 trupp,
524 997 28 26 på
562 996 70 26 grund
644 995 22 21 af
676 995 119 21 emellertid
804 1000 53 21 upp-

104 1030 78 22 komna
198 1030 239 27 familjeförhällanden,
451 1031 85 26 jemlikt
552 1030 141 27 anmärkning
708 1031 12 19 3
736 1029 34 21 till
785 1029 11 27 $
813 1029 43 21 26
844 1025 15 37 i

104 1065 200 27 värnepligtslagen,
321 1065 79 21 befrias
416 1065 48 21 från
481 1065 57 21 aktiv
553 1064 151 27 tjenstgöring.

176 1099 76 21 Denna
267 1099 64 21 lucka
346 1099 7 21 i
368 1099 170 27 lagstiftningen,
549 1099 88 22 hvilken
647 1099 36 20 vid
692 1098 165 27 tillämpningen

104 1133 24 21 af
148 1134 196 25 värnepligtslagen
366 1133 62 21 äfven
451 1133 61 27 gifvit
531 1133 115 27 anledning
661 1133 33 21 till
710 1133 89 26 stridiga
815 1139 42 14 me-

104 1168 77 26 ningar
203 1168 40 21 och
264 1167 148 28 skiljaktighet
426 1168 8 20 i
449 1167 139 28 förfarandet,
605 1168 39 21 bör
654 1167 73 21 derför
742 1167 113 26 afhjelpas.

105 1202 91 21 Enklast
212 1202 39 21 och
267 1204 52 19 utan
335 1203 32 20 att
383 1208 52 15 vara
449 1203 48 20 med
512 1202 72 27 någon
599 1201 111 27 obillighet
725 1201 33 22 för
773 1201 26 21 de
810 1203 46 19 vär-

104 1235 117 28 nepligtige
237 1236 98 21 förenadt
351 1236 70 21 kunde
439 1236 34 21 väl
489 1237 58 20 detta
563 1236 37 21 ske
616 1236 72 21 derest
704 1235 32 22 för
752 1235 104 27 ifrågava-

104 1271 67 20 rande
194 1270 38 21 fall
249 1270 40 21 den
306 1271 58 26 regel
379 1270 132 28 faststäldes,
528 1273 31 18 att
574 1270 150 27 värnepligtig,
741 1276 46 15 som
804 1270 53 21 stått

104 1306 7 20 i
126 1305 59 21 aktiv
200 1305 67 27 tjenst
283 1305 68 21 under
367 1305 40 21 den
423 1306 33 20 för
472 1311 110 16 reservens
598 1305 97 26 öfningar
712 1305 103 26 stadgade
826 1304 32 21 tid

104 1339 23 22 af
149 1339 62 22 nittio
233 1340 66 27 dagar
316 1339 52 22 eller
385 1340 129 27 derutöfver,
531 1341 23 20 är
569 1339 27 22 fri
612 1339 48 22 från
675 1339 73 21 vidare
764 1339 93 26 öfnings-

104 1373 129 26 skyldighet,
257 1379 49 15 men
329 1376 33 18 att
384 1374 43 20 han
451 1374 7 19 i
481 1376 89 18 motsatt
589 1374 38 19 fall
643 1374 55 19 skall
713 1373 93 26 fullgöra
823 1374 35 19 det

104 1407 111 22 bristande
238 1407 102 26 antingen
363 1413 77 21 genom
460 1407 88 22 fortsatt
569 1408 141 26 tjenstgöring
726 1407 35 21 vid
777 1413 82 15 samma

104 1442 72 21 aktiva
199 1443 64 25 trupp
287 1442 52 21 eller
362 1448 75 20 genom
461 1442 127 27 deltagande
612 1442 7 20 i
636 1441 223 27 reservöfningsmöte.
