1103 1723
271 137 27 21 26
493 136 19 24 U.
528 136 19 23 B.
564 148 25 4 —
607 136 53 28 Prop.
676 136 32 22 N:o
724 135 19 23 I.

243 198 71 29 dygn.
345 198 54 22 Men
421 198 9 21 i
452 198 43 21 och
517 198 53 21 med
587 198 126 21 detsamma
728 200 25 19 är
768 197 125 29 begreppet
907 202 88 15 reserv-

244 233 87 21 station
353 234 85 19 nästan
460 232 70 22 totalt
551 232 134 29 upphäfvet.
715 232 35 28 Ty
774 235 62 18 ännu
850 231 42 21 har
907 230 40 21 det
961 230 34 21 in-

244 267 122 29 genstädes
382 266 174 28 ifrägakommit
571 268 34 20 att
623 266 92 28 placera
734 274 28 13 en
773 264 165 23 reservstation
948 264 46 27 der,

244 301 94 22 hvarest
354 302 40 20 365
413 300 100 28 skjutsar
535 300 56 22 eller
613 300 55 22 flera
690 308 37 14 om
746 300 50 22 äret
810 299 133 26 verkstälts;
966 299 30 28 pä

245 335 86 22 sädana
354 334 84 22 ställen
459 334 43 22 har
524 342 53 14 man
599 334 88 29 förlagt
702 337 34 19 ett
750 334 143 29 gästgifveri.
923 332 72 28 Dock,

246 369 70 23 äfven
331 376 37 15 om
383 376 29 14 en
427 368 74 30 skjuts
516 368 37 23 för
568 369 88 29 dygnet
670 368 138 27 bestämdes,
823 368 114 29 uppstode
950 367 46 22 olä-

246 404 122 29 genheten,
385 405 34 19 att
442 411 28 13 en
493 403 96 22 resande
611 403 55 21 eller
683 406 89 26 posten,
788 403 91 21 säsnart
893 402 104 28 skjutsen

245 446 55 14 vore
323 438 127 28 utgängen,
472 438 78 22 kunde
572 438 25 21 fä
619 440 71 19 vänta
712 437 60 22 ända
788 437 37 21 till
840 438 33 20 ett
888 436 64 29 dygn
967 436 31 28 pä

246 472 81 29 skjuts,
346 472 97 22 emedan
461 474 65 20 extra
543 472 74 29 skjuts
632 472 50 22 icke
698 471 106 23 bestodes
819 470 40 22 vid
874 472 123 20 reservsta-

246 507 112 21 tionerna.
388 506 138 22 Fastställas
542 507 49 21 äter
605 506 55 22 flera
676 506 100 29 skjutsar
790 505 37 21 för
842 505 70 29 dygn,
923 504 75 22 skulle

246 541 151 29 naturligtvis
422 544 214 26 entreprenörernes
662 540 99 29 anspräk
793 540 31 28 pä
851 539 147 30 godtgörelse

247 576 37 22 för
309 576 194 29 entreprenadens
528 576 115 28 ätagande
664 575 72 28 höjas,
760 574 30 22 dä
809 574 27 29 ju
858 574 141 29 skjutsarnes

248 610 63 22 antal
321 623 28 3 —
360 610 72 22 ehuru
447 610 87 22 kanske
549 610 60 22 blott
625 612 26 19 52
666 617 37 14 om
719 610 49 20 året
783 616 55 15 vore
849 608 150 28 erforderliga

249 658 23 3 —
290 646 73 20 måste
386 647 88 26 stegras
496 644 37 22 till
555 646 48 26 730,
627 646 61 26 1,095
711 652 19 14 o.
752 651 16 15 s.
788 651 22 14 v.
830 651 36 15 om
886 644 56 26 året,
963 642 36 22 till

246 679 190 22 förekommande
451 679 26 21 af
489 679 157 28 nyssnämnda
660 678 132 22 fataliteter.

314 708 79 28 Äfven
415 713 143 21 beträffande
581 714 63 22 detta
659 720 67 15 mom.
742 720 36 14 ser
791 713 41 29 jag
847 712 48 28 mig
910 711 89 22 säledes

248 748 120 22 nödsakad
384 750 34 19 att
433 747 118 22 vördsamt
566 748 91 27 föreslä,

414 806 33 20 det
462 812 61 14 mom.
536 806 29 28 f)
582 806 69 27 blefve
666 805 31 27 af
708 805 125 21 Ständerna
848 804 103 28 ogilladt;

533 863 11 26 8
562 863 26 21 10
603 869 67 14 mom.
688 862 28 27 2).

318 918 43 21 Om
384 917 101 29 afsigten
507 922 31 23 är,
561 921 35 18 att
615 920 64 19 extra
696 918 105 29 skjutsen
816 917 82 22 endast
912 917 88 22 undan-

249 953 89 28 tagsvis
360 952 42 21 bör
424 952 175 29 ifrägakomma,
623 959 67 22 synes
709 952 145 29 stadgandet,
876 953 34 20 att
930 951 72 29 sagda

250 987 74 28 skjuts
346 986 60 21 skall
424 987 30 28 pä
469 986 154 29 entreprenad
637 985 115 30 utbjudas,
767 985 71 22 hafva
852 986 68 28 ringa
934 986 67 29 prak-

250 1021 47 21 tisk
311 1020 126 29 betydelse,
453 1020 30 21 dä
498 1021 39 21 det
552 1024 25 17 är
591 1020 55 29 föga
657 1021 81 28 troligt
748 1023 35 19 att
792 1021 78 28 nägon
880 1019 42 22 vill
933 1020 68 28 ätaga

250 1055 36 29 sig
302 1057 90 19 ensamt
406 1054 76 22 denna
497 1055 134 28 obetydliga
641 1054 284 29 skjutsningsskyldighet.
948 1055 55 21 Men

251 1088 91 22 oafsedt
363 1088 65 22 detta
449 1089 42 21 har
513 1090 64 20 extra
595 1088 115 29 skjutsens
725 1088 143 29 utbjudande
883 1089 31 28 pä
929 1090 74 19 entre-

250 1122 88 30 prenad
353 1122 69 22 ocksä
438 1130 28 14 en
481 1130 77 14 annan
573 1122 170 22 beaktansvärd
761 1122 55 22 sida.
840 1122 36 21 Dä
885 1122 119 28 nemligen

251 1157 145 29 skjutslaget,
419 1156 36 22 för
477 1157 45 21 den
540 1156 109 22 händelse
669 1157 153 28 spekulanten
836 1156 36 22 för
887 1156 115 29 skjutsens

252 1191 115 28 åtagande
389 1191 107 22 fordrade
518 1198 49 14 mer
589 1194 29 18 än
641 1191 84 21 honom
740 1191 8 21 i
756 1187 14 37 S
793 1192 25 20 16
840 1191 25 21 af
877 1191 126 21 utskottets

251 1224 88 29 förslag
354 1232 68 21 synes
438 1233 55 13 vara
508 1224 169 22 tillförsäkradt
692 1225 56 21 eller
763 1227 12 19 2
787 1224 65 22 mark
862 1224 36 22 för
910 1226 25 21 10
945 1224 59 22 kilo-

254 1261 78 23 meter,
355 1258 43 21 har
420 1260 45 19 den
486 1260 113 26 begväma
613 1262 103 25 utvägen
732 1261 40 25 att,
788 1258 52 21 med
855 1258 149 21 förkastande

253 1292 26 22 af
299 1292 109 28 anbudet,
431 1292 142 21 öfverlemna
595 1292 106 22 besväret
723 1293 25 20 ät
762 1292 191 29 granngärdarna
969 1292 36 20 till

253 1326 168 30 gästgifveriet,
436 1326 117 22 förefaller
568 1326 39 22 det
622 1327 75 21 såsom
712 1333 37 15 om
764 1326 115 22 utskottet
890 1326 67 22 tänkt
970 1325 36 29 sig

252 1360 152 30 möjligheten
419 1361 26 21 af
457 1364 35 19 att
502 1363 178 27 entreprenören
690 1361 70 21 ocksä
767 1361 78 29 nägon
855 1362 63 28 gäng
927 1360 78 22 kunde

253 1396 77 22 betala
355 1397 24 21 åt
400 1396 139 28 skjutslaget
557 1396 37 22 för
607 1395 142 29 rättigheten
765 1398 35 20 att
814 1396 101 22 bestrida
930 1395 76 22 denna

253 1438 47 22 nog
314 1430 59 30 högt
387 1432 84 20 ersatta
487 1430 140 30 skjutsning.
650 1430 48 22 Och
713 1438 55 14 vore
783 1431 40 21 det
838 1432 25 20 sä
878 1433 35 19 att
923 1430 83 30 skjuts-

253 1465 63 29 laget
336 1466 120 28 verkligen
476 1465 86 22 erhölle
581 1473 29 14 en
628 1465 66 29 dylik
708 1465 109 28 inkomst,
833 1466 74 22 skulle
923 1465 84 29 skjuts-

322 1506 188 18 Ekonomiutskotiets
524 1506 114 17 betänkande
651 1507 33 15 N:o
698 1506 17 16 8.
