1111 1739
410 123 53 23 N:o
482 123 48 22 13.

370 397 64 21 Hans
458 397 142 26 Kejserliga
619 396 134 27 Majestäts
773 396 72 27 nådiga

303 431 124 28 proposition
454 431 29 22 till
507 431 93 22 Finlands
624 431 92 27 Ständer,
740 431 104 28 angående

302 467 80 21 makars
398 466 296 27 förmögenhetsförhällanden.

165 535 102 21 Finlands
283 535 35 20 vid
329 536 86 20 senaste
425 534 103 27 landtdag
539 534 129 22 församlade
680 534 92 21 Ständer
783 535 63 21 hafva

96 569 39 21 hos
151 570 58 20 Hans
225 569 123 26 Keiserliga
362 568 102 27 Majestät
479 568 5 20 i
502 568 170 26 underdänighet
688 568 108 22 framstält
811 576 34 20 pe-

97 603 70 28 tition,
184 604 35 20 det
235 603 83 21 täektes
330 604 59 20 Hans
401 603 120 27 Kejserliga
536 603 99 27 Majestät
645 603 45 21 läta
701 606 95 24 uppgöra
808 604 38 21 och

96 638 111 26 förelägga
224 638 121 20 Ständerna
360 637 81 26 förslag
457 637 32 21 till
505 638 81 20 sädana
597 636 192 28 lagförändringar,
801 644 44 15 som

97 673 71 21 kunde
191 672 95 21 befinnas
304 672 81 26 egnade
401 673 39 25 att,
458 672 47 20 med
522 672 148 21 bibehällande
686 672 22 20 af
722 673 124 26 egendoms-

97 707 158 26 gemenskapen
271 707 75 21 makar
362 706 90 21 emellan
468 707 38 20 och
523 712 102 15 mannens
639 706 160 22 mälsmansrätt
815 708 32 20 för

97 741 92 21 hustrun
206 742 70 20 säsom
296 741 64 26 regel,
377 741 45 20 dels
437 741 79 20 bereda
532 743 69 19 större
617 740 65 21 frihet
698 742 26 20 än
740 742 106 21 härintills

99 778 32 19 att
146 782 75 20 genom
237 776 73 20 förord
326 776 183 20 öfverenskomma
525 782 33 14 om
570 775 58 21 såväl
644 776 153 26 eganderätten
808 777 39 27 till,

97 816 45 16 som
158 810 156 26 förvaltningen
335 810 22 20 af
373 810 58 27 gods,
451 810 80 21 hvilket
547 810 22 21 af
583 810 75 21 makar
674 810 79 21 införes
768 810 7 21 i
791 810 55 27 boet,

99 845 44 21 dels
159 847 57 19 sätta
232 845 37 27 gift
286 845 78 27 gvinna
379 845 8 20 i
402 844 86 21 tillfälle
505 846 39 26 att,
559 844 61 21 äfven
638 844 37 21 der
691 844 68 27 dylikt
774 845 73 21 förord

98 879 47 21 icke
169 880 89 24 träffats,
283 880 6 20 i
304 879 122 27 möjligaste
442 878 67 22 måtto
526 880 82 26 skydda
624 880 31 20 sin
672 880 103 25 egendom
793 882 55 19 emot

98 914 108 21 missbruk
222 914 24 20 af
259 920 103 15 mannens
377 913 167 27 mälsmanskap.

168 948 105 21 Gällande
296 948 132 26 lagstiftning
451 948 111 26 angående
578 948 86 20 makars
679 948 169 27 förmögenhets-

99 983 149 22 förhållanden
270 983 70 21 hvilar
362 984 28 25 på
413 982 132 26 grundvalen
564 982 24 21 af
604 982 244 29 egendomsgemenskap

99 1018 101 22 makarne
224 1018 90 21 emellan
339 1018 38 20 och
401 1024 103 14 mannens
527 1018 162 20 målsmansrätt
704 1018 33 20 för
752 1018 96 22 hustrun.

99 1053 50 21 Med
165 1052 110 27 undantag
292 1052 22 21 af
328 1052 46 21 ärfd
391 1052 38 20 och
445 1052 46 20 före
507 1052 142 26 äktenskapet
664 1052 95 21 förvärfd
775 1053 73 27 fastig-

100 1088 36 20 het
158 1088 28 26 på
208 1087 74 21 landet
299 1086 75 21 blifver
389 1086 38 21 allt
443 1086 55 21 hvad
514 1093 49 14 man
579 1087 39 21 och
634 1087 76 21 hustru
725 1087 36 21 vid
776 1088 74 20 äkten-

101 1122 85 26 skapets
209 1121 104 26 ingående
336 1128 39 19 ega
399 1121 38 21 och
453 1120 56 21 hvad
525 1121 26 21 de
567 1121 107 21 derunder
690 1121 81 22 erhålla
787 1122 63 22 deras

101 1162 157 21 gemensamma
274 1155 139 26 tillhörighet,
429 1156 8 20 i
452 1155 81 22 hvilket
549 1156 103 20 makarne
668 1162 40 20 ega
724 1157 62 21 andel
797 1157 53 21 eller

101 1190 24 22 så
140 1190 72 21 kallad
234 1190 105 27 giftorätt,
364 1190 32 21 till
419 1189 82 22 hälften
524 1190 112 22 hvardera.
666 1190 48 21 Men
730 1190 49 22 hela
794 1192 55 26 boet,

101 1226 103 20 hustruns
227 1225 99 21 enskilda
348 1224 55 21 fasta
425 1225 54 26 gods
502 1225 47 21 icke
567 1226 139 26 undantaget,
723 1226 46 20 står
784 1226 67 21 under

101 1265 103 15 mannens
219 1258 137 28 förvaltning,
371 1260 24 20 så
407 1261 32 19 att
449 1259 103 21 hustruns
563 1259 130 21 medverkan
707 1260 46 21 icke
765 1262 24 19 är
799 1261 52 20 nöd-

102 1295 78 25 vändig
195 1294 7 21 i
217 1294 67 20 andra
303 1293 37 21 fall
360 1295 27 19 än
402 1294 35 20 vid
453 1292 137 23 afhändande
609 1294 53 20 eller
676 1294 139 27 förpantning
831 1294 22 22 af

102 1328 80 21 hennes
197 1328 98 20 enskilda
309 1328 53 26 gods
377 1329 28 25 pä
420 1328 73 21 landet
508 1328 50 21 eller
575 1328 66 21 sädan
658 1328 102 26 fastighet
775 1329 7 20 i
796 1330 54 25 stad,

104 1368 43 14 som
170 1368 76 19 genom
269 1362 69 20 henne
354 1362 7 19 i
376 1362 50 20 boet
440 1361 85 21 införts.
555 1362 61 20 Dock
630 1362 43 20 kan
689 1362 82 26 hustru,
787 1363 64 19 hvars

103 1402 50 14 man
168 1397 24 18 är
207 1395 113 26 vansinnig
336 1395 51 21 eller
403 1395 89 26 förlupit
507 1395 69 21 henne
592 1395 52 21 eller
662 1401 79 15 annars
759 1398 25 18 är
794 1395 58 21 frän-

103 1429 101 27 varande,
219 1429 68 21 under
302 1430 57 20 vissa
374 1429 69 21 vilkör
459 1428 83 28 förfoga
560 1429 58 21 öfver
635 1430 59 20 boets
712 1430 107 26 egodelar.
