<?xml version="1.0" encoding="UTF-8"?>
<alto xmlns="http://www.loc.gov/standards/alto/ns-v3#" xmlns:xlink="http://www.w3.org/1999/xlink" xmlns:xsi="http://www.w3.org/2001/XMLSchema-instance" xsi:schemaLocation="http://www.loc.gov/standards/alto/ns-v3# http://www.loc.gov/alto/v3/alto-3-0.xsd">
	<Description>
		<MeasurementUnit>pixel</MeasurementUnit>
		<sourceImageInformation>
			<fileName>/tmp/tess_u4fytc9g_input.PNG</fileName>
		</sourceImageInformation>
		<OCRProcessing ID="OCR_0">
			<ocrProcessingStep>
				<processingSoftware>
					<softwareName>tesseract 5.3.4</softwareName>
				</processingSoftware>
			</ocrProcessingStep>
		</OCRProcessing>
	</Description>
	<Layout>
		<Page WIDTH="1109" HEIGHT="1756" PHYSICAL_IMG_NR="0" ID="page_0">
			<PrintSpace HPOS="0" VPOS="0" WIDTH="1109" HEIGHT="1756">
				<GraphicalElement ID="cblock_0" HPOS="275" VPOS="226" WIDTH="5" HEIGHT="1260"></GraphicalElement >
				<ComposedBlock ID="cblock_1" HPOS="417" VPOS="147" WIDTH="332" HEIGHT="27">
					<TextBlock ID="block_0" HPOS="417" VPOS="147" WIDTH="332" HEIGHT="27">
						<TextLine ID="line_0" HPOS="417" VPOS="147" WIDTH="332" HEIGHT="27">
							<String ID="string_0" HPOS="417" VPOS="147" WIDTH="70" HEIGHT="22" WC="0.91" CONTENT="Ständ."/><SP WIDTH="16" VPOS="147" HPOS="487"/>
							<String ID="string_1" HPOS="503" VPOS="147" WIDTH="31" HEIGHT="22" WC="0.93" CONTENT="Sv."/><SP WIDTH="15" VPOS="147" HPOS="534"/>
							<String ID="string_2" HPOS="549" VPOS="159" WIDTH="29" HEIGHT="3" WC="0.93" CONTENT="—"/><SP WIDTH="17" VPOS="159" HPOS="578"/>
							<String ID="string_3" HPOS="595" VPOS="148" WIDTH="58" HEIGHT="26" WC="0.93" CONTENT="Prop."/><SP WIDTH="16" VPOS="148" HPOS="653"/>
							<String ID="string_4" HPOS="669" VPOS="147" WIDTH="35" HEIGHT="21" WC="0.95" CONTENT="N:o"/><SP WIDTH="15" VPOS="147" HPOS="704"/>
							<String ID="string_5" HPOS="719" VPOS="147" WIDTH="30" HEIGHT="22" WC="0.95" CONTENT="21."/>
						</TextLine>
					</TextBlock>
				</ComposedBlock>
				<ComposedBlock ID="cblock_2" HPOS="294" VPOS="287" WIDTH="536" HEIGHT="1207">
					<TextBlock ID="block_1" HPOS="294" VPOS="287" WIDTH="536" HEIGHT="98">
						<TextLine ID="line_1" HPOS="294" VPOS="287" WIDTH="533" HEIGHT="28">
							<String ID="string_6" HPOS="294" VPOS="287" WIDTH="162" HEIGHT="28" WC="0.90" CONTENT="Förskrifning"/><SP WIDTH="16" VPOS="287" HPOS="456"/>
							<String ID="string_7" HPOS="472" VPOS="287" WIDTH="53" HEIGHT="22" WC="0.93" CONTENT="eller"/><SP WIDTH="15" VPOS="287" HPOS="525"/>
							<String ID="string_8" HPOS="540" VPOS="287" WIDTH="129" HEIGHT="26" WC="0.90" CONTENT="skuldsedel,"/><SP WIDTH="16" VPOS="287" HPOS="669"/>
							<String ID="string_9" HPOS="685" VPOS="288" WIDTH="65" HEIGHT="26" WC="0.91" CONTENT="vexel,"/><SP WIDTH="16" VPOS="288" HPOS="750"/>
							<String ID="string_10" HPOS="766" VPOS="291" WIDTH="61" HEIGHT="24" WC="0.89" CONTENT="post-"/>
						</TextLine>
						<TextLine ID="line_2" HPOS="323" VPOS="321" WIDTH="507" HEIGHT="29">
							<String ID="string_11" HPOS="323" VPOS="323" WIDTH="142" HEIGHT="26" WC="0.89" CONTENT="remissvexel,"/><SP WIDTH="16" VPOS="323" HPOS="465"/>
							<String ID="string_12" HPOS="481" VPOS="323" WIDTH="118" HEIGHT="27" WC="0.95" CONTENT="anvisning"/><SP WIDTH="10" VPOS="323" HPOS="599"/>
							<String ID="string_13" HPOS="609" VPOS="321" WIDTH="37" HEIGHT="22" WC="0.93" CONTENT="och"/><SP WIDTH="9" VPOS="321" HPOS="646"/>
							<String ID="string_14" HPOS="655" VPOS="322" WIDTH="135" HEIGHT="28" WC="0.91" CONTENT="assignation"/><SP WIDTH="9" VPOS="322" HPOS="790"/>
							<String ID="string_15" HPOS="799" VPOS="323" WIDTH="31" HEIGHT="26" WC="0.96" CONTENT="af"/>
						</TextLine>
						<TextLine ID="line_3" HPOS="323" VPOS="356" WIDTH="502" HEIGHT="29">
							<String ID="string_16" HPOS="323" VPOS="357" WIDTH="45" HEIGHT="22" WC="0.96" CONTENT="alla"/><SP WIDTH="16" VPOS="357" HPOS="368"/>
							<String ID="string_17" HPOS="384" VPOS="357" WIDTH="48" HEIGHT="28" WC="0.93" CONTENT="slag"/><SP WIDTH="17" VPOS="357" HPOS="432"/>
							<String ID="string_18" HPOS="449" VPOS="357" WIDTH="103" HEIGHT="21" WC="0.91" CONTENT="karteras"/><SP WIDTH="16" VPOS="357" HPOS="552"/>
							<String ID="string_19" HPOS="568" VPOS="357" WIDTH="58" HEIGHT="28" WC="0.93" CONTENT="efter"/><SP WIDTH="8" VPOS="357" HPOS="626"/>
							<String ID="string_20" HPOS="634" VPOS="356" WIDTH="191" HEIGHT="29" WC="0.91" CONTENT="kapitalbeloppet:"/>
						</TextLine>
					</TextBlock>
					<TextBlock ID="block_2" HPOS="337" VPOS="391" WIDTH="348" HEIGHT="22">
						<TextLine ID="line_4" HPOS="337" VPOS="391" WIDTH="348" HEIGHT="22">
							<String ID="string_21" HPOS="337" VPOS="392" WIDTH="36" HEIGHT="21" WC="0.93" CONTENT="till"/><SP WIDTH="15" VPOS="392" HPOS="373"/>
							<String ID="string_22" HPOS="388" VPOS="391" WIDTH="37" HEIGHT="22" WC="0.96" CONTENT="och"/><SP WIDTH="16" VPOS="391" HPOS="425"/>
							<String ID="string_23" HPOS="441" VPOS="391" WIDTH="48" HEIGHT="22" WC="0.96" CONTENT="med"/><SP WIDTH="15" VPOS="391" HPOS="489"/>
							<String ID="string_24" HPOS="504" VPOS="393" WIDTH="44" HEIGHT="20" WC="0.96" CONTENT="200"/><SP WIDTH="15" VPOS="393" HPOS="548"/>
							<String ID="string_25" HPOS="563" VPOS="391" WIDTH="85" HEIGHT="22" WC="0.92" CONTENT="mark"/><SP WIDTH="-8" VPOS="391" HPOS="648"/>
							<String ID="string_26" HPOS="640" VPOS="387" WIDTH="13" HEIGHT="38" WC="0.87" CONTENT="."/><SP WIDTH="26" VPOS="387" HPOS="653"/>
							<String ID="string_27" HPOS="679" VPOS="407" WIDTH="6" HEIGHT="5" WC="0.87" CONTENT="."/>
						</TextLine>
					</TextBlock>
					<TextBlock ID="block_3" HPOS="337" VPOS="406" WIDTH="489" HEIGHT="48">
						<TextLine ID="line_5" HPOS="337" VPOS="406" WIDTH="489" HEIGHT="48">
							<String ID="string_28" HPOS="337" VPOS="429" WIDTH="56" HEIGHT="19" WC="0.93" CONTENT="samt"/><SP WIDTH="22" VPOS="429" HPOS="393"/>
							<String ID="string_29" HPOS="415" VPOS="426" WIDTH="127" HEIGHT="28" WC="0.92" CONTENT="derutöfver"/><SP WIDTH="19" VPOS="426" HPOS="542"/>
							<String ID="string_30" HPOS="561" VPOS="426" WIDTH="42" HEIGHT="27" WC="0.93" CONTENT="för"/><SP WIDTH="14" VPOS="426" HPOS="603"/>
							<String ID="string_31" HPOS="617" VPOS="425" WIDTH="74" HEIGHT="28" WC="0.92" CONTENT="hvarje"/><SP WIDTH="11" VPOS="425" HPOS="691"/>
							<String ID="string_32" HPOS="702" VPOS="407" WIDTH="65" HEIGHT="46" WC="0.95" CONTENT="fulla"/><SP WIDTH="14" VPOS="407" HPOS="767"/>
							<String ID="string_33" HPOS="781" VPOS="406" WIDTH="45" HEIGHT="42" WC="0.96" CONTENT="200"/>
						</TextLine>
					</TextBlock>
					<TextBlock ID="block_4" HPOS="338" VPOS="459" WIDTH="487" HEIGHT="132">
						<TextLine ID="line_6" HPOS="352" VPOS="459" WIDTH="437" HEIGHT="26">
							<String ID="string_34" HPOS="352" VPOS="461" WIDTH="61" HEIGHT="21" WC="0.96" CONTENT="mark"/><SP WIDTH="16" VPOS="461" HPOS="413"/>
							<String ID="string_35" HPOS="429" VPOS="461" WIDTH="34" HEIGHT="21" WC="0.96" CONTENT="till"/><SP WIDTH="15" VPOS="461" HPOS="463"/>
							<String ID="string_36" HPOS="478" VPOS="460" WIDTH="38" HEIGHT="22" WC="0.96" CONTENT="och"/><SP WIDTH="16" VPOS="460" HPOS="516"/>
							<String ID="string_37" HPOS="532" VPOS="461" WIDTH="47" HEIGHT="20" WC="0.96" CONTENT="med"/><SP WIDTH="16" VPOS="461" HPOS="579"/>
							<String ID="string_38" HPOS="595" VPOS="461" WIDTH="62" HEIGHT="24" WC="0.96" CONTENT="1,000"/><SP WIDTH="15" VPOS="461" HPOS="657"/>
							<String ID="string_39" HPOS="672" VPOS="459" WIDTH="81" HEIGHT="23" WC="0.62" CONTENT="mark."/><SP WIDTH="31" VPOS="459" HPOS="753"/>
							<String ID="string_40" HPOS="784" VPOS="475" WIDTH="5" HEIGHT="6" WC="0.92" CONTENT="."/>
						</TextLine>
						<TextLine ID="line_7" HPOS="338" VPOS="494" WIDTH="487" HEIGHT="29">
							<String ID="string_41" HPOS="338" VPOS="495" WIDTH="87" HEIGHT="28" WC="0.84" CONTENT="utöfver"/><SP WIDTH="22" VPOS="495" HPOS="425"/>
							<String ID="string_42" HPOS="447" VPOS="495" WIDTH="63" HEIGHT="26" WC="0.95" CONTENT="1,000"/><SP WIDTH="22" VPOS="495" HPOS="510"/>
							<String ID="string_43" HPOS="532" VPOS="494" WIDTH="62" HEIGHT="23" WC="0.96" CONTENT="mark"/><SP WIDTH="18" VPOS="494" HPOS="594"/>
							<String ID="string_44" HPOS="612" VPOS="495" WIDTH="43" HEIGHT="26" WC="0.92" CONTENT="för"/><SP WIDTH="22" VPOS="495" HPOS="655"/>
							<String ID="string_45" HPOS="677" VPOS="494" WIDTH="73" HEIGHT="27" WC="0.95" CONTENT="hvarje"/><SP WIDTH="11" VPOS="494" HPOS="750"/>
							<String ID="string_46" HPOS="761" VPOS="494" WIDTH="64" HEIGHT="28" WC="0.96" CONTENT="fulla"/>
						</TextLine>
						<TextLine ID="line_8" HPOS="353" VPOS="528" WIDTH="472" HEIGHT="29">
							<String ID="string_47" HPOS="353" VPOS="531" WIDTH="41" HEIGHT="20" WC="0.96" CONTENT="100"/><SP WIDTH="22" VPOS="531" HPOS="394"/>
							<String ID="string_48" HPOS="416" VPOS="529" WIDTH="62" HEIGHT="22" WC="0.96" CONTENT="mark"/><SP WIDTH="22" VPOS="529" HPOS="478"/>
							<String ID="string_49" HPOS="500" VPOS="529" WIDTH="31" HEIGHT="28" WC="0.96" CONTENT="af"/><SP WIDTH="13" VPOS="529" HPOS="531"/>
							<String ID="string_50" HPOS="544" VPOS="529" WIDTH="48" HEIGHT="21" WC="0.96" CONTENT="hela"/><SP WIDTH="16" VPOS="529" HPOS="592"/>
							<String ID="string_51" HPOS="608" VPOS="529" WIDTH="35" HEIGHT="21" WC="0.93" CONTENT="det"/><SP WIDTH="14" VPOS="529" HPOS="643"/>
							<String ID="string_52" HPOS="657" VPOS="528" WIDTH="168" HEIGHT="29" WC="0.92" CONTENT="kapitalbelopp,"/>
						</TextLine>
						<TextLine ID="line_9" HPOS="352" VPOS="562" WIDTH="437" HEIGHT="29">
							<String ID="string_53" HPOS="352" VPOS="564" WIDTH="69" HEIGHT="21" WC="0.90" CONTENT="hvarä"/><SP WIDTH="10" VPOS="564" HPOS="421"/>
							<String ID="string_54" HPOS="431" VPOS="563" WIDTH="184" HEIGHT="28" WC="0.92" CONTENT="förskrifningen"/><SP WIDTH="16" VPOS="563" HPOS="615"/>
							<String ID="string_55" HPOS="631" VPOS="570" WIDTH="26" HEIGHT="14" WC="0.96" CONTENT="m."/><SP WIDTH="16" VPOS="570" HPOS="657"/>
							<String ID="string_56" HPOS="673" VPOS="569" WIDTH="26" HEIGHT="14" WC="0.93" CONTENT="m."/><SP WIDTH="16" VPOS="569" HPOS="699"/>
							<String ID="string_57" HPOS="715" VPOS="562" WIDTH="74" HEIGHT="28" WC="0.68" CONTENT="lyder"/><SP WIDTH="-11" VPOS="562" HPOS="789"/>
							<String ID="string_58" HPOS="778" VPOS="558" WIDTH="14" HEIGHT="38" WC="0.30" CONTENT="-"/>
						</TextLine>
					</TextBlock>
					<TextBlock ID="block_5" HPOS="323" VPOS="597" WIDTH="504" HEIGHT="99">
						<TextLine ID="line_10" HPOS="338" VPOS="597" WIDTH="489" HEIGHT="29">
							<String ID="string_59" HPOS="338" VPOS="598" WIDTH="77" HEIGHT="22" WC="0.88" CONTENT="Derest"/><SP WIDTH="22" VPOS="598" HPOS="415"/>
							<String ID="string_60" HPOS="437" VPOS="598" WIDTH="140" HEIGHT="28" WC="0.64" CONTENT="afbetalning"/><SP WIDTH="23" VPOS="598" HPOS="577"/>
							<String ID="string_61" HPOS="600" VPOS="599" WIDTH="14" HEIGHT="20" WC="0.90" CONTENT="å"/><SP WIDTH="21" VPOS="599" HPOS="614"/>
							<String ID="string_62" HPOS="635" VPOS="597" WIDTH="107" HEIGHT="28" WC="0.94" CONTENT="kapitalet"/><SP WIDTH="17" VPOS="597" HPOS="742"/>
							<String ID="string_63" HPOS="759" VPOS="598" WIDTH="68" HEIGHT="27" WC="0.96" CONTENT="förut"/>
						</TextLine>
						<TextLine ID="line_11" HPOS="323" VPOS="631" WIDTH="503" HEIGHT="29">
							<String ID="string_64" HPOS="323" VPOS="633" WIDTH="62" HEIGHT="26" WC="0.96" CONTENT="skett,"/><SP WIDTH="24" VPOS="633" HPOS="385"/>
							<String ID="string_65" HPOS="409" VPOS="632" WIDTH="107" HEIGHT="22" WC="0.93" CONTENT="beräknas"/><SP WIDTH="23" VPOS="632" HPOS="516"/>
							<String ID="string_66" HPOS="539" VPOS="631" WIDTH="188" HEIGHT="29" WC="0.91" CONTENT="stämpelbeloppet"/><SP WIDTH="23" VPOS="631" HPOS="727"/>
							<String ID="string_67" HPOS="750" VPOS="632" WIDTH="76" HEIGHT="21" WC="0.96" CONTENT="endast"/>
						</TextLine>
						<TextLine ID="line_12" HPOS="324" VPOS="667" WIDTH="371" HEIGHT="29">
							<String ID="string_68" HPOS="324" VPOS="668" WIDTH="58" HEIGHT="28" WC="0.96" CONTENT="efter"/><SP WIDTH="15" VPOS="668" HPOS="382"/>
							<String ID="string_69" HPOS="397" VPOS="667" WIDTH="57" HEIGHT="22" WC="0.96" CONTENT="hvad"/><SP WIDTH="14" VPOS="667" HPOS="454"/>
							<String ID="string_70" HPOS="468" VPOS="669" WIDTH="9" HEIGHT="19" WC="0.96" CONTENT="i"/><SP WIDTH="14" VPOS="669" HPOS="477"/>
							<String ID="string_71" HPOS="491" VPOS="667" WIDTH="98" HEIGHT="29" WC="0.67" CONTENT="kapital,"/><SP WIDTH="6" VPOS="667" HPOS="589"/>
							<String ID="string_72" HPOS="595" VPOS="663" WIDTH="100" HEIGHT="38" WC="0.67" CONTENT="återstår."/>
						</TextLine>
					</TextBlock>
					<TextBlock ID="block_6" HPOS="323" VPOS="701" WIDTH="504" HEIGHT="99">
						<TextLine ID="line_13" HPOS="338" VPOS="701" WIDTH="488" HEIGHT="29">
							<String ID="string_73" HPOS="338" VPOS="702" WIDTH="161" HEIGHT="28" WC="0.92" CONTENT="Förskrifning"/><SP WIDTH="15" VPOS="702" HPOS="499"/>
							<String ID="string_74" HPOS="514" VPOS="708" WIDTH="26" HEIGHT="15" WC="0.93" CONTENT="m."/><SP WIDTH="17" VPOS="708" HPOS="540"/>
							<String ID="string_75" HPOS="557" VPOS="708" WIDTH="33" HEIGHT="21" WC="0.92" CONTENT="m.,"/><SP WIDTH="17" VPOS="708" HPOS="590"/>
							<String ID="string_76" HPOS="607" VPOS="708" WIDTH="44" HEIGHT="15" WC="0.96" CONTENT="som"/><SP WIDTH="15" VPOS="708" HPOS="651"/>
							<String ID="string_77" HPOS="666" VPOS="702" WIDTH="33" HEIGHT="20" WC="0.96" CONTENT="uti"/><SP WIDTH="16" VPOS="702" HPOS="699"/>
							<String ID="string_78" HPOS="715" VPOS="701" WIDTH="111" HEIGHT="28" WC="0.26" CONTENT="original"/><SP WIDTH="-8" VPOS="701" HPOS="826"/>
							<String ID="string_79" HPOS="818" VPOS="697" WIDTH="13" HEIGHT="38" WC="0.26" CONTENT="i"/>
						</TextLine>
						<TextLine ID="line_14" HPOS="323" VPOS="735" WIDTH="504" HEIGHT="29">
							<String ID="string_80" HPOS="323" VPOS="736" WIDTH="102" HEIGHT="22" WC="0.92" CONTENT="konkurs-"/><SP WIDTH="22" VPOS="736" HPOS="425"/>
							<String ID="string_81" HPOS="447" VPOS="737" WIDTH="52" HEIGHT="21" WC="0.93" CONTENT="eller"/><SP WIDTH="23" VPOS="737" HPOS="499"/>
							<String ID="string_82" HPOS="522" VPOS="736" WIDTH="197" HEIGHT="28" WC="0.87" CONTENT="ärsproklamamä!"/><SP WIDTH="21" VPOS="736" HPOS="719"/>
							<String ID="string_83" HPOS="740" VPOS="736" WIDTH="35" HEIGHT="21" WC="0.93" CONTENT="till"/><SP WIDTH="19" VPOS="736" HPOS="775"/>
							<String ID="string_84" HPOS="794" VPOS="735" WIDTH="33" HEIGHT="21" WC="0.93" CONTENT="be-"/>
						</TextLine>
						<TextLine ID="line_15" HPOS="324" VPOS="770" WIDTH="495" HEIGHT="30">
							<String ID="string_85" HPOS="324" VPOS="772" WIDTH="94" HEIGHT="28" WC="0.92" CONTENT="vakning"/><SP WIDTH="12" VPOS="772" HPOS="418"/>
							<String ID="string_86" HPOS="430" VPOS="772" WIDTH="92" HEIGHT="28" WC="0.93" CONTENT="företes,"/><SP WIDTH="16" VPOS="772" HPOS="522"/>
							<String ID="string_87" HPOS="538" VPOS="771" WIDTH="100" HEIGHT="21" WC="0.90" CONTENT="karteras"/><SP WIDTH="15" VPOS="771" HPOS="638"/>
							<String ID="string_88" HPOS="653" VPOS="771" WIDTH="70" HEIGHT="21" WC="0.96" CONTENT="såsom"/><SP WIDTH="16" VPOS="771" HPOS="723"/>
							<String ID="string_89" HPOS="739" VPOS="770" WIDTH="80" HEIGHT="28" WC="0.96" CONTENT="bilaga."/>
						</TextLine>
					</TextBlock>
					<TextBlock ID="block_7" HPOS="317" VPOS="805" WIDTH="511" HEIGHT="272">
						<TextLine ID="line_16" HPOS="337" VPOS="805" WIDTH="491" HEIGHT="29">
							<String ID="string_90" HPOS="337" VPOS="806" WIDTH="161" HEIGHT="28" WC="0.92" CONTENT="Förskrifning"/><SP WIDTH="23" VPOS="806" HPOS="498"/>
							<String ID="string_91" HPOS="521" VPOS="806" WIDTH="38" HEIGHT="22" WC="0.94" CONTENT="och"/><SP WIDTH="16" VPOS="806" HPOS="559"/>
							<String ID="string_92" HPOS="575" VPOS="813" WIDTH="74" HEIGHT="14" WC="0.92" CONTENT="annan"/><SP WIDTH="11" VPOS="813" HPOS="649"/>
							<String ID="string_93" HPOS="660" VPOS="805" WIDTH="139" HEIGHT="29" WC="0.93" CONTENT="förbindelse"/><SP WIDTH="15" VPOS="805" HPOS="799"/>
							<String ID="string_94" HPOS="814" VPOS="806" WIDTH="14" HEIGHT="20" WC="0.92" CONTENT="å"/>
						</TextLine>
						<TextLine ID="line_17" HPOS="325" VPOS="840" WIDTH="502" HEIGHT="28">
							<String ID="string_95" HPOS="325" VPOS="842" WIDTH="36" HEIGHT="21" WC="0.93" CONTENT="län"/><SP WIDTH="12" VPOS="842" HPOS="361"/>
							<String ID="string_96" HPOS="373" VPOS="842" WIDTH="58" HEIGHT="26" WC="0.96" CONTENT="från"/><SP WIDTH="15" VPOS="842" HPOS="431"/>
							<String ID="string_97" HPOS="446" VPOS="842" WIDTH="92" HEIGHT="25" WC="0.95" CONTENT="kronan,"/><SP WIDTH="32" VPOS="842" HPOS="538"/>
							<String ID="string_98" HPOS="570" VPOS="841" WIDTH="94" HEIGHT="22" WC="0.92" CONTENT="Finlands"/><SP WIDTH="18" VPOS="841" HPOS="664"/>
							<String ID="string_99" HPOS="682" VPOS="840" WIDTH="145" HEIGHT="25" WC="0.92" CONTENT="Statskontor,"/>
						</TextLine>
						<TextLine ID="line_18" HPOS="323" VPOS="875" WIDTH="504" HEIGHT="28">
							<String ID="string_100" HPOS="323" VPOS="876" WIDTH="145" HEIGHT="22" WC="0.89" CONTENT="Alexanders-"/><SP WIDTH="7" VPOS="876" HPOS="468"/>
							<String ID="string_101" HPOS="475" VPOS="876" WIDTH="135" HEIGHT="25" WC="0.93" CONTENT="Universitet,"/><SP WIDTH="17" VPOS="876" HPOS="610"/>
							<String ID="string_102" HPOS="627" VPOS="875" WIDTH="58" HEIGHT="22" WC="0.92" CONTENT="enke-"/><SP WIDTH="16" VPOS="875" HPOS="685"/>
							<String ID="string_103" HPOS="701" VPOS="875" WIDTH="36" HEIGHT="21" WC="0.92" CONTENT="och"/><SP WIDTH="6" VPOS="875" HPOS="737"/>
							<String ID="string_104" HPOS="743" VPOS="876" WIDTH="84" HEIGHT="27" WC="0.91" CONTENT="pupill-"/>
						</TextLine>
						<TextLine ID="line_19" HPOS="323" VPOS="910" WIDTH="503" HEIGHT="28">
							<String ID="string_105" HPOS="323" VPOS="911" WIDTH="106" HEIGHT="21" WC="0.95" CONTENT="kassorna"/><SP WIDTH="22" VPOS="911" HPOS="429"/>
							<String ID="string_106" HPOS="451" VPOS="914" WIDTH="57" HEIGHT="19" WC="0.95" CONTENT="samt"/><SP WIDTH="21" VPOS="914" HPOS="508"/>
							<String ID="string_107" HPOS="529" VPOS="912" WIDTH="72" HEIGHT="20" WC="0.96" CONTENT="andra"/><SP WIDTH="20" VPOS="912" HPOS="601"/>
							<String ID="string_108" HPOS="621" VPOS="911" WIDTH="112" HEIGHT="21" WC="0.93" CONTENT="allmänna"/><SP WIDTH="10" VPOS="911" HPOS="733"/>
							<String ID="string_109" HPOS="743" VPOS="910" WIDTH="83" HEIGHT="28" WC="0.96" CONTENT="fonder"/>
						</TextLine>
						<TextLine ID="line_20" HPOS="323" VPOS="945" WIDTH="503" HEIGHT="28">
							<String ID="string_110" HPOS="323" VPOS="946" WIDTH="38" HEIGHT="22" WC="0.96" CONTENT="och"/><SP WIDTH="15" VPOS="946" HPOS="361"/>
							<String ID="string_111" HPOS="376" VPOS="946" WIDTH="83" HEIGHT="27" WC="0.96" CONTENT="kassor,"/><SP WIDTH="16" VPOS="946" HPOS="459"/>
							<String ID="string_112" HPOS="475" VPOS="946" WIDTH="47" HEIGHT="22" WC="0.97" CONTENT="med"/><SP WIDTH="15" VPOS="946" HPOS="522"/>
							<String ID="string_113" HPOS="537" VPOS="947" WIDTH="114" HEIGHT="26" WC="0.96" CONTENT="undantag"/><SP WIDTH="16" VPOS="947" HPOS="651"/>
							<String ID="string_114" HPOS="667" VPOS="946" WIDTH="77" HEIGHT="21" WC="0.96" CONTENT="endast"/><SP WIDTH="15" VPOS="946" HPOS="744"/>
							<String ID="string_115" HPOS="759" VPOS="945" WIDTH="30" HEIGHT="27" WC="0.95" CONTENT="af"/><SP WIDTH="11" VPOS="945" HPOS="789"/>
							<String ID="string_116" HPOS="800" VPOS="945" WIDTH="26" HEIGHT="22" WC="0.96" CONTENT="de"/>
						</TextLine>
						<TextLine ID="line_21" HPOS="317" VPOS="981" WIDTH="510" HEIGHT="27">
							<String ID="string_117" HPOS="317" VPOS="981" WIDTH="156" HEIGHT="27" WC="0.49" CONTENT="Jörbindelser,"/><SP WIDTH="22" VPOS="981" HPOS="473"/>
							<String ID="string_118" HPOS="495" VPOS="987" WIDTH="45" HEIGHT="15" WC="0.95" CONTENT="som"/><SP WIDTH="23" VPOS="987" HPOS="540"/>
							<String ID="string_119" HPOS="563" VPOS="981" WIDTH="33" HEIGHT="21" WC="0.87" CONTENT="uti"/><SP WIDTH="18" VPOS="981" HPOS="596"/>
							<String ID="string_120" HPOS="614" VPOS="982" WIDTH="14" HEIGHT="26" WC="0.92" CONTENT="$"/><SP WIDTH="16" VPOS="982" HPOS="628"/>
							<String ID="string_121" HPOS="644" VPOS="982" WIDTH="27" HEIGHT="20" WC="0.96" CONTENT="14"/><SP WIDTH="16" VPOS="982" HPOS="671"/>
							<String ID="string_122" HPOS="687" VPOS="983" WIDTH="111" HEIGHT="19" WC="0.95" CONTENT="momentet"/><SP WIDTH="15" VPOS="983" HPOS="798"/>
							<String ID="string_123" HPOS="813" VPOS="982" WIDTH="14" HEIGHT="20" WC="0.95" CONTENT="6"/>
						</TextLine>
						<TextLine ID="line_22" HPOS="322" VPOS="1015" WIDTH="505" HEIGHT="27">
							<String ID="string_124" HPOS="322" VPOS="1016" WIDTH="106" HEIGHT="21" WC="0.90" CONTENT="särskildt"/><SP WIDTH="23" VPOS="1016" HPOS="428"/>
							<String ID="string_125" HPOS="451" VPOS="1017" WIDTH="128" HEIGHT="25" WC="0.89" CONTENT="omnämnes,"/><SP WIDTH="16" VPOS="1017" HPOS="579"/>
							<String ID="string_126" HPOS="595" VPOS="1015" WIDTH="100" HEIGHT="21" WC="0.91" CONTENT="karteras"/><SP WIDTH="15" VPOS="1015" HPOS="695"/>
							<String ID="string_127" HPOS="710" VPOS="1016" WIDTH="70" HEIGHT="20" WC="0.92" CONTENT="såsom"/><SP WIDTH="16" VPOS="1016" HPOS="780"/>
							<String ID="string_128" HPOS="796" VPOS="1016" WIDTH="31" HEIGHT="21" WC="0.91" CONTENT="bi-"/>
						</TextLine>
						<TextLine ID="line_23" HPOS="323" VPOS="1051" WIDTH="69" HEIGHT="26">
							<String ID="string_129" HPOS="323" VPOS="1051" WIDTH="69" HEIGHT="26" WC="0.90" CONTENT="lagor."/>
						</TextLine>
					</TextBlock>
					<TextBlock ID="block_8" HPOS="322" VPOS="1084" WIDTH="507" HEIGHT="340">
						<TextLine ID="line_24" HPOS="339" VPOS="1084" WIDTH="488" HEIGHT="30">
							<String ID="string_130" HPOS="339" VPOS="1084" WIDTH="49" HEIGHT="22" WC="0.96" CONTENT="Men"/><SP WIDTH="24" VPOS="1084" HPOS="388"/>
							<String ID="string_131" HPOS="412" VPOS="1086" WIDTH="19" HEIGHT="28" WC="0.88" CONTENT="ej"/><SP WIDTH="25" VPOS="1086" HPOS="431"/>
							<String ID="string_132" HPOS="456" VPOS="1085" WIDTH="86" HEIGHT="21" WC="0.93" CONTENT="mindre"/><SP WIDTH="22" VPOS="1085" HPOS="542"/>
							<String ID="string_133" HPOS="564" VPOS="1085" WIDTH="135" HEIGHT="27" WC="0.68" CONTENT="såbeskaffad"/><SP WIDTH="20" VPOS="1085" HPOS="699"/>
							<String ID="string_134" HPOS="719" VPOS="1085" WIDTH="108" HEIGHT="28" WC="0.84" CONTENT="förskrif-"/>
						</TextLine>
						<TextLine ID="line_25" HPOS="322" VPOS="1120" WIDTH="506" HEIGHT="28">
							<String ID="string_135" HPOS="322" VPOS="1120" WIDTH="53" HEIGHT="28" WC="0.95" CONTENT="ning"/><SP WIDTH="15" VPOS="1120" HPOS="375"/>
							<String ID="string_136" HPOS="390" VPOS="1122" WIDTH="30" HEIGHT="19" WC="0.96" CONTENT="än"/><SP WIDTH="10" VPOS="1122" HPOS="420"/>
							<String ID="string_137" HPOS="430" VPOS="1120" WIDTH="137" HEIGHT="28" WC="0.95" CONTENT="förbindelse"/><SP WIDTH="16" VPOS="1120" HPOS="567"/>
							<String ID="string_138" HPOS="583" VPOS="1121" WIDTH="35" HEIGHT="21" WC="0.95" CONTENT="till"/><SP WIDTH="16" VPOS="1121" HPOS="618"/>
							<String ID="string_139" HPOS="634" VPOS="1120" WIDTH="107" HEIGHT="22" WC="0.95" CONTENT="Finlands"/><SP WIDTH="24" VPOS="1120" HPOS="741"/>
							<String ID="string_140" HPOS="765" VPOS="1120" WIDTH="63" HEIGHT="22" WC="0.95" CONTENT="Bank"/>
						</TextLine>
						<TextLine ID="line_26" HPOS="322" VPOS="1156" WIDTH="505" HEIGHT="27">
							<String ID="string_141" HPOS="322" VPOS="1156" WIDTH="63" HEIGHT="25" WC="0.95" CONTENT="skall,"/><SP WIDTH="25" VPOS="1156" HPOS="385"/>
							<String ID="string_142" HPOS="410" VPOS="1157" WIDTH="41" HEIGHT="19" WC="0.95" CONTENT="när"/><SP WIDTH="22" VPOS="1157" HPOS="451"/>
							<String ID="string_143" HPOS="473" VPOS="1156" WIDTH="125" HEIGHT="21" WC="0.95" CONTENT="densamma"/><SP WIDTH="25" VPOS="1156" HPOS="598"/>
							<String ID="string_144" HPOS="623" VPOS="1156" WIDTH="7" HEIGHT="20" WC="0.94" CONTENT="i"/><SP WIDTH="22" VPOS="1156" HPOS="630"/>
							<String ID="string_145" HPOS="652" VPOS="1156" WIDTH="102" HEIGHT="27" WC="0.92" CONTENT="afseende"/><SP WIDTH="15" VPOS="1156" HPOS="754"/>
							<String ID="string_146" HPOS="769" VPOS="1156" WIDTH="14" HEIGHT="20" WC="0.90" CONTENT="å"/><SP WIDTH="15" VPOS="1156" HPOS="783"/>
							<String ID="string_147" HPOS="798" VPOS="1156" WIDTH="29" HEIGHT="20" WC="0.92" CONTENT="in-"/>
						</TextLine>
						<TextLine ID="line_27" HPOS="323" VPOS="1189" WIDTH="505" HEIGHT="29">
							<String ID="string_148" HPOS="323" VPOS="1189" WIDTH="105" HEIGHT="28" WC="0.93" CONTENT="teckning,"/><SP WIDTH="20" VPOS="1189" HPOS="428"/>
							<String ID="string_149" HPOS="448" VPOS="1190" WIDTH="118" HEIGHT="28" WC="0.91" CONTENT="utsökning"/><SP WIDTH="16" VPOS="1190" HPOS="566"/>
							<String ID="string_150" HPOS="582" VPOS="1190" WIDTH="52" HEIGHT="22" WC="0.96" CONTENT="eller"/><SP WIDTH="16" VPOS="1190" HPOS="634"/>
							<String ID="string_151" HPOS="650" VPOS="1197" WIDTH="76" HEIGHT="14" WC="0.95" CONTENT="annan"/><SP WIDTH="15" VPOS="1197" HPOS="726"/>
							<String ID="string_152" HPOS="741" VPOS="1191" WIDTH="87" HEIGHT="27" WC="0.96" CONTENT="åtgärd,"/>
						</TextLine>
						<TextLine ID="line_28" HPOS="324" VPOS="1224" WIDTH="504" HEIGHT="29">
							<String ID="string_153" HPOS="324" VPOS="1226" WIDTH="46" HEIGHT="20" WC="0.96" CONTENT="med"/><SP WIDTH="23" VPOS="1226" HPOS="370"/>
							<String ID="string_154" HPOS="393" VPOS="1225" WIDTH="113" HEIGHT="27" WC="0.96" CONTENT="undantag"/><SP WIDTH="23" VPOS="1225" HPOS="506"/>
							<String ID="string_155" HPOS="529" VPOS="1225" WIDTH="30" HEIGHT="27" WC="0.96" CONTENT="af"/><SP WIDTH="17" VPOS="1225" HPOS="559"/>
							<String ID="string_156" HPOS="576" VPOS="1225" WIDTH="118" HEIGHT="28" WC="0.96" CONTENT="bevakning"/><SP WIDTH="16" VPOS="1225" HPOS="694"/>
							<String ID="string_157" HPOS="710" VPOS="1226" WIDTH="8" HEIGHT="20" WC="0.96" CONTENT="i"/><SP WIDTH="15" VPOS="1226" HPOS="718"/>
							<String ID="string_158" HPOS="733" VPOS="1224" WIDTH="95" HEIGHT="22" WC="0.96" CONTENT="konkurs"/>
						</TextLine>
						<TextLine ID="line_29" HPOS="323" VPOS="1259" WIDTH="505" HEIGHT="29">
							<String ID="string_159" HPOS="323" VPOS="1259" WIDTH="53" HEIGHT="22" WC="0.90" CONTENT="eller"/><SP WIDTH="22" VPOS="1259" HPOS="376"/>
							<String ID="string_160" HPOS="398" VPOS="1259" WIDTH="160" HEIGHT="29" WC="0.90" CONTENT="ärsproklama,"/><SP WIDTH="15" VPOS="1259" HPOS="558"/>
							<String ID="string_161" HPOS="573" VPOS="1260" WIDTH="93" HEIGHT="28" WC="0.92" CONTENT="ingifves"/><SP WIDTH="17" VPOS="1260" HPOS="666"/>
							<String ID="string_162" HPOS="683" VPOS="1260" WIDTH="52" HEIGHT="21" WC="0.93" CONTENT="eller"/><SP WIDTH="18" VPOS="1260" HPOS="735"/>
							<String ID="string_163" HPOS="753" VPOS="1262" WIDTH="75" HEIGHT="25" WC="0.92" CONTENT="upptes"/>
						</TextLine>
						<TextLine ID="line_30" HPOS="324" VPOS="1294" WIDTH="504" HEIGHT="26">
							<String ID="string_164" HPOS="324" VPOS="1295" WIDTH="37" HEIGHT="20" WC="0.96" CONTENT="hos"/><SP WIDTH="19" VPOS="1295" HPOS="361"/>
							<String ID="string_165" HPOS="380" VPOS="1295" WIDTH="91" HEIGHT="20" WC="0.93" CONTENT="domstol"/><SP WIDTH="16" VPOS="1295" HPOS="471"/>
							<String ID="string_166" HPOS="487" VPOS="1295" WIDTH="52" HEIGHT="19" WC="0.83" CONTENT="eller"/><SP WIDTH="16" VPOS="1295" HPOS="539"/>
							<String ID="string_167" HPOS="555" VPOS="1294" WIDTH="108" HEIGHT="24" WC="0.86" CONTENT="exekutor,"/><SP WIDTH="13" VPOS="1294" HPOS="663"/>
							<String ID="string_168" HPOS="676" VPOS="1294" WIDTH="31" HEIGHT="26" WC="0.93" CONTENT="pä"/><SP WIDTH="15" VPOS="1294" HPOS="707"/>
							<String ID="string_169" HPOS="722" VPOS="1295" WIDTH="106" HEIGHT="25" WC="0.88" CONTENT="gäldenä-"/>
						</TextLine>
						<TextLine ID="line_31" HPOS="323" VPOS="1327" WIDTH="505" HEIGHT="28">
							<String ID="string_170" HPOS="323" VPOS="1335" WIDTH="50" HEIGHT="13" WC="0.96" CONTENT="rens"/><SP WIDTH="30" VPOS="1335" HPOS="373"/>
							<String ID="string_171" HPOS="403" VPOS="1327" WIDTH="117" HEIGHT="21" WC="0.96" CONTENT="bekostnad"/><SP WIDTH="26" VPOS="1327" HPOS="520"/>
							<String ID="string_172" HPOS="546" VPOS="1327" WIDTH="102" HEIGHT="28" WC="0.96" CONTENT="beläggas"/><SP WIDTH="23" VPOS="1327" HPOS="648"/>
							<String ID="string_173" HPOS="671" VPOS="1327" WIDTH="48" HEIGHT="21" WC="0.91" CONTENT="med"/><SP WIDTH="29" VPOS="1327" HPOS="719"/>
							<String ID="string_174" HPOS="748" VPOS="1327" WIDTH="80" HEIGHT="21" WC="0.92" CONTENT="sådant"/>
						</TextLine>
						<TextLine ID="line_32" HPOS="323" VPOS="1361" WIDTH="506" HEIGHT="28">
							<String ID="string_175" HPOS="323" VPOS="1362" WIDTH="181" HEIGHT="27" WC="0.91" CONTENT="stämpelpapper,"/><SP WIDTH="24" VPOS="1362" HPOS="504"/>
							<String ID="string_176" HPOS="528" VPOS="1368" WIDTH="45" HEIGHT="15" WC="0.96" CONTENT="som"/><SP WIDTH="19" VPOS="1368" HPOS="573"/>
							<String ID="string_177" HPOS="592" VPOS="1361" WIDTH="41" HEIGHT="28" WC="0.90" CONTENT="för"/><SP WIDTH="20" VPOS="1361" HPOS="633"/>
							<String ID="string_178" HPOS="653" VPOS="1361" WIDTH="35" HEIGHT="22" WC="0.96" CONTENT="det"/><SP WIDTH="15" VPOS="1361" HPOS="688"/>
							<String ID="string_179" HPOS="703" VPOS="1361" WIDTH="126" HEIGHT="22" WC="0.90" CONTENT="resterande"/>
						</TextLine>
						<TextLine ID="line_33" HPOS="323" VPOS="1395" WIDTH="318" HEIGHT="29">
							<String ID="string_180" HPOS="323" VPOS="1395" WIDTH="183" HEIGHT="29" WC="0.91" CONTENT="kapitalbeloppet"/><SP WIDTH="15" VPOS="1395" HPOS="506"/>
							<String ID="string_181" HPOS="521" VPOS="1396" WIDTH="120" HEIGHT="27" WC="0.90" CONTENT="erfordras."/>
						</TextLine>
					</TextBlock>
					<TextBlock ID="block_9" HPOS="294" VPOS="1431" WIDTH="535" HEIGHT="63">
						<TextLine ID="line_34" HPOS="294" VPOS="1431" WIDTH="535" HEIGHT="28">
							<String ID="string_182" HPOS="294" VPOS="1431" WIDTH="203" HEIGHT="28" WC="0.89" CONTENT="Försäkringsbref,"/><SP WIDTH="17" VPOS="1431" HPOS="497"/>
							<String ID="string_183" HPOS="514" VPOS="1431" WIDTH="169" HEIGHT="28" WC="0.93" CONTENT="assuranspolis,"/><SP WIDTH="17" VPOS="1431" HPOS="683"/>
							<String ID="string_184" HPOS="700" VPOS="1431" WIDTH="56" HEIGHT="22" WC="0.93" CONTENT="bevis"/><SP WIDTH="11" VPOS="1431" HPOS="756"/>
							<String ID="string_185" HPOS="767" VPOS="1431" WIDTH="62" HEIGHT="27" WC="0.96" CONTENT="öfver"/>
						</TextLine>
						<TextLine ID="line_35" HPOS="322" VPOS="1466" WIDTH="507" HEIGHT="28">
							<String ID="string_186" HPOS="322" VPOS="1466" WIDTH="102" HEIGHT="28" WC="0.95" CONTENT="förnyad"/><SP WIDTH="15" VPOS="1466" HPOS="424"/>
							<String ID="string_187" HPOS="439" VPOS="1466" WIDTH="52" HEIGHT="21" WC="0.93" CONTENT="eller"/><SP WIDTH="17" VPOS="1466" HPOS="491"/>
							<String ID="string_188" HPOS="508" VPOS="1466" WIDTH="115" HEIGHT="28" WC="0.90" CONTENT="öfverförd"/><SP WIDTH="8" VPOS="1466" HPOS="623"/>
							<String ID="string_189" HPOS="631" VPOS="1466" WIDTH="142" HEIGHT="28" WC="0.96" CONTENT="försäkring,"/><SP WIDTH="12" VPOS="1466" HPOS="773"/>
							<String ID="string_190" HPOS="785" VPOS="1473" WIDTH="44" HEIGHT="14" WC="0.97" CONTENT="som"/>
						</TextLine>
					</TextBlock>
				</ComposedBlock>
				<ComposedBlock ID="cblock_3" HPOS="834" VPOS="220" WIDTH="4" HEIGHT="34">
					<TextBlock ID="block_10" HPOS="834" VPOS="220" WIDTH="4" HEIGHT="34">
						<TextLine ID="line_36" HPOS="834" VPOS="220" WIDTH="4" HEIGHT="34">
							<String ID="string_191" HPOS="834" VPOS="220" WIDTH="4" HEIGHT="34" WC="0.86" CONTENT="|"/>
						</TextLine>
					</TextBlock>
				</ComposedBlock>
				<GraphicalElement ID="cblock_4" HPOS="835" VPOS="285" WIDTH="4" HEIGHT="1212"></GraphicalElement >
				<GraphicalElement ID="cblock_5" HPOS="274" VPOS="214" WIDTH="683" HEIGHT="6"></GraphicalElement >
				<ComposedBlock ID="cblock_6" HPOS="925" VPOS="394" WIDTH="29" HEIGHT="19">
					<TextBlock ID="block_11" HPOS="925" VPOS="394" WIDTH="29" HEIGHT="19">
						<TextLine ID="line_37" HPOS="925" VPOS="394" WIDTH="29" HEIGHT="19">
							<String ID="string_192" HPOS="925" VPOS="394" WIDTH="29" HEIGHT="19" WC="0.95" CONTENT="20"/>
						</TextLine>
					</TextBlock>
				</ComposedBlock>
				<ComposedBlock ID="cblock_7" HPOS="924" VPOS="457" WIDTH="30" HEIGHT="21">
					<TextBlock ID="block_12" HPOS="924" VPOS="457" WIDTH="30" HEIGHT="21">
						<TextLine ID="line_38" HPOS="924" VPOS="457" WIDTH="30" HEIGHT="21">
							<String ID="string_193" HPOS="924" VPOS="457" WIDTH="30" HEIGHT="21" WC="0.44" CONTENT="20"/>
						</TextLine>
					</TextBlock>
				</ComposedBlock>
				<GraphicalElement ID="cblock_8" HPOS="921" VPOS="221" WIDTH="3" HEIGHT="1267"></GraphicalElement >
				<GraphicalElement ID="cblock_9" HPOS="955" VPOS="223" WIDTH="6" HEIGHT="1275"></GraphicalElement >
			</PrintSpace>
		</Page>
	</Layout>
</alto>
