1098 1753
389 137 24 21 U.
429 138 22 20 B.
467 149 25 3 —
510 139 60 25 Prop.
584 139 38 20 N:o
637 139 28 20 21,
867 137 12 21 7

158 199 96 28 afgifter
273 206 29 14 en
317 198 37 22 för
369 198 132 24 ändamålet
515 200 95 22 nedsatt
625 199 87 22 komite
727 198 98 30 nyligen
841 199 68 29 afgif-

157 233 42 21 vit.
229 233 54 21 Men
305 232 113 23 ehuruväl
440 234 120 22 Utskottet
582 234 116 21 erkänner
719 235 35 19 att
778 233 131 22 åstadkom-

157 266 94 22 mandet
267 266 27 22 af
307 274 29 14 en
351 266 73 22 sådan
439 267 229 23 öfverenstämmelse
684 270 25 18 är
723 266 134 28 önskvärdt,
866 266 43 22 har

156 301 123 22 Utskottet
301 300 60 22 dock
384 300 81 22 funnit
486 302 84 28 frågan
594 301 78 21 derom
698 308 54 14 vara
776 301 37 21 för
837 300 72 28 tidigt

157 335 77 27 väckt,
257 338 56 27 enär
335 334 40 22 det
397 336 124 21 omordade
538 335 126 28 förslagets
679 334 42 22 öde
737 338 63 17 ännu
816 338 25 17 är
855 334 54 21 full-

158 369 99 29 komligt
277 369 88 22 okändt
380 369 44 22 och
439 369 29 22 de
482 369 143 30 nugällande
640 368 177 23 föreskrifterna
831 371 79 19 röran-

158 404 29 21 de
210 403 151 22 omförmälda
383 404 95 28 afgifter
502 409 39 17 äro
558 405 25 21 af
596 404 45 21 den
656 403 161 22 beskaffenhet
831 405 35 20 att
881 410 30 14 en

157 438 101 21 revision
280 438 26 21 af
326 438 116 22 desamma
463 439 121 21 befunnits
606 437 79 29 nödig,
702 439 59 20 samt
775 437 65 29 förty
855 437 54 22 lem-

158 475 41 20 nat
214 473 72 21 saken
301 473 115 22 beroende
432 473 30 28 på
478 481 29 13 en
523 473 155 28 omreglering
694 472 130 22 framdeles.

227 507 34 21 De
277 507 126 28 ändringar
418 507 123 22 Utskottet
556 509 78 20 ansett
648 507 38 28 sig
699 507 57 21 böra
770 506 85 22 föreslä
867 507 44 21 och

158 541 36 22 för
209 541 80 22 hvilka
304 541 123 22 Utskottet
441 549 32 14 nu
489 542 41 29 gär
546 544 34 19 att
595 542 9 21 i
619 541 93 22 korthet
727 541 118 29 redogöra,
854 541 59 21 hän-

158 576 52 21 föra
225 576 36 28 sig
276 575 199 29 hufvudsakligen
491 576 37 21 till
544 576 28 22 de
586 575 175 29 bestämningar
771 575 9 22 i
789 575 122 28 förslaget,

158 613 49 19 mot
228 610 82 22 hvilka
333 611 182 28 anmärkningar
536 611 41 21 vid
602 611 95 28 frågans
721 610 82 22 remiss
827 609 82 23 blifvit

158 645 137 22 framstälda
310 645 50 22 dels
375 645 64 22 inom
453 645 171 29 Ridderskapet
639 645 44 22 och
701 645 77 22 Adeln
788 644 49 23 dels
848 645 64 21 inom

158 679 182 27 Presteständet,
357 679 58 22 eller
430 680 179 28 stadgandena
620 681 13 25 i$
648 681 13 21 5
676 680 97 21 rörande
789 679 120 28 kartering

159 714 26 22 af
197 714 133 28 fullmakter,
347 714 172 29 lysningssedlar
535 714 43 22 och
590 721 58 21 pass.

228 749 46 21 Vid
289 749 112 22 rubriken
415 748 105 28 fullmakt
533 749 42 21 har
591 748 172 22 ofvanskriften
778 748 57 22 eller
843 748 68 21 titeln

158 783 39 22 till
218 790 67 15 mom.
309 791 19 15 a
352 784 186 22 omformulerats
560 784 8 21 i
584 784 62 28 syfte
670 785 34 19 att
726 783 133 21 densamma
873 783 38 21 mä

160 818 98 21 omfatta
282 818 46 21 alla
351 818 28 22 de
402 818 64 22 olika
489 818 168 28 befattningar,
681 825 47 14 som
751 817 74 22 under
847 817 64 21 detta

158 859 68 14 mom.
242 852 141 28 uppräknas,
399 852 123 22 hvarutom
539 852 71 22 orden
628 852 43 29 ,pä
686 852 118 21 ansökan"
815 851 6 21 i
833 851 76 29 punkt

162 889 8 19 1
196 886 26 22 af
240 886 64 22 detta
319 894 66 15 mom.
403 886 79 22 blifvit
497 887 126 25 uteslutna,
639 886 96 22 emedan
749 885 162 29 tromanstjen-

160 923 53 26 ster,
229 921 81 21 hvilka
326 921 60 22 dock
401 920 139 30 underligga
549 920 141 30 stadgandet
699 920 9 21 i
718 920 100 22 nämnda
828 920 83 28 punkt,

159 956 9 20 i
183 955 126 22 allmänhet
324 956 52 21 icke
393 955 104 22 ansökas.

228 990 117 29 Derjemte
367 990 43 22 har
432 990 129 28 Utskottet,
585 997 49 14 som
654 992 77 19 ansett
745 990 45 21 den
805 989 105 29 pension,

159 1025 98 21 hvilken
278 1032 96 14 numera
389 1024 74 29 enligt
478 1024 87 29 nådiga
580 1024 168 28 förordningen
764 1024 45 21 den
827 1024 23 22 17
868 1024 43 21 De-

160 1059 91 21 cember
262 1059 56 22 1883
328 1058 142 22 tillkommer
483 1058 191 29 häradshöfding,
686 1058 135 29 lämpligast
831 1058 80 21 kunna

159 1093 82 28 läggas
257 1093 37 21 till
310 1093 77 28 grund
403 1093 41 21 vid
458 1093 161 22 beräknandet
631 1092 26 22 af
664 1092 200 29 stämpelafgiften
875 1092 36 21 för

159 1127 112 22 fullmakt
282 1128 13 21 &
305 1127 276 29 häradshöfdingetjenst,
590 1127 9 21 i
608 1127 105 28 enlighet
723 1126 94 22 dermed
827 1126 84 22 ändrat

159 1161 63 22 hvad
243 1161 273 29 propositionsförslaget
537 1162 7 21 i
560 1161 66 22 detta
647 1161 110 22 afseende
777 1160 131 22 innehäller

160 1198 60 19 samt
235 1195 77 22 tillika
326 1196 87 28 intagit
429 1196 122 21 föreskrift
566 1196 80 21 härom
660 1196 9 21 i
682 1197 34 19 ett
726 1195 73 22 skildt
809 1197 102 19 moment

159 1230 75 22 under
249 1230 76 29 punkt
341 1232 18 24 1,
376 1230 43 21 och
431 1230 8 21 i
447 1230 80 22 stället
541 1231 75 21 såsom
632 1230 155 28 anmärkning
801 1230 110 28 upptagit

160 1264 179 29 bestämningen
359 1272 36 14 om
416 1264 172 29 stämpelafgift
602 1265 38 21 för
657 1264 252 28 senatorsutnämning.

228 1299 31 22 På
274 1301 47 19 sätt
336 1299 63 21 inom
413 1299 173 29 Ridderskapet
601 1300 44 20 ock
660 1298 76 22 Adeln
745 1298 87 28 jemväl
841 1298 70 22 fram-

160 1333 81 22 hållits
261 1334 70 27 utgår
347 1334 201 28 stämpelafgiften
563 1334 36 20 för
613 1333 148 28 kyrkoherde
775 1332 136 22 fullmakter

160 1367 149 27 synnerligen
325 1368 93 27 ojemnt,
433 1374 53 14 men
501 1367 29 22 då
543 1368 113 27 lämpliga
670 1367 174 28 bestämningar
859 1366 53 22 här-

160 1407 36 14 om
212 1407 69 21 synes
297 1400 80 21 kunna
392 1400 88 21 införas
495 1400 61 21 först
571 1400 72 21 sedan
658 1400 45 21 den
718 1400 36 21 för
765 1400 145 22 närvarande

160 1435 30 28 på
212 1435 83 27 åtgärd
316 1434 116 22 beroende
450 1433 83 29 frågan
549 1441 37 14 om
600 1433 116 29 reglering
731 1435 26 20 af
769 1433 142 29 presterska-

229 1473 206 25 Bevillningsutskottets
447 1474 109 18 betänkande
567 1473 37 18 N:o
616 1475 18 16 5.
