1100 1742
275 132 25 19 16
580 129 34 20 N:o
630 129 32 21 13.

598 196 11 27 8
626 198 20 18 6.

313 232 25 26 Ej
355 232 36 20 mä
405 231 63 21 make
483 231 35 21 vid
534 231 118 26 utmätning
668 230 33 21 för
716 230 66 21 andra
797 230 87 21 makens
900 229 55 27 gäld,
972 229 26 27 pä

246 267 68 27 grund
329 266 24 21 af
366 266 56 21 hvad
437 266 7 20 i
462 268 17 24 1,
496 268 11 19 3
524 266 39 21 och
579 267 11 21 5
606 266 24 27 $$
646 267 24 19 är
682 264 106 28 stadgadt,
800 264 121 28 undantaga
932 270 67 15 annan

246 304 26 19 än
287 302 32 21 sin
335 301 96 21 enskilda
447 300 112 28 egendom;
576 300 18 28 ej
610 300 67 21 heller
690 300 35 21 vid
735 300 119 27 utmätning
865 300 33 20 för
909 299 91 22 samfäld

245 336 50 28 gäld
318 336 39 21 den
376 336 6 20 i
403 336 46 30 2:$
472 335 126 22 föreskrifna
620 334 210 27 betainingsordning
852 336 58 19 emot
924 334 76 26 borge-

244 373 39 19 när
298 371 63 27 gälla.
427 368 1 4 ;

315 405 95 27 Uppstär
425 405 94 21 konkurs
535 405 7 20 i
557 405 84 20 makars
657 404 33 26 bo,
706 404 35 20 mä
757 404 18 27 ej
791 404 67 20 heller
870 410 28 14 nu
908 402 91 22 nämnda

247 439 137 27 stadganden,
400 439 88 21 såframt
504 439 18 27 ej
538 438 112 22 boskilnad
666 438 61 21 sökes
743 438 28 27 pä
786 440 43 18 sätt
844 438 7 20 i
862 439 11 20 5
885 438 49 26 kap.
946 439 54 25 sägs,

247 474 107 26 tillämpas
378 475 44 19 mot
428 473 164 27 borgenärerne
608 473 6 21 i
630 472 98 21 afseende
745 472 12 22 &
772 478 68 16 annan
856 472 102 26 egendom
974 473 26 19 än

247 508 92 21 enskildt
362 508 41 20 fast
419 502 52 32 gods
488 508 37 20 och
541 508 100 20 hustruns
657 507 95 21 enskilda
768 508 45 20 lösa
828 506 109 28 egendom,
954 512 46 15 som

245 544 25 19 är
286 542 46 21 frän
348 548 100 15 mannens
463 541 128 27 förvaltning
606 541 140 27 undantagen.

316 635 45 21 Har
376 633 90 30 samfäld
482 635 102 26 egendom
615 634 31 22 gätt
661 635 32 21 till
708 635 109 25 betalning
832 634 23 21 af
868 634 78 21 endera
956 640 44 15 ma-

247 670 52 20 kens
315 670 55 26 gäld,
386 669 87 21 hvarom
489 669 7 20 i
514 671 8 19 1
541 670 51 20 eller
608 670 12 21 5
636 669 10 27 $
663 671 53 25 sägs,
732 669 52 21 eller
795 668 23 22 af
827 676 39 14 ena
878 669 77 21 maken
965 675 36 15 an-

248 703 75 21 vändts
345 704 34 20 till
398 702 64 22 sädan
478 702 127 28 förbättring
620 702 23 22 af
657 703 47 21 dess
720 703 95 21 enskilda
831 704 108 25 egendom,
956 709 44 15 som

247 738 18 26 ej
290 740 24 18 är
337 739 32 19 att
391 737 34 21 till
448 737 132 21 densammas
596 737 110 21 underhäll
722 738 39 20 och
777 738 79 20 skötsel
872 738 86 23 räknas;
974 737 27 21 dä

248 772 55 21 skall
318 772 35 20 vid
368 772 60 21 boets
445 772 84 26 delning
544 772 40 21 den
599 772 68 26 make,
684 778 45 15 som
745 772 89 21 sälunda
844 772 64 26 njutit
920 772 81 22 enskild

248 806 68 21 fördel
339 805 22 21 af
380 805 90 22 samfäld
485 806 108 26 egendom,
610 806 22 20 af
646 806 31 20 sin
693 806 40 21 lott
749 806 6 20 i
771 806 103 21 samfälda
890 807 50 21 boet
956 807 44 26 och,

248 847 35 15 om
300 840 40 21 den
355 840 18 26 ej
390 840 82 26 förslår,
492 840 22 20 af
528 841 32 20 sin
576 840 94 21 enskilda
686 840 102 27 egendom
803 840 57 28 gifva
876 841 66 21 andra
956 848 45 14 ma-

248 876 42 21 ken
312 874 98 28 vederlag
433 874 33 21 till
489 874 23 21 sä
535 877 53 20 stort
611 875 83 27 belopp,
714 881 47 16 som
776 882 73 15 svarar
864 878 44 19 mot
924 876 77 22 dennes

248 910 98 27 giftorätt
370 910 7 20 i
398 909 56 21 hvad
477 909 88 22 sälmnda
588 916 25 15 ur
636 910 49 21 boet
700 910 52 27 gått.
783 906 147 31 Öfverskjuter
945 911 55 27 gäld,

248 951 46 14 som
317 950 39 15 ena
379 944 76 21 maken
470 943 45 22 före
530 944 140 27 äktenskapet
685 944 62 27 gjort,
763 945 75 20 värdet
853 945 22 20 af
889 945 56 21 hvad
960 945 42 21 han

249 979 52 22 eller
316 979 42 21 hon
374 979 68 21 säsom
459 978 90 21 samfäld
564 979 102 27 egendom
681 979 7 20 i
703 979 50 22 boet
772 979 70 27 infört,
859 980 38 21 och
912 980 39 21 har
962 980 40 21 den

247 1013 51 28 gäld
319 1013 65 21 sedan
402 1013 69 21 blifvit
490 1013 47 20 med
553 1013 89 21 samfäld
657 1013 103 27 egendom
775 1013 78 27 betald,
870 1013 26 22 dä
912 1014 55 21 skall
983 1015 18 26 ej

248 1049 67 27 gifvas
338 1048 100 27 vederlag
460 1047 32 22 för
514 1053 59 16 mera
588 1050 26 19 än
629 1048 56 21 hvad
700 1048 22 21 af
738 1048 35 21 det
789 1047 170 28 öfverskjutande
974 1049 28 27 pä

248 1084 41 21 den
304 1083 67 22 andra
385 1083 87 21 makens
487 1082 97 27 giftorätt
600 1083 31 26 sig
647 1083 92 26 belöper.

602 1141 11 27 $
629 1142 19 19 8.

317 1176 46 21 Har
386 1181 38 15 ena
447 1175 87 21 makens
556 1175 96 21 enskilda
670 1175 102 27 egendom
787 1175 69 22 blifvit
872 1176 82 21 använd
968 1176 35 21 till

246 1212 62 26 nyttä
324 1210 33 21 för
373 1209 65 22 andra
454 1209 76 21 maken
546 1210 74 27 allena,
636 1216 50 15 vare
701 1210 31 27 sig
747 1211 34 20 till
795 1210 109 27 betalning
914 1210 23 22 af
946 1211 56 27 gäld,

247 1245 90 21 hvarom
352 1245 7 20 i
377 1246 8 19 1
404 1244 52 21 eller
472 1245 12 20 5
500 1244 10 27 &
527 1244 106 26 förmäles,
650 1245 52 20 eller
717 1245 60 26 eljest
792 1244 27 28 pä
831 1247 41 19 sätt
884 1245 6 20 i
902 1247 11 19 7
925 1245 11 28 $
947 1247 55 25 sägs,

248 1280 27 21 då
298 1279 55 21 skall
373 1279 35 20 vid
423 1279 60 20 boets
499 1279 84 25 delning
599 1279 39 20 den
653 1279 68 24 make,
737 1279 34 20 till
786 1280 64 19 hvars
864 1281 62 24 nyttä
941 1286 62 20 egen-

248 1313 77 21 domen
341 1312 89 21 sålunda
444 1311 70 22 blifvit
530 1313 87 26 använd,
634 1312 56 27 gifva
704 1313 101 26 vederlag
820 1314 24 19 ut
859 1313 23 20 af
896 1313 32 20 sin
939 1313 63 26 gifto-

247 1349 46 20 rätt
308 1347 45 26 och,
371 1346 37 21 der
423 1346 24 21 så
462 1346 112 27 erfordras,
590 1347 23 20 af
626 1347 33 21 sin
673 1347 96 21 enskilda
784 1347 110 27 egendom.

602 1406 12 27 S
630 1408 19 19 9.

317 1440 47 21 Har
386 1446 95 20 mannen,
498 1441 51 20 utan
563 1439 100 22 hustruns
679 1440 49 27 vilja
745 1440 38 21 och
798 1440 96 28 vetskap,
910 1440 92 22 användt

600 642 13 20 0
591 596 28 28 Yun
