1100 1756
392 142 22 20 U.
429 142 22 21 B.
468 153 26 4 —
510 143 59 25 Prop,
583 143 37 22 N:o
635 144 28 20 21.
844 143 28 21 39

455 239 48 20 HIT
520 239 78 27 Kap.

317 305 108 28 Angående
443 306 71 22 bruket
529 306 22 22 af
564 307 173 27 stämpelpapper.

501 371 12 26 s
530 371 20 21 8.

221 409 106 22 Skrifvas
350 410 14 21 å
389 416 87 15 samma
492 409 41 22 ark
552 409 57 22 flera
625 409 94 22 skrifter
734 409 57 22 eller
806 409 97 22 afhand-

152 444 77 28 lingar
252 444 26 21 af
296 443 73 22 sädan
383 443 166 27 beskaffenhet,
566 445 36 20 att
617 444 28 21 de
660 443 58 22 hvar
732 443 38 22 för
785 443 43 29 sig,
843 444 60 21 efter

155 478 76 21 denna
254 477 146 28 förordning,
421 481 39 18 äro
477 478 120 28 kartering
611 478 178 27 underkastade,
805 478 56 21 böra
876 479 27 21 de

156 513 105 21 karteras
284 512 74 22 såsom
382 518 35 15 om
441 519 29 14 en
492 512 57 22 hvar
567 512 27 23 af
607 513 50 21 dem
674 512 81 22 blifvit
770 512 105 22 skrifven
891 513 13 22 &

153 547 111 22 särskildt
278 547 47 22 ark.

501 611 13 26 S
529 612 18 21 9.

223 650 12 21 I
259 650 128 22 allmänhet
412 650 83 21 kunna
520 651 27 20 de
564 650 102 28 skrifter,
683 651 37 20 för
734 649 82 22 hvilka
831 650 74 21 karte-

157 685 54 28 ring
234 685 8 20 i
265 685 77 22 denna
357 685 140 28 förordning
511 685 120 28 päbjudes,
647 684 113 29 antingen
776 684 101 22 skrifvas
893 685 13 21 å

157 722 34 19 ett
207 719 56 22 eller
278 719 56 22 flera
349 719 42 22 ark
406 719 125 28 stämpladt
545 726 93 21 papper,
653 719 57 21 eller
718 719 44 21 ock
772 719 52 21 med
831 719 75 22 karta-

156 754 80 22 märke
251 753 118 29 beläggas,
385 753 82 22 endast
483 753 161 29 karteringens
653 753 172 29 sammanlagda
835 753 70 22 värde

155 791 129 20 motsvarar
306 789 40 21 det
368 788 111 29 stadgade
502 788 115 29 beloppet.
647 783 34 26 Är
696 788 100 21 skriften
811 788 94 21 försedd

161 823 53 23 med
229 824 25 21 sä
269 823 46 29 hög
330 823 73 27 karta,
420 825 35 19 att
470 823 75 22 denna
559 823 78 22 tillika
653 830 78 14 svarar
746 824 62 20 emot
823 822 83 22 kartan

156 858 38 22 till
218 858 129 28 bilagorna,
369 857 101 22 behöfva
493 858 27 22 de
543 858 144 22 sistnämnda
702 857 53 21 icke
769 856 137 30 ytterligare

155 894 111 22 karteras.

499 958 13 26 8
531 958 30 20 10.

225 997 162 27 Embetsverk,
410 1004 51 14 som
483 997 36 21 till
543 996 142 26 fullmakter,
700 994 208 28 konstitutorialer,

163 1032 102 22 afskeds-
281 1032 44 21 och
339 1031 165 29 pensionsbref
517 1031 52 21 med
583 1030 55 22 flera
653 1029 161 29 expeditioner
823 1029 85 29 begag-

160 1074 45 14 nar
227 1066 94 28 tryckta
343 1065 132 22 blanketter
498 1065 25 21 af
545 1064 140 29 ostämpladt
706 1071 95 21 papper,
819 1063 90 28 äligger

157 1101 71 27 tillse,
244 1102 34 20 att
293 1100 80 28 hvarje
390 1100 71 21 sädan
477 1100 142 28 expedition,
635 1098 72 22 innan
723 1098 45 21 den
770 1093 51 39 till
832 1097 75 21 veder-

158 1135 103 22 börande
282 1134 112 29 utgifves,
413 1135 13 21 &
444 1133 281 29 kartasigillatakontoret
741 1132 115 28 undergär
870 1131 39 22 be-

158 1170 69 28 hörig
243 1170 127 28 stämpling
385 1169 37 21 till
437 1168 120 22 faststäldt
572 1168 91 28 belopp.

503 1233 12 25 $
533 1233 31 19 11.

227 1272 288 28 Kartasigillatakontoret
537 1270 142 22 tillkommer
696 1271 41 25 att,
757 1268 54 22 med
825 1268 85 21 iaktta-

163 1307 76 29 gande
262 1307 25 21 af
308 1306 63 22 hvad
396 1306 52 21 dess
474 1305 139 28 reglemente
631 1304 43 21 och
689 1302 222 28 författningarne
897 1298 18 42 i

162 1342 73 28 öfrigt
258 1340 89 29 stadga,
369 1340 21 29 ej
413 1339 99 22 allenast
533 1338 127 22 verkställa
683 1337 45 21 den
744 1336 127 29 stämpling
886 1336 26 22 af

161 1376 142 24 fullmakter,
325 1373 209 25 konstitutorialer,
557 1372 104 22 afskeds-
683 1371 43 21 och
749 1370 163 28 pensionsbref

163 1409 52 22 med
234 1409 56 21 flera
308 1407 166 29 expeditioner,
491 1413 48 15 som
554 1404 183 27 embetsverken,
753 1404 52 21 med
821 1404 52 21 stöd
888 1403 25 21 af

163 1444 128 22 tillåtelsen
306 1443 6 21 i
329 1444 28 25 88
374 1443 28 22 10
415 1441 44 22 och
478 1442 34 26 39,
531 1440 106 27 ästunda,
652 1443 42 18 när
709 1439 59 21 slika
783 1437 128 30 expeditio-

230 1483 208 24 Bevillningsutskottets
449 1481 108 19 betänkande
569 1481 36 18 N:o
617 1482 17 16 5.
