1100 1748
468 136 33 21 N:o
516 136 31 21 21.
822 136 28 20 23

125 203 61 6 |
202 185 33 35 |
328 185 141 35 mummun
197 203 683 12 OO

208 249 25 20 de
248 255 53 14 vara
315 249 43 26 mä,
374 251 56 19 samt
448 249 69 21 ehvad
531 249 116 26 pensionen
663 250 33 19 ut-

206 284 39 25 gär
255 289 26 15 ur
291 283 103 26 kronans,
408 283 70 26 nägon
490 283 59 21 stads
560 283 53 21 eller
624 289 71 15 annan
817 301 1 8 i

207 317 81 21 allmän
312 317 69 26 kassa,
405 319 38 18 när
459 318 116 26 pensionen
590 317 52 21 eller
657 323 38 15 un-
817 317 2 21 |

207 351 111 22 derstödet
334 351 126 27 öfverstiger
476 353 40 20 200
527 352 61 21 mark
598 351 33 22 för
642 351 53 26 äret,
817 351 2 22 |

207 388 12 18 4
236 388 88 24 procent
340 387 23 20 af
378 386 47 21 dess
441 386 83 27 belopp.
817 394 2 25 |

149 420 170 27 Privilegiibref
339 421 39 20 och
402 420 232 26 tillständsresolution,
650 426 46 15 som
817 421 2 26 |

178 454 23 21 af
215 454 95 21 Senaten
329 455 53 20 eller
397 455 159 21 vederbörande
572 455 124 27 myndighet
709 459 2 30 |
817 464 2 15 j

817 495 2 26 |

817 526 2 26 |

817 558 2 11 1

817 570 2 14 |

178 488 109 21 utfärdas:

180 524 31 20 1:o
234 522 33 22 till
291 523 134 27 anläggande
449 523 23 21 af
493 523 109 27 bergverk,
625 523 71 21 fabrik

207 557 53 21 eller
274 564 71 14 annan
363 558 67 20 sådan
444 558 126 27 inrättning,
581 557 51 22 bok-
643 558 52 21 eller

208 592 151 26 stentryckeri,
387 592 128 27 bokhandel,
542 592 89 21 böckers
656 592 38 21 och
875 616 1 5 |

206 627 119 26 tidningars
355 626 133 27 utgifvande,
518 626 98 27 skrifves,
642 626 53 22 efter
875 629 1 22 |

208 661 211 27 omständigheterna
456 661 39 21 och
530 661 165 27 anläggningens
817 669 2 13 |

208 696 52 21 eller
269 696 116 26 näringens
397 696 151 26 beskaffenhet,
557 697 12 19 ä
578 696 118 27 stämpladt
817 692 2 3 |
875 691 2 36 |

206 736 82 21 papper
303 730 56 21 ifrän
376 732 25 19 20
416 730 61 21 mark
492 730 33 21 till
542 730 38 21 och
595 730 48 22 med
654 731 41 20 500

207 765 67 25 mark,
299 765 38 21 allt
355 764 101 22 eftersom
472 764 34 22 vid
522 765 72 27 hvarje
610 764 84 22 tillfälle

206 795 98 34 pröfvas;
818 801 2 16 |

178 834 33 20 2:0
226 833 34 21 till
276 833 124 21 inrättande
416 833 24 21 af
453 834 78 25 apotek
546 834 7 20 i
568 834 48 20 stad
654 849 4 5 .
690 849 4 5 .
771 835 28 20 60
818 830 15 34 |
835 846 26 3 —

207 870 55 18 samt
277 867 28 27 pä
321 867 160 56 Jandsbrgdens
512 883 4 5 es
547 884 5 5 oc
582 883 5 6 oo
618 884 42 4 som
691 884 4 4 a
771 869 28 21 20
819 865 13 35 |
835 881 27 3 —

150 901 188 27 Provisorsbref
329 897 16 35 .
370 918 4 5 .
786 904 76 21 5|—

149 936 92 28 PRitning
264 937 33 20 till
320 943 37 20 ny-
378 914 51 54 eller
441 914 151 54 tillbyggnad,
613 942 45 16 som
654 918 43 40 jär

178 970 90 27 enskild,
285 971 7 21 i
308 970 100 22 afseende
425 970 12 21 å
452 971 145 27 fastställelse,
613 971 33 21 till
660 977 35 15 ve-

179 1006 135 22 derbörande
330 1005 120 21 auktoritet
465 1006 100 26 ingifves:
711 1033 1 3 |

206 1040 33 21 till
263 1039 132 27 boningshus
418 1040 23 20 af
460 1042 46 19 sten
522 1042 23 18 af
558 1040 52 20 flera
626 1042 26 18 än
670 1046 25 14 en

206 1074 97 27 våning.
334 1090 4 5 .
655 1090 5 4 x
690 1090 5 4 a
787 1075 12 20 2
818 1071 18 33 |
837 1087 25 3 —

207 1108 33 22 till
264 1109 68 21 andra
355 1090 39 39 hus
406 1090 52 39 och
476 1086 128 53 byggnader,
620 1090 75 38 äfven-

208 1149 46 14 som
279 1142 34 21 till
335 1142 124 26 förändring
482 1142 23 20 af
526 1142 141 26 inredningen
689 1142 7 20 i

208 1176 61 22 såväl
285 1179 57 19 sten-
357 1182 45 15 som
418 1176 76 21 trähus
515 1193 4 4 .
550 1192 5 5 .
584 1192 4 4 .
620 1192 4 5 .
656 1192 4 5 .
690 1192 5 5 «
789 1177 74 20 1:—

152 1210 96 28 Sjöpass,
264 1217 24 15 se
303 1216 57 21 pass.

152 1244 129 28 Skattebref
292 1246 13 20 &
320 1244 92 22 rusthäll
442 1261 4 5 .
478 1261 4 5 .
514 1261 4 4 .
548 1260 148 6 k.
787 1246 13 20 4
820 1239 1 26 |

289 1280 13 20 å
318 1280 99 20 hemman
442 1294 4 4 .
478 1295 4 4 .
656 1294 89 7 e].
787 1279 35 29 2]

152 1296 120 45 Skiljobref
290 1314 3 3 i
288 1320 8 14 i
311 1312 94 28 fästning
420 1313 53 21 eller
488 1293 136 46 äktenskap:
820 1311 1 16 |

207 1347 33 21 för
256 1347 154 27 ständsperson
442 1364 4 4 .
477 1363 3 4 .
548 1364 40 4 ain
619 1364 4 4 a
654 1364 5 4 Rn
774 1348 26 20 10
820 1339 2 21 |
845 1359 18 3 —

128 1400 2 13 |
207 1381 33 20 för
256 1381 69 26 öfriga
341 1360 188 52 samhällsklasser
550 1397 4 4 5
788 1382 11 19 5

152 1414 198 27 Tillständsbiljett,
367 1421 23 15 se
405 1421 57 20 pass.
