1145 1739
362 129 20 16 bd
504 132 13 13 a

338 475 305 30 Reservationer.

485 545 16 21 L

184 584 32 22 Pä
230 591 80 16 samma
324 584 56 29 gäng
392 586 37 27 jag
444 586 53 21 trott
512 586 161 28 försiktigheten
688 586 65 28 bjuda
762 588 38 26 att,
810 586 7 22 i
825 586 42 22 frä-

115 626 42 21 gan
172 626 35 15 om
222 620 87 22 hustrus
324 621 43 21 rätt
381 622 32 20 att
427 619 53 23 räda
490 620 59 22 öfver
559 620 116 28 egendom
668 615 10 38 i
685 621 85 21 makars
778 621 34 27 bo,
820 621 47 22 icke

116 654 48 22 med
178 661 38 15 ens
231 656 50 26 taga
296 656 68 26 steget
379 654 48 22 fullt
442 650 24 26 sä
481 654 58 28 längt
553 657 30 25 ut,
599 661 45 16 som
658 655 7 21 i
681 655 41 22 den
732 655 77 28 nädiga
819 662 48 21 pro-

117 688 119 28 positionen
251 688 96 28 föresläs,
362 690 41 21 har
415 690 37 27 jag
467 690 54 21 dock
535 690 46 22 icke
597 690 81 21 kunnat
693 690 74 21 förena
781 690 43 28 mig
832 696 34 16 om

116 723 149 27 pluralitetens
280 724 6 21 i
302 724 150 27 Lagutskottet
474 723 55 28 äsigt
551 725 32 21 att
600 724 159 28 lagstiftningen
773 725 7 21 i
796 726 71 20 ämnet

117 757 65 21 borde
197 758 127 22 inskränkas
338 758 33 22 till
390 758 154 28 medgifvande,
567 760 32 20 att
613 758 77 22 hustru
704 764 76 22 genom
795 759 72 22 äkten-

116 792 64 26 skaps
202 792 72 21 förord
296 792 72 22 kunde
386 793 99 27 tilläggas
507 793 59 22 makt
588 794 32 21 att
639 792 52 22 räda
706 793 58 22 öfver
779 793 37 21 sitt
831 800 36 14 en-

115 826 69 22 skilda
199 826 56 22 fasta
270 827 38 21 och
323 828 46 22 lösa
380 828 59 26 gods.
462 827 81 23 Genom
551 829 31 21 ett
591 828 75 21 sädant
674 827 116 28 stadgande
798 827 69 22 blefve

116 861 87 22 hustrus
219 862 166 28 arbetsförtjenst
402 862 131 22 fortfarande
552 862 137 28 undantagen
704 862 47 22 frän
766 868 101 16 mannens

115 895 135 29 förvaltning,
272 898 22 26 ty
317 897 27 22 dä
366 897 66 27 enligt
450 897 137 28 lagförslaget
607 896 196 28 arbetsförtjensten
817 902 50 16 vore

115 931 158 27 samegendom,
297 938 45 15 som
361 931 46 22 icke
422 938 37 15 ens
474 938 75 20 genom
565 931 130 27 äktenskaps
710 931 74 21 förord
797 931 71 21 kunde

117 965 121 23 förvandlas
253 966 32 22 till
301 966 88 27 enskild,
407 966 76 22 funnes
501 966 19 28 ej
535 966 69 22 heller
622 966 109 28 möjlighet
746 967 32 21 att
792 971 76 21 genom

116 999 73 23 förord
204 1000 120 22 förbehälla
344 1001 88 22 hustrun
452 1002 43 21 rätt
514 1002 31 20 att
561 1000 97 23 deröfver
672 1000 90 28 förfoga,
778 1000 39 22 och
833 1000 35 22 det

116 1040 29 16 nu
161 1034 94 22 rädande
275 1035 193 22 missförhällandet
484 1036 31 21 att
531 1042 26 14 en
572 1034 98 22 förfallen
686 1035 39 21 och
740 1041 35 15 om
790 1035 32 21 sin
837 1034 31 22 fa-

117 1069 54 27 miljs
194 1069 83 21 välfärd
297 1070 155 27 bekymmerlös
470 1076 50 15 man
539 1070 7 20 i
561 1069 47 22 stöd
623 1069 24 21 af
659 1070 35 26 lag
708 1069 42 21 kan
764 1070 52 26 göra
831 1075 36 15 an-

117 1103 63 26 språk
203 1103 27 27 pä
245 1104 39 21 och
299 1104 118 22 bestämma
431 1103 60 22 öfver
505 1104 56 21 hvad
575 1104 54 21 hans
644 1102 134 23 sträfsamma
792 1102 75 22 hustru

116 1144 75 20 genom
207 1138 47 22 sina
268 1138 92 22 händers
367 1138 53 22 verk
428 1137 110 29 förtjenar,
547 1138 83 22 komme
639 1138 89 21 sälunda
736 1138 32 21 att
776 1138 91 27 gvarstä.

118 1172 32 20 En
172 1172 124 27 förändring
310 1173 7 21 i
332 1172 36 22 det
390 1172 56 28 syfte
467 1175 30 19 att
517 1172 74 22 hustru
605 1172 55 27 finge
674 1172 56 22 räda
745 1172 56 27 öfver
815 1171 55 22 hvad

117 1206 41 22 hon
180 1214 74 20 genom
277 1209 44 25 eget
341 1208 68 21 arbete
423 1206 43 23 kan
480 1207 114 27 förvärfva,
610 1207 39 21 har
663 1206 132 22 fördenskull
810 1207 58 26 synts

118 1241 43 27 mig
175 1241 114 27 högeligen
305 1242 112 21 önskvärd.

186 1276 43 21 Det
248 1276 40 21 har
302 1275 92 28 påståtts
409 1276 33 21 att
457 1276 31 21 ett
503 1275 117 27 stadgande
635 1276 7 20 i
657 1281 49 21 nyss
721 1275 80 27 antydd
816 1274 52 22 rikt-

117 1310 51 26 ning
182 1309 69 22 skulle
266 1310 67 21 strida
349 1311 56 21 emot
419 1310 109 27 principen
544 1316 34 15 om
593 1316 101 15 mannens
704 1308 165 27 mälsmansrätt,

118 1344 95 21 medföra
236 1344 50 26 split
308 1344 39 21 och
367 1344 99 27 oenighet
480 1344 7 21 i
502 1344 125 27 äktenskap,
643 1344 89 21 emedan
748 1343 35 21 det
798 1342 70 22 kunde

118 1377 57 27 gifva
191 1377 114 26 anledning
319 1377 34 21 till
369 1377 58 21 olika
442 1378 95 26 tolkning
547 1377 47 21 frän
605 1377 103 21 hvardera
718 1376 87 22 makens
815 1376 53 26 sida,

120 1411 56 22 välla
192 1411 113 21 osäkerhet
319 1412 7 20 i
340 1410 203 23 rättsförhällanden
558 1412 54 20 samt
626 1411 8 21 i
649 1410 25 22 de
685 1410 61 22 flesta
756 1410 39 21 fall
804 1410 66 21 blifva

120 1448 50 20 utan
186 1445 98 28 praktisk
298 1444 116 29 betydelse,
430 1447 52 21 enär
496 1452 98 20 mannen,
609 1446 62 27 lagen
684 1444 95 28 oaktadt,
787 1444 83 22 komme

791 1488 9 17 3

1108 389 7 19 vo
1102 317 13 57 MR
1095 251 28 36 Ya
1095 227 28 15 ——
1095 202 28 17 AU
1095 93 28 73 —ALL

1091 425 25 101 tt",
