1109 1756
237 257 13 20 2
440 259 23 19 U.
478 260 21 19 B.
516 270 25 3 —
557 260 58 25 Prop.
630 260 37 19 N:o
682 260 31 20 22.

206 324 65 29 lighet
287 326 48 21 med
350 325 40 22 den
405 326 75 28 nådiga
495 326 154 28 propositionen
664 327 33 22 till
711 327 117 28 antagande
839 326 113 30 föreslagit,

205 360 110 21 hvaremot
330 360 95 26 Ståndet,
442 361 127 22 beträffande
584 362 119 22 Utskottets
718 361 132 23 betänkande
866 362 5 21 i
883 361 68 29 öfrigt,

205 394 101 22 förkastat
325 394 116 22 Utskottets
457 395 12 21 å
483 395 59 22 sidan
557 397 12 20 8
585 395 7 22 i
607 396 143 21 betänkandet
764 396 124 21 framstälda
898 403 54 14 reso-

206 428 160 28 lutionsförslag,
391 437 48 13 men
462 430 51 21 dock
536 430 92 28 godkänt
651 430 39 22 den
707 430 131 28 motivering,
854 438 44 14 som
914 430 39 22 Ut-

206 462 77 22 skottet
305 463 33 21 till
360 463 46 21 stöd
421 463 32 22 för
467 464 57 21 detta
540 463 75 29 förslag
631 464 73 25 anfört,
721 468 54 18 samt
790 464 55 28 förty
861 464 57 22 velat
932 464 22 22 åt

205 496 243 29 Expeditionsutskottet
463 498 136 22 öfverlemma
613 501 30 19 att
659 498 68 22 denna
737 498 131 28 motivering,
885 498 69 22 sävidt

206 530 40 22 den
262 531 59 22 rörde
345 531 126 22 Ständernas
487 535 41 19 rätt
544 535 30 19 att
588 533 7 21 i
611 532 72 28 frägan
699 533 86 25 besluta,
802 532 7 22 i
825 532 129 23 Ständernas

205 565 142 28 underdäniga
370 566 168 22 svarsskrifvelse
561 567 76 27 intaga,
664 567 46 21 med
732 567 41 21 den
795 567 93 29 ändring,
909 574 44 14 som

206 600 173 28 sammanhanget
394 600 141 29 tilläfventyrs
550 601 71 22 kunde
636 600 89 30 päkalla,
741 604 54 19 samt

273 636 30 20 att
319 634 164 26 Bondeständet,
504 636 49 20 med
569 636 133 22 förkastande
716 636 24 21 af
754 636 119 22 Utskottets
889 636 64 28 begge

205 669 103 21 klämmar
323 668 31 22 för
369 669 32 21 sin
417 669 33 21 del
465 670 92 27 godkänt
573 678 25 13 en
613 670 113 28 sälydande
741 670 67 22 kläm:

274 706 44 23 »att
341 704 117 22 Ständerna
481 704 6 20 i
502 704 46 22 stöd
563 705 23 21 af
599 705 39 21 den
654 707 41 19 rätt
709 708 31 19 att
759 704 61 30 ätaga
835 705 31 28 sig
880 704 74 23 bevill-

205 737 56 29 ning,
277 746 44 13 som
337 738 118 22 Ständerna
469 738 179 29 grundlagsenligt
663 739 133 26 tillkommer,
811 739 93 28 godkänt
919 739 35 22 det

205 772 7 21 i
228 772 39 21 den
291 772 74 28 nädiga
389 772 155 28 propositionen
567 773 102 28 ingäende
692 773 75 29 förslag
785 774 33 21 till
833 773 121 29 förordning

205 806 107 28 angäende
327 807 189 28 bevillningsafgift
530 808 33 22 för
577 808 85 22 tobak*.

274 842 71 22 Häraf
357 842 100 28 framgär:

274 879 30 19 att
328 876 117 32 Utskottets
467 877 64 22 första
547 877 200 28 resolutionsförslag
763 877 22 21 af
797 877 157 28 Ridderskapet

205 911 39 22 och
259 911 71 22 Adeln
347 914 54 19 samt
417 912 157 22 Bondeständet
587 912 137 26 underkänts;

275 948 30 20 att
328 946 118 22 Utskottets
471 947 69 25 andra,
564 947 12 21 &
598 954 46 21 pag.
661 948 12 20 8
689 946 84 29 intagna
788 946 166 23 resolutionsför-

205 981 44 27 slag
264 980 22 22 af
299 980 96 28 samtliga
410 980 66 22 Ständ
492 981 117 25 förkastats,
619 989 47 13 men
682 983 35 24 att,
734 981 55 22 hvad
800 981 97 22 beträffar
912 981 40 22 den

206 1014 23 22 af
241 1014 109 22 Utskottet
365 1014 32 22 till
412 1015 45 22 stöd
472 1015 32 21 för
514 1016 129 21 sistnämnda
653 1015 205 29 resolutionsförslag
867 1015 86 23 anförda

206 1049 131 28 motivering,
362 1050 118 21 densamma
504 1050 141 28 uttryckligen
664 1050 101 28 godkänts
781 1050 22 21 af
816 1050 83 22 Preste-
916 1050 37 22 och

205 1084 183 27 Borgareständen
411 1084 38 21 och
473 1084 46 21 icke
539 1084 66 21 heller
621 1084 23 21 af
658 1084 154 28 Ridderskapet
828 1084 38 21 och
882 1084 71 21 Adeln

207 1118 50 21 eller
272 1117 157 22 Bondeständet
444 1118 87 28 ogillats.

275 1152 34 22 Då
331 1152 156 29 Ridderskapet
510 1153 37 21 och
571 1153 70 21 Adeln
663 1155 55 19 samt
736 1152 158 22 Bondeständet
908 1152 46 22 icke

207 1187 92 27 godkänt
322 1187 119 22 Utskottets
456 1187 12 21 å
483 1195 45 20 pag.
545 1188 12 20 3
573 1187 8 21 i
596 1187 141 21 betänkandet
758 1186 117 29 föreslagna
890 1186 64 26 kläm,

207 1220 59 22 hvari
290 1223 29 19 ett
342 1221 72 22 enkelt
433 1221 152 28 godkännande
608 1221 23 22 af
651 1221 34 22 det
701 1220 158 28 ifrågavarande
874 1220 81 23 författ-

207 1255 160 28 ningsförslaget
382 1255 91 25 föreslås,
483 1259 53 18 samt
551 1255 177 29 Borgareståndet
742 1255 32 22 för
789 1255 33 22 sin
839 1255 33 22 del
887 1257 68 20 ansett

206 1292 31 19 att
259 1289 119 22 Utskottets
401 1290 113 20 anförande
530 1290 128 20 beträffande
674 1289 128 21 Ständernäs
817 1291 42 19 rätt
873 1291 31 19 att
919 1297 35 12 an-

206 1322 45 21 visa
274 1322 134 28 erforderliga
427 1322 69 21 medel
511 1330 75 20 genom
602 1323 56 21 skatt
673 1323 26 26 på
715 1322 62 22 tobak
794 1323 62 20 borde
870 1322 8 21 i
893 1322 62 21 Stän-

207 1356 74 21 dernas
297 1356 168 22 svarsskrifvelse
481 1356 88 28 intagas,
586 1356 63 22 hafva
663 1359 32 19 tre
710 1356 66 22 Stånd
792 1356 87 22 sålunda
889 1356 69 22 beslu-

206 1391 32 26 tit,
262 1393 31 19 att
317 1391 39 21 den
377 1390 7 21 i
400 1391 39 21 den
463 1390 75 29 nådiga
558 1391 156 28 propositionen
730 1391 71 28 gjorda
815 1391 93 28 antydan
924 1398 33 14 om

206 1425 229 28 tobaksbevillningens
451 1425 136 28 upphörande
602 1425 46 22 icke
664 1425 55 22 skall
733 1425 48 22 med
791 1425 85 28 tystnad
894 1425 63 22 förbi-

206 1460 47 29 gås;
270 1460 38 21 och
317 1460 109 22 Utskottet
441 1459 31 22 får
487 1459 89 26 derföre,
592 1460 68 22 under
675 1460 150 28 förutsättning
838 1462 30 20 att
883 1459 75 29 ifräga-

207 1495 93 22 varande
315 1495 117 28 bevillning
443 1495 94 21 befinnes
551 1495 68 29 nödig,
632 1495 105 22 vördsamt
751 1495 76 22 föreslå
842 1497 36 23 att,
893 1495 65 28 jemte

207 1531 36 20 det
259 1530 25 21 de
299 1530 7 21 i
322 1529 141 22 betänkandet
479 1529 86 28 intagna
585 1532 77 19 tvänne
681 1529 201 28 resolutionsförslag
896 1529 62 21 hvar-

207 1565 49 21 dera
271 1565 54 27 finge
342 1564 89 26 förfalla,
448 1564 118 23 Ständerna
582 1565 56 25 ville,
661 1564 47 21 med
724 1564 121 28 anslutning
860 1563 31 23 till
906 1563 52 22 Rid-
