1120 1745
280 134 12 19 2
505 132 19 23 U.
540 131 19 24 B.
576 144 23 5 —
615 132 53 28 Prop.
684 133 35 21 N:o
732 131 36 24 26.

252 194 79 28 derlag.
360 194 66 22 Detta
440 195 69 21 skulle
522 195 71 22 utvisa
607 196 32 21 att
653 194 264 23 bränvinskonsumtionen
931 194 65 21 under

252 229 23 21 år
291 231 53 20 1887
359 229 81 27 utgjort
457 230 109 26 1,779,567
581 230 88 21 kannor.

318 263 33 22 En
370 263 123 28 jemförelse
515 263 91 23 emellan
621 264 40 21 den
676 263 165 27 bränvinsskatt,
857 269 46 16 som
917 262 79 22 influtit

250 298 68 21 under
341 298 26 21 de
392 298 35 21 två
452 300 83 20 senaste
558 299 130 21 månaderna
712 297 23 22 af
758 298 23 21 år
808 299 59 25 1886,
884 297 39 22 och
948 303 48 15 ena-

250 332 71 21 handa
349 332 93 22 inkomst
470 333 67 21 under
565 339 81 16 samma
674 333 31 21 tid
731 332 126 27 föregående
881 331 24 22 är
929 331 67 28 gifver

252 366 118 22 emellertid
386 367 77 27 tydligt
478 367 36 22 vid
528 367 89 27 handen,
633 368 32 20 att
680 367 40 21 den
735 367 95 27 verkliga
844 366 152 22 bränvinskon-

250 401 120 21 sumtionen
385 401 23 21 år
426 403 52 19 1887
493 401 105 28 betydligt
613 401 119 27 öfverstigit
746 407 50 21 nyss
810 400 88 28 angifna
912 401 84 27 belopp.

251 429 31 27 År
306 436 53 21 1885
382 435 82 22 erlades
485 436 107 27 nämligen
607 436 8 21 i
629 435 159 22 bränvinsskatt
802 436 67 21 under
883 434 114 23 november

251 469 77 22 månad
351 470 88 26 365,331
463 470 61 22 mark
539 472 25 19 22
581 470 63 28 penni
659 469 39 22 och
713 470 67 21 under
796 469 109 22 december
919 469 77 22 månad

250 504 90 27 507,907
362 504 61 21 mark
445 505 27 20 88
486 505 63 26 penni
565 505 52 21 eller
631 504 141 22 tilisammans
788 505 90 26 873,239
893 504 61 21 mark
970 505 26 20 10

249 538 71 27 penni,
341 538 67 21 under
430 538 36 21 det
487 538 162 28 ifrägavarande
670 539 94 21 inkomst
784 539 23 21 är
824 540 52 21 1886
891 538 104 28 utgjorde,

248 573 68 21 under
338 572 114 22 november
472 573 79 22 månad
573 574 90 27 509,402
678 573 62 22 mark
756 575 26 20 88
796 573 64 28 penni
875 573 40 22 och
930 573 67 21 under

250 607 110 22 december
391 609 108 26 —1,138,781
530 609 60 21 mark
620 609 26 20 33
675 608 71 27 penni,
775 608 52 22 eller
855 608 141 21 tillsammans

253 643 109 26 1,648,184
384 642 62 21 mark
468 643 25 20 21
516 643 73 26 penni;
612 642 82 22 säledes
709 643 91 26 774,945
815 643 61 21 mark
892 644 24 20 11
933 641 62 29 penni

250 683 58 15 mera
329 678 27 19 än
378 677 67 21 under
467 677 24 21 är
510 678 63 30 1885.
603 677 75 22 Denna
700 677 117 22 sistnämda
839 683 82 16 summa
942 678 54 21 mot-

250 711 78 27 svarar,
344 710 54 23 efter
413 711 116 28 beräkning
544 711 24 22 af
588 713 4 20 1
609 712 61 21 mark
684 713 28 20 20
733 718 21 21 p.
774 711 33 22 för
828 711 91 28 kannan,
939 711 57 22 skatt

250 746 34 21 för
297 745 90 28 ungefär
402 746 91 26 645,790
506 746 88 22 kannor.

318 785 78 22 Dertill
417 786 96 21 kommer
535 787 32 20 att
584 787 67 21 under
662 786 85 28 januari
762 786 39 21 och
817 786 93 22 februari
924 786 72 21 mäna-

252 820 36 21 der
310 819 100 22 är-1887
432 820 7 21 i
463 820 158 23 bränvinsskatt
642 820 80 22 influtit
743 821 75 21 endast
834 827 55 21 resp.
907 822 89 25 143,762

252 855 61 20 mark
334 856 28 19 88
383 854 64 27 penni
470 854 38 22 och
531 856 77 26 89,130
622 855 60 21 mark
698 855 26 21 95
740 855 69 27 penni,
825 855 52 21 eller
892 859 104 17 sammat-

251 888 59 28 lagdt
325 889 90 26 232,893
430 888 60 22 mark
505 890 26 20 83
547 889 69 27 penni,
631 888 76 23 medan
722 889 70 21 denna
801 888 58 23 skatt
868 889 68 21 under
943 891 54 19 mot-

252 922 102 22 svarande
368 922 32 22 tid
415 922 142 22 innevarande
572 924 29 26 är,
611 924 27 21 dä
653 923 110 21 enahanda
778 922 219 23 skatteförhällanden

252 962 45 16 som
319 957 67 21 under
407 956 24 22 är
452 958 54 20 1887
520 957 56 21 varit
590 958 100 26 rädande,
712 958 61 27 stigit
787 957 34 22 till
835 963 55 21 resp.
906 958 91 26 259,744

251 991 61 21 mark
326 991 28 21 38
368 990 63 28 penni
447 990 40 22 och
502 992 89 26 280,481
608 992 60 21 mark
684 992 25 20 72
732 991 63 27 penni
817 991 52 21 eller
891 997 105 15 samman-

250 1025 46 27 lagt
318 1025 90 27 540,226
429 1025 62 21 mark
507 1027 26 19 10
547 1026 64 26 penni
625 1026 40 21 och
680 1026 88 21 sälunda
782 1025 34 22 till
831 1026 90 26 307,332
937 1026 60 21 mark

252 1060 26 20 27
293 1059 63 27 penni
370 1058 66 28 högre
451 1061 27 19 än
492 1060 68 21 under
574 1066 81 15 samma
670 1060 30 21 tid
715 1060 127 28 föregående
857 1060 30 22 år.

319 1094 42 21 Det
382 1099 62 21 synes
459 1093 89 22 sålunda
563 1094 157 28 otvifvelaktigt
735 1096 32 20 att
782 1101 25 15 en
822 1094 96 28 betydlig
933 1098 65 24 gvan-

251 1128 50 22 titet
323 1127 23 22 af
366 1127 37 22 det
424 1128 95 27 bränvin,
535 1134 45 16 som
594 1129 71 21 blifvit
680 1128 46 22 frän
742 1129 100 27 nederlag
859 1130 84 27 uttaget
957 1129 41 21 och

252 1162 33 22 för
306 1162 82 22 hvilket
402 1162 58 22 skatt
482 1162 79 28 erlagts
580 1163 66 22 under
661 1162 24 22 år
701 1164 61 26 1886,
778 1163 54 22 först
846 1164 68 21 under
928 1163 69 28 päföl-

248 1197 66 27 jande
335 1197 24 21 år
378 1197 153 22 konsumerats.
561 1198 65 22 Detta
647 1197 67 22 finner
736 1198 32 21 sin
793 1197 118 28 förklaring
932 1198 66 21 bland

250 1232 65 20 annat
329 1230 76 28 deruti,
428 1232 32 20 att
475 1237 26 15 en
517 1231 34 21 del
566 1231 228 27 bränvinstillverkare,
809 1231 24 21 af
855 1232 88 22 fruktan
964 1234 33 20 att

250 1265 34 21 för
296 1265 78 27 jemväl
390 1265 36 21 det
439 1266 92 27 tidigare
545 1265 125 23 tillverkade
685 1266 112 21 bränvinet
811 1266 81 26 nödgas
911 1266 87 27 erlägga

252 1300 39 19 den
306 1299 65 26 högre
386 1299 58 21 skatt
459 1300 24 20 af
503 1302 5 18 1
531 1300 60 20 mark
611 1302 27 19 60
657 1300 70 26 penni,
750 1306 46 15 som
817 1306 76 21 genom
915 1299 82 22 förord-

250 1333 77 27 ningen
342 1333 40 21 den
402 1334 25 20 16
446 1333 40 27 juli
511 1333 52 22 1886
586 1333 58 22 äsats
665 1333 265 30 bränvinstillverkningen
950 1334 47 23 från

250 1368 40 22 och
312 1367 48 22 med
382 1367 73 28 början
478 1367 23 22 af
523 1368 24 22 är
568 1369 59 27 1887,
642 1368 8 22 i
665 1369 65 21 slutet
744 1369 24 21 af
789 1369 24 22 år
829 1370 54 21 1886
899 1369 47 22 från
961 1376 36 15 ne-

250 1402 95 29 derlaget
368 1403 80 28 uttagit
472 1409 45 16 mer
541 1405 26 20 än
591 1404 56 22 hvad
672 1404 163 22 konsumtionen
858 1404 67 23 under
950 1405 47 22 äret

248 1437 106 23 fordrade.

318 1477 157 19 Statsutskottets
486 1477 120 20 betänkande
617 1479 36 18 N:o
665 1480 28 17 13.
