1120 1742
293 114 33 25 U.
343 115 39 23 B.
399 126 29 6 —
444 115 100 29 Prop.
560 114 53 25 N:o
628 115 55 23 26.

384 526 212 25 Statsutskottets
614 525 151 26 betänkande
783 526 30 24 N:o
828 526 27 28 18,

316 561 6 23 i
337 560 100 30 anleduing
450 561 21 24 af
484 560 49 26 Hans
553 560 102 31 Kejserliga
669 560 97 31 Majestäts
788 560 69 30 nådiga

316 594 114 32 proposition
444 595 93 29 angående
552 594 174 26 bränvinsskattens
733 594 124 30 användning.

181 698 75 22 Denna
270 698 77 28 nådiga
361 698 131 28 proposition
506 698 40 22 har
560 697 49 23 utaf
621 698 98 28 samtliga
741 699 62 22 stånd
825 705 32 16 re-

112 733 108 21 mitterats
242 733 33 21 till
296 732 158 28 handläggning
476 732 23 22 af
517 733 169 27 Statsutskottet,
711 739 46 16 som
779 734 78 27 jemväl

113 767 47 22 från
175 767 119 27 Kejserliga
309 767 91 22 Senaten
415 767 41 22 fått
478 768 106 26 mottaga”
590 767 134 22 meddelande
735 768 78 27 derom,
825 769 32 20 att

113 802 69 28 någon
205 802 130 27 omröstning
356 802 36 21 vid
414 802 97 22 ärendets
534 801 129 29 behandling
681 802 7 21 i
704 802 92 22 Senaten
811 802 47 22 icke

113 838 36 26 egt
162 843 53 15 rum.

181 1009 37 22 Uti
233 1008 239 28 Finansexpeditionens
487 1009 8 21 i
509 1009 120 27 Kejserliga
644 1009 92 21 Senaten
751 1009 66 22 andra
827 1009 31 22 af-

113 1043 97 28 delnings
224 1043 115 22 berättelse
354 1043 33 22 för
402 1043 50 22 åren
470 1045 137 20 1881—1887
622 1043 114 27 meddelas,
749 1045 32 20 att
795 1043 62 22 brän-

112 1077 211 28 vinstillverkningen
344 1077 57 22 inom
422 1077 73 22 landet
516 1077 67 22 under
604 1077 50 22 åren
672 1079 59 25 1884,
750 1078 52 21 1885
819 1077 38 22 och

115 1114 53 20 1886
183 1112 82 28 utgjort
278 1112 120 27 respektive
412 1113 112 26 4,311,736
539 1108 88 31 kannor,
642 1113 113 26 4,312,024
777 1113 81 20 kannor

113 1146 39 22 och
174 1148 114 25 4,329,498
309 1147 88 21 kannor.
430 1145 81 23 Genom
533 1146 195 27 sammanställning
753 1146 24 21 af
797 1146 62 22 dessa

113 1180 69 23 siffror
205 1181 40 22 och
259 1181 136 27 uppgifterna
410 1187 34 15 om
460 1181 26 21 de
507 1181 126 27 gvantiteter
646 1181 96 27 bränvin,
760 1187 45 15 som
824 1181 35 21 vid

112 1216 75 27 början
202 1215 40 22 och
257 1216 64 21 slutet
336 1215 24 22 af
372 1215 72 28 hvarje
464 1215 48 22 utaf
525 1216 90 21 berörda
630 1215 23 22 är
671 1215 80 22 funnits
772 1215 28 28 pä
822 1222 35 15 ne-

114 1250 78 27 derlag,
215 1250 91 21 erhälles
328 1250 36 21 det
385 1250 89 21 resultat
497 1252 32 20 att
546 1250 66 22 under
626 1250 128 28 nyssnämda
768 1250 24 21 är
806 1250 52 21 kon-

114 1286 104 20 sumerats
242 1291 55 20 resp.
324 1285 111 26 4,084,937
460 1285 87 26 kannor,
574 1285 110 27 3,850,537
709 1285 82 21 kannor
820 1284 39 22 och

113 1319 113 27 4,204,550
248 1319 82 21 kannor
359 1319 94 22 bränvin.
490 1319 73 27 Enligt
591 1319 55 22 hvad
675 1319 7 20 i
712 1319 40 21 den
782 1319 77 27 nådiga

113 1353 159 27 propositionen
302 1353 110 27 uppgifves
441 1353 97 27 utgjorde
569 1355 52 20 1887
654 1353 34 21 års
724 1353 135 28 tillverkning

115 1388 111 25 2,157,143
241 1387 88 21 kannor.
359 1386 42 21 Vid
415 1387 74 26 början
505 1387 23 21 af
542 1387 59 21 detta
615 1387 23 20 är
652 1386 77 21 funnos
748 1387 110 26 1,663,865

114 1422 82 21 kannor
211 1421 39 22 och
264 1421 36 22 vid
315 1421 56 22 årets
386 1421 80 28 utgång
481 1422 110 26 2,041,441
607 1421 81 21 kannor
702 1421 89 22 bränvin
801 1421 13 22 &
824 1427 35 16 ne-

184 1461 157 19 Statsutskottets
352 1461 121 19 betänkande
484 1461 35 18 N:o
533 1463 26 17 12.
