1106 1739
278 122 11 20 6
583 121 34 21 N:o
633 121 32 21 13.

248 188 56 26 finge
327 189 69 20 anlita
418 188 102 21 domstols
535 188 67 27 skydd
619 188 33 21 för
667 188 32 21 sin
715 190 50 24 rätt,
783 194 62 20 synes
861 189 70 20 henne
947 189 52 20 böra

248 223 99 26 tilläggas
364 222 61 21 äfven
441 222 128 27 befogenhet
585 224 32 19 att
628 222 54 21 söka
693 222 40 21 och
743 228 62 15 svara
816 222 7 21 i
834 223 43 20 mål
888 223 111 26 angående

248 257 111 27 egendom,
374 256 113 21 hvaröfver
504 257 43 20 hon
562 256 71 21 råder.
653 252 10 37 .
664 256 101 21 Deremot
780 257 39 20 har
835 257 75 20 hustru
927 257 18 27 ej
962 263 37 14 an-

249 293 53 19 setts
316 291 64 21 hafva
396 293 65 24 något
477 291 102 26 egentligt
595 291 66 20 behof
675 290 22 21 af
710 293 32 18 att
757 293 52 18 utan
825 297 104 15 mannens
945 297 55 15 sam-

248 326 63 26 tycke
334 327 52 25 göra
409 325 50 27 gäld
482 326 6 20 i
512 325 69 21 andra
597 325 44 27 fall,
657 327 26 18 än
699 325 27 21 då
743 325 94 21 enskildt
853 325 42 21 fast
911 325 53 27 gods
980 325 23 22 af

248 360 70 21 henne
341 360 49 26 sjelf
410 359 103 22 förvaltas
537 360 52 20 eller
611 360 44 20 hon
671 359 84 21 utöfver
771 359 178 27 sjelfförsörjning
964 360 36 21 be-

249 395 80 21 drifver
344 395 82 26 näring,
443 394 100 21 hvarföre
561 394 80 21 hennes
658 394 127 27 befogenhet
800 394 7 21 i
824 395 59 20 detta
899 394 101 21 afseende

248 429 50 21 bort
320 429 33 21 till
376 429 95 26 antydda
493 429 114 21 händelser
629 429 135 20 inskränkas.
795 429 38 20 Att
855 429 92 20 hustrun
966 429 35 21 må

248 463 72 21 kunna
337 463 63 21 sökas
416 463 39 21 och
476 469 50 15 vara
541 463 122 26 berättigad
679 465 32 18 att
727 463 48 26 sjelf
789 469 62 15 svara
866 463 7 21 i
888 463 50 26 mål,
955 470 45 15 som

250 499 68 20 sådan
334 498 50 27 gäld
400 499 64 24 rörer,
481 504 61 21 synes
559 497 61 22 äfven
637 504 52 15 vara
703 498 136 27 följdriktigt.

316 533 10 20 I
350 532 154 27 sammanhang
527 533 48 20 med
598 533 26 20 de
643 532 116 27 ändringar
775 532 6 21 i
798 533 150 26 stadgandena
964 539 37 14 an-

248 567 83 26 gående
354 567 210 26 äktenskapsförord,
585 573 44 14 som
649 567 22 20 af
685 567 63 20 ofvan
764 567 87 26 angifna
868 567 132 27 synpunkter

248 602 106 27 påkallas,
371 602 38 21 och
426 602 27 20 då
472 602 67 27 några
555 602 87 26 uttryck
656 602 7 20 i
679 602 98 26 gällande
793 602 125 27 förordning
933 603 8 20 i
957 605 43 18 äm-

249 638 36 19 net
307 637 73 20 kunna
402 636 56 27 gifva
474 636 114 27 anledning
611 636 32 21 till
661 637 41 20 den
718 637 104 26 tolkning,
839 639 32 19 att
887 637 41 20 den
943 637 57 22 förut

250 671 145 26 obegränsade
421 671 129 26 rättigheten
573 673 32 19 att
628 677 76 20 genom
728 671 73 20 förord
824 671 119 22 bestämma
967 678 33 15 om

249 706 152 27 eganderätten
416 706 34 21 till
466 707 52 25 gods
534 706 7 21 i
556 706 50 21 boet
621 706 71 21 blifvit
707 712 78 20 genom
795 706 68 26 sagda
873 706 127 27 förordning

249 741 23 20 så
288 740 118 26 inskränkt,
423 742 33 19 att
471 741 76 20 endast
562 741 59 26 gods,
637 747 45 14 som
698 741 61 20 make
776 742 35 25 egt
826 741 45 20 före
886 741 114 21 äktenska-

248 776 36 25 pet
300 775 39 20 och
355 775 50 25 sjelf
418 775 7 20 i
440 775 49 21 boet
504 775 72 26 infört,
592 774 55 27 finge
663 775 130 21 förbehållas
809 775 33 20 till
857 775 84 21 enskild
953 782 46 21 ego,

249 811 55 19 samt
328 811 32 18 att
382 809 91 21 allenast
495 816 26 14 en
536 809 83 21 mindre
635 809 34 21 del
685 809 22 21 af
721 810 73 20 makes
810 809 103 27 fastighet
929 810 6 21 i
952 811 48 20 stad

248 844 72 21 kunde
335 845 63 25 göras
414 844 33 21 till
463 844 89 21 föremål
567 843 34 22 för
616 844 209 27 äktenskapsförord,
842 845 39 20 har
893 846 22 20 åt
931 845 70 21 hithö-

249 879 66 20 rande
338 879 134 26 stadganden
495 879 49 20 bort
567 878 67 27 gifvas
658 885 26 14 en
707 879 67 20 sådan
791 879 119 26 affattning,
927 881 32 19 att
975 886 25 14 en

250 913 58 26 dylik
330 913 97 26 tolkning
449 912 126 27 förebygges
598 915 56 18 samt
677 915 32 18 att
725 913 22 20 af
761 913 128 26 stadgandet
904 914 96 27 tydligen

248 947 102 27 framgår,
374 947 36 21 det
430 947 79 26 jemväl
531 948 59 27 gods,
607 953 44 15 som
667 947 68 21 under
751 948 36 20 det
803 948 108 21 blifvande
927 949 74 20 äkten-

249 981 75 26 skapet
339 981 42 21 kan
398 981 85 21 tillfalla
498 982 61 21 make
575 988 76 20 genom
667 981 38 25 arf,
723 981 62 27 gåfva
800 982 52 21 eller
863 984 136 24 testamente,

248 1015 33 21 får
296 1017 63 25 göras
374 1016 33 20 till
423 1016 40 20 den
480 1023 40 14 ena
536 1017 52 20 eller
604 1016 67 21 andra
687 1016 88 21 makens
786 1016 99 21 enskilda
894 1017 105 27 tillhörig-

248 1050 42 26 het,
307 1052 52 19 utan
375 1050 100 21 afseende
495 1050 72 27 derpå,
586 1057 33 14 om
635 1051 75 25 godset
726 1050 89 21 tillförts
831 1051 50 20 boet
896 1051 47 21 från
959 1051 40 21 den

248 1090 41 14 ena
312 1084 53 20 eller
384 1084 67 20 andra
466 1084 89 21 makens
572 1084 52 27 sida,
641 1084 39 21 och
697 1086 32 19 att
745 1084 83 21 således
844 1084 109 28 omfånget
968 1085 32 21 för

248 1118 41 20 den
313 1118 194 26 egendomsmassa,
531 1119 7 20 i
560 1118 86 22 hvilken
662 1119 103 20 makarne
781 1125 40 20 ega
835 1118 106 28 giftorätt,
957 1120 43 20 kan

248 1152 129 21 inskränkas
394 1152 31 21 till
445 1152 92 22 allenast
553 1153 42 25 det,
612 1158 44 15 som
673 1152 104 22 makarne
793 1153 42 21 afla
850 1153 148 27 tillsammans,

248 1188 54 19 samt
318 1188 12 19 å
346 1187 67 21 andra
428 1187 63 21 sidan
507 1187 99 27 utvidgas
621 1187 34 21 till
672 1187 39 21 allt
721 1188 57 26 slags
793 1188 53 26 gods
858 1188 48 21 med
917 1188 83 21 undan-

247 1223 37 24 tag
300 1221 23 21 af
336 1221 107 27 arfvejord
459 1221 27 26 på
501 1222 80 20 landet.

316 1255 50 22 Med
381 1256 101 20 afseende
499 1257 12 19 å
527 1256 40 21 den
583 1256 110 26 egendom,
710 1262 45 14 som
770 1256 135 21 fortfarande
915 1256 84 22 komme

248 1291 32 19 att
296 1289 34 21 stå
345 1290 68 19 under
427 1295 105 15 mannens
547 1290 138 25 förvaltning,
702 1295 62 20 synes
779 1290 34 20 till
825 1290 174 21 förekommande

248 1322 23 20 af
290 1322 108 21 missbruk
420 1322 23 21 af
464 1322 211 27 förvaltningsrätten
699 1323 56 26 ligga
771 1325 97 19 närmast
883 1324 33 20 till
931 1324 69 20 hands

248 1356 38 22 och
300 1357 79 26 jemväl
399 1363 51 15 vara
469 1356 24 21 af
507 1358 89 20 rättvisa
612 1357 40 21 och
667 1357 99 27 billighet
782 1358 117 27 påkalladt,
916 1360 32 19 att
964 1358 36 21 det

247 1391 6 21 i
269 1392 100 26 gällande
392 1391 35 27 lag
450 1391 106 27 ingående
572 1392 100 21 förbudet
688 1391 32 22 för
736 1399 93 15 mannen
844 1395 33 19 att
892 1395 53 19 utan
961 1393 38 21 hu-

246 1428 73 19 struns
335 1426 108 27 samtycke
459 1426 61 28 sälja,
536 1426 115 22 bortskifta
667 1426 52 22 eller
735 1427 100 27 förpanta
850 1428 81 21 hennes
943 1428 56 28 fasta
