1134 1756
487 138 41 21 N:o
544 140 34 19 27.
867 138 12 20 3

227 208 45 20 Och
295 209 50 20 enär
367 207 118 27 betydande
500 207 113 27 tillgångar
628 206 107 22 erfordras
750 206 33 21 för
797 212 41 21 nya
851 206 56 26 jern-

155 242 209 27 vägsanläggningar,
387 241 39 21 har
445 242 58 20 Hans
518 241 119 27 Kejserliga
652 241 98 27 Majestät
766 240 70 22 tillika
850 240 57 21 velat

155 276 79 22 föreslå

360 312 32 20 att
414 309 23 22 af
451 309 120 22 återstoden
588 309 22 21 af
623 308 101 22 Finlands
738 308 70 22 Banks
822 308 37 21 vid
873 309 34 20 ut-

291 344 81 28 gången
395 344 22 22 af
432 344 23 22 år
471 346 52 20 1887
541 344 117 26 disponibla
672 342 126 22 vinstmedel
814 342 23 21 så
852 343 54 19 stort

290 380 83 26 belopp,
390 385 45 15 som
451 379 18 27 ej
485 378 33 21 för
531 380 64 20 annat
606 378 97 21 ändamål
713 376 113 26 erfordras,
836 376 70 20 blefve

290 413 116 22 öfverfördt
415 413 33 21 till
463 411 270 23 kommunikationsfonden
748 410 69 22 såsom
832 410 75 26 bidrag

290 448 33 22 till
337 447 140 22 bekostandet
493 446 22 22 af
527 453 41 21 nya
580 445 256 29 jernvägsanläggningar.

224 546 9 21 I
248 545 63 27 nådig
334 545 131 27 proposition
481 544 106 27 angående
602 542 195 22 bränvinsskattens
813 541 91 21 använd-

151 582 49 26 ning
223 581 38 21 har
284 580 41 21 den
347 580 66 26 årliga
435 579 119 21 inkomsten
576 578 24 21 af
621 578 68 21 denna
711 577 57 21 skatt
791 576 113 21 beräknats

150 616 50 21 till.
232 632 4 4 J
267 631 5 4 so
304 631 39 4 ss
375 630 40 5 ss
446 630 4 4 so
482 630 4 4 so
518 630 3 4 vo
553 630 4 4 so
588 629 4 5 vo
624 629 4 5 +
660 629 4 4 +
694 628 4 4 >
718 613 109 25 3,960,000
844 610 59 21 mark

152 650 39 21 och
213 652 24 18 är
259 649 115 27 föreslaget
397 650 37 24 att,
454 648 64 21 sedan

179 684 34 21 till
228 683 132 21 statsfonden
375 682 112 21 öfverförts
515 698 4 4 .
557 682 97 25 660,000:
669 692 29 4 —

222 718 47 22 från
299 717 159 28 ifrågavarande
487 718 30 20 in-

150 753 71 21 komst
236 753 54 21 skall
305 752 62 27 utgå:
499 754 4 2 :

148 788 35 20 till
202 787 120 21 kontrollen
337 786 59 22 öfver
410 786 108 20 bränvins-

178 821 163 27 tillverkningen
371 838 4 4 .
407 837 4 4 .
443 837 4 4 .
479 836 4 4 .
515 836 4 4 .
556 821 97 25 200,000:
668 830 29 4 —

149 856 33 22 till
197 856 118 27 fördelning
329 856 78 21 mellan
421 855 96 21 kommu-

176 898 66 14 nema
266 908 4 4 .
301 908 4 4 J
337 908 5 4 2
373 907 4 3 2
408 906 4 4 «
443 906 4 4 »«
479 905 4 4 +
515 906 4 4 +
555 891 99 23 400,000:
668 900 29 3 —

430 931 87 21 Summa
534 932 118 24 1,260,000:
667 941 29 3 —

148 966 40 21 och
203 967 32 20 att
251 966 122 21 återstoden
404 982 3 4 .
439 982 4 4 .
475 982 4 3 .
511 981 4 4 +
531 967 120 24 2,700,000:
666 976 28 3 —
739 974 118 25 —3,960,000:
872 984 29 3 —

148 1006 61 26 ingär
223 1006 31 21 uti
269 1005 278 22 kommunikationsfonden.

218 1103 11 21 I
251 1103 270 22 kommunikationsfonden
546 1106 24 19 är
591 1103 70 28 någon
682 1103 121 28 behållning
825 1103 19 27 ej
867 1105 32 20 att

146 1137 106 28 påräknas
278 1137 37 22 vid
341 1137 106 28 utgången
476 1138 23 21 af
527 1138 24 21 år
579 1140 61 25 1888,
669 1140 50 19 enär
743 1137 87 22 fondens
856 1138 43 21 alla

147 1173 118 26 disponibla
287 1172 114 27 tillgångar
422 1174 61 26 tagas
498 1173 7 21 i
521 1173 91 27 anspråk
627 1173 33 21 för
675 1172 103 22 Savolaks
791 1173 107 26 jernvägs-

145 1207 104 27 byggnad.

217 1241 196 22 Bruttoinkomsten
428 1241 23 21 af
464 1242 99 26 samtliga
578 1241 33 22 för
625 1241 131 22 närvarande
771 1241 127 21 trafikerade

145 1276 166 27 statsjernvägar
332 1275 43 21 kan
396 1275 33 22 för
444 1275 50 22 åren
511 1278 138 19 1889—1891
667 1275 103 21 beräknas
786 1275 33 21 till
834 1275 64 27 årligt

145 1310 100 21 medeltal
264 1309 23 22 af
301 1311 112 25 9,500,000
429 1311 62 20 mark
506 1310 38 21 och
558 1310 116 27 utgifterna
690 1310 36 20 vid
741 1309 108 22 desamma
864 1310 33 21 till

145 1346 119 25 7,000,000,
288 1343 83 22 hvadan
393 1344 178 21 nettoinkomsten
593 1345 74 20 ställer
688 1345 32 25 sig
742 1343 28 28 på
786 1345 111 26 2,500,000

144 1377 61 21 mark
228 1377 34 21 för
282 1378 53 20 året.
365 1378 72 20 Under
457 1378 23 20 år
497 1381 53 18 1889
566 1379 97 20 kommer
678 1378 172 21 Savolaksbanan
865 1379 33 20 att

144 1412 80 25 öppnas
246 1410 34 21 för
301 1411 71 26 trafik,
394 1417 49 15 men
464 1411 70 26 någon
555 1412 153 21 nettoinkomst
731 1411 23 21 af
776 1411 122 20 densamma

143 1444 62 21 torde
220 1444 18 27 ej
255 1445 33 21 för
303 1445 26 21 de
344 1445 67 22 första
426 1445 50 21 ären
491 1446 52 21 böra
557 1445 113 28 päräknas.
