1106 1742
293 131 11 19 2
597 128 36 21 N:o
648 128 32 21 15.

336 196 62 22 Hvad
419 196 101 22 särskildt
539 196 101 21 beträffar
655 196 40 20 den
709 196 34 20 till
760 198 10 19 1
787 195 61 21 mark
864 197 26 19 60
905 194 62 28 penni
983 194 32 21 för

265 232 84 21 kannan
364 230 112 22 faststälda
497 230 238 26 tillverkningsskatten,
751 229 24 21 så
787 230 84 20 komme
887 229 128 26 densamma,

264 266 98 27 angifven
376 265 53 22 efter
445 266 36 20 det
496 266 101 20 metriska
613 266 106 26 systemet,
736 266 32 20 att
778 266 78 26 utgöra
867 266 74 24 61,134
953 264 62 27 penni

264 308 39 20 per
317 301 55 21 liter.
402 301 11 21 I
427 300 100 22 händelse
543 300 67 22 denna
625 299 60 27 afgift
701 300 103 26 utjemnas
819 299 34 21 till
868 301 26 20 60
905 299 63 27 penni
978 306 37 20 per

264 336 56 26 liter,
342 335 80 27 nedgär
443 334 330 27 bränvinstillverkningsskatten
796 334 49 21 med
869 336 60 25 2,969
954 334 62 26 penni

265 377 38 20 per
318 370 80 26 kanna;
413 370 48 21 sker
476 370 143 27 utjemningen
633 368 72 28 uppät,
722 369 31 21 till
770 370 26 21 65
811 368 69 28 penni,
897 368 51 22 ökas
959 368 57 22 skat-

266 407 35 19 ten
317 405 49 21 med
382 406 73 24 10,118
472 404 63 26 penni
548 404 78 26 jemvä]
641 403 34 21 för
689 404 76 20 kanna.

336 438 33 22 Dä
392 439 35 21 det
443 444 61 22 synes
520 444 87 16 snarare
622 440 106 19 motsvara
743 438 64 27 syftet
822 438 48 20 med
886 438 39 21 den
941 444 74 20 genom

266 473 98 27 gällande
386 472 123 27 författning
525 472 7 22 i
547 474 70 20 ämnet
639 472 100 27 vidtagna
761 472 119 28 förhöjning
895 472 23 21 af
932 472 85 21 skatten

265 514 34 16 om
322 508 67 21 denna
412 509 80 26 stegras
515 510 26 18 än
563 514 34 15 om
613 508 39 20 den
667 507 81 27 sänkes,
766 508 39 20 och
820 507 27 21 dä
862 507 40 21 den
917 508 98 26 stegring,

265 549 45 15 som
332 549 29 15 nu
383 542 170 28 ifrägakommer,
576 542 46 22 icke
645 544 23 19 är
691 541 23 21 sä
735 542 96 27 betydlig
847 543 30 20 att
893 542 40 20 den
948 542 68 20 skulle

265 577 113 21 framkalla
400 577 52 21 eller
474 576 98 22 befordra
594 576 126 28 insmugling
743 576 22 21 af
786 576 88 21 bränvin
891 576 52 21 eller
958 576 58 21 lönn-

264 612 110 26 bränning,
390 612 38 20 har
443 611 234 28 tillverkningsskatten
692 610 120 28 föreslagits
827 612 32 20 att
869 611 52 27 utgå
931 611 49 21 med
990 612 25 21 65

264 646 63 26 penni
341 652 38 20 per
395 646 54 20 liter.

336 681 46 20 Den
401 681 30 21 uti
452 680 5 28 $
474 682 25 19 37
516 686 62 15 mom.
596 682 10 19 1
623 680 22 21 af
658 680 307 26 bränvinstillverkningslagen
979 680 35 20 be-

265 715 83 22 stämda
370 714 61 28 afgift
453 715 34 21 till
509 715 81 21 kronan
611 714 47 22 från
681 714 198 28 destilleringsverk,
898 714 117 27 utgörande

264 750 36 21 två
315 750 63 27 penni
392 749 33 22 för
440 750 72 26 hvarje
527 750 69 20 kanna
610 749 88 21 bränvin
713 748 22 22 af
749 749 161 27 normalstyrka,
922 755 45 15 som
978 756 37 14 un-

266 785 37 20 der
323 784 104 27 qvartalet
443 784 32 21 till
492 783 215 28 destilleringsverket
722 783 117 27 inkommit,
855 784 85 20 hvilken
955 783 61 27 afgift

265 821 119 19 motsvarar
406 821 61 24 0,764
487 818 62 27 penni
565 824 38 22 per
617 818 55 26 liter,
689 820 23 19 är
727 818 120 27 föreslagen
861 820 32 20 att
909 818 60 27 höjas
984 819 32 20 till

266 857 9 19 1
292 854 63 27 penni
370 860 38 21 per
421 854 55 20 liter.

336 885 74 31 Öfriga
431 889 31 22 uti
485 888 160 28 ifrågavarande
668 888 149 28 författningar
839 888 102 27 ingående
956 888 60 27 mått,

264 924 72 21 hvilka
351 925 80 20 ansetts
445 923 53 22 böra
513 923 110 28 utjemnas,
638 923 132 22 förekomma
785 923 7 22 i
807 923 92 28 följande
914 924 30 27 $$,
959 930 57 15 nem-

264 959 56 26 ligen
347 961 19 24 8,
391 960 32 25 13,
445 959 25 21 25
487 959 38 20 och
541 960 26 19 42
583 959 7 20 i
605 958 212 27 tillverkningslagen,
841 960 55 19 samt
913 960 17 24 1,
948 960 18 24 2,
985 961 31 24 14,

266 994 32 26 15,
316 995 32 25 16,
367 995 33 25 28,
416 995 33 24 29,
467 995 33 24 30,
517 994 32 25 32,
566 994 33 26 33,
615 993 27 21 45
659 993 40 20 och
715 993 25 21 51
757 993 7 20 i
779 992 202 28 försäljningslagen.

336 1028 74 21 Ehuru
431 1027 49 22 med
495 1027 136 22 litermåttets
647 1027 137 27 användning,
802 1027 67 21 såvidt
886 1028 65 26 angår
966 1027 50 22 han-

267 1063 48 20 deln
337 1062 49 21 med
408 1062 93 27 bränvin,
523 1062 70 21 kunde
615 1062 51 21 bero
689 1062 33 21 till
745 1061 24 22 år
793 1063 60 24 1892,
869 1068 79 15 vunnes
964 1062 53 21 dock

264 1099 68 19 större
354 1096 52 21 reda
427 1102 75 21 genom
525 1099 31 18 att
578 1096 108 22 utsträcka
709 1096 39 21 den
771 1096 161 27 ifrågavarande
947 1096 70 21 förän-

266 1131 87 27 dringen
376 1131 107 26 samtidigt
499 1131 52 20 eller
565 1131 47 21 från
627 1131 24 20 år
668 1132 53 20 1890
736 1131 34 20 till
785 1131 42 20 alla
843 1131 6 20 i
865 1131 25 20 de
905 1131 55 20 båda
975 1131 42 20 för-

264 1165 142 27 ordningarna
421 1164 172 23 förekommande
613 1165 218 27 måttbestämningar,
847 1171 45 15 som
909 1165 60 21 deraf
981 1165 36 21 be-

264 1202 69 25 röras;
356 1200 40 21 och
417 1200 84 21 komme
520 1200 77 27 nödiga
611 1199 138 27 föreskrifter,
766 1199 132 22 beträffande
914 1199 103 28 omföring

265 1235 33 21 till
314 1234 36 21 det
365 1235 100 20 metriska
481 1236 100 25 systemet
597 1234 23 21 af
634 1234 26 21 de
675 1235 6 20 i
697 1234 196 27 Ordningsstadgan
907 1234 34 21 för
955 1234 62 21 brän-

263 1269 197 21 vinsbrännerierna
476 1269 39 20 och
531 1268 219 26 destilleringsverken
766 1268 22 21 af
803 1268 40 21 den
859 1271 25 18 16
900 1269 44 20 Juli
963 1271 52 19 1886

264 1302 103 27 ingående
382 1301 53 22 mått
452 1302 38 21 och
506 1303 73 25 vigter,
595 1303 32 20 att
640 1302 77 26 jemväl
733 1302 6 20 i
755 1302 67 20 sinom
838 1302 31 21 tid
885 1302 102 21 utfärdas.

335 1336 95 21 Emedan
452 1337 179 25 metersystemets
654 1336 133 26 tillämpning
810 1335 87 22 sålunda
921 1336 96 27 påkallar

265 1370 88 27 ändring
368 1371 7 21 i
391 1371 54 21 vissa
468 1370 59 21 delar
550 1370 22 21 af
593 1370 124 21 förberörda
731 1370 49 21 utaf
794 1370 117 22 Ständerna
927 1373 90 24 antagna

264 1405 156 28 författningar,
443 1405 40 21 har
504 1405 59 21 Hans
585 1405 118 28 Kejserliga
721 1405 100 27 Majestät
836 1405 56 21 velat
908 1405 32 21 till
957 1406 60 21 Stän-
