1103 1739
260 112 13 20 4
562 111 40 22 N:o
620 112 32 20 19.

231 180 69 24 slaget
323 180 24 20 af
365 179 64 21 minst
445 180 77 26 30,000
537 180 61 20 mark
613 179 33 21 för
661 180 107 20 hvardera
783 181 54 19 året.
867 180 33 20 Då
916 181 69 19 denna

231 220 82 14 summa
338 214 23 20 af
383 214 91 26 100,000
495 214 61 21 mark
578 214 74 26 lägges
667 214 32 21 till
715 214 41 21 den
771 213 34 21 för
820 215 24 20 år
861 215 53 20 1886
930 220 53 20 upp-

230 248 78 21 komna
330 248 154 27 behållningen,
502 249 90 26 102,053
608 248 60 21 mark
684 249 26 21 20
725 248 70 28 penni,
818 248 39 22 bör
873 249 11 20 å
901 248 36 22 det
952 248 32 22 för

231 282 48 22 hela
295 283 226 27 bevillningsperioden
542 283 34 21 till
600 284 112 25 2,556,600
732 283 61 21 mark
809 282 123 22 beräknade
948 289 35 15 an-

230 317 47 26 slag
292 317 34 21 för
348 317 83 21 landets
454 316 198 22 folkskoleväsende
674 317 34 21 vid
730 318 108 26 utgången
853 317 22 21 af
890 318 23 20 år
930 319 54 20 1888

233 351 88 27 gvarstä
337 351 151 27 odisponeradt
503 354 31 19 ett
550 352 76 27 belopp
642 352 23 21 af
678 352 85 27 vidpass
781 352 90 26 200,000
887 352 68 21 mark.

304 462 48 20 Med
368 461 98 22 afseende
482 462 52 21 derå
550 464 32 19 att
598 462 118 21 Ständerna
731 462 32 21 uti
778 462 142 26 underdånigt
936 468 49 15 svar

233 496 13 20 å
262 496 40 20 den
318 496 33 21 vid
368 498 84 19 senaste
468 496 101 26 landtdag
585 496 33 22 till
634 496 48 22 dem
698 496 82 21 aflåtna
795 496 79 27 nådiga
888 497 96 26 proposi-

232 530 73 21 tionen
321 536 33 15 om
372 531 73 25 anslag
460 536 26 15 ur
502 530 195 27 bevillningsmedel
713 531 32 21 för
756 530 155 22 folkskolornas
923 531 7 20 i
940 531 45 21 lan-

235 564 35 21 det
293 564 112 22 underhåll
429 564 119 22 framhållit
570 566 69 20 såsom
663 565 122 26 önskvärdt,
809 567 31 19 att
864 566 25 20 de
905 566 79 26 anslag,

234 599 72 21 hvilka
328 599 32 21 för
377 599 58 21 detta
451 600 99 20 ändamål
564 600 116 20 framdeles
694 599 119 27 beviljades
829 600 155 21 stadskommu-

233 639 72 20 nerna,
326 633 69 21 blefve
410 633 111 21 bestämda
537 635 31 20 att
583 634 7 20 i
606 634 72 25 regeln
695 633 51 27 utgå
761 634 49 21 med
826 634 56 20 vissa
897 636 88 24 procent

234 667 23 22 af
271 668 41 21 den
326 668 91 21 kostnad
427 668 145 21 folkskolorna
583 668 7 21 i
600 668 73 27 hvarje
690 668 48 21 stad
750 668 91 22 faktiskt
852 668 132 28 erfordrade,

232 703 40 20 har
294 702 120 27 Kejserliga
437 703 92 21 Senaten
553 704 39 20 den
615 703 26 21 27
657 703 42 26 Maj
718 703 53 22 1886
786 703 109 21 meddelat
910 699 75 26 Öfver-

233 737 105 26 styrelsen
354 737 33 21 för
403 737 149 22 skolväsendet
567 738 32 21 till
615 737 142 22 efterrättelse
773 739 40 25 att,
829 737 27 22 dä
867 737 118 22 framställ-

232 771 52 27 ning
307 777 32 15 om
359 771 77 27 bidrag
451 779 25 14 ur
492 772 105 21 allmänna
613 772 68 21 medel
696 772 32 21 till
744 772 172 21 stadskommuns
931 772 54 21 folk-

233 806 153 21 skoleväsende
409 806 113 21 framdeles
546 806 102 21 Senatens
672 806 99 27 pröfning
786 807 150 26 underställes,
954 807 31 21 bi-

233 841 76 26 draget
324 841 46 20 icke
386 842 35 19 mä
436 841 106 21 beräknas
557 841 33 21 till
606 841 65 26 högre
687 841 77 26 belopp
780 843 27 18 än
823 842 27 20 25
866 841 20 27 %
902 841 23 20 af
939 843 46 19 sta-

233 875 52 21 dens
301 875 99 27 samtliga
419 875 100 21 effektiva
542 875 88 27 utgifter
653 875 32 20 för
705 875 47 21 dess
767 874 127 27 folkskolor,
910 875 38 22 der
964 882 19 21 ej

232 909 105 21 särskilda
353 909 183 27 omständigheter
551 909 87 27 päkalla
653 909 114 22 afvikelser
775 909 49 22 frän
835 909 69 22 denna
916 916 67 15 norm.

303 943 112 22 Likaledes
431 943 63 22 hafva
508 943 99 28 frägorna
623 950 35 15 om
673 944 68 21 ökade
751 944 124 28 lönebidrag
885 951 25 14 ur
921 946 63 20 stats-

232 978 69 21 medel
316 978 33 21 för
364 979 194 27 lärarepersonalen
572 979 36 21 vid
622 979 118 21 folkskolor
755 979 28 26 pä
797 979 72 22 landet
885 982 55 19 samt
948 986 36 15 an-

232 1013 80 27 gäende
335 1013 297 27 folkskollärarepersonalens
654 1014 7 20 i
683 1013 99 22 städerna
805 1014 38 21 och
865 1013 27 28 pä
914 1014 72 21 landet

231 1048 148 27 pensionering
401 1048 69 21 blifvit
490 1055 75 20 genom
580 1049 6 20 i
603 1050 70 19 ämnet
689 1048 40 21 den
745 1050 26 19 19
786 1048 58 21 Mars
860 1049 38 20 och
914 1049 12 20 5
942 1049 43 20 Au-

231 1082 56 27 gusti
306 1084 53 19 1886
375 1081 111 22 utfärdade
502 1082 149 28 författningar
667 1083 92 20 ordnade
774 1083 7 20 i
797 1083 92 27 enlighet
900 1083 49 20 med
960 1083 25 20 de

232 1116 80 27 förslag
327 1117 6 20 i
349 1117 71 23 saken,
437 1123 44 15 som
496 1117 70 21 blifvit
582 1117 22 21 af
618 1117 117 21 Ständerna
750 1117 119 26 godkända.

303 1151 42 21 Det
368 1151 23 20 af
412 1151 118 21 Ständerna
551 1151 105 27 beviljade
677 1151 73 27 anslag
772 1151 34 21 till
828 1151 120 21 inrättande
964 1151 23 21 af

232 1184 117 22 folkskolor
364 1185 7 20 i
387 1185 83 26 Salmis,
488 1185 94 26 Suojärvi
599 1185 39 21 och
652 1184 127 27 Korpiselkä
789 1185 125 21 kommuner
924 1185 7 20 i
942 1185 43 21 Wi-

233 1219 63 26 borgs
312 1219 35 20 län
362 1219 39 20 har
416 1219 69 21 blifvit
500 1219 88 21 sålunda
603 1219 111 26 fördeladt,
731 1221 32 20 att
779 1219 61 21 deraf
853 1219 101 27 anslagits
963 1219 23 22 ät

234 1253 76 22 Salmis
328 1254 67 26 2,500,
413 1253 20 21 ät
449 1253 97 28 Suojärvi
556 1256 63 24 4,000
631 1253 38 21 och
680 1253 22 21 ät
712 1253 127 27 Korpiselkä
851 1255 62 25 3,500
924 1253 62 22 mark

231 1287 33 20 för
279 1287 36 20 det
337 1287 68 20 första
426 1288 150 26 uppsättandet
598 1288 24 20 af
641 1287 36 21 tvä
691 1287 118 21 folkskolor
824 1288 6 19 i
845 1287 105 21 hvardera
964 1286 24 22 af

232 1320 77 22 Salmis
331 1321 39 20 och
394 1320 96 26 Suojärvi
512 1321 126 20 kommuner
653 1322 55 19 samt
723 1326 26 16 en
764 1320 107 22 folkskola
886 1321 7 21 i
909 1321 76 27 Korpi-

232 1354 59 21 selkä
305 1354 101 22 kommun
421 1354 38 22 och
475 1354 61 22 dessa
552 1355 81 21 skolors
642 1354 109 22 förseende
760 1355 48 21 med
816 1355 170 27 undervisnings-

232 1389 98 21 materiel
352 1394 28 16 m.
402 1395 28 15 m.
453 1389 66 27 enligt
534 1389 157 21 vederbörande
706 1389 227 29 folkskoleinspektors
948 1396 38 15 an-

232 1424 82 26 visning
331 1424 38 20 och
384 1424 166 21 bestämmande.
