1100 1731
265 116 12 19 8
565 114 39 20 N:o
622 115 31 19 11.

239 184 60 24 1883,
316 183 99 26 antingen
431 182 116 21 detsamma
561 182 116 21 bibehålles
692 182 35 20 vid
742 182 58 21 kraft
816 182 38 21 och
871 181 78 21 verkan
959 181 29 21 el-

237 216 31 21 ler
283 217 139 21 underkastas
438 217 87 27 ändring
536 217 7 20 i
554 217 35 21 det
604 216 38 21 här
658 216 67 21 nedan
736 216 84 27 angifna
831 216 59 27 syfte,
902 216 85 20 komme

237 252 32 20 att
284 257 39 21 ega
338 251 134 27 tillämpning
485 250 78 28 jemväl
579 252 12 19 &
606 252 209 20 reservstationerna.

308 286 11 21 I
335 285 35 21 det
393 285 126 27 föregående
543 288 22 18 är
581 285 121 27 redogjordt
718 286 33 20 för
767 286 25 20 de
807 286 91 26 menliga
913 284 74 27 päfölj-

238 320 64 21 derna
318 320 23 21 af
355 319 135 22 föreskriften
505 320 7 21 i
528 322 11 19 3
555 320 10 28 $
581 320 24 20 af
619 320 136 20 förenämnda
772 320 123 26 förordning
909 318 80 22 beträf-

238 355 62 21 fande
316 354 147 27 skyldigheten
478 354 33 21 för
527 354 71 27 hvarje
614 354 100 21 kommun
729 356 33 19 att
774 360 71 15 ensam
856 360 89 14 ansvara
955 353 35 21 för

239 390 40 20 den
301 389 132 27 gästeifveri-
457 390 38 20 och
511 389 167 27 skjutshällning,
695 395 44 15 som
756 388 12 22 &
784 389 121 21 densamma
920 388 68 21 blifvit

238 424 102 26 fördelad,
357 424 107 21 äfvensom
480 424 33 21 för
529 424 40 20 alla
585 424 56 20 inom
657 424 129 20 kommunen
800 423 97 27 förlagda
908 429 82 15 reserv-

238 459 109 21 stationer.
373 459 42 21 För
430 460 38 24 att,
485 458 68 21 sävidt
568 458 88 27 möjligt,
673 458 131 27 undanrödja
820 458 60 21 dessa
895 457 94 21 missför-

238 492 112 22 hällanden
373 495 54 19 samt
449 493 25 21 dä
490 492 69 27 nägon
573 494 68 20 större
654 492 94 27 jemnhet
764 493 6 20 i
786 492 202 27 skjutsningsbesvä-

238 530 32 18 ret
285 528 46 20 icke
346 534 61 20 synes
421 528 70 20 kunna
508 527 156 21 åstadkommas
680 527 130 26 annorledes,
828 528 25 20 än
869 529 31 19 att
909 526 78 27 jemväl

239 562 142 21 kostnaderna
403 562 33 21 för
458 561 245 27 gästgifverihällningen
725 562 39 20 och
787 562 201 21 reservstationerna

239 597 107 20 äfvensom
362 596 33 22 för
409 596 195 27 hällskjutsningen,
621 597 36 20 der
675 596 68 21 denna
758 602 76 21 genom
850 596 139 27 entreprenad

239 631 107 27 fullgöres,
369 631 92 21 fördelas
485 630 53 22 efter
553 632 79 20 mantal
647 631 90 21 emellan
753 631 98 27 samtlige
866 631 124 21 kommuner

238 666 7 20 i
261 666 132 27 skjutslaget,
409 665 62 22 hafva
487 666 30 20 uti
533 665 100 28 förslaget
649 666 23 27 $$
689 667 11 19 3
717 666 39 20 och
773 667 11 20 5
801 666 85 20 erhållit
902 672 26 14 en
938 663 52 22 här-

238 700 49 21 med
302 700 229 22 öfverensstämmande
547 700 79 21 ändrad
641 700 85 26 lydelse,
743 700 112 21 hvarutom
868 700 6 20 i
887 699 103 27 sistsagde

239 736 11 26 8
265 734 75 22 införts
355 735 77 27 nödiga
447 735 158 27 bestämningar
620 734 107 27 angående
744 734 122 27 uppbörden
879 734 23 21 af
911 734 25 20 de
947 740 43 14 me-

240 770 39 26 del,
302 776 45 15 som
371 769 33 21 för
419 769 293 27 entreprenadkostnadernas
727 769 136 22 bestridande
877 768 65 22 blifva
958 775 34 14 er-

239 804 121 27 forderliga.

312 840 10 20 I
345 838 98 22 afseende
466 838 12 21 &
501 838 25 21 de
545 840 31 20 uti
597 839 11 27 &
628 840 11 19 6
655 838 23 21 af
692 838 161 26 ifrägavarande
868 838 122 27 förordning

240 873 173 22 förekommande
428 873 129 27 stadganden
573 873 88 21 rörande
676 872 147 27 uppgörandet
836 872 22 21 af
867 872 81 27 förslag
958 873 33 21 till

239 908 130 22 inrättandet
393 907 22 22 af
436 908 197 26 skjutsanstalterna
654 908 38 20 och
708 908 116 21 ordnandet
840 907 23 21 af
877 907 115 27 skjutsnin-

240 949 46 20 gen,
309 943 39 21 bör
370 942 75 21 främst
469 943 111 21 anmärkas
596 945 32 19 att
643 942 64 21 bland
723 943 61 20 dessa
800 942 130 27 stadganden
944 942 47 21 icke

239 978 60 26 ingär
313 978 70 26 nägon
397 980 96 18 närmare
509 977 108 22 föreskrift
633 983 34 15 om
682 977 64 27 tiden,
763 977 27 21 dä
804 977 90 21 berörda
910 976 80 28 förslag

240 1013 52 20 böra
307 1014 116 25 upprättas,
441 1012 39 21 och
495 1015 38 23 att,
549 1012 6 20 i
571 1012 52 27 följd
639 1012 22 20 af
675 1012 90 20 nämnda
780 1011 156 27 bristfällighet,
948 1012 44 21 för-

240 1047 72 27 slagen
326 1047 34 20 till
376 1046 114 22 ordnandet
511 1046 23 21 af
547 1046 131 27 gästgifveri-
695 1047 38 20 och
750 1046 189 27 skjutshällningen
954 1052 36 15 un-

241 1082 36 20 der
299 1080 130 28 tidsperiden
453 1082 138 20 1885—1887
613 1080 69 22 blefvo
704 1080 118 28 uppgjorda
838 1080 23 21 sä
876 1083 46 19 sent
938 1082 31 19 att
984 1080 7 21 i

240 1122 26 14 en
282 1118 44 18 stor
341 1115 76 27 mängd
438 1115 43 26 fall,
501 1115 44 21 dels
559 1116 8 20 i
582 1116 111 26 anledning
708 1115 23 21 af
744 1115 156 21 mellankomna
916 1115 76 21 besvär

240 1151 37 20 och
302 1150 61 20 deraf
384 1149 123 22 föranledda
529 1150 110 27 vidlyftiga
659 1150 119 27 omgängar,
796 1150 44 20 dels
856 1150 39 21 ock
910 1150 23 21 af
947 1152 44 18 sär-

240 1184 69 22 skilda
332 1184 65 21 andra
420 1185 94 25 orsaker,
538 1184 273 28 skjutshällningsfrägorna
833 1184 51 27 icke,
904 1184 28 27 pä
949 1186 43 19 sätt

239 1219 113 27 rätteligen
376 1218 37 22 ske
436 1219 52 26 bort,
512 1219 70 21 hunno
605 1219 99 27 slutligen
720 1219 129 27 handläggas
864 1219 67 21 under
946 1218 45 22 året

242 1256 60 23 1884,
325 1255 52 19 utan
399 1254 69 20 blefvo
488 1253 151 21 balanserande
655 1254 33 20 till
704 1253 46 21 året
766 1254 54 20 1885
836 1254 39 20 och
890 1254 7 20 i
912 1253 80 21 undan-

239 1287 86 25 tagsfall
345 1287 33 20 till
397 1287 38 20 och
450 1287 49 20 med
514 1287 34 20 till
563 1287 157 26 derpåföljande
736 1286 29 26 år,
782 1287 137 25 hvarigenom
935 1286 57 26 sjelf-

242 1320 59 21 fallet
318 1320 107 26 åtskilliga
440 1320 198 21 missförhållanden
653 1320 67 20 måste
736 1320 63 20 hafva
814 1320 103 27 uppstått.
943 1320 50 20 Med

239 1354 151 21 föranledande
405 1354 63 21 häraf
482 1354 38 21 och
537 1354 31 26 dä,
587 1355 28 27 på
629 1355 68 27 grund
712 1354 23 21 af
749 1354 143 28 stadgandena
907 1355 7 20 i
930 1355 10 27 $
959 1356 31 24 19,

239 1389 37 21 fall
299 1389 71 21 kunna
392 1389 85 21 inträffa
497 1388 26 22 då
538 1389 130 27 skjutslagen
683 1389 65 21 blifva
763 1391 93 25 tvungna
871 1391 32 19 att
918 1388 73 28 sjelfve

239 1423 89 27 uppföra
343 1424 77 26 nödiga
435 1423 249 28 gästgifveribyggnader,
700 1424 72 21 hvilka
783 1424 86 22 arbeten
880 1424 112 26 naturligt-
