1103 1750
273 136 14 20 4
493 134 19 23 U.
528 134 20 24 B.
563 147 27 3 —
605 135 55 28 Prop.
676 136 33 22 N:o
725 136 34 22 20.

245 199 75 26 75,422
343 197 64 22 mark
423 200 27 19 78
464 198 78 28 penni,
566 200 66 25 samt,
650 198 74 28 enligt
737 197 122 23 Utskottet
873 196 121 23 meddelad

243 231 100 29 uppgift,
365 231 73 22 under
455 233 25 20 år
496 233 54 21 1887
566 232 36 22 till
617 232 77 28 87,535
709 232 66 21 mark
791 234 27 20 24
832 234 76 26 penni,
923 231 72 22 hafva

243 266 9 21 i
267 266 45 21 den
333 265 86 29 nådiga
441 266 173 29 propositionen
637 266 35 22 för
694 266 191 22 nästkommande
901 266 94 22 femärs-

244 300 80 30 period
339 300 123 22 beräknats
477 300 37 22 till
530 302 76 24 91,000
620 300 65 23 mark
701 301 99 28 årligen;
816 300 44 22 och
873 300 66 22 beror
950 300 45 22 den

245 335 24 22 år
293 336 53 21 1887
371 334 122 22 inträffade
516 334 162 30 förhöjningen
693 335 8 21 i
717 335 76 21 denna
808 334 137 30 utgiftspost
959 335 37 22 till

245 371 85 20 största
345 369 67 21 delen
428 369 70 28 deraf,
514 371 35 19 att
563 370 73 21 under
650 370 102 21 nämnda
770 370 24 20 är
810 370 12 20 4
838 371 64 19 extra
917 369 79 22 läkare

244 404 53 21 med
320 411 29 14 en
369 403 59 29 ärlig
451 403 103 29 aflöning
568 404 36 21 för
619 404 87 22 enhvar
721 404 27 21 af
760 404 63 26 3,000
837 404 65 21 mark
917 403 79 22 blifvit

245 438 40 22 vid
293 437 272 30 befälhafvarestyrelsen
574 438 114 27 anstälda;
704 438 90 21 hvilket
804 437 128 29 Utskottet,
947 445 49 15 som

245 474 62 21 emot
330 473 76 21 denna
428 475 53 26 post
503 472 51 22 icke
576 473 79 21 funnit
677 472 50 22 skäl
747 472 37 21 till
799 473 77 27 nägon
891 473 105 22 anmärk-

244 507 65 28 ning,
325 507 82 21 endast
421 508 57 20 trott
493 507 37 29 sig
545 507 55 21 böra
616 507 190 28 upplysningsvis
822 506 112 23 meddela.

313 540 136 30 Utgifterna
470 541 36 22 för
524 541 76 28 finska
623 542 121 21 militärens
759 549 69 14 reserv
844 543 65 26 stego
923 541 74 22 under

246 577 25 21 år
288 577 54 21 1884
365 575 37 21 till
424 576 91 26 892,880
530 576 65 22 mark
615 577 26 21 64
661 575 77 30 penni,
761 575 73 22 under
849 576 25 21 är
889 577 54 22 1885
960 577 37 21 till

248 612 92 25 938,105
355 610 66 22 mark
437 611 25 21 17
477 610 77 28 penni,
574 610 74 22 under
663 611 24 21 är
704 611 54 21 1886
773 610 38 22 till
827 612 90 25 794,922
932 612 65 21 mark

246 646 27 22 93
295 644 72 29 penni
382 644 43 22 och
439 644 74 22 under
528 645 25 21 år
569 646 53 21 1887
639 645 36 21 till
691 646 90 25 849,535
797 645 65 21 mark
878 646 26 21 82
919 646 78 28 penni.

245 680 52 20 Den
312 679 89 28 ganska
419 678 120 30 betydliga
555 679 93 25 olikhet,
665 686 48 14 som
729 679 75 21 denna
819 682 52 25 post
885 680 73 22 under
969 680 28 22 de

246 713 75 21 skilda
337 714 54 20 ären
406 713 94 27 utvisar,
517 717 25 17 är
556 713 37 21 till
610 716 48 18 stor
673 712 38 22 del
727 712 134 22 förorsakad
877 713 70 28 deraf,
963 716 35 20 att

247 747 87 22 antalet
357 750 138 24 reservmän,
514 754 48 14 som
577 747 104 21 närvarit
698 746 41 22 vid
756 754 118 14 reservens
895 748 102 30 öfnings-

247 784 84 24 möten,
354 780 106 28 varierat,
480 781 4 21 i
500 781 39 21 det
560 781 101 21 nämnda
683 781 69 25 antal,
776 782 71 21 säsom
868 790 27 14 ur
913 782 45 22 den
973 783 27 22 af

247 816 83 22 Militie
353 815 171 29 Expeditionen
546 816 9 21 i
574 815 131 29 Kejserliga
728 816 101 22 Senaten
852 816 89 30 afgifna
960 818 38 21 be-

247 850 94 22 rättelse
363 850 36 22 för
421 850 55 21 åren
500 851 138 21 1885—1887
660 850 106 29 framgår,
789 850 73 22 under
884 852 67 21 dessa
973 853 25 21 är

247 885 91 29 utgjort
352 892 58 21 resp.
429 886 82 26 19,344,
536 886 75 23 17,829
627 884 43 22 och
688 886 82 20 17.639.
800 886 54 20 Men
870 886 69 22 äfven
954 886 44 22 den

248 918 206 29 omständigheten,
471 920 34 20 att
520 921 120 19 remonten
656 920 13 20 å
683 919 117 28 persedlar
808 920 50 21 icke
869 920 73 22 under
953 921 45 22 alla

249 954 24 21 år
295 953 61 22 varit
377 953 54 27 lika,
454 953 42 21 har
508 953 72 29 jemte
595 954 72 21 under
682 954 76 21 skilda
774 954 24 21 är
814 954 107 28 gällande
937 955 61 23 olika

247 988 48 29 pris
310 988 8 21 i
333 987 115 28 väsentlig
463 988 55 21 män
537 988 80 22 härtill
632 988 140 22 medverkat.
804 989 30 21 Sä
849 990 72 21 mäste
937 990 61 28 sjelf-

248 1022 55 22 allet
318 1022 69 21 äfven
401 1022 9 20 i
424 1022 124 21 framtiden
566 1022 72 22 blifva
656 1022 162 28 förhällandet,
841 1024 93 22 hvarför
956 1025 42 21 Ut-

248 1056 87 22 skottet
355 1058 75 19 ansett.
450 1056 36 28 sig
504 1056 51 22 icke
576 1064 42 21 ega
634 1057 49 21 skäl
704 1057 35 21 till
762 1058 153 29 anmärkning
937 1061 61 20 emot

248 1090 45 22 den
315 1090 35 22 uti
372 1090 85 29 nådiga
481 1092 173 27 propositionen
676 1091 36 21 för
736 1099 107 15 reserven
868 1092 129 23 beräknade

248 1125 129 22 kostnaden
393 1124 26 22 af
436 1126 90 26 905,000
541 1126 65 21 mark
622 1132 37 14 om
674 1126 54 21 året.

315 1154 78 27 Äfven
413 1159 165 29 utgiftsposten
597 1160 35 21 för
647 1160 76 27 finska
738 1161 142 22 kadettkåren
895 1165 25 18 är
935 1162 8 21 i
958 1162 39 21 nå-

248 1194 55 28 diga
317 1193 175 29 propositionen
515 1194 110 28 angifven
643 1194 71 29 högre
730 1198 29 18 än
774 1195 124 22 tillförene.
928 1197 70 21 Emot

248 1235 57 21 resp.
329 1229 90 25 242,406
442 1228 65 21 mark
530 1229 24 20 18
577 1229 77 28 penni,
676 1229 92 26 245,536
791 1229 65 21 mark
879 1231 25 20 13
919 1231 77 28 penni,

248 1263 91 26 240,105
354 1261 65 21 mark
435 1263 24 20 91
477 1262 70 28 penni
563 1262 42 21 och
622 1263 89 26 265,229
732 1263 64 21 mark
812 1265 13 20 4
840 1264 69 27 penni
924 1264 73 22 under

249 1296 54 20 åren
327 1297 137 20 1884—1887
489 1299 38 17 äro
543 1297 117 27 nämligen
675 1296 67 21 dessa
756 1297 97 27 utgifter
867 1297 130 22 beräknade

248 1329 37 21 till
301 1330 92 25 307,000
407 1328 65 22 mark
488 1329 88 29 årligen
591 1329 36 21 för
637 1330 191 21 nästkommande
836 1330 161 30 finansperiod.

248 1363 165 29 Tillökningen
428 1362 74 22 finner
517 1364 35 20 sin
568 1363 128 29 förklaring
709 1363 48 22 dels
772 1365 35 21 uti
823 1364 28 22 de
866 1365 131 28 kostnader,

248 1398 80 22 hvilka
350 1397 73 22 blifva
442 1405 29 13 en
486 1397 58 29 följd
560 1398 66 21 deraf
639 1400 40 24 att,
695 1399 30 28 på
740 1401 46 19 sätt
800 1399 9 22 i
824 1399 83 23 Militie
921 1400 76 30 Expe-

248 1433 117 21 ditionens
380 1432 199 30 ofvanåberopade
594 1433 122 22 berättelse
732 1434 103 28 omtalas,
852 1434 73 30 enligt
935 1436 62 22 med-

249 1467 67 23 delad
331 1468 72 28 nådig
423 1467 134 29 befallning,
580 1468 28 21 de
623 1468 76 21 elever
714 1476 49 14 som
778 1468 52 23 från
844 1469 153 23 kadettkåren

318 1508 147 18 Statsutskotteis
478 1508 116 18 betänkande
605 1510 34 16 N:o
653 1508 16 18 3.
