1100 1739
271 142 13 21 6
489 143 19 23 U.
524 142 19 23 B.
561 154 26 5 —
603 142 54 29 Prop.
674 143 33 23 N:o
723 142 26 24 19.

311 203 69 22 Hvad
400 204 102 22 deremot
523 204 142 22 vidkommer
689 204 82 29 frågan
786 212 37 14 om
836 204 152 28 pensionering

243 238 30 27 af
289 238 114 21 städernas
421 238 271 28 jolkskollärarepersonal
711 239 42 21 har
768 238 119 22 Utskottet
905 237 83 27 funnit,

244 273 34 20 att
303 272 28 21 de
353 272 53 22 utaf
425 273 107 21 städerna
554 273 35 22 för
611 273 82 21 sådant
712 273 107 22 ändamål
833 272 155 22 inlevererade

243 306 98 28 medlen,
363 307 138 29 uppgående
523 306 36 23 för
581 308 54 21 åren
660 308 52 22 1886
735 308 44 21 och
802 309 53 21 1887
879 307 37 21 till
930 313 58 22 resp.

244 342 63 26 9,210
329 340 43 23 och
395 342 76 27 10,020
493 341 70 28 mark,
587 342 50 22 icke
659 344 115 20 motsvara
789 342 28 22 de
832 342 90 28 belopp,
941 348 49 15 som

244 376 73 28 enligt
332 376 131 22 Utskottets
479 377 68 21 tanke
561 377 53 21 bort
628 376 82 29 inflyta
725 377 37 21 till
777 376 85 22 fonden
878 376 35 22 för
935 383 54 21 pen-

245 410 117 28 sionering
388 410 25 21 af
435 411 119 21 städernas
579 411 175 21 folkskollärare
779 411 43 21 och
851 410 137 26 lärarinnor;

245 444 42 22 och
302 444 65 22 torde
382 444 63 22 detta
460 444 70 23 hafva
545 446 35 21 sin
595 445 75 29 grund
685 444 75 23 deruti
775 447 41 25 att,
834 445 74 21 såsom
922 445 9 21 i
946 444 44 22 den

244 479 85 28 nådiga
343 479 172 29 propositionen
531 479 68 22 äfven
614 480 73 21 finnes
706 480 89 28 antydt,
815 478 175 30 pensionsafgif-

245 515 34 19 ter
295 513 85 29 erlagts
396 514 80 20 endast
497 513 37 22 för
556 514 28 22 de
606 514 73 22 lärare
702 514 43 22 och
759 514 134 27 lärarinnor,
911 513 80 23 hvilka

245 547 106 22 innehaft
373 547 113 22 ordinarie
508 548 76 28 tjenst.
624 548 35 22 Då
684 548 128 22 emellertid
835 548 86 28 nådiga
947 547 43 22 för-

245 582 131 28 ordningen
384 582 43 22 den
443 584 12 20 5
470 583 100 28 Augusti
587 584 53 21 1886
655 582 134 22 innehåller:
805 583 8 21 i
829 582 50 22 dess
894 584 13 25 &
923 584 20 25 2,
959 584 33 20 att

245 617 73 21 lärare
333 617 59 28 eller
404 617 115 22 lärarinna
537 617 40 22 vid
599 617 115 23 folkskola
735 619 7 21 i
760 618 57 27 stad,
841 624 48 15 som
904 617 40 21 vid
960 617 32 21 af-

245 651 179 29 skedstagandet
439 652 42 22 har
495 652 70 22 minst
572 659 57 22 resp.
640 653 61 26 1,200
716 652 44 22 och
775 653 42 21 900
831 652 65 22 mark
911 652 8 20 i
934 652 58 28 årlig

246 685 108 30 aflöning,
371 693 53 22 eger
439 689 46 18 rätt
500 687 36 21 till
544 687 96 28 pension
655 689 59 19 samt
728 687 9 21 i
745 687 83 21 sädant
836 686 107 22 afseende
957 685 36 22 fär

246 720 171 29 tillgodoräkna
433 721 35 28 sig
484 721 44 21 den
543 721 34 21 tid
599 721 46 21 han
663 721 55 21 eller
737 721 46 22 hon
805 721 135 28 tjenstgjort
953 720 40 21 vid

245 754 116 22 folkskola
376 754 52 22 med
444 762 28 14 en
493 755 314 29 undervisningsskyldighet
829 755 26 21 af
873 755 71 21 minst
966 756 27 19 24

247 789 91 21 timmar
352 789 9 21 i
376 789 94 28 veckan,
487 788 88 23 oafsedt
590 789 45 22 den
649 789 73 22 under
729 789 66 22 tiden
803 789 106 29 ätnjutna
916 789 76 26 lönen,

246 823 119 22 äfvensom
387 823 9 21 i
418 824 13 27 &$
453 825 13 20 4
489 825 34 20 att
544 823 204 29 pensionsafgifter
767 823 56 22 böra
838 823 105 29 erläggas
958 823 36 21 för

246 857 79 29 hvarje
339 857 74 22 lärare
429 857 54 22 eller
492 858 122 28 lärarinna,
630 865 48 14 som
694 875 11 10 ,
706 858 48 21 kan
769 857 70 23 varda
854 857 36 22 till
897 858 95 29 pension

245 892 153 29 berättigad",
413 892 42 21 har
469 892 120 22 Utskottet
605 892 44 22 den
663 892 152 29 uppfattning
838 894 35 20 att
887 892 106 22 städerna

246 926 56 22 böra
316 926 102 22 inbetala
433 926 28 21 de
476 927 110 28 stadgade
601 927 220 28 pensionsbidragen
836 927 70 21 äfven
920 926 36 22 för
966 926 28 22 do

247 961 136 22 biträdande
398 961 74 21 lärare
487 961 43 21 och
545 961 135 28 lärarinnor,
695 961 80 22 hvilka
790 961 71 22 hafva
875 968 29 14 en
915 961 79 28 tjenst-

247 995 229 29 göringsskyldighet
498 995 27 22 af
543 996 71 21 minst
636 996 27 21 24
685 995 92 22 timmar
799 995 8 22 i
829 995 95 28 veckan,
941 998 54 19 enär

248 1029 71 28 dessa,
325 1029 71 22 ehuru
400 1029 28 22 de
432 1029 120 22 visserlien
557 1030 20 28 ej
583 1029 72 22 blifva
658 1029 336 29 pensionsberättigadeförrän

247 1063 28 22 de
283 1063 129 23 befordrats
421 1063 38 22 till
466 1063 113 22 ordinarie
587 1064 137 28 befattning,
732 1063 79 28 likväl,
820 1064 73 29 enligt
901 1064 94 22 Utskot-

247 1100 46 20 tets
308 1098 67 29 åsigt,
391 1097 35 22 för
441 1098 131 22 erhållande
588 1098 25 21 af
625 1098 97 29 pension
745 1097 174 30 otvifvelaktigt
940 1098 55 22 böra

248 1133 24 22 få
286 1133 171 29 tillgodoräkna
473 1134 35 28 sig
523 1133 44 22 den
583 1133 34 22 tid
632 1133 28 22 de
675 1133 75 22 såsom
773 1133 135 22 biträdande
924 1133 72 22 under

247 1167 152 29 nyssanförda
421 1167 75 22 vilkor
518 1167 89 22 arbetat
626 1168 9 21 i
649 1167 143 22 folkskolans
807 1167 77 29 tjenst.
913 1167 83 29 Enligt

247 1201 93 30 uppgift
361 1201 52 22 från
443 1196 184 34 Öfverstyrelsen
648 1201 37 22 för
706 1201 161 22 skolväsendet
889 1202 107 29 utgjorde

247 1236 88 22 antalet
353 1236 27 21 af
396 1236 86 21 sådana
504 1236 13 21 å
539 1238 64 19 extra
625 1238 47 19 stat
694 1236 106 21 anstälda
821 1235 175 22 folkskollärare

248 1270 43 22 och
305 1270 129 22 lärarinnor
448 1271 9 21 i
471 1270 107 22 städerna
593 1270 40 22 vid
647 1271 119 27 utgången
781 1270 26 21 af
828 1271 98 20 läseåret
942 1272 54 20 1886

248 1305 83 21 —1887
347 1311 59 21 resp.
421 1305 28 20 34
464 1304 43 21 och
522 1306 33 20 95.
586 1304 126 28 Stödjande
727 1304 36 28 sig
778 1304 30 28 pä
831 1304 36 20 sin
890 1304 106 21 ofvanut-

248 1338 78 21 talade
350 1337 152 29 uppfattning
517 1337 42 22 har
572 1338 122 21 Utskottet
708 1337 78 22 derför
808 1336 83 25 funnit,
907 1339 36 20 att
957 1337 39 22 det

247 1372 84 29 belopp
353 1372 108 21 städerna
485 1375 38 18 äro
547 1371 107 29 skyldiga
676 1374 34 19 att
732 1372 95 29 erlägga
848 1371 9 22 i
877 1372 119 29 pensions-

249 1406 94 30 afgifter
357 1406 37 22 för
409 1406 35 22 sin
454 1405 281 30 folkskollärarepersonal
749 1407 41 22 bör
805 1406 55 22 ökas
875 1406 53 22 med
950 1414 46 14 om-

248 1441 69 29 kring
339 1442 63 27 3,000
423 1440 65 22 mark
506 1440 94 30 årligen,
622 1440 92 23 utöfver
736 1440 62 23 hvad
817 1441 8 21 i
848 1440 44 23 den
911 1441 85 30 nådiga

249 1476 173 29 propositionen
443 1476 8 21 i
474 1476 82 22 sådant
577 1475 108 22 afseende
713 1475 74 23 finnes
816 1475 135 23 beräknadt.
984 1477 12 22 I

318 1516 150 18 Statsutskottets
481 1516 114 18 betänkande
607 1516 40 18 N:o
659 1518 16 16 2.
