1106 1742
307 112 29 23 U.
352 111 38 24 B.
406 124 27 4 —
447 112 99 33 Prop.
561 112 53 24 N:o
628 112 43 24 18.

386 511 211 21 Statsutskottets
620 510 151 22 betänkande
793 501 75 31 N:o
849 497 20 46 T

318 545 6 22 i
340 545 97 28 anledning
459 545 21 22 af
496 545 49 22 Hans
564 545 103 28 Kejserliga
686 545 95 27 Majestäts
796 544 67 28 nådiga

316 579 114 28 proposition
453 579 92 28 angående
567 579 97 22 anvisande
682 579 21 21 af
715 579 56 21 medel
786 579 30 21 till
831 579 32 21 be-

319 613 91 22 stridande
430 613 22 21 af
463 613 124 22 kostnaderna
601 613 30 22 för
644 613 109 28 landtdagen
769 612 21 22 år
805 613 57 21 1891.

177 682 47 21 Den
246 681 78 28 nådiga
339 681 159 28 propositionen
514 682 39 21 har
569 682 22 22 af
605 682 97 27 samtliga
716 681 63 22 stånd
793 681 70 22 blifvit

111 716 125 23 remitterad
251 716 33 21 till
298 716 156 27 handläggning
469 716 23 21 af
505 716 171 27 Statsutskottet,
687 722 45 15 som
743 715 62 23 äfven
814 715 49 22 frän

110 751 102 22 Finlands
235 750 101 23 Ständers
361 750 193 28 Bankfullmäktige
568 751 41 22 fätt
625 751 106 27 emottaga
747 750 18 28 ej
780 751 82 22 mindre

107 785 139 22 meddelande
265 791 35 16 om
316 785 36 22 det
370 791 45 16 som
430 785 100 27 tillgjorts
545 785 8 21 i
567 785 112 26 anledning
689 785 24 22 af
721 785 143 22 Statsutskot-

107 821 43 20 tets
164 820 36 21 vid
215 821 83 20 senaste
313 819 103 27 landtdag
429 819 39 22 hos
488 819 194 27 Bankfullmäktige
700 819 75 28 gjorda
789 819 75 22 anhäl-

109 855 36 20 lan
168 860 35 16 om
225 854 76 27 ätgärd
324 854 33 22 för
376 854 137 22 anskaffande
529 854 33 21 till
577 854 130 21 Ständernas
723 853 104 22 bibliotek
840 854 24 21 af

109 888 133 27 handlingar,
265 888 111 22 tillkomna
398 888 34 22 vid
455 888 80 27 jemväl
556 888 67 22 andra
645 887 84 22 länders
751 889 28 19 än
794 887 68 22 Sveri-

108 928 38 22 ges
174 923 40 21 och
240 922 101 22 särskildt
358 923 36 21 vid
415 922 120 28 Tysklands
559 922 303 27 representantförsamlingar,

110 958 28 20 än
160 956 40 22 ock
222 957 48 22 med
292 957 114 27 anledning
427 956 62 23 deraf
501 957 113 27 uppgjordt
628 955 79 28 förslag
721 956 33 21 till
775 956 86 27 utgifts-

109 992 44 22 stat
178 991 34 22 för
237 991 129 23 Ständernas
395 991 102 22 bibliotek
523 991 68 22 under
619 990 141 22 instundande
783 990 78 22 finans-

99 1023 92 30 "period.

178 1094 76 22 Såsom
279 1094 23 22 af
326 1094 40 22 den
390 1094 33 22 till
449 1094 118 22 Ständerna
590 1094 79 28 afgifna
691 1094 117 22 relationen
826 1101 34 17 om

110 1129 141 22 statsverkets
265 1128 98 22 tillstånd
379 1130 56 26 (pag:
451 1128 50 28 139)
521 1128 100 28 framgår,
631 1128 63 22 hafva
702 1128 116 27 utgifterna
827 1129 34 21 för

109 1162 132 28 Jandtdagen
263 1163 24 21 är
310 1163 55 21 1885
388 1163 81 27 utgjort
485 1164 91 25 281,795
591 1163 60 21 mark
667 1163 12 21 6
695 1163 69 25 penni.
793 1162 68 22 Dessa

110 1196 88 28 utgifter
213 1197 63 22 ställa
292 1197 37 27 sig,
344 1196 111 22 fördelade
471 1197 28 27 pä
515 1197 26 21 de
555 1197 104 21 särskilda
673 1196 188 27 hufvudposterna,

110 1231 99 22 sälunda:

109 1288 59 3 mat
761 1259 48 27 Fang:

110 1294 96 22 Stånden
231 1296 55 20 samt
311 1294 62 22 deras
396 1294 169 27 kanslipersonal
591 1294 40 22 och
655 1293 36 22 be-

178 1328 80 28 tjening
292 1344 5 5 .
364 1344 46 6 om
441 1344 5 6 n
505 1344 40 5 «om
576 1344 4 5 4
732 1328 84 26 89,331:
833 1328 27 20 43

110 1363 117 20 Utskotten
242 1364 54 20 samt
312 1363 62 21 deras
387 1363 132 21 sekreterare
530 1363 39 20 och
583 1362 108 26 betjening
715 1358 9 34 =
733 1362 84 25 80,239:
833 1362 27 20 88

109 1396 72 27 Hyror
195 1396 34 22 för
244 1396 100 22 ständens
360 1396 39 22 och
413 1396 122 21 utskottens
549 1396 81 21 lokaler
649 1411 5 5 .
684 1410 5 6 .
733 1396 84 24 21,249:
833 1395 27 21 48

572 1440 116 28 Transport
719 1440 97 27 190,820:
832 1440 27 21 79

180 1481 148 19 Siatsuiskotteis
341 1481 116 19 betänkande
468 1483 35 16 N:o
516 1481 17 18 7.
