1106 1748
271 136 25 21 12
502 138 19 23 U.
537 136 19 23 B.
572 148 29 4 —
616 136 54 28 Prop.
686 136 32 23 N:o
735 136 25 23 16.

242 197 64 22 heten
320 198 23 20 af
357 198 68 22 denna
438 199 91 27 princips
544 198 138 27 tillämpning,
699 197 101 22 särskildt
813 198 28 26 pä
861 197 124 21 skollärare-

243 230 76 26 banan,
334 232 54 21 visat
402 232 40 27 sig:
467 232 80 22 antalet
561 232 22 21 af
595 232 80 21 sådana
688 231 37 22 fall
739 232 42 21 kan
798 231 47 22 icke
866 236 52 16 vara
932 231 54 21 stort

242 265 39 22 och
302 266 68 21 mäste
391 272 74 21 genom
488 267 110 21 allvarsam
619 266 86 27 uppsigt
720 266 50 22 eller
784 266 79 26 vänligt
878 264 108 23 consilium

243 299 91 22 abeundi
348 300 71 22 kunna
433 300 119 28 begränsas.

310 334 95 22 Slitande
419 337 24 19 är
458 336 33 21 väl
506 335 29 22 all
549 336 103 27 mensklig
666 334 140 23 verksamhet.
835 334 50 22 Men
899 333 89 22 emellan

246 368 40 22 den
300 369 129 27 väsentligen
443 370 153 21 intellektuella
610 370 40 22 och
668 370 39 21 den
730 369 65 21 delvis
816 368 117 27 korporela,
957 368 32 21 sä-

242 408 46 16 som
303 403 125 27 exempelvis
443 404 40 22 den
497 404 98 26 militära,
609 404 167 24 verksamheten,
797 403 62 22 räder
873 402 64 22 bland
952 408 36 16 an-

243 439 38 19 nat
296 437 40 21 den
351 438 86 27 olikhet,
460 440 32 20 att
514 438 27 22 dä
558 439 35 21 vid
613 439 68 21 denna
699 444 73 16 senare
788 438 105 27 kroppens
908 437 81 21 krafter

243 472 49 21 med
307 478 25 15 en
347 472 123 28 tilltagande
485 473 59 21 älder
558 473 70 27 aftaga
642 474 52 20 utan
708 475 32 19 att
755 472 22 22 af
789 472 66 28 nägot
877 474 64 19 annat
961 472 28 26 pä

243 512 80 15 samma
338 506 84 22 omräde
438 509 96 25 ersättas,
549 507 41 22 den
604 507 35 22 vid
653 508 66 26 högre
733 507 59 21 älder
806 506 139 27 tilläfventyrs
961 506 28 21 af-

244 540 91 27 tagande
357 540 84 28 andliga
461 542 84 22 kraften
567 542 64 22 oftast
652 542 7 21 i
681 542 43 21 rikt
741 542 54 21 mätt
810 542 88 20 ersättes
913 540 23 22 af
949 541 40 21 den

243 574 67 22 under
324 574 70 23 lifvets
408 576 56 27 gång
478 582 69 16 vunna
562 576 151 22 erfarenheten.
743 576 10 22 I
770 575 72 28 hvarje
865 576 38 21 fall
917 575 72 21 tillhör

244 610 37 20 det
296 610 54 21 dock
364 610 46 21 icke
425 611 95 21 området
534 611 32 21 för
580 611 103 27 mensklig
697 611 137 27 lagstiftning,
849 612 33 20 att
888 610 102 21 uniformt

244 644 117 22 bestämma
383 645 40 21 den
445 646 64 26 ålder,
532 646 27 22 då
581 646 40 22 den
643 652 40 15 ena
700 646 51 21 eller
765 645 67 22 andra
845 645 106 21 individen
966 646 24 20 är

245 678 87 22 utsliten
347 679 39 22 och
402 680 91 27 oduglig.
512 680 66 22 Forn-
593 681 39 21 och
647 680 85 22 framtid
746 680 63 21 vimla
824 680 23 21 af
860 679 94 27 exempel
963 679 28 27 på

250 713 97 27 andligen
366 714 39 21 och
426 714 125 28 lekamligen
569 715 105 22 utlefvade
684 721 15 15 s.
716 715 20 21 k.
756 714 188 22 medelåldersmän
951 713 40 22 och

244 748 185 27 sinnesspänstiga,
445 749 202 27 handlingskraftiga
662 756 15 15 s.
696 749 21 21 k.
739 748 87 28 gubbar.
856 748 69 22 Bland
945 748 46 22 lan-

244 782 46 22 dets
305 782 121 22 nuvarande
441 784 212 27 skollärarepersonal
674 783 73 27 finnas,
770 783 65 27 enligt
857 782 134 28 uppgifterna

244 816 6 21 i
266 817 175 26 statskalendern,
456 818 66 27 tjugu,
538 824 45 16 som
597 818 35 22 vid
648 818 54 22 1888
717 818 34 21 ärs
766 818 77 26 ingäng
857 817 90 27 uppnätt
965 823 26 16 en

244 850 59 22 ålder
318 852 23 20 af
354 852 27 21 63
396 851 24 22 är
435 852 50 21 eller
501 852 99 22 deröfver.
631 853 53 22 Dem
700 852 39 22 och
754 852 41 22 den
809 852 70 27 gamla
887 854 104 20 stammen

246 885 138 22 Ofverhufvud
394 886 83 22 komme
485 887 224 28 afsättningsförslaget
723 887 46 21 icke
777 888 32 20 att
816 886 82 22 beröra.
913 887 77 21 Männe

244 920 69 22 tidens
328 927 64 20 yngre
408 921 157 28 stamtelningar
580 922 57 27 gifva
651 921 112 27 anledning
777 921 32 21 till
824 923 68 19 större
906 921 85 27 bekym-

244 960 45 15 mer
304 954 32 21 för
352 955 40 21 den
407 955 30 21 tid
453 962 44 15 som
512 955 109 22 kommer?

314 989 12 21 I
340 989 72 22 stället
426 989 33 22 för
474 990 64 27 tvång
553 990 38 22 och
606 990 55 25 våld,
683 996 45 15 som
749 990 75 21 endast
841 989 71 21 kunna
926 989 65 21 alstra

244 1023 100 26 missnöje
366 1023 57 22 öfver
445 1023 100 22 beröfvad
565 1024 134 21 verksamhet
721 1024 40 21 och
781 1023 98 22 minskad
892 1023 98 25 inkomst,

245 1063 62 21 synes
321 1058 43 26 mig
380 1057 40 22 den
434 1058 84 27 vänliga
531 1058 106 22 lockelsen
651 1058 23 21 af
687 1064 25 15 en
727 1058 24 21 sä
765 1058 45 21 vidt
827 1057 82 27 möjligt
923 1057 67 27 jemn-

246 1091 43 26 god
302 1091 87 25 pension
405 1092 38 21 och
458 1092 101 27 rättighet
581 1094 32 20 att
634 1093 35 20 vid
691 1099 25 14 en
738 1093 41 20 viss
799 1091 58 22 älder
871 1093 52 20 utan
938 1091 53 22 före-

244 1125 76 22 teende
335 1126 23 21 af
370 1126 181 27 sjuklighetsbevis
566 1127 21 21 fä
601 1127 73 21 afsked
689 1127 48 20 med
751 1126 88 27 pension
853 1132 51 15 vara
911 1125 80 28 egnade

244 1161 33 20 att
291 1161 51 20 utan
357 1160 118 27 kränkning
490 1161 23 21 af
525 1161 163 26 grundsatserna
709 1160 32 21 för
761 1160 77 21 allmän
852 1160 36 27 lag
902 1160 39 21 och
957 1165 34 16 en-

245 1193 56 22 skild
314 1195 44 20 rätt
373 1194 99 22 befordra
479 1195 36 21 det
528 1195 9 21 i
552 1195 39 21 den
605 1195 47 21 näd.
668 1195 157 26 propositionen
834 1194 86 22 afsedda
927 1193 64 22 ända-

245 1228 48 21 mäl.
324 1228 49 22 Men
394 1229 8 20 i
424 1229 67 22 denna
514 1229 33 22 del
569 1229 104 22 erfordras
694 1229 47 21 icke
755 1229 128 21 Ständernas
897 1228 94 22 medver-

245 1263 53 26 kan;
322 1263 39 21 och
382 1263 37 27 jag
440 1263 79 22 tillåter
540 1263 43 28 mig
605 1263 70 22 derför
696 1263 108 21 vördsamt
824 1263 118 24 hemställa,
961 1264 31 19 att

246 1297 119 20 Ständerna
379 1297 66 20 måtte
460 1297 68 20 såsom
543 1303 48 14 svar
605 1297 28 26 pä
652 1297 40 20 den
713 1296 48 21 nåd.
784 1296 157 27 propositionen
963 1295 28 21 af-

243 1329 67 27 gifva:

451 1401 32 18 att
499 1397 122 22 Ständerna
636 1398 45 21 icke
697 1398 109 27 samtycka
821 1399 35 20 till
878 1398 41 21 den
929 1398 62 28 före-

381 1433 76 28 slagna
480 1433 118 28 afvikelsen
619 1433 55 26 från
692 1433 25 21 de
735 1434 32 20 uti
781 1433 15 28 $
811 1435 15 19 2
841 1434 8 20 i
863 1433 129 28 Regerings-

376 1468 87 27 formen
487 1468 38 21 och
546 1468 15 27 $
582 1469 14 20 4
619 1469 7 20 i
649 1467 196 28 Riksdagsbeslutet
863 1467 30 28 af
906 1467 41 22 den
962 1469 30 20 23

314 1508 140 23 Lagutskottets
466 1508 115 17 betänkande
593 1508 36 17 N:o
642 1508 17 17 5.
