1098 1750
389 148 24 20 U.
427 148 22 22 B,
466 160 27 3 —
509 149 59 25 Prop.
583 149 37 19 N:o
635 149 28 21 21.
847 147 22 21 11

747 191 11 11 LJ

149 216 49 21 gar,
214 216 46 14 som
276 208 38 22 till
329 209 106 22 bemälda
450 209 164 29 myndigheter
628 209 109 29 ingifvas,
754 217 57 14 vara
823 209 78 22 antin-

150 250 46 21 gen
209 242 30 29 på
254 242 57 22 slikt
325 250 88 22 papper
427 243 90 22 skrifna
533 243 56 22 eller
604 243 52 21 med
672 242 125 29 stämpladt
814 249 88 21 papper

149 276 57 22 eller
221 276 195 29 stämpelmärken
430 276 109 30 belagda;
555 277 41 22 allt
611 277 37 21 till
664 277 40 21 det
717 276 92 29 belopp,
820 278 30 27 på
860 277 39 21 det

150 312 53 27 sätt,
218 310 53 22 med
286 310 28 22 de
329 310 120 30 undantag
465 311 43 21 och
523 311 41 22 vid
580 311 40 21 det
634 311 115 28 äfventyr,
761 310 41 22 här
812 311 85 21 nedan-

151 345 34 22 för
200 344 100 30 stadgas.

504 398 12 26 8
532 398 19 21 2.

218 442 132 30 Stämpladt
363 450 89 22 papper
467 443 61 22 skall
543 443 74 22 finnas
634 445 34 20 att
682 442 67 30 tillgå
760 444 26 21 af
795 443 103 29 följande

148 476 95 29 värden,
265 478 128 28 nämligen:
409 478 13 21 å
437 478 117 28 tjugufem
570 478 43 21 och
628 478 81 22 femtio
724 478 72 28 penni
811 480 60 20 samt
887 478 13 22 &

148 518 29 15 en
192 512 72 27 mark,
279 519 30 15 en
323 512 66 22 mark
404 512 81 22 femtio
500 513 78 28 penni,
593 512 47 26 tvä,
655 515 41 25 tre,
713 512 58 29 fyra,
786 513 53 26 fem,
851 520 49 21 sex,

148 546 43 28 sju,
214 546 55 27 ätta,
292 546 40 28 tio,
356 547 95 27 femton,
472 546 75 30 tjugu,
563 546 122 29 tjugufem,
701 547 86 26 trettio,
803 547 95 28 fyratio,

148 580 88 27 femtio,
260 581 79 26 sextio,
363 582 90 27 ättatio,
469 581 133 28 etthundra,
617 580 214 28 etthundrafemtio,
847 581 51 22 tvä-

148 615 91 22 hundra
254 615 43 22 och
312 615 137 22 femhundra
464 615 72 22 mark.

216 643 22 28 Ä
253 649 121 23 enahanda
388 649 91 22 valörer
495 653 59 19 samt
569 650 117 21 dessutom
692 639 12 45 &
725 650 39 26 tio,
776 650 68 29 tjugu
855 650 43 21 och

148 684 87 29 fyratio
258 684 83 29 pennis
363 684 88 22 värden
477 684 66 23 skola
568 684 195 29 stämpelmärken
787 685 110 28 derjemte

148 725 53 16 vara
216 719 97 22 allmänt
327 719 160 29 tillgängliga.

501 773 48 26 83.

216 810 34 21 På
271 810 82 29 hvarje
376 811 42 20 ark
433 811 125 28 stämpladt
573 817 88 22 papper
676 810 125 29 anbringas
817 811 13 21 å
845 811 52 22 dess

148 844 74 21 första
243 844 51 22 sida
316 851 29 14 en
367 845 79 27 tryckt
461 844 105 29 stämpel,
583 844 65 22 hvari
663 844 75 22 finnes
753 845 30 28 på
799 847 34 19 ett
847 845 52 28 tyd-

148 878 45 29 ligt
214 878 44 22 och
277 878 46 22 lätt
337 879 8 21 i
361 881 90 26 ögonen
467 879 104 22 fallande
587 881 46 19 sätt
648 881 74 19 utsatt
737 879 94 22 valören
846 879 52 22 med

149 912 77 22 siffror
248 915 59 19 samt
330 913 85 22 svensk
441 913 43 22 och
507 913 61 22 finsk
593 915 54 19 text.
678 913 123 21 Dessutom
827 913 71 22 förses

148 947 81 29 hvarje
252 948 40 21 ark
311 947 14 22 å
339 947 74 22 första
428 947 68 22 sidan
511 947 52 22 med
578 947 207 28 kontrollstämpel,
801 947 97 22 hvilken

147 981 87 29 jemväl
257 981 125 30 anbringas
398 982 13 21 å
426 981 86 29 vexlar,
529 981 135 22 fullmakter
680 982 43 21 och
739 981 72 22 andra
825 981 72 22 hand-

148 1016 82 29 lingar,
247 1023 48 15 som
310 1017 31 28 på
355 1017 283 28 kartasigillatakontoret
650 1016 104 29 undergå
764 1017 132 28 stämpling.

149 1051 53 23 Med
224 1051 121 23 enahanda
367 1052 99 29 stämpel
488 1052 70 21 förses
578 1051 86 29 jemväl
685 1051 212 29 stämpelmärkena.

457 1122 33 21 IL
507 1122 77 26 Kap.

147 1178 108 28 Angående
272 1179 95 27 beloppet
381 1178 21 22 af
418 1178 33 22 det
466 1179 116 27 stämplade
598 1184 82 22 papper,
696 1184 44 17 som
757 1179 5 21 i
778 1179 67 27 hvarje
864 1179 35 21 fall

431 1213 52 22 skall
503 1214 111 27 begagnas.

502 1266 12 26 8
529 1266 24 20 4.

214 1310 103 22 Landets
341 1310 132 28 domstolar,
498 1310 145 22 embetsverk
661 1310 43 22 och
728 1310 171 28 myndigheter,

145 1344 41 22 vid
208 1344 81 23 hvilka
312 1341 187 33 stämpelpapper
521 1345 61 21 skall
605 1345 129 28 begagnas,
759 1344 110 22 hänföras
891 1344 8 21 i

144 1378 66 22 detta
228 1379 109 21 afseende
353 1379 37 20 till
405 1379 54 27 fyra
474 1379 116 21 särskilda
604 1379 154 27 afdelningar,
769 1378 130 28 nämligen
889 1374 13 37 ;

214 1412 80 22 Första
316 1412 153 28 afdelningen:
489 1413 100 21 Senaten
605 1412 42 22 och
664 1412 51 22 dess
731 1412 160 28 expeditioner

145 1446 341 23 Minister-Statssekreteraren
507 1446 44 22 och
566 1446 65 22 Hans
648 1446 107 28 Majestät
771 1446 126 29 Kejsarens

213 1486 210 24 Bevillningsutskottets
435 1486 108 18 betänkande
555 1486 36 18 N:o
603 1488 18 16 5.
