1700 1906
619 227 70 29 tänd.
705 233 29 23 Sv.
751 246 25 2 —
792 234 54 29 Prop.
863 234 31 24 N:o
909 233 28 24 13.
1088 234 27 21 23

531 299 51 21 dant
597 299 19 27 ej
629 299 9 21 i
653 299 96 26 afseende
764 301 14 19 å
791 300 57 26 gäld,
863 306 46 15 som
924 299 116 22 tillkommit
1053 300 50 26 förr,
1115 300 29 20 än

529 332 99 22 makarne
650 332 33 22 det
705 333 33 26 för
752 335 71 20 rätten
841 333 118 27 skriftligen
974 333 169 27 tillkännagifvit,

530 366 36 22 och
581 366 121 28 kungörelse
717 366 70 22 derom
799 374 74 20 genom
888 368 81 20 rättens
984 368 82 26 försorg
1077 366 67 27 blifvit

529 400 9 21 i
560 400 107 22 allmänna
690 400 137 28 tidningarna
849 403 31 20 tre
896 402 81 26 gånger
995 401 78 27 införd,
1089 402 55 20 samt

530 434 218 28 öfverenskommelsen
767 436 87 26 derefter
873 436 9 20 i
899 435 124 27 protokollet
1039 436 57 26 öfver
1110 435 34 21 äk-

530 469 172 27 tenskapsförord
715 470 95 27 intagits.

802 540 17 23 $
833 539 34 20 18.

601 588 52 22 Sker
666 589 120 27 utmätning
801 589 8 21 i
823 588 85 22 makars
918 589 31 27 bo,
961 588 35 22 och
1005 588 37 22 vill
1051 595 38 15 ena
1100 595 44 15 ma-

530 624 38 20 ken
588 624 31 26 pä
641 624 70 26 grund
725 623 26 27 af
762 624 14 20 4
791 623 46 22 eller
853 624 14 20 6
881 623 15 28 $
911 624 14 20 4
939 623 47 27 kap.
1001 623 52 27 frän
1067 624 77 21 utmäi-

529 658 78 27 ningen
628 658 123 27 undantaga
773 658 53 21 visst
841 658 64 26 gods:
923 658 63 27 gitter
1001 658 39 21 den
1055 657 58 22 make
1127 658 18 26 ej

528 694 77 26 genast
626 693 46 21 visa
693 692 35 22 sin
749 693 50 25 rätt,
816 699 47 15 men
881 692 72 28 bjuder
967 691 110 23 sannolika
1091 692 53 26 skäl,

530 727 64 22 varde
606 728 75 26 godset
691 726 82 28 belagdt
782 727 47 21 med
839 727 105 27 gvarstad,
956 726 36 22 och
1002 728 87 21 stämme
1099 733 44 15 ma-

529 761 39 22 ken
589 762 58 22 inom
666 764 31 20 tre
718 762 101 21 månader
841 762 127 27 borgenären
988 760 31 23 till
1038 761 39 22 den
1091 763 51 25 rätt,

530 803 45 15 som
589 797 9 21 i
612 798 14 19 3
640 798 14 24 $
669 798 25 20 är
708 796 59 27 sagd,
783 796 48 22 eller
848 796 60 27 hafve
927 796 34 21 sin
976 795 57 22 talan
1047 796 95 27 förlorat,

531 830 35 21 der
582 831 18 27 ej
615 830 109 22 boskilnad
737 830 57 22 inom
809 837 80 15 samma
905 830 31 22 tid
950 829 64 22 sökes.
1049 830 41 21 Vill
1101 830 43 22 bor-

528 866 91 25 genären
633 864 50 28 sjelf
693 866 97 25 stämma,
806 865 75 22 stände
897 865 33 21 det
944 864 75 22 honom
1032 864 54 27 fritt.

802 942 17 24 $
833 942 33 20 19.

598 987 33 26 Är
646 991 115 28 äktenskap
775 999 74 20 genom
863 991 84 22 skilnad
961 991 90 28 upplöst,
1063 992 36 21 och
1109 991 37 22 vill

530 1034 39 14 ena
584 1026 73 22 maken
672 1026 98 27 egendom
784 1026 34 27 för
831 1026 53 28 gäld
893 1026 149 27 undanskifta;
1052 1033 49 15 vare
1111 1025 35 28 lag

530 1068 46 14 som
597 1068 32 14 om
647 1060 110 28 egendoms
770 1060 178 28 undanskiftande
962 1060 36 22 vid
1013 1060 91 27 dödsfall
1119 1062 27 19 är

530 1095 103 22 särskildt
647 1095 105 27 stadgadt.

600 1214 76 22 Denna
692 1214 35 27 lag
740 1213 67 28 gäller
821 1214 50 27 från
887 1214 39 21 den

774 1255 47 15 men
836 1248 54 22 skall
905 1249 8 21 i
929 1248 95 27 afseende
1040 1249 14 20 å
1067 1248 78 27 makar,

530 1283 80 22 hvilkas
626 1283 113 26 äktenskap
755 1283 88 27 tidigare
858 1284 86 27 ingåtts,
956 1282 106 27 tillämpas
1073 1283 74 22 endast

532 1317 129 28 beträffande
680 1318 138 27 rättegången
835 1318 9 21 i
861 1317 166 23 boskilnadsmål
1042 1317 35 22 och
1092 1318 55 21 verk-

531 1353 107 26 ningarna
654 1353 25 26 af
690 1359 83 15 vunnen
789 1351 114 24 boskilnad.

466 1409 105 28 Slutligen
587 1409 88 28 utbedja
689 1410 32 27 sig
736 1409 119 22 Ständerna
870 1411 31 20 att
916 1408 22 22 få
953 1409 8 21 i
979 1408 169 28 underdånighet

394 1444 89 26 anmäla,
500 1445 36 20 det
557 1444 119 22 Ständerna

603 1499 141 28 oförändradt
763 1501 81 26 antagit
862 1499 101 28 förslaget
978 1499 31 22 till
1023 1499 124 27 förordning

532 1534 145 28 innefattande
700 1534 91 27 ändring
810 1535 26 26 af
848 1536 28 19 10
893 1536 12 22 8
920 1534 9 21 i
942 1533 151 28 förordningen
1109 1533 38 22 den
