1103 1745
276 131 11 19 2
577 129 40 21 N:o
635 130 32 19 17.

247 197 56 20 hvad
327 197 25 20 de
371 197 57 20 förut
447 197 111 25 inhemtat,
574 197 34 20 till
624 196 51 26 följd
692 196 77 21 hvaraf
782 197 7 20 i
804 197 76 26 början
896 196 23 20 af
933 197 66 20 mötet

247 231 49 21 med
314 231 74 26 hvarje
406 230 129 21 åldersklass
551 231 47 20 icke
614 231 62 25 ringa
691 231 31 20 tid
739 231 70 26 åtgått
824 231 34 20 till
874 231 124 26 repetition;

247 266 40 21 och
311 266 39 20 har
373 265 165 21 Befälhafvaren
559 268 78 23 ansett,
654 266 32 19 att
702 265 36 20 det
754 265 47 20 med
817 265 99 21 afseende
933 265 12 21 å
961 271 39 14 un-

249 300 160 25 dervisningens
433 298 112 27 framgång
564 305 50 15 vore
635 299 173 26 fördelaktigare,
824 305 34 15 om
874 298 127 27 öfningarne

247 335 49 20 med
318 334 73 26 hvarje
415 333 129 22 åldersklass
568 333 23 21 af
612 339 102 15 reserven
737 333 131 27 försigginge
884 334 7 20 i
907 339 26 14 en
948 333 52 26 följd

248 369 67 20 under
338 369 40 20 den
401 367 129 22 föreskrifna
554 368 58 20 tiden
636 367 23 21 af
677 367 62 21 nittio
756 368 72 27 dagar,
844 370 26 19 än
887 369 32 20 att
935 368 65 26 sagda

248 403 98 26 öfningar
362 403 121 20 fördelades
500 403 27 25 på
542 404 34 19 tre
592 403 69 20 skilda
677 403 30 20 år.

319 437 50 21 Med
389 437 99 21 afseende
502 437 54 20 härå
572 437 39 20 och
629 437 26 20 då
672 443 24 14 en
713 436 155 27 inskränkning
883 437 7 20 i
906 437 95 26 öfnings-

248 474 97 20 mötenas
366 471 60 21 antal
441 471 77 27 jemväl
534 471 68 21 skulle
617 471 83 20 minska
717 471 26 20 de
759 471 138 20 ekonomiska
914 471 85 26 olägen-

247 508 93 21 heterna
362 506 34 21 för
418 507 164 20 reservmännen
606 505 35 21 vid
664 505 245 27 öfningsskyldighetens
925 505 76 26 fullgö-

249 541 72 26 rande,
345 547 63 20 synas
431 540 75 27 giltiga
530 540 46 21 skäl
600 539 115 22 förefinnas
730 539 34 22 till
780 540 91 27 ändring
887 540 23 21 af
924 541 26 20 de
965 540 36 21 be-

249 575 133 26 stämningar
404 575 7 20 i
430 574 201 27 värnepligtslagen,
651 574 71 21 hvilka
739 575 64 26 lägga
818 575 76 20 hinder
910 575 6 20 i
933 577 68 24 vägen

249 611 32 21 för
297 617 26 14 en
338 610 125 26 lämpligare
480 609 120 26 anordning
616 609 138 21 härutinnan.

320 644 111 21 Huruvida
446 644 49 20 hela
511 644 41 21 den
568 643 33 21 för
617 650 111 15 reservens
740 644 98 26 öfningar
848 644 111 27 medgifna
969 645 32 20 tid

249 679 22 22 af
293 679 64 21 nittio
381 679 66 26 dagar
470 678 38 21 bör
525 681 61 24 tagas
602 678 6 21 i
625 678 94 27 anspräk
735 679 30 20 uti
782 685 24 14 en
824 679 57 26 följd,
899 679 52 21 eller
967 686 33 15 om

249 715 71 26 nägon
337 713 33 22 del
386 713 62 21 deraf
462 713 68 21 hellre
545 713 39 21 bör
599 713 110 20 användas
725 713 32 21 till
773 713 229 27 repetitionsöfningar

251 749 68 21 under
340 749 67 20 annat
425 748 29 26 är,
471 749 23 18 är
510 747 119 22 emellertid
645 753 25 15 en
686 747 67 28 fräga,
769 748 63 20 hvars
848 748 101 27 pröfning
964 749 39 20 och

250 783 116 26 afgörande
389 782 63 21 beror
468 782 44 21 dels
528 782 28 26 pä
571 782 56 21 hvad
643 782 152 21 erfarenheten
810 783 42 20 kan
868 783 86 20 komma
971 785 32 19 att

249 818 56 26 gifva
321 817 34 21 vid
371 817 91 25 banden,
480 816 44 21 dels
540 817 27 25 pä
583 816 265 27 tidsomständigheternä;
866 817 39 20 och
916 817 37 21 det
963 817 40 20 har

249 853 70 21 derför
335 852 80 21 ansetts
431 851 52 20 böra
499 851 141 21 öfverlemnas
659 852 22 19 ät
700 851 108 26 Styrelsen
820 854 36 23 att,
868 852 57 20 inom
935 854 64 24 grän-

249 893 63 15 serna
331 886 23 20 af
369 886 26 20 de
410 885 6 20 i
433 885 195 27 värnepligtslagen
644 885 59 26 gifna
718 885 187 27 bestämningarne
921 886 80 21 beträf-

249 922 64 20 fande
329 921 42 21 den
386 920 160 26 sammanlagda
562 920 156 26 öfningstidens
735 920 63 27 längd
814 921 38 21 och
865 920 136 27 öfningarnes

249 955 138 28 förläggande
410 954 32 22 till
465 954 26 21 de
514 954 69 21 första
606 957 33 19 tre
659 954 51 21 ären
726 954 22 21 af
762 955 139 28 reservtiden,
918 955 85 22 besluta

251 997 32 15 om
307 990 155 26 öfningstidens
484 989 128 27 fördelning.
650 989 31 21 På
704 990 70 25 grund
790 990 64 21 häraf
868 990 91 21 föreslås
975 997 27 14 en

249 1025 67 21 sådan
338 1023 117 22 förändrad
476 1023 81 26 lydelse
573 1024 23 20 af
609 1024 24 27 $$
650 1025 12 19 9
678 1023 39 21 och
735 1025 25 19 10
777 1024 6 20 i
799 1025 202 26 värneplietslagen,

249 1061 33 20 att
304 1059 187 26 bestämningarne
514 1065 34 14 om
571 1058 157 27 öfningstidens
750 1058 122 27 fördelning
886 1061 28 24 pä
929 1060 34 19 tre
979 1059 24 20 är

249 1100 26 15 ur
291 1094 47 21 dem
354 1093 110 20 uteslutes.

320 1127 63 21 Hvad
398 1127 103 21 beträffar
518 1127 36 20 det
568 1127 7 20 i
590 1127 11 27 8
618 1127 26 20 58
656 1127 22 20 af
688 1127 197 26 värnepligtslagen
896 1127 105 27 ingående

249 1162 127 27 stadgande,
392 1163 32 19 att
440 1161 118 26 ansökning
574 1167 34 14 om
625 1160 94 27 eftergift
735 1161 6 20 i
757 1161 158 27 värnepligtens
925 1161 77 26 fullgö-

249 1197 67 22 rande
327 1197 39 20 bör
376 1196 104 21 inlemnas
489 1195 33 22 till
533 1195 159 21 vederbörande
703 1196 177 26 uppbädsnämnd
893 1196 52 21 eller
954 1196 48 21 dess

250 1231 129 22 ordförande
397 1230 67 21 redan
479 1230 46 21 före
541 1230 39 21 den
599 1230 25 21 15
639 1229 90 22 Januari
748 1230 35 21 det
799 1231 32 26 är,
848 1230 28 21 dä
891 1231 111 21 sökanden

250 1268 24 19 är
289 1265 87 27 uppbåd
391 1265 153 24 underkastad,
561 1264 43 21 kan
620 1264 127 25 detsamma,
764 1264 28 26 pä
808 1266 44 19 sätt
863 1265 139 22 Ständerna
990 1260 15 36 i

249 1300 64 20 ofvan
337 1298 120 25 åberopade
478 1297 110 20 skrifvelse
604 1297 126 27 framhållit,
747 1297 67 21 blifva
828 1298 82 26 ganska
925 1299 76 20 betun-

249 1333 70 26 gande
334 1332 33 20 för
383 1331 116 26 sökanden,
516 1337 33 15 om
566 1331 69 20 denne
649 1331 47 21 icke
712 1332 24 19 är
751 1332 73 20 bosatt
840 1331 13 21 å
868 1338 82 14 samma
961 1334 40 26 ort,

250 1368 37 20 der
309 1366 207 28 uppbådsnämnden
538 1366 40 20 har
597 1365 39 21 sitt
652 1367 54 25 säte,
722 1368 52 19 enär
790 1366 43 20 han
849 1366 6 21 i
871 1367 78 20 sådant
963 1366 38 22 fall

248 1402 89 27 nödgas,
353 1400 34 22 för
403 1400 158 26 ansökningens
579 1400 136 21 inlemnande
731 1400 6 21 i
754 1400 139 22 föreskrifven
909 1401 38 27 tid,
965 1408 37 14 an-

248 1436 73 28 tingen
338 1437 52 27 göra
405 1442 26 14 en
446 1434 94 22 särskild
556 1441 55 21 resa,
627 1434 46 22 ofta
688 1436 28 26 på
727 1435 105 27 betydligt
843 1435 93 27 afstånd,
948 1436 53 22 eller
