<?xml version="1.0" encoding="UTF-8"?>
<alto xmlns="http://www.loc.gov/standards/alto/ns-v3#" xmlns:xlink="http://www.w3.org/1999/xlink" xmlns:xsi="http://www.w3.org/2001/XMLSchema-instance" xsi:schemaLocation="http://www.loc.gov/standards/alto/ns-v3# http://www.loc.gov/alto/v3/alto-3-0.xsd">
	<Description>
		<MeasurementUnit>pixel</MeasurementUnit>
		<sourceImageInformation>
			<fileName>/tmp/tess_m2wlgdf0_input.PNG</fileName>
		</sourceImageInformation>
		<OCRProcessing ID="OCR_0">
			<ocrProcessingStep>
				<processingSoftware>
					<softwareName>tesseract 5.3.4</softwareName>
				</processingSoftware>
			</ocrProcessingStep>
		</OCRProcessing>
	</Description>
	<Layout>
		<Page WIDTH="1098" HEIGHT="1756" PHYSICAL_IMG_NR="0" ID="page_0">
			<PrintSpace HPOS="0" VPOS="0" WIDTH="1098" HEIGHT="1756">
				<ComposedBlock ID="cblock_0" HPOS="230" VPOS="146" WIDTH="486" HEIGHT="34">
					<TextBlock ID="block_0" HPOS="230" VPOS="146" WIDTH="486" HEIGHT="34">
						<TextLine ID="line_0" HPOS="230" VPOS="146" WIDTH="486" HEIGHT="34">
							<String ID="string_0" HPOS="230" VPOS="146" WIDTH="33" HEIGHT="34" WC="0.96" CONTENT="40"/><SP WIDTH="180" VPOS="146" HPOS="263"/>
							<String ID="string_1" HPOS="443" VPOS="151" WIDTH="24" HEIGHT="20" WC="0.92" CONTENT="U."/><SP WIDTH="15" VPOS="151" HPOS="467"/>
							<String ID="string_2" HPOS="482" VPOS="151" WIDTH="22" HEIGHT="20" WC="0.90" CONTENT="B."/><SP WIDTH="17" VPOS="151" HPOS="504"/>
							<String ID="string_3" HPOS="521" VPOS="161" WIDTH="25" HEIGHT="3" WC="0.91" CONTENT="—"/><SP WIDTH="16" VPOS="161" HPOS="546"/>
							<String ID="string_4" HPOS="562" VPOS="150" WIDTH="58" HEIGHT="25" WC="0.91" CONTENT="Prop,"/><SP WIDTH="15" VPOS="150" HPOS="620"/>
							<String ID="string_5" HPOS="635" VPOS="150" WIDTH="38" HEIGHT="20" WC="0.95" CONTENT="N:o"/><SP WIDTH="15" VPOS="150" HPOS="673"/>
							<String ID="string_6" HPOS="688" VPOS="150" WIDTH="28" HEIGHT="20" WC="0.94" CONTENT="21."/>
						</TextLine>
					</TextBlock>
				</ComposedBlock>
				<ComposedBlock ID="cblock_1" HPOS="205" VPOS="210" WIDTH="751" HEIGHT="509">
					<TextBlock ID="block_1" HPOS="205" VPOS="210" WIDTH="751" HEIGHT="509">
						<TextLine ID="line_1" HPOS="206" VPOS="210" WIDTH="749" HEIGHT="29">
							<String ID="string_7" HPOS="206" VPOS="218" WIDTH="42" HEIGHT="14" WC="0.91" CONTENT="ner"/><SP WIDTH="18" VPOS="218" HPOS="248"/>
							<String ID="string_8" HPOS="266" VPOS="211" WIDTH="73" HEIGHT="28" WC="0.91" CONTENT="jemte"/><SP WIDTH="22" VPOS="211" HPOS="339"/>
							<String ID="string_9" HPOS="361" VPOS="210" WIDTH="58" HEIGHT="22" WC="0.91" CONTENT="fulla"/><SP WIDTH="24" VPOS="210" HPOS="419"/>
							<String ID="string_10" HPOS="443" VPOS="210" WIDTH="197" HEIGHT="29" WC="0.92" CONTENT="stämpelafgifter"/><SP WIDTH="23" VPOS="210" HPOS="640"/>
							<String ID="string_11" HPOS="663" VPOS="210" WIDTH="37" HEIGHT="21" WC="0.93" CONTENT="till"/><SP WIDTH="22" VPOS="210" HPOS="700"/>
							<String ID="string_12" HPOS="722" VPOS="210" WIDTH="109" HEIGHT="22" WC="0.92" CONTENT="kontoret"/><SP WIDTH="14" VPOS="210" HPOS="831"/>
							<String ID="string_13" HPOS="845" VPOS="210" WIDTH="110" HEIGHT="22" WC="0.93" CONTENT="insändas"/>
						</TextLine>
						<TextLine ID="line_2" HPOS="206" VPOS="244" WIDTH="750" HEIGHT="29">
							<String ID="string_14" HPOS="206" VPOS="245" WIDTH="56" HEIGHT="22" WC="0.93" CONTENT="eller"/><SP WIDTH="14" VPOS="245" HPOS="262"/>
							<String ID="string_15" HPOS="276" VPOS="246" WIDTH="75" HEIGHT="20" WC="0.93" CONTENT="säsom"/><SP WIDTH="8" VPOS="246" HPOS="351"/>
							<String ID="string_16" HPOS="359" VPOS="244" WIDTH="253" HEIGHT="29" WC="0.92" CONTENT="kartasigillataremiss"/><SP WIDTH="15" VPOS="244" HPOS="612"/>
							<String ID="string_17" HPOS="627" VPOS="244" WIDTH="39" HEIGHT="22" WC="0.93" CONTENT="till"/><SP WIDTH="10" VPOS="244" HPOS="666"/>
							<String ID="string_18" HPOS="676" VPOS="244" WIDTH="180" HEIGHT="22" WC="0.92" CONTENT="landtränteriet"/><SP WIDTH="8" VPOS="244" HPOS="856"/>
							<String ID="string_19" HPOS="864" VPOS="244" WIDTH="92" HEIGHT="22" WC="0.96" CONTENT="komma"/>
						</TextLine>
						<TextLine ID="line_3" HPOS="206" VPOS="278" WIDTH="750" HEIGHT="30">
							<String ID="string_20" HPOS="206" VPOS="282" WIDTH="35" HEIGHT="20" WC="0.93" CONTENT="att"/><SP WIDTH="14" VPOS="282" HPOS="241"/>
							<String ID="string_21" HPOS="255" VPOS="279" WIDTH="134" HEIGHT="27" WC="0.92" CONTENT="behandlas,"/><SP WIDTH="16" VPOS="279" HPOS="389"/>
							<String ID="string_22" HPOS="405" VPOS="280" WIDTH="58" HEIGHT="20" WC="0.93" CONTENT="utan"/><SP WIDTH="16" VPOS="280" HPOS="463"/>
							<String ID="string_23" HPOS="479" VPOS="279" WIDTH="50" HEIGHT="28" WC="0.92" CONTENT="ock,"/><SP WIDTH="16" VPOS="279" HPOS="529"/>
							<String ID="string_24" HPOS="545" VPOS="279" WIDTH="30" HEIGHT="21" WC="0.93" CONTENT="dä"/><SP WIDTH="15" VPOS="279" HPOS="575"/>
							<String ID="string_25" HPOS="590" VPOS="278" WIDTH="92" HEIGHT="22" WC="0.92" CONTENT="enskild"/><SP WIDTH="14" VPOS="278" HPOS="682"/>
							<String ID="string_26" HPOS="696" VPOS="286" WIDTH="84" HEIGHT="21" WC="0.93" CONTENT="person"/><SP WIDTH="11" VPOS="286" HPOS="780"/>
							<String ID="string_27" HPOS="791" VPOS="278" WIDTH="71" HEIGHT="29" WC="0.92" CONTENT="begär"/><SP WIDTH="8" VPOS="278" HPOS="862"/>
							<String ID="string_28" HPOS="870" VPOS="280" WIDTH="86" HEIGHT="28" WC="0.92" CONTENT="stämp-"/>
						</TextLine>
						<TextLine ID="line_4" HPOS="205" VPOS="312" WIDTH="751" HEIGHT="30">
							<String ID="string_29" HPOS="205" VPOS="314" WIDTH="51" HEIGHT="28" WC="0.92" CONTENT="ling"/><SP WIDTH="23" VPOS="314" HPOS="256"/>
							<String ID="string_30" HPOS="279" VPOS="314" WIDTH="26" HEIGHT="21" WC="0.93" CONTENT="af"/><SP WIDTH="21" VPOS="314" HPOS="305"/>
							<String ID="string_31" HPOS="326" VPOS="313" WIDTH="147" HEIGHT="29" WC="0.92" CONTENT="afhandling,"/><SP WIDTH="16" VPOS="313" HPOS="473"/>
							<String ID="string_32" HPOS="489" VPOS="313" WIDTH="144" HEIGHT="21" WC="0.92" CONTENT="förbindelse"/><SP WIDTH="15" VPOS="313" HPOS="633"/>
							<String ID="string_33" HPOS="648" VPOS="313" WIDTH="56" HEIGHT="21" WC="0.96" CONTENT="eller"/><SP WIDTH="15" VPOS="313" HPOS="704"/>
							<String ID="string_34" HPOS="719" VPOS="320" WIDTH="77" HEIGHT="14" WC="0.93" CONTENT="annan"/><SP WIDTH="15" VPOS="320" HPOS="796"/>
							<String ID="string_35" HPOS="811" VPOS="312" WIDTH="75" HEIGHT="28" WC="0.89" CONTENT="skrift,"/><SP WIDTH="16" VPOS="312" HPOS="886"/>
							<String ID="string_36" HPOS="902" VPOS="313" WIDTH="54" HEIGHT="22" WC="0.96" CONTENT="med"/>
						</TextLine>
						<TextLine ID="line_5" HPOS="208" VPOS="347" WIDTH="748" HEIGHT="29">
							<String ID="string_37" HPOS="208" VPOS="348" WIDTH="112" HEIGHT="22" WC="0.92" CONTENT="Senatens"/><SP WIDTH="23" VPOS="348" HPOS="320"/>
							<String ID="string_38" HPOS="343" VPOS="348" WIDTH="237" HEIGHT="28" WC="0.92" CONTENT="Finansexpeditions"/><SP WIDTH="15" VPOS="348" HPOS="580"/>
							<String ID="string_39" HPOS="595" VPOS="347" WIDTH="98" HEIGHT="29" WC="0.92" CONTENT="vetskap"/><SP WIDTH="16" VPOS="347" HPOS="693"/>
							<String ID="string_40" HPOS="709" VPOS="347" WIDTH="114" HEIGHT="21" WC="0.92" CONTENT="likaledes"/><SP WIDTH="14" VPOS="347" HPOS="823"/>
							<String ID="string_41" HPOS="837" VPOS="347" WIDTH="61" HEIGHT="21" WC="0.92" CONTENT="förse"/><SP WIDTH="16" VPOS="347" HPOS="898"/>
							<String ID="string_42" HPOS="914" VPOS="348" WIDTH="42" HEIGHT="28" WC="0.92" CONTENT="dy-"/>
						</TextLine>
						<TextLine ID="line_6" HPOS="206" VPOS="381" WIDTH="750" HEIGHT="29">
							<String ID="string_43" HPOS="206" VPOS="382" WIDTH="49" HEIGHT="22" WC="0.93" CONTENT="lika"/><SP WIDTH="22" VPOS="382" HPOS="255"/>
							<String ID="string_44" HPOS="277" VPOS="382" WIDTH="96" HEIGHT="21" WC="0.91" CONTENT="skrifter"/><SP WIDTH="21" VPOS="382" HPOS="373"/>
							<String ID="string_45" HPOS="394" VPOS="382" WIDTH="53" HEIGHT="21" WC="0.91" CONTENT="med"/><SP WIDTH="24" VPOS="382" HPOS="447"/>
							<String ID="string_46" HPOS="471" VPOS="382" WIDTH="71" HEIGHT="21" WC="0.91" CONTENT="sädan"/><SP WIDTH="16" VPOS="382" HPOS="542"/>
							<String ID="string_47" HPOS="558" VPOS="382" WIDTH="105" HEIGHT="28" WC="0.92" CONTENT="stämpel,"/><SP WIDTH="17" VPOS="382" HPOS="663"/>
							<String ID="string_48" HPOS="680" VPOS="388" WIDTH="48" HEIGHT="14" WC="0.96" CONTENT="som"/><SP WIDTH="16" VPOS="388" HPOS="728"/>
							<String ID="string_49" HPOS="744" VPOS="382" WIDTH="26" HEIGHT="20" WC="0.96" CONTENT="af"/><SP WIDTH="11" VPOS="382" HPOS="770"/>
							<String ID="string_50" HPOS="781" VPOS="381" WIDTH="175" HEIGHT="23" WC="0.96" CONTENT="vederbörande"/>
						</TextLine>
						<TextLine ID="line_7" HPOS="206" VPOS="416" WIDTH="749" HEIGHT="28">
							<String ID="string_51" HPOS="206" VPOS="416" WIDTH="67" HEIGHT="22" WC="0.92" CONTENT="äskas"/><SP WIDTH="16" VPOS="416" HPOS="273"/>
							<String ID="string_52" HPOS="289" VPOS="416" WIDTH="44" HEIGHT="22" WC="0.93" CONTENT="och"/><SP WIDTH="14" VPOS="416" HPOS="333"/>
							<String ID="string_53" HPOS="347" VPOS="416" WIDTH="96" HEIGHT="22" WC="0.90" CONTENT="betalas."/><SP WIDTH="30" VPOS="416" HPOS="443"/>
							<String ID="string_54" HPOS="473" VPOS="416" WIDTH="34" HEIGHT="21" WC="0.91" CONTENT="Pä"/><SP WIDTH="14" VPOS="416" HPOS="507"/>
							<String ID="string_55" HPOS="521" VPOS="416" WIDTH="107" HEIGHT="22" WC="0.92" CONTENT="anmälan"/><SP WIDTH="16" VPOS="416" HPOS="628"/>
							<String ID="string_56" HPOS="644" VPOS="416" WIDTH="42" HEIGHT="21" WC="0.93" CONTENT="hos"/><SP WIDTH="15" VPOS="416" HPOS="686"/>
							<String ID="string_57" HPOS="701" VPOS="416" WIDTH="254" HEIGHT="28" WC="0.92" CONTENT="Finansexpeditionen"/>
						</TextLine>
						<TextLine ID="line_8" HPOS="206" VPOS="450" WIDTH="749" HEIGHT="29">
							<String ID="string_58" HPOS="206" VPOS="451" WIDTH="43" HEIGHT="22" WC="0.96" CONTENT="och"/><SP WIDTH="14" VPOS="451" HPOS="249"/>
							<String ID="string_59" HPOS="263" VPOS="450" WIDTH="53" HEIGHT="22" WC="0.96" CONTENT="med"/><SP WIDTH="15" VPOS="450" HPOS="316"/>
							<String ID="string_60" HPOS="331" VPOS="450" WIDTH="52" HEIGHT="22" WC="0.93" CONTENT="dess"/><SP WIDTH="15" VPOS="450" HPOS="383"/>
							<String ID="string_61" HPOS="398" VPOS="450" WIDTH="108" HEIGHT="22" WC="0.96" CONTENT="tillstånd"/><SP WIDTH="16" VPOS="450" HPOS="506"/>
							<String ID="string_62" HPOS="522" VPOS="452" WIDTH="38" HEIGHT="20" WC="0.91" CONTENT="mä"/><SP WIDTH="12" VPOS="452" HPOS="560"/>
							<String ID="string_63" HPOS="572" VPOS="450" WIDTH="88" HEIGHT="29" WC="0.91" CONTENT="jemväl"/><SP WIDTH="16" VPOS="450" HPOS="660"/>
							<String ID="string_64" HPOS="676" VPOS="450" WIDTH="130" HEIGHT="22" WC="0.95" CONTENT="blanketter"/><SP WIDTH="15" VPOS="450" HPOS="806"/>
							<String ID="string_65" HPOS="821" VPOS="450" WIDTH="37" HEIGHT="22" WC="0.93" CONTENT="till"/><SP WIDTH="10" VPOS="450" HPOS="858"/>
							<String ID="string_66" HPOS="868" VPOS="450" WIDTH="87" HEIGHT="29" WC="0.93" CONTENT="vexlar,"/>
						</TextLine>
						<TextLine ID="line_9" HPOS="207" VPOS="485" WIDTH="748" HEIGHT="28">
							<String ID="string_67" HPOS="207" VPOS="485" WIDTH="158" HEIGHT="28" WC="0.93" CONTENT="anvisningar,"/><SP WIDTH="22" VPOS="485" HPOS="365"/>
							<String ID="string_68" HPOS="387" VPOS="485" WIDTH="206" HEIGHT="21" WC="0.92" CONTENT="konnässementer"/><SP WIDTH="21" VPOS="485" HPOS="593"/>
							<String ID="string_69" HPOS="614" VPOS="485" WIDTH="53" HEIGHT="21" WC="0.96" CONTENT="med"/><SP WIDTH="19" VPOS="485" HPOS="667"/>
							<String ID="string_70" HPOS="686" VPOS="485" WIDTH="56" HEIGHT="21" WC="0.93" CONTENT="flera"/><SP WIDTH="16" VPOS="485" HPOS="742"/>
							<String ID="string_71" HPOS="758" VPOS="485" WIDTH="96" HEIGHT="22" WC="0.92" CONTENT="skrifter"/><SP WIDTH="15" VPOS="485" HPOS="854"/>
							<String ID="string_72" HPOS="869" VPOS="485" WIDTH="86" HEIGHT="22" WC="0.92" CONTENT="derstä-"/>
						</TextLine>
						<TextLine ID="line_10" HPOS="207" VPOS="519" WIDTH="748" HEIGHT="29">
							<String ID="string_73" HPOS="207" VPOS="519" WIDTH="40" HEIGHT="22" WC="0.93" CONTENT="des"/><SP WIDTH="21" VPOS="519" HPOS="247"/>
							<String ID="string_74" HPOS="268" VPOS="519" WIDTH="106" HEIGHT="28" WC="0.92" CONTENT="undergä"/><SP WIDTH="22" VPOS="519" HPOS="374"/>
							<String ID="string_75" HPOS="396" VPOS="519" WIDTH="70" HEIGHT="22" WC="0.92" CONTENT="sädan"/><SP WIDTH="23" VPOS="519" HPOS="466"/>
							<String ID="string_76" HPOS="489" VPOS="519" WIDTH="133" HEIGHT="29" WC="0.92" CONTENT="stämpling,"/><SP WIDTH="24" VPOS="519" HPOS="622"/>
							<String ID="string_77" HPOS="646" VPOS="526" WIDTH="49" HEIGHT="14" WC="0.96" CONTENT="som"/><SP WIDTH="22" VPOS="526" HPOS="695"/>
							<String ID="string_78" HPOS="717" VPOS="519" WIDTH="8" HEIGHT="21" WC="0.93" CONTENT="i"/><SP WIDTH="23" VPOS="519" HPOS="725"/>
							<String ID="string_79" HPOS="748" VPOS="519" WIDTH="81" HEIGHT="29" WC="0.92" CONTENT="hvarje"/><SP WIDTH="22" VPOS="519" HPOS="829"/>
							<String ID="string_80" HPOS="851" VPOS="519" WIDTH="43" HEIGHT="22" WC="0.96" CONTENT="fall"/><SP WIDTH="15" VPOS="519" HPOS="894"/>
							<String ID="string_81" HPOS="909" VPOS="519" WIDTH="46" HEIGHT="22" WC="0.96" CONTENT="kan"/>
						</TextLine>
						<TextLine ID="line_11" HPOS="207" VPOS="553" WIDTH="748" HEIGHT="29">
							<String ID="string_82" HPOS="207" VPOS="553" WIDTH="73" HEIGHT="22" WC="0.79" CONTENT="äskas."/><SP WIDTH="30" VPOS="553" HPOS="280"/>
							<String ID="string_83" HPOS="310" VPOS="553" WIDTH="12" HEIGHT="21" WC="0.96" CONTENT="I"/><SP WIDTH="15" VPOS="553" HPOS="322"/>
							<String ID="string_84" HPOS="337" VPOS="553" WIDTH="111" HEIGHT="22" WC="0.96" CONTENT="händelse"/><SP WIDTH="22" VPOS="553" HPOS="448"/>
							<String ID="string_85" HPOS="470" VPOS="553" WIDTH="54" HEIGHT="22" WC="0.96" CONTENT="med"/><SP WIDTH="15" VPOS="553" HPOS="524"/>
							<String ID="string_86" HPOS="539" VPOS="554" WIDTH="29" HEIGHT="21" WC="0.95" CONTENT="de"/><SP WIDTH="15" VPOS="554" HPOS="568"/>
							<String ID="string_87" HPOS="583" VPOS="553" WIDTH="37" HEIGHT="22" WC="0.93" CONTENT="för"/><SP WIDTH="15" VPOS="553" HPOS="620"/>
							<String ID="string_88" HPOS="635" VPOS="553" WIDTH="188" HEIGHT="29" WC="0.92" CONTENT="stämpelpapper"/><SP WIDTH="15" VPOS="553" HPOS="823"/>
							<String ID="string_89" HPOS="838" VPOS="553" WIDTH="44" HEIGHT="22" WC="0.93" CONTENT="och"/><SP WIDTH="14" VPOS="553" HPOS="882"/>
							<String ID="string_90" HPOS="896" VPOS="557" WIDTH="59" HEIGHT="18" WC="0.91" CONTENT="mär-"/>
						</TextLine>
						<TextLine ID="line_12" HPOS="205" VPOS="587" WIDTH="748" HEIGHT="28">
							<String ID="string_91" HPOS="205" VPOS="587" WIDTH="46" HEIGHT="22" WC="0.93" CONTENT="ken"/><SP WIDTH="14" VPOS="587" HPOS="251"/>
							<String ID="string_92" HPOS="265" VPOS="587" WIDTH="122" HEIGHT="22" WC="0.90" CONTENT="bestämda"/><SP WIDTH="14" VPOS="587" HPOS="387"/>
							<String ID="string_93" HPOS="401" VPOS="588" WIDTH="90" HEIGHT="21" WC="0.92" CONTENT="valörer"/><SP WIDTH="14" VPOS="588" HPOS="491"/>
							<String ID="string_94" HPOS="505" VPOS="588" WIDTH="53" HEIGHT="21" WC="0.90" CONTENT="icke"/><SP WIDTH="8" VPOS="588" HPOS="558"/>
							<String ID="string_95" HPOS="566" VPOS="588" WIDTH="46" HEIGHT="21" WC="0.93" CONTENT="kan"/><SP WIDTH="8" VPOS="588" HPOS="612"/>
							<String ID="string_96" HPOS="620" VPOS="590" WIDTH="176" HEIGHT="19" WC="0.92" CONTENT="sammansättas"/><SP WIDTH="9" VPOS="590" HPOS="796"/>
							<String ID="string_97" HPOS="805" VPOS="588" WIDTH="45" HEIGHT="22" WC="0.96" CONTENT="den"/><SP WIDTH="8" VPOS="588" HPOS="850"/>
							<String ID="string_98" HPOS="858" VPOS="595" WIDTH="95" HEIGHT="20" WC="0.96" CONTENT="summa,"/>
						</TextLine>
						<TextLine ID="line_13" HPOS="207" VPOS="621" WIDTH="748" HEIGHT="30">
							<String ID="string_99" HPOS="207" VPOS="629" WIDTH="49" HEIGHT="14" WC="0.96" CONTENT="som"/><SP WIDTH="21" VPOS="629" HPOS="256"/>
							<String ID="string_100" HPOS="277" VPOS="622" WIDTH="8" HEIGHT="21" WC="0.93" CONTENT="i"/><SP WIDTH="22" VPOS="622" HPOS="285"/>
							<String ID="string_101" HPOS="307" VPOS="621" WIDTH="188" HEIGHT="22" WC="0.90" CONTENT="förekommande"/><SP WIDTH="24" VPOS="621" HPOS="495"/>
							<String ID="string_102" HPOS="519" VPOS="622" WIDTH="43" HEIGHT="21" WC="0.93" CONTENT="fall"/><SP WIDTH="24" VPOS="622" HPOS="562"/>
							<String ID="string_103" HPOS="586" VPOS="622" WIDTH="117" HEIGHT="28" WC="0.92" CONTENT="ästundas,"/><SP WIDTH="20" VPOS="622" HPOS="703"/>
							<String ID="string_104" HPOS="723" VPOS="623" WIDTH="37" HEIGHT="21" WC="0.93" CONTENT="mä"/><SP WIDTH="15" VPOS="623" HPOS="760"/>
							<String ID="string_105" HPOS="775" VPOS="623" WIDTH="180" HEIGHT="28" WC="0.92" CONTENT="kartasigillata-"/>
						</TextLine>
						<TextLine ID="line_14" HPOS="206" VPOS="656" WIDTH="749" HEIGHT="29">
							<String ID="string_106" HPOS="206" VPOS="657" WIDTH="108" HEIGHT="21" WC="0.92" CONTENT="kontoret"/><SP WIDTH="23" VPOS="657" HPOS="314"/>
							<String ID="string_107" HPOS="337" VPOS="656" WIDTH="62" HEIGHT="21" WC="0.92" CONTENT="förse"/><SP WIDTH="23" VPOS="656" HPOS="399"/>
							<String ID="string_108" HPOS="422" VPOS="657" WIDTH="28" HEIGHT="20" WC="0.93" CONTENT="de"/><SP WIDTH="25" VPOS="657" HPOS="450"/>
							<String ID="string_109" HPOS="475" VPOS="656" WIDTH="93" HEIGHT="29" WC="0.91" CONTENT="ingifna"/><SP WIDTH="24" VPOS="656" HPOS="568"/>
							<String ID="string_110" HPOS="592" VPOS="656" WIDTH="171" HEIGHT="29" WC="0.92" CONTENT="handlingarne"/><SP WIDTH="23" VPOS="656" HPOS="763"/>
							<String ID="string_111" HPOS="786" VPOS="657" WIDTH="52" HEIGHT="22" WC="0.96" CONTENT="med"/><SP WIDTH="14" VPOS="657" HPOS="838"/>
							<String ID="string_112" HPOS="852" VPOS="660" WIDTH="103" HEIGHT="19" WC="0.96" CONTENT="närmast"/>
						</TextLine>
						<TextLine ID="line_15" HPOS="205" VPOS="691" WIDTH="272" HEIGHT="28">
							<String ID="string_113" HPOS="205" VPOS="691" WIDTH="65" HEIGHT="28" WC="0.93" CONTENT="lägre"/><SP WIDTH="15" VPOS="691" HPOS="270"/>
							<String ID="string_114" HPOS="285" VPOS="691" WIDTH="192" HEIGHT="28" WC="0.89" CONTENT="stämpelbelopp."/>
						</TextLine>
					</TextBlock>
				</ComposedBlock>
				<ComposedBlock ID="cblock_2" HPOS="201" VPOS="756" WIDTH="755" HEIGHT="752">
					<TextBlock ID="block_2" HPOS="548" VPOS="756" WIDTH="62" HEIGHT="25">
						<TextLine ID="line_16" HPOS="548" VPOS="756" WIDTH="62" HEIGHT="25">
							<String ID="string_115" HPOS="548" VPOS="756" WIDTH="12" HEIGHT="25" WC="0.83" CONTENT="8"/><SP WIDTH="18" VPOS="756" HPOS="560"/>
							<String ID="string_116" HPOS="578" VPOS="756" WIDTH="32" HEIGHT="20" WC="0.94" CONTENT="12."/>
						</TextLine>
					</TextBlock>
					<TextBlock ID="block_3" HPOS="205" VPOS="794" WIDTH="751" HEIGHT="167">
						<TextLine ID="line_17" HPOS="274" VPOS="794" WIDTH="682" HEIGHT="29">
							<String ID="string_117" HPOS="274" VPOS="795" WIDTH="36" HEIGHT="22" WC="0.91" CONTENT="Dä"/><SP WIDTH="16" VPOS="795" HPOS="310"/>
							<String ID="string_118" HPOS="326" VPOS="794" WIDTH="90" HEIGHT="22" WC="0.91" CONTENT="enskild"/><SP WIDTH="11" VPOS="794" HPOS="416"/>
							<String ID="string_119" HPOS="427" VPOS="794" WIDTH="145" HEIGHT="29" WC="0.90" CONTENT="afhandling,"/><SP WIDTH="10" VPOS="794" HPOS="572"/>
							<String ID="string_120" HPOS="582" VPOS="794" WIDTH="142" HEIGHT="22" WC="0.93" CONTENT="förbindelse"/><SP WIDTH="9" VPOS="794" HPOS="724"/>
							<String ID="string_121" HPOS="733" VPOS="795" WIDTH="57" HEIGHT="20" WC="0.96" CONTENT="eller"/><SP WIDTH="8" VPOS="795" HPOS="790"/>
							<String ID="string_122" HPOS="798" VPOS="801" WIDTH="77" HEIGHT="15" WC="0.93" CONTENT="annan"/><SP WIDTH="11" VPOS="801" HPOS="875"/>
							<String ID="string_123" HPOS="886" VPOS="795" WIDTH="70" HEIGHT="22" WC="0.93" CONTENT="skrift"/>
						</TextLine>
						<TextLine ID="line_18" HPOS="205" VPOS="829" WIDTH="748" HEIGHT="29">
							<String ID="string_124" HPOS="205" VPOS="830" WIDTH="42" HEIGHT="22" WC="0.96" CONTENT="hos"/><SP WIDTH="23" VPOS="830" HPOS="247"/>
							<String ID="string_125" HPOS="270" VPOS="829" WIDTH="105" HEIGHT="27" WC="0.88" CONTENT="domstol,"/><SP WIDTH="24" VPOS="829" HPOS="375"/>
							<String ID="string_126" HPOS="399" VPOS="829" WIDTH="114" HEIGHT="22" WC="0.92" CONTENT="exekutor"/><SP WIDTH="23" VPOS="829" HPOS="513"/>
							<String ID="string_127" HPOS="536" VPOS="829" WIDTH="56" HEIGHT="22" WC="0.96" CONTENT="eller"/><SP WIDTH="22" VPOS="829" HPOS="592"/>
							<String ID="string_128" HPOS="614" VPOS="836" WIDTH="77" HEIGHT="15" WC="0.93" CONTENT="annan"/><SP WIDTH="15" VPOS="836" HPOS="691"/>
							<String ID="string_129" HPOS="706" VPOS="829" WIDTH="138" HEIGHT="28" WC="0.92" CONTENT="myndighet"/><SP WIDTH="15" VPOS="829" HPOS="844"/>
							<String ID="string_130" HPOS="859" VPOS="829" WIDTH="94" HEIGHT="29" WC="0.92" CONTENT="företes,"/>
						</TextLine>
						<TextLine ID="line_19" HPOS="206" VPOS="863" WIDTH="750" HEIGHT="30">
							<String ID="string_131" HPOS="206" VPOS="864" WIDTH="89" HEIGHT="29" WC="0.91" CONTENT="äligger"/><SP WIDTH="23" VPOS="864" HPOS="295"/>
							<String ID="string_132" HPOS="318" VPOS="863" WIDTH="39" HEIGHT="22" WC="0.96" CONTENT="det"/><SP WIDTH="23" VPOS="863" HPOS="357"/>
							<String ID="string_133" HPOS="380" VPOS="863" WIDTH="171" HEIGHT="22" WC="0.93" CONTENT="vederbörande"/><SP WIDTH="17" VPOS="863" HPOS="551"/>
							<String ID="string_134" HPOS="568" VPOS="863" WIDTH="98" HEIGHT="28" WC="0.91" CONTENT="domare,"/><SP WIDTH="17" VPOS="863" HPOS="666"/>
							<String ID="string_135" HPOS="683" VPOS="863" WIDTH="157" HEIGHT="23" WC="0.92" CONTENT="embetsverks"/><SP WIDTH="15" VPOS="863" HPOS="840"/>
							<String ID="string_136" HPOS="855" VPOS="865" WIDTH="101" HEIGHT="21" WC="0.92" CONTENT="sekrete-"/>
						</TextLine>
						<TextLine ID="line_20" HPOS="205" VPOS="898" WIDTH="750" HEIGHT="30">
							<String ID="string_137" HPOS="205" VPOS="905" WIDTH="51" HEIGHT="16" WC="0.95" CONTENT="rare"/><SP WIDTH="21" VPOS="905" HPOS="256"/>
							<String ID="string_138" HPOS="277" VPOS="898" WIDTH="58" HEIGHT="21" WC="0.93" CONTENT="eller"/><SP WIDTH="21" VPOS="898" HPOS="335"/>
							<String ID="string_139" HPOS="356" VPOS="898" WIDTH="142" HEIGHT="29" WC="0.92" CONTENT="tjensteman"/><SP WIDTH="23" VPOS="898" HPOS="498"/>
							<String ID="string_140" HPOS="521" VPOS="898" WIDTH="70" HEIGHT="28" WC="0.92" CONTENT="tillse,"/><SP WIDTH="23" VPOS="898" HPOS="591"/>
							<String ID="string_141" HPOS="614" VPOS="900" WIDTH="35" HEIGHT="19" WC="0.96" CONTENT="att"/><SP WIDTH="22" VPOS="900" HPOS="649"/>
							<String ID="string_142" HPOS="671" VPOS="898" WIDTH="66" HEIGHT="21" WC="0.96" CONTENT="karta"/><SP WIDTH="18" VPOS="898" HPOS="737"/>
							<String ID="string_143" HPOS="755" VPOS="898" WIDTH="38" HEIGHT="21" WC="0.96" CONTENT="till"/><SP WIDTH="15" VPOS="898" HPOS="793"/>
							<String ID="string_144" HPOS="808" VPOS="898" WIDTH="39" HEIGHT="22" WC="0.93" CONTENT="det"/><SP WIDTH="14" VPOS="898" HPOS="847"/>
							<String ID="string_145" HPOS="861" VPOS="899" WIDTH="94" HEIGHT="29" WC="0.93" CONTENT="belopp,"/>
						</TextLine>
						<TextLine ID="line_21" HPOS="206" VPOS="932" WIDTH="651" HEIGHT="29">
							<String ID="string_146" HPOS="206" VPOS="939" WIDTH="48" HEIGHT="16" WC="0.92" CONTENT="som"/><SP WIDTH="14" VPOS="939" HPOS="254"/>
							<String ID="string_147" HPOS="268" VPOS="932" WIDTH="159" HEIGHT="28" WC="0.92" CONTENT="tilläfventyrs"/><SP WIDTH="15" VPOS="932" HPOS="427"/>
							<String ID="string_148" HPOS="442" VPOS="933" WIDTH="93" HEIGHT="26" WC="0.92" CONTENT="brister,"/><SP WIDTH="17" VPOS="933" HPOS="535"/>
							<String ID="string_149" HPOS="552" VPOS="933" WIDTH="26" HEIGHT="20" WC="0.93" CONTENT="af"/><SP WIDTH="14" VPOS="933" HPOS="578"/>
							<String ID="string_150" HPOS="592" VPOS="933" WIDTH="128" HEIGHT="28" WC="0.92" CONTENT="sakegaren"/><SP WIDTH="15" VPOS="933" HPOS="720"/>
							<String ID="string_151" HPOS="735" VPOS="933" WIDTH="122" HEIGHT="22" WC="0.91" CONTENT="anskaffas."/>
						</TextLine>
					</TextBlock>
					<TextBlock ID="block_4" HPOS="204" VPOS="967" WIDTH="752" HEIGHT="234">
						<TextLine ID="line_22" HPOS="274" VPOS="967" WIDTH="682" HEIGHT="28">
							<String ID="string_152" HPOS="274" VPOS="967" WIDTH="123" HEIGHT="28" WC="0.90" CONTENT="Begagnas"/><SP WIDTH="19" VPOS="967" HPOS="397"/>
							<String ID="string_153" HPOS="416" VPOS="967" WIDTH="82" HEIGHT="21" WC="0.92" CONTENT="dervid"/><SP WIDTH="22" VPOS="967" HPOS="498"/>
							<String ID="string_154" HPOS="520" VPOS="967" WIDTH="127" HEIGHT="28" WC="0.91" CONTENT="stämpladt"/><SP WIDTH="14" VPOS="967" HPOS="647"/>
							<String ID="string_155" HPOS="661" VPOS="974" WIDTH="95" HEIGHT="21" WC="0.92" CONTENT="papper,"/><SP WIDTH="16" VPOS="974" HPOS="756"/>
							<String ID="string_156" HPOS="772" VPOS="967" WIDTH="42" HEIGHT="22" WC="0.93" CONTENT="bör"/><SP WIDTH="14" VPOS="967" HPOS="814"/>
							<String ID="string_157" HPOS="828" VPOS="967" WIDTH="128" HEIGHT="22" WC="0.92" CONTENT="detsamma"/>
						</TextLine>
						<TextLine ID="line_23" HPOS="204" VPOS="1001" WIDTH="752" HEIGHT="28">
							<String ID="string_158" HPOS="204" VPOS="1001" WIDTH="53" HEIGHT="22" WC="0.92" CONTENT="med"/><SP WIDTH="15" VPOS="1001" HPOS="257"/>
							<String ID="string_159" HPOS="272" VPOS="1001" WIDTH="54" HEIGHT="21" WC="0.96" CONTENT="lack"/><SP WIDTH="15" VPOS="1001" HPOS="326"/>
							<String ID="string_160" HPOS="341" VPOS="1001" WIDTH="44" HEIGHT="21" WC="0.93" CONTENT="och"/><SP WIDTH="14" VPOS="1001" HPOS="385"/>
							<String ID="string_161" HPOS="399" VPOS="1001" WIDTH="156" HEIGHT="28" WC="0.90" CONTENT="embetssigill"/><SP WIDTH="15" VPOS="1001" HPOS="555"/>
							<String ID="string_162" HPOS="570" VPOS="1001" WIDTH="40" HEIGHT="21" WC="0.93" CONTENT="vid"/><SP WIDTH="16" VPOS="1001" HPOS="610"/>
							<String ID="string_163" HPOS="626" VPOS="1001" WIDTH="100" HEIGHT="20" WC="0.92" CONTENT="skriften"/><SP WIDTH="14" VPOS="1001" HPOS="726"/>
							<String ID="string_164" HPOS="740" VPOS="1001" WIDTH="79" HEIGHT="27" WC="0.91" CONTENT="fästas,"/><SP WIDTH="17" VPOS="1001" HPOS="819"/>
							<String ID="string_165" HPOS="836" VPOS="1001" WIDTH="120" HEIGHT="22" WC="0.92" CONTENT="äfvensom"/>
						</TextLine>
						<TextLine ID="line_24" HPOS="204" VPOS="1035" WIDTH="752" HEIGHT="29">
							<String ID="string_166" HPOS="204" VPOS="1036" WIDTH="31" HEIGHT="28" WC="0.96" CONTENT="pä"/><SP WIDTH="15" VPOS="1036" HPOS="235"/>
							<String ID="string_167" HPOS="250" VPOS="1035" WIDTH="28" HEIGHT="22" WC="0.93" CONTENT="de"/><SP WIDTH="10" VPOS="1035" HPOS="278"/>
							<String ID="string_168" HPOS="288" VPOS="1035" WIDTH="99" HEIGHT="28" WC="0.91" CONTENT="tillagda"/><SP WIDTH="19" VPOS="1035" HPOS="387"/>
							<String ID="string_169" HPOS="406" VPOS="1035" WIDTH="125" HEIGHT="21" WC="0.92" CONTENT="kartornas"/><SP WIDTH="21" VPOS="1035" HPOS="531"/>
							<String ID="string_170" HPOS="552" VPOS="1035" WIDTH="110" HEIGHT="28" WC="0.92" CONTENT="stämplar"/><SP WIDTH="19" VPOS="1035" HPOS="662"/>
							<String ID="string_171" HPOS="681" VPOS="1035" WIDTH="131" HEIGHT="28" WC="0.92" CONTENT="korteligen"/><SP WIDTH="16" VPOS="1035" HPOS="812"/>
							<String ID="string_172" HPOS="828" VPOS="1036" WIDTH="128" HEIGHT="22" WC="0.89" CONTENT="antecknas"/>
						</TextLine>
						<TextLine ID="line_25" HPOS="204" VPOS="1069" WIDTH="751" HEIGHT="28">
							<String ID="string_173" HPOS="204" VPOS="1070" WIDTH="38" HEIGHT="21" WC="0.93" CONTENT="till"/><SP WIDTH="15" VPOS="1070" HPOS="242"/>
							<String ID="string_174" HPOS="257" VPOS="1069" WIDTH="97" HEIGHT="22" WC="0.92" CONTENT="hvilken"/><SP WIDTH="15" VPOS="1069" HPOS="354"/>
							<String ID="string_175" HPOS="369" VPOS="1069" WIDTH="115" HEIGHT="28" WC="0.92" CONTENT="handling"/><SP WIDTH="16" VPOS="1069" HPOS="484"/>
							<String ID="string_176" HPOS="500" VPOS="1069" WIDTH="27" HEIGHT="22" WC="0.93" CONTENT="de"/><SP WIDTH="16" VPOS="1069" HPOS="527"/>
							<String ID="string_177" HPOS="543" VPOS="1069" WIDTH="68" HEIGHT="27" WC="0.92" CONTENT="höra;"/><SP WIDTH="15" VPOS="1069" HPOS="611"/>
							<String ID="string_178" HPOS="626" VPOS="1069" WIDTH="45" HEIGHT="21" WC="0.96" CONTENT="och"/><SP WIDTH="7" VPOS="1069" HPOS="671"/>
							<String ID="string_179" HPOS="678" VPOS="1069" WIDTH="37" HEIGHT="22" WC="0.93" CONTENT="mä"/><SP WIDTH="15" VPOS="1069" HPOS="715"/>
							<String ID="string_180" HPOS="730" VPOS="1069" WIDTH="110" HEIGHT="22" WC="0.91" CONTENT="domaren"/><SP WIDTH="15" VPOS="1069" HPOS="840"/>
							<String ID="string_181" HPOS="855" VPOS="1070" WIDTH="44" HEIGHT="21" WC="0.93" CONTENT="och"/><SP WIDTH="15" VPOS="1070" HPOS="899"/>
							<String ID="string_182" HPOS="914" VPOS="1078" WIDTH="41" HEIGHT="14" WC="0.92" CONTENT="an-"/>
						</TextLine>
						<TextLine ID="line_26" HPOS="205" VPOS="1103" WIDTH="750" HEIGHT="29">
							<String ID="string_183" HPOS="205" VPOS="1104" WIDTH="41" HEIGHT="21" WC="0.92" CONTENT="dra"/><SP WIDTH="14" VPOS="1104" HPOS="246"/>
							<String ID="string_184" HPOS="260" VPOS="1103" WIDTH="173" HEIGHT="22" WC="0.96" CONTENT="vederbörande"/><SP WIDTH="15" VPOS="1103" HPOS="433"/>
							<String ID="string_185" HPOS="448" VPOS="1103" WIDTH="37" HEIGHT="22" WC="0.96" CONTENT="för"/><SP WIDTH="14" VPOS="1103" HPOS="485"/>
							<String ID="string_186" HPOS="499" VPOS="1104" WIDTH="42" HEIGHT="21" WC="0.95" CONTENT="sitt"/><SP WIDTH="15" VPOS="1104" HPOS="541"/>
							<String ID="string_187" HPOS="556" VPOS="1103" WIDTH="85" HEIGHT="22" WC="0.96" CONTENT="besvär"/><SP WIDTH="14" VPOS="1103" HPOS="641"/>
							<String ID="string_188" HPOS="655" VPOS="1103" WIDTH="53" HEIGHT="22" WC="0.93" CONTENT="med"/><SP WIDTH="15" VPOS="1103" HPOS="708"/>
							<String ID="string_189" HPOS="723" VPOS="1103" WIDTH="173" HEIGHT="29" WC="0.92" CONTENT="beläggningen"/><SP WIDTH="15" VPOS="1103" HPOS="896"/>
							<String ID="string_190" HPOS="911" VPOS="1105" WIDTH="44" HEIGHT="21" WC="0.96" CONTENT="och"/>
						</TextLine>
						<TextLine ID="line_27" HPOS="204" VPOS="1137" WIDTH="750" HEIGHT="29">
							<String ID="string_191" HPOS="204" VPOS="1138" WIDTH="9" HEIGHT="21" WC="0.96" CONTENT="i"/><SP WIDTH="15" VPOS="1138" HPOS="213"/>
							<String ID="string_192" HPOS="228" VPOS="1138" WIDTH="132" HEIGHT="28" WC="0.96" CONTENT="ersättning"/><SP WIDTH="14" VPOS="1138" HPOS="360"/>
							<String ID="string_193" HPOS="374" VPOS="1137" WIDTH="36" HEIGHT="22" WC="0.93" CONTENT="för"/><SP WIDTH="15" VPOS="1137" HPOS="410"/>
							<String ID="string_194" HPOS="425" VPOS="1137" WIDTH="120" HEIGHT="22" WC="0.92" CONTENT="kartornas"/><SP WIDTH="15" VPOS="1137" HPOS="545"/>
							<String ID="string_195" HPOS="560" VPOS="1137" WIDTH="150" HEIGHT="22" WC="0.92" CONTENT="vidfästande"/><SP WIDTH="15" VPOS="1137" HPOS="710"/>
							<String ID="string_196" HPOS="725" VPOS="1138" WIDTH="106" HEIGHT="28" WC="0.91" CONTENT="uppbära"/><SP WIDTH="15" VPOS="1138" HPOS="831"/>
							<String ID="string_197" HPOS="846" VPOS="1138" WIDTH="7" HEIGHT="21" WC="0.96" CONTENT="i"/><SP WIDTH="17" VPOS="1138" HPOS="853"/>
							<String ID="string_198" HPOS="870" VPOS="1140" WIDTH="34" HEIGHT="20" WC="0.97" CONTENT="ett"/><SP WIDTH="14" VPOS="1140" HPOS="904"/>
							<String ID="string_199" HPOS="918" VPOS="1139" WIDTH="36" HEIGHT="21" WC="0.96" CONTENT="för"/>
						</TextLine>
						<TextLine ID="line_28" HPOS="205" VPOS="1172" WIDTH="216" HEIGHT="29">
							<String ID="string_200" HPOS="205" VPOS="1172" WIDTH="42" HEIGHT="21" WC="0.93" CONTENT="allt"/><SP WIDTH="15" VPOS="1172" HPOS="247"/>
							<String ID="string_201" HPOS="262" VPOS="1173" WIDTH="68" HEIGHT="28" WC="0.92" CONTENT="tjugu"/><SP WIDTH="14" VPOS="1173" HPOS="330"/>
							<String ID="string_202" HPOS="344" VPOS="1173" WIDTH="77" HEIGHT="27" WC="0.96" CONTENT="penni."/>
						</TextLine>
					</TextBlock>
					<TextBlock ID="block_5" HPOS="201" VPOS="1205" WIDTH="753" HEIGHT="270">
						<TextLine ID="line_29" HPOS="272" VPOS="1205" WIDTH="682" HEIGHT="29">
							<String ID="string_203" HPOS="272" VPOS="1206" WIDTH="124" HEIGHT="27" WC="0.91" CONTENT="Begagnas"/><SP WIDTH="16" VPOS="1206" HPOS="396"/>
							<String ID="string_204" HPOS="412" VPOS="1206" WIDTH="185" HEIGHT="28" WC="0.92" CONTENT="stämpelmärke,"/><SP WIDTH="16" VPOS="1206" HPOS="597"/>
							<String ID="string_205" HPOS="613" VPOS="1205" WIDTH="43" HEIGHT="22" WC="0.93" CONTENT="bör"/><SP WIDTH="15" VPOS="1205" HPOS="656"/>
							<String ID="string_206" HPOS="671" VPOS="1206" WIDTH="127" HEIGHT="22" WC="0.92" CONTENT="detsamma"/><SP WIDTH="15" VPOS="1206" HPOS="798"/>
							<String ID="string_207" HPOS="813" VPOS="1207" WIDTH="75" HEIGHT="21" WC="0.93" CONTENT="finnas"/><SP WIDTH="14" VPOS="1207" HPOS="888"/>
							<String ID="string_208" HPOS="902" VPOS="1207" WIDTH="52" HEIGHT="21" WC="0.90" CONTENT="häf-"/>
						</TextLine>
						<TextLine ID="line_30" HPOS="204" VPOS="1239" WIDTH="749" HEIGHT="29">
							<String ID="string_209" HPOS="204" VPOS="1239" WIDTH="51" HEIGHT="22" WC="0.91" CONTENT="tadt"/><SP WIDTH="15" VPOS="1239" HPOS="255"/>
							<String ID="string_210" HPOS="270" VPOS="1241" WIDTH="13" HEIGHT="20" WC="0.86" CONTENT="&amp;"/><SP WIDTH="15" VPOS="1241" HPOS="283"/>
							<String ID="string_211" HPOS="298" VPOS="1239" WIDTH="114" HEIGHT="22" WC="0.92" CONTENT="skriftens"/><SP WIDTH="15" VPOS="1239" HPOS="412"/>
							<String ID="string_212" HPOS="427" VPOS="1240" WIDTH="73" HEIGHT="22" WC="0.96" CONTENT="första"/><SP WIDTH="16" VPOS="1240" HPOS="500"/>
							<String ID="string_213" HPOS="516" VPOS="1240" WIDTH="51" HEIGHT="21" WC="0.96" CONTENT="sida"/><SP WIDTH="15" VPOS="1240" HPOS="567"/>
							<String ID="string_214" HPOS="582" VPOS="1240" WIDTH="49" HEIGHT="28" WC="0.93" CONTENT="och,"/><SP WIDTH="17" VPOS="1240" HPOS="631"/>
							<String ID="string_215" HPOS="648" VPOS="1240" WIDTH="77" HEIGHT="21" WC="0.91" CONTENT="derest"/><SP WIDTH="9" VPOS="1240" HPOS="725"/>
							<String ID="string_216" HPOS="734" VPOS="1240" WIDTH="56" HEIGHT="22" WC="0.93" CONTENT="flera"/><SP WIDTH="8" VPOS="1240" HPOS="790"/>
							<String ID="string_217" HPOS="798" VPOS="1240" WIDTH="77" HEIGHT="23" WC="0.93" CONTENT="skilda"/><SP WIDTH="9" VPOS="1240" HPOS="875"/>
							<String ID="string_218" HPOS="884" VPOS="1242" WIDTH="69" HEIGHT="21" WC="0.90" CONTENT="stäm-"/>
						</TextLine>
						<TextLine ID="line_31" HPOS="203" VPOS="1274" WIDTH="750" HEIGHT="28">
							<String ID="string_219" HPOS="203" VPOS="1274" WIDTH="136" HEIGHT="28" WC="0.92" CONTENT="pelmärken"/><SP WIDTH="22" VPOS="1274" HPOS="339"/>
							<String ID="string_220" HPOS="361" VPOS="1274" WIDTH="126" HEIGHT="27" WC="0.96" CONTENT="användas,"/><SP WIDTH="16" VPOS="1274" HPOS="487"/>
							<String ID="string_221" HPOS="503" VPOS="1275" WIDTH="81" HEIGHT="20" WC="0.96" CONTENT="vidare"/><SP WIDTH="15" VPOS="1275" HPOS="584"/>
							<String ID="string_222" HPOS="599" VPOS="1274" WIDTH="79" HEIGHT="21" WC="0.93" CONTENT="utmed"/><SP WIDTH="16" VPOS="1274" HPOS="678"/>
							<String ID="string_223" HPOS="694" VPOS="1274" WIDTH="104" HEIGHT="21" WC="0.92" CONTENT="bredden"/><SP WIDTH="15" VPOS="1274" HPOS="798"/>
							<String ID="string_224" HPOS="813" VPOS="1275" WIDTH="26" HEIGHT="21" WC="0.93" CONTENT="af"/><SP WIDTH="12" VPOS="1275" HPOS="839"/>
							<String ID="string_225" HPOS="851" VPOS="1274" WIDTH="102" HEIGHT="22" WC="0.92" CONTENT="skriften"/>
						</TextLine>
						<TextLine ID="line_32" HPOS="204" VPOS="1307" WIDTH="750" HEIGHT="30">
							<String ID="string_226" HPOS="204" VPOS="1308" WIDTH="30" HEIGHT="27" WC="0.93" CONTENT="pä"/><SP WIDTH="15" VPOS="1308" HPOS="234"/>
							<String ID="string_227" HPOS="249" VPOS="1308" WIDTH="84" HEIGHT="20" WC="0.89" CONTENT="sädant"/><SP WIDTH="14" VPOS="1308" HPOS="333"/>
							<String ID="string_228" HPOS="347" VPOS="1309" WIDTH="53" HEIGHT="25" WC="0.96" CONTENT="sätt,"/><SP WIDTH="17" VPOS="1309" HPOS="400"/>
							<String ID="string_229" HPOS="417" VPOS="1310" WIDTH="35" HEIGHT="18" WC="0.96" CONTENT="att"/><SP WIDTH="15" VPOS="1310" HPOS="452"/>
							<String ID="string_230" HPOS="467" VPOS="1307" WIDTH="28" HEIGHT="21" WC="0.93" CONTENT="de"/><SP WIDTH="16" VPOS="1307" HPOS="495"/>
							<String ID="string_231" HPOS="511" VPOS="1308" WIDTH="21" HEIGHT="27" WC="0.92" CONTENT="ej"/><SP WIDTH="16" VPOS="1308" HPOS="532"/>
							<String ID="string_232" HPOS="548" VPOS="1308" WIDTH="80" HEIGHT="21" WC="0.93" CONTENT="kunna"/><SP WIDTH="16" VPOS="1308" HPOS="628"/>
							<String ID="string_233" HPOS="644" VPOS="1307" WIDTH="54" HEIGHT="21" WC="0.91" CONTENT="frän"/><SP WIDTH="14" VPOS="1307" HPOS="698"/>
							<String ID="string_234" HPOS="712" VPOS="1307" WIDTH="171" HEIGHT="30" WC="0.92" CONTENT="afhandlingen"/><SP WIDTH="15" VPOS="1307" HPOS="883"/>
							<String ID="string_235" HPOS="898" VPOS="1308" WIDTH="56" HEIGHT="21" WC="0.92" CONTENT="skil-"/>
						</TextLine>
						<TextLine ID="line_33" HPOS="201" VPOS="1341" WIDTH="751" HEIGHT="28">
							<String ID="string_236" HPOS="201" VPOS="1342" WIDTH="43" HEIGHT="27" WC="0.92" CONTENT="jas,"/><SP WIDTH="16" VPOS="1342" HPOS="244"/>
							<String ID="string_237" HPOS="260" VPOS="1344" WIDTH="58" HEIGHT="19" WC="0.96" CONTENT="utan"/><SP WIDTH="16" VPOS="1344" HPOS="318"/>
							<String ID="string_238" HPOS="334" VPOS="1343" WIDTH="34" HEIGHT="19" WC="0.93" CONTENT="att"/><SP WIDTH="14" VPOS="1343" HPOS="368"/>
							<String ID="string_239" HPOS="382" VPOS="1342" WIDTH="189" HEIGHT="27" WC="0.91" CONTENT="värdestämpeln"/><SP WIDTH="19" VPOS="1342" HPOS="571"/>
							<String ID="string_240" HPOS="590" VPOS="1341" WIDTH="135" HEIGHT="28" WC="0.92" CONTENT="derigenom"/><SP WIDTH="15" VPOS="1341" HPOS="725"/>
							<String ID="string_241" HPOS="740" VPOS="1342" WIDTH="91" HEIGHT="22" WC="0.92" CONTENT="skadas."/><SP WIDTH="31" VPOS="1342" HPOS="831"/>
							<String ID="string_242" HPOS="862" VPOS="1342" WIDTH="90" HEIGHT="22" WC="0.92" CONTENT="Saknas"/>
						</TextLine>
						<TextLine ID="line_34" HPOS="203" VPOS="1375" WIDTH="749" HEIGHT="31">
							<String ID="string_243" HPOS="203" VPOS="1378" WIDTH="115" HEIGHT="26" WC="0.93" CONTENT="utrymme"/><SP WIDTH="23" VPOS="1378" HPOS="318"/>
							<String ID="string_244" HPOS="341" VPOS="1375" WIDTH="14" HEIGHT="22" WC="0.91" CONTENT="å"/><SP WIDTH="24" VPOS="1375" HPOS="355"/>
							<String ID="string_245" HPOS="379" VPOS="1375" WIDTH="74" HEIGHT="22" WC="0.96" CONTENT="första"/><SP WIDTH="23" VPOS="1375" HPOS="453"/>
							<String ID="string_246" HPOS="476" VPOS="1376" WIDTH="74" HEIGHT="26" WC="0.95" CONTENT="sidan,"/><SP WIDTH="23" VPOS="1376" HPOS="550"/>
							<String ID="string_247" HPOS="573" VPOS="1377" WIDTH="37" HEIGHT="20" WC="0.93" CONTENT="mä"/><SP WIDTH="19" VPOS="1377" HPOS="610"/>
							<String ID="string_248" HPOS="629" VPOS="1377" WIDTH="177" HEIGHT="28" WC="0.91" CONTENT="stämpelmärke"/><SP WIDTH="13" VPOS="1377" HPOS="806"/>
							<String ID="string_249" HPOS="819" VPOS="1377" WIDTH="88" HEIGHT="29" WC="0.89" CONTENT="jemväl"/><SP WIDTH="14" VPOS="1377" HPOS="907"/>
							<String ID="string_250" HPOS="921" VPOS="1378" WIDTH="31" HEIGHT="28" WC="0.96" CONTENT="pä"/>
						</TextLine>
						<TextLine ID="line_35" HPOS="202" VPOS="1410" WIDTH="750" HEIGHT="29">
							<String ID="string_251" HPOS="202" VPOS="1410" WIDTH="122" HEIGHT="22" WC="0.91" CONTENT="fränsidan"/><SP WIDTH="21" VPOS="1410" HPOS="324"/>
							<String ID="string_252" HPOS="345" VPOS="1410" WIDTH="134" HEIGHT="28" WC="0.92" CONTENT="anbringas."/><SP WIDTH="31" VPOS="1410" HPOS="479"/>
							<String ID="string_253" HPOS="510" VPOS="1410" WIDTH="48" HEIGHT="21" WC="0.96" CONTENT="Och"/><SP WIDTH="16" VPOS="1410" HPOS="558"/>
							<String ID="string_254" HPOS="574" VPOS="1410" WIDTH="59" HEIGHT="22" WC="0.93" CONTENT="skall"/><SP WIDTH="16" VPOS="1410" HPOS="633"/>
							<String ID="string_255" HPOS="649" VPOS="1410" WIDTH="111" HEIGHT="29" WC="0.92" CONTENT="derjemte"/><SP WIDTH="15" VPOS="1410" HPOS="760"/>
							<String ID="string_256" HPOS="775" VPOS="1411" WIDTH="69" HEIGHT="22" WC="0.92" CONTENT="hvart"/><SP WIDTH="15" VPOS="1411" HPOS="844"/>
							<String ID="string_257" HPOS="859" VPOS="1411" WIDTH="44" HEIGHT="22" WC="0.96" CONTENT="och"/><SP WIDTH="15" VPOS="1411" HPOS="903"/>
							<String ID="string_258" HPOS="918" VPOS="1413" WIDTH="34" HEIGHT="20" WC="0.96" CONTENT="ett"/>
						</TextLine>
						<TextLine ID="line_36" HPOS="203" VPOS="1444" WIDTH="749" HEIGHT="31">
							<String ID="string_259" HPOS="203" VPOS="1444" WIDTH="24" HEIGHT="22" WC="0.96" CONTENT="af"/><SP WIDTH="22" VPOS="1444" HPOS="227"/>
							<String ID="string_260" HPOS="249" VPOS="1444" WIDTH="27" HEIGHT="22" WC="0.96" CONTENT="de"/><SP WIDTH="24" VPOS="1444" HPOS="276"/>
							<String ID="string_261" HPOS="300" VPOS="1444" WIDTH="134" HEIGHT="29" WC="0.91" CONTENT="begagnade"/><SP WIDTH="24" VPOS="1444" HPOS="434"/>
							<String ID="string_262" HPOS="458" VPOS="1445" WIDTH="208" HEIGHT="28" WC="0.89" CONTENT="stämpelmärkena"/><SP WIDTH="22" VPOS="1445" HPOS="666"/>
							<String ID="string_263" HPOS="688" VPOS="1445" WIDTH="130" HEIGHT="22" WC="0.92" CONTENT="makuleras"/><SP WIDTH="21" VPOS="1445" HPOS="818"/>
							<String ID="string_264" HPOS="839" VPOS="1447" WIDTH="113" HEIGHT="28" WC="0.96" CONTENT="antingen"/>
						</TextLine>
					</TextBlock>
					<TextBlock ID="block_6" HPOS="270" VPOS="1485" WIDTH="402" HEIGHT="23">
						<TextLine ID="line_37" HPOS="270" VPOS="1485" WIDTH="402" HEIGHT="23">
							<String ID="string_265" HPOS="270" VPOS="1485" WIDTH="207" HEIGHT="23" WC="0.90" CONTENT="Bevillningsutskottets"/><SP WIDTH="11" VPOS="1485" HPOS="477"/>
							<String ID="string_266" HPOS="488" VPOS="1485" WIDTH="108" HEIGHT="18" WC="0.90" CONTENT="betänkande"/><SP WIDTH="12" VPOS="1485" HPOS="596"/>
							<String ID="string_267" HPOS="608" VPOS="1485" WIDTH="35" HEIGHT="18" WC="0.96" CONTENT="N:o"/><SP WIDTH="13" VPOS="1485" HPOS="643"/>
							<String ID="string_268" HPOS="656" VPOS="1486" WIDTH="16" HEIGHT="17" WC="0.96" CONTENT="5."/>
						</TextLine>
					</TextBlock>
				</ComposedBlock>
				<GraphicalElement ID="cblock_3" HPOS="1095" VPOS="0" WIDTH="3" HEIGHT="308"></GraphicalElement >
			</PrintSpace>
		</Page>
	</Layout>
</alto>
