1109 1742
347 130 22 25 U.
385 131 22 23 B.
423 143 30 7 —
468 133 63 36 Props
544 132 36 25 N:o
597 132 29 24 12.
804 134 25 20 11

112 193 70 22 skulle
197 194 118 26 ankomma,
334 197 60 25 tager
409 196 68 21 denna
491 196 154 27 omständighet
659 196 8 20 i
681 196 99 22 särskildt
795 195 65 22 öfver-

114 228 99 28 vägande.
245 229 48 21 Men
315 229 77 27 följden
411 230 62 21 häraf
489 230 70 22 kunde
577 230 97 27 möjligen
687 229 66 22 blifva
768 230 46 26 den,
830 231 31 20 att

112 261 100 29 Senaten,
227 263 46 27 just
287 263 47 22 med
349 263 78 28 hänsyn
447 264 70 21 dertill
531 266 32 19 att
578 264 25 21 de
618 264 7 21 i
640 263 222 27 fridlysningsstadgan

112 296 104 27 ingäende
234 296 216 28 straffbestämningar
470 297 32 22 väl
516 298 71 21 kunna
602 299 69 26 lämpa
686 298 31 27 sig
731 298 32 21 för
779 304 25 14 en
819 299 42 20 sta-

112 331 48 20 tens
183 330 104 22 allmänna
309 330 162 28 telefonanstalt,
495 338 46 15 men
564 332 95 22 deremot
676 334 37 19 äro
729 330 133 23 öfverhöfvan

113 366 86 24 stränga
214 364 33 21 för
261 364 81 22 enskild
356 364 120 28 inrättning,
492 366 75 22 endast
581 366 149 27 undantagsvis
744 365 67 22 skulle
826 365 35 22 be-

113 398 49 28 vilja
177 398 77 22 ansökt
272 399 67 28 skydd
356 398 32 22 för
402 399 115 28 ledningar,
533 400 106 28 tillhöriga
653 400 95 22 enskilda
762 406 100 21 personer

113 432 52 23 eller
179 432 69 28 bolag,
264 436 54 19 samt
333 435 31 20 att
379 434 60 22 dessa
453 434 88 22 sälunda
556 434 7 21 i
578 434 25 22 de
618 434 60 22 flesta
688 434 36 22 fall
734 434 128 22 fortfarande

114 466 101 23 förblefve
229 467 7 21 i
251 468 80 21 saknad
346 467 22 23 af
381 468 98 22 särskildt
493 468 74 28 skydd.
589 469 33 21 Då
637 468 116 22 emellertid
770 469 40 21 den
825 468 38 22 nä-

114 502 49 27 diga
178 502 157 27 propositionen
350 504 93 21 närmast
457 505 24 19 är
495 503 110 22 föranledd
622 502 22 22 af
657 502 102 23 särskilda
773 502 33 22 till
820 504 42 26 sty-

114 536 69 22 relsen
198 536 117 22 inlemnade
338 537 140 27 ansökningar
499 544 34 16 om
555 538 68 27 skydd
645 539 56 20 emot
716 536 147 28 skadegörelse

111 571 16 21 4
142 570 97 22 enskilda
253 577 100 20 personer
368 571 51 22 eller
433 571 63 27 bolag
517 571 106 27 tillhöriga
645 570 218 27 telefoninrättningar

113 606 56 20 samt
184 604 26 22 de
225 603 60 23 flesta
300 604 23 22 af
336 605 60 22 dessa
410 605 146 27 inrättningar,
571 606 49 21 med
635 606 96 21 afseende
745 606 13 21 &
774 607 38 19 den
827 604 36 22 be-

114 638 83 28 tydelse
211 638 33 22 för
258 638 143 28 samfärdseln,
423 640 26 20 de
463 640 65 21 redan
543 646 45 20 ega,
605 639 152 27 otvifvelaktigt
771 641 37 19 äro
823 638 41 22 för-

114 672 70 28 tjenta
198 672 22 22 af
234 675 31 19 ett
279 673 106 27 särskildt,
403 680 33 14 om
447 674 39 21 ock
496 674 46 21 icke
557 680 80 15 samma
651 673 66 28 skydd
728 679 45 15 som
784 675 81 19 statens

115 706 97 25 telegraf-
231 708 39 21 och
281 707 192 27 telefonledningar,
484 714 60 21 synes
555 708 36 21 det
601 707 118 28 lämpligast
729 709 32 20 att
770 707 34 21 vid
814 706 49 23 fast-

115 742 104 21 ställande
235 742 22 21 af
269 741 243 28 straffbestämningarna
526 741 33 23 för
576 741 67 23 skada
658 742 39 21 och
712 741 68 28 ohägn
790 742 13 20 å
813 742 50 21 tele-

114 776 179 26 foninrättningar
307 776 70 22 indela
392 776 106 22 desamma
512 776 7 21 i
534 778 32 20 tre
581 776 56 22 olika
652 776 124 26 kategorier,
792 776 73 21 nämli-

113 816 51 21 gen:
183 813 31 18 1:0
230 812 79 20 statens
321 810 104 22 allmänna
435 810 223 28 telefoninrättningar,
673 810 33 21 för
715 810 71 21 hvilka
796 809 67 22 straff-

109 844 201 27 bestämningarnai
319 844 220 28 fridlysningsstadgan
547 844 68 22 skulle
623 844 115 27 tillämpas;
747 845 33 20 2:0
786 844 79 21 sådana

115 879 96 22 enskilda
226 885 106 21 personer,
351 879 128 26 menigheter
494 879 51 22 eller
559 878 64 27 bolag
637 878 105 27 tillhöriga
759 878 106 21 allmänna

105 913 3 1 "
114 913 194 27 telefonledningar,
324 919 45 16 som
379 912 23 22 af
410 913 102 22 Senatens
522 913 117 22 Ekonomie
649 913 151 26 Departement
810 911 55 28 pröf-

116 953 37 16 vas
168 954 51 15 vara
233 947 100 28 förtjenta
349 949 31 20 att
394 949 60 26 tagas
469 948 66 21 under
549 947 100 22 särskildt
659 947 74 27 skydd,
748 947 33 21 för
795 946 70 21 hvilka

117 981 247 29 straffbestämningarna
378 982 67 22 skulle
460 981 113 23 fastställas
590 982 46 21 vida
645 981 58 28 lägre
719 981 39 22 och
772 981 32 21 till
815 981 50 21 hvil-

116 1016 42 23 ken
180 1017 96 27 kategori
298 1017 147 22 företrädesvis
467 1016 182 23 distanstelefoner
670 1016 67 22 skulle
755 1015 109 26 hänföras;

117 1053 55 21 samt
187 1051 99 28 slutligen
302 1053 33 21 3:o
351 1051 41 23 alla
413 1051 66 28 öfriga
501 1051 224 28 telefoninrättningar,
748 1050 33 22 för
795 1050 71 22 hvilka

116 1087 70 26 någon
201 1086 123 27 fridlysoing
339 1087 45 20 icke
399 1086 67 22 skulle
476 1085 112 23 meddelas.
618 1085 40 21 Till
668 1085 129 22 sistnämnda
806 1085 59 21 kate-

117 1120 47 27 gori
174 1120 66 22 borde
251 1120 63 22 bland
323 1120 65 22 andra
395 1120 99 22 hänföras
502 1120 41 21 alla
551 1119 109 27 ledningar
667 1119 33 22 för
708 1119 89 22 enskildt
805 1118 59 23 bruk.

184 1155 32 21 På
231 1155 67 26 grund
313 1154 22 22 af
349 1154 36 22 det
399 1154 86 22 anförda
499 1154 32 22 får
543 1154 37 27 jag
600 1153 107 22 vördsamt
721 1153 87 22 föreslå:

321 1214 31 18 att
363 1211 141 28 lagförslaget
515 1209 66 28 blefve
590 1210 35 21 till
637 1209 102 22 Utskottet
747 1210 118 21 äterremit-

254 1246 69 21 teradt
329 1248 40 25 jör
379 1248 31 18 att
421 1245 135 22 omarbetas
546 1239 11 38 i
566 1245 35 20 det
609 1244 30 27 af
644 1245 44 27 mig
696 1244 97 28 antydda
803 1243 62 28 syfte.

654 1301 18 24 F.
688 1301 109 28 Stjernvall.

187 1361 10 20 I
212 1359 133 22 förestående
359 1359 129 22 reservation
503 1359 121 21 instämma:

188 1410 20 23 R.
224 1409 19 23 A.
259 1409 72 24 Wrede.
365 1409 18 23 H.
400 1409 18 22 E.
433 1408 126 24 Schroderus.
591 1407 42 23 Joh.
649 1407 148 28 Schwartzherg-

187 1501 136 23 Lagutskottets
336 1501 109 17 betänkande
457 1501 36 16 N:o
505 1498 17 18 6.
