1106 1739
280 134 14 20 4
495 133 18 23 U.
529 133 19 23 B.
563 144 25 5 —
604 133 54 28 Prop.
674 133 32 23 N:o
722 132 26 23 16.

254 195 154 22 skollärarenes
423 195 98 26 ställning
535 196 8 20 i
557 195 60 21 detta
631 195 119 21 hänseende
768 195 130 21 försämrats.
928 195 70 21 Faran

253 229 22 22 af
288 231 33 19 att
335 229 75 26 lärare,
433 229 33 21 för
488 231 32 19 att
542 229 82 26 ätnjuta
647 229 124 21 oafkortadt
793 228 26 21 de
842 228 159 23 löneförmäner

253 269 45 16 som
316 263 34 21 för
372 263 173 27 tjensteutöfning
560 264 37 19 äro
611 263 111 21 bestämda
737 263 39 21 och
791 262 72 22 hvilka
883 263 69 27 aldrig
965 263 33 22 till

252 297 52 22 fullo
318 297 72 21 kunna
404 298 117 20 motsvaras
535 297 23 21 af
571 297 122 26 pensionen,
715 298 129 26 gvarstanna
865 297 8 21 i
895 297 46 22 sina
962 297 38 22 be-

251 331 123 28 fattningar,
390 331 61 22 äfven
466 331 54 22 efter
535 332 36 21 det
585 332 62 21 deras
661 331 112 28 medtagna
795 331 81 22 krafter
891 332 19 27 ej
925 332 74 21 vidare

252 367 108 20 motsvara
380 366 102 26 tjenstens
504 366 53 26 kraf,
579 365 39 22 har
640 365 89 22 sälunda
751 365 121 27 härigenom
894 366 104 27 betydligt

252 400 102 21 förökats.
382 399 74 22 Ehuru
471 400 26 21 de
512 399 89 22 sälunda
619 399 127 22 förändrade
769 399 162 22 förhällandena
952 406 48 15 ver-

252 434 38 22 kat
300 435 74 21 endast
388 440 25 15 en
423 434 86 22 kortare
522 434 38 26 tid,
576 435 37 20 äro
629 433 25 22 de
668 433 65 22 bland
747 433 84 22 landets
845 434 131 22 fortfarande
990 434 8 22 i

252 468 135 22 verksamhet
402 469 73 21 stadde
494 469 75 25 lärare,
591 468 72 21 hvilka
685 468 91 27 uppnätt
799 474 25 16 en
845 468 155 27 jemförelsevis

252 502 42 28 hög
309 502 64 26 ålder,
388 502 80 27 ganska
483 502 82 21 talrika.
595 503 43 20 Det
653 502 65 26 sagda
735 503 62 21 torde
819 502 82 26 framgå
923 502 23 21 af
959 502 40 21 föl-

250 536 64 27 jande
329 536 74 22 siffror.
433 536 41 21 Vid
496 536 56 22 ärets
573 536 77 27 ingäng
671 536 78 22 funnos
771 536 65 21 bland
857 536 80 22 lärare-
959 536 39 22 och

252 570 118 22 lärarinnor
385 570 34 21 vid
441 570 82 21 landets
546 570 213 21 elementarläroverk
783 570 40 22 och
843 570 158 22 fruntimmers-

253 604 81 21 skolor:

455 668 12 19 3
483 672 44 16 som
542 666 90 26 uppnått
647 666 26 21 63
689 666 34 21 års
739 666 58 22 ålder

370 714 16 16 N
455 700 12 21 3
497 717 12 9 »
579 717 11 9 »
649 700 27 21 64
700 716 12 11 n

457 736 9 19 1
499 750 11 10 »
580 751 12 10 »
651 734 62 26 65.5
759 751 11 9 a

455 768 12 20 2
581 785 12 10 m
651 769 27 19 66
759 785 12 10 x»

456 804 10 20 1
497 819 12 9 »
579 818 12 10 »
650 803 26 20 67
703 819 11 9 1
759 819 12 10 »

456 837 10 20 1
580 853 11 9 »
650 837 64 25 BR
759 853 12 10 n

456 872 53 25 1»
579 887 13 10 »
651 871 26 20 70
759 887 12 9 x»

455 904 12 21 3
499 920 12 12 »
580 920 11 11 »
650 905 64 26 Tn
759 921 12 10 n

455 939 12 20 2
497 955 12 10 »
579 955 12 10 ”
650 940 26 20 2
702 956 11 9 1
759 955 12 9 »

456 974 8 19 1
579 989 12 10 »
649 974 65 24 dn
758 990 13 9 »

456 1008 10 19 1
497 1024 14 9 »
579 1024 12 9 »
650 1008 63 26 Bn
758 1024 12 9 »

252 1081 51 21 eller
317 1080 89 22 sålunda
421 1082 96 20 närmare
533 1082 12 20 5
561 1082 86 26 procent
669 1081 22 21 af
711 1081 82 22 landets
816 1082 49 21 hela
887 1082 112 22 lärarekär

252 1115 58 21 öfver
325 1115 27 21 63
368 1114 34 22 ärs
417 1114 65 22 älder.

321 1149 69 21 Jemte
406 1149 35 20 det
455 1149 66 26 sagda
538 1149 39 21 bör
599 1150 60 21 äfven
673 1150 7 20 i
697 1150 153 26 öfvervägande
873 1151 60 25 tagas
956 1151 41 21 den

250 1183 117 27 väsentliga
382 1182 81 22 skilnad
478 1189 45 15 som
541 1183 112 22 förefinnes
675 1184 77 21 mellan
774 1184 41 21 den
838 1184 66 21 skada
919 1184 78 25 lärare,

250 1217 71 21 hvilka
336 1218 19 26 ej
370 1217 71 21 vidare
461 1215 40 23 äro
512 1217 37 21 sitt
564 1218 44 20 kall
622 1218 49 21 fullt
684 1218 100 27 mäktiga,
806 1218 40 21 och
861 1218 67 22 andra
943 1218 53 27 tjen-

251 1252 88 26 stemän,
363 1250 72 22 kunna
458 1250 111 22 förorsaka
591 1252 35 21 det
648 1252 113 22 allmänna.
790 1252 72 22 Under
877 1252 37 22 det
937 1254 61 20 näm-

250 1285 56 26 ligen
335 1285 25 20 de
384 1285 124 25 missgrepp,
534 1285 33 20 till
595 1285 72 21 hvilka
697 1286 65 26 öfrige
791 1286 127 26 tjenstemän
948 1286 48 21 med

250 1318 124 26 försvagade
399 1318 219 26 själsförmögenheter
641 1319 71 21 kunna
736 1321 53 25 göra
813 1319 32 27 sig
871 1319 125 27 skyldiga,
979 1314 20 37 i

251 1352 25 21 de
290 1352 63 21 flesta
366 1350 38 23 fall
421 1352 71 21 kunna
513 1358 75 21 genom
611 1353 152 22 öfverordnade
785 1354 146 27 myndigheter
952 1355 44 19 rät-

250 1389 40 23 tas,
306 1388 24 20 är
345 1386 40 22 den
400 1386 72 27 skada,
489 1392 44 16 som
547 1387 81 21 mindre
644 1388 85 27 dugliga
743 1388 70 22 lärare
832 1388 71 21 kunna
925 1388 70 22 ästad-

250 1422 91 24 komma,
357 1420 97 27 ohjeplig.
483 1420 68 22 Dessa
565 1421 88 22 sålunda
669 1422 92 28 antydda
784 1422 47 22 skäl
852 1422 39 22 har
913 1422 83 22 utskot-

250 1457 32 20 tet
290 1457 70 19 ansett
370 1455 32 21 till
412 1455 51 21 fullo
474 1455 105 27 berättiga
594 1456 168 22 bestämmandet
777 1457 23 21 af
813 1463 26 15 en
854 1456 141 28 åldersgräns,

318 1494 124 23 Lgutskottets
455 1495 114 17 betänkande
581 1497 34 15 N:o
628 1496 16 17 5.
