1103 1742
274 142 13 20 2
456 141 65 25 Ständ.
536 141 30 23 Sv.
581 154 27 4 —
624 141 53 29 Prop.
693 141 31 24 N:o
739 141 28 24 18.

314 205 73 23 Såsom
402 206 23 22 af
439 206 40 22 den
494 207 32 21 till
542 206 117 23 Ständerna
669 207 79 27 afeifna
758 207 118 22 relationen
886 214 34 15 om
930 208 62 20 stats-

245 246 86 22 verkets
349 246 96 22 tillständ
459 246 99 28 framgär,
574 248 62 21 hafva
651 247 114 27 utgifterna
780 248 33 21 för
828 248 128 26 landtdagen
971 246 22 22 är

247 286 55 21 1885
325 286 89 27 uppgätt
435 287 33 21 till
490 287 92 26 281,795
605 287 60 22 mark
687 287 13 22 6
721 288 71 27 penni.
821 288 68 22 Dessa
908 287 86 28 utgifter

246 332 51 16 voro
318 325 29 29 pä
369 327 26 21 de
417 327 105 22 särskilda
542 328 179 27 hufvudposterna
736 327 109 23 fördelade
859 327 28 28 pä
901 327 93 28 följande

245 368 51 21 sätt:

246 475 93 24 Ständen
349 477 56 21 samt
415 476 61 22 deras
486 477 169 28 kanslipersonal
665 478 39 22 och
712 479 107 28 betjening
842 471 10 40 =
862 479 82 27 89,331:
960 479 34 22 43.

248 516 115 22 Utskotten
379 518 54 21 samt
449 517 61 22 deras
525 518 131 22 sekreterare
665 519 38 22 och
711 519 108 28 betjening
842 512 13 39 =
862 519 83 27 80,239:
961 519 34 22 88.

248 557 70 27 Hyror
332 555 34 23 för
380 555 99 24 ständens
494 557 40 23 och
549 559 121 21 utskottens
684 559 83 22 lokaler
784 576 1 5 .
814 575 5 5 .
861 559 84 27 21,249:
961 559 34 22 48.

246 596 247 28 Tryckningskostnader
530 613 5 5 .
566 615 4 4 .
602 615 4 4 .
862 599 83 28 58,082:
962 599 33 22 63.

246 637 122 22 Kostnader
382 637 33 22 för
429 637 97 28 häftning
542 639 22 21 af
580 615 239 52 landtdagskandlingar
877 640 69 27 2,492:
962 640 33 21 36.

248 673 283 31 Öfversättningskostnader
568 695 4 5 .
602 696 5 4 .
639 695 4 5 .
815 697 3 4 .
878 680 69 27 8,429:
961 680 35 21 33.

248 718 120 22 Kostnader
382 718 33 21 för
425 718 198 28 korrekturläsning
631 719 39 22 och
674 695 145 52 venskrifning
876 721 70 27 4,364:
962 720 33 22 65.

248 759 80 27 Anslag
342 757 33 23 till
390 757 158 28 Stenografiska
562 759 122 28 föreningen
707 776 4 5 .
743 777 4 4 .
778 777 4 4 .
814 777 4 4 .
876 761 69 27 5,000:
961 772 28 4 —

248 799 94 26 Diverse,
357 797 70 23 säsom
441 805 111 21 annonser,
566 799 189 28 skrifmaterialier,
765 806 52 21 upp-

315 839 84 27 lysning
413 845 28 15 m.
456 845 27 16 m.
531 856 4 5 oo.
566 857 4 4 2
602 856 4 5 2
637 857 5 4 0
743 855 76 6 L
865 840 83 27 12,605:
963 841 34 21 30.

672 891 86 22 Summa
773 892 47 26 Fm:
849 891 98 27 281,795:
962 892 34 21 06.

316 997 60 22 Hvad
399 995 143 23 kostnaderna
557 995 33 21 för
604 995 129 27 landtdagen
748 996 23 21 är
788 995 53 22 1891
859 995 136 27 vidkommer,

246 1038 65 22 hafva
333 1038 26 22 de
382 1036 69 22 skilda
472 1036 175 27 utgiftsposterna
666 1036 115 22 beräknats
795 1036 33 22 till
843 1036 89 27 ungefär
948 1042 48 16 ena-

245 1079 72 22 handa
330 1078 79 26 belopp
424 1082 45 17 som
484 1076 34 22 vid
533 1076 145 22 förstnämnda
693 1076 108 27 landtdag.
830 1076 78 22 Posten
924 1076 73 28 ,hyror

245 1120 33 22 för
300 1118 100 22 ständens
422 1117 39 22 och
483 1117 119 21 utskottens
622 1116 93 22 lokaler*
730 1117 39 21 har
783 1117 118 23 emellertid
916 1118 80 21 ansetts

246 1160 72 21 kunna
339 1158 46 22 helt
407 1157 39 22 och
468 1156 67 23 hållet
549 1158 124 26 utelemnas,
688 1159 51 19 enär
754 1157 41 21 den
810 1157 96 27 byggnad
921 1158 33 20 för
970 1158 25 20 de

246 1201 33 21 tre
294 1198 77 22 ofrälse
387 1197 94 27 stånden,
497 1197 85 22 hvilken
595 1196 84 28 jemlikt
693 1196 130 23 Ständernas
839 1197 22 21 af
870 1198 67 21 Eders
946 1197 49 28 Kej-

245 1240 78 26 serliga
337 1238 102 27 Majestät
452 1237 114 27 godkända
581 1238 70 22 beslut
665 1238 95 22 kommer
771 1238 31 22 att
812 1238 107 27 uppföras,
930 1238 65 27 enligt

257 1280 16 20 J]
288 1278 134 22 sannolikhet
437 1278 54 21 skall
506 1284 50 14 vara
570 1278 120 21 fullbordad
706 1278 31 20 till
752 1278 162 21 nästinfallande
925 1278 70 21 landt-

259 1324 33 20 ag.
316 1317 77 21 Likaså
408 1316 40 22 har
462 1316 140 22 bortlemnats
618 1316 95 27 anslaget
728 1316 32 22 till
771 1317 159 27 Stenografiska
940 1317 55 22 före-

250 1359 78 27 ningen,
350 1357 85 22 hvilken
453 1357 63 27 utgift
532 1358 80 21 ansetts
627 1357 35 21 vid
677 1358 73 28 hvarje
765 1357 102 28 landtdag
882 1358 52 22 böra
950 1359 42 21 sär-

252 1398 55 23 kildt
321 1397 92 29 pröfvas.
856 1392 3 3 |
