1114 1753
371 153 24 23 U.
412 154 24 22 B.
454 166 27 4 —
496 154 71 29 Prop.
581 155 40 22 N:o
635 155 35 22 22.
854 155 13 21 5

147 224 51 21 gen,
215 223 48 14 som
279 217 70 21 sedan
364 217 53 28 fyra
432 217 123 22 decennier
569 217 100 22 tillbaka
684 217 89 29 utgjort
788 219 108 20 statsver-

147 250 51 22 kets
213 251 60 21 mest
287 251 110 28 gifvande
412 251 165 22 inkomstkälla
592 251 44 22 och
650 252 9 21 i
674 251 59 28 följd
748 251 66 22 deraf
828 252 68 21 äfven

148 284 9 23 i
171 285 73 28 högre
269 285 57 28 grad
349 289 29 18 än
399 285 72 22 andra
486 286 89 22 skatter
590 286 61 28 tagit
665 285 91 22 landets
772 286 124 21 skatteför-

146 319 69 28 måga
230 319 9 21 i
255 319 106 29 anspråk,
378 323 24 18 är
417 319 127 23 Monarken
560 327 79 15 ensam
649 320 151 22 förbehållen.
829 320 67 21 Dock

147 358 26 18 är
195 354 40 21 det
258 356 34 19 ett
314 354 124 22 historiskt
459 354 97 27 faktum,
580 362 48 14 som
643 354 53 22 icke
712 354 46 22 kan
773 354 122 28 bestridas,

147 390 34 20 att
206 388 115 22 alltsedan
346 389 25 21 år
397 389 55 23 1772
477 388 127 23 tulltaxans
626 389 106 21 innehåll
747 389 111 21 bestämts
874 388 25 22 af

147 422 149 29 Regeringen
310 425 58 19 utan
383 423 141 22 medverkan
538 424 53 21 trån
606 423 142 23 Ständernas
764 423 57 22 sida.

215 457 36 21 Då
274 457 39 22 det
337 457 74 29 enligt
432 459 14 25 &
466 458 26 22 37
509 458 8 21 i
532 458 25 22 L.
575 458 25 21 O.
616 458 81 21 tillhör
712 457 185 29 Bevillningsut-

149 492 89 21 skottet
261 493 34 20 att
310 492 103 21 beräkna
427 492 161 22 inkomsterna
602 492 26 22 af
641 492 28 22 de
685 491 115 22 särskilda
815 492 82 21 bevill-

147 526 114 28 ningarne
285 528 60 20 samt
367 526 72 22 sedan
460 526 173 30 bevillningens
657 526 83 29 belopp
762 526 82 22 blifvit
858 526 38 22 be-

147 560 88 22 stämdt
248 560 85 22 föreslå
348 561 133 29 grunderna
496 561 42 22 och
554 563 69 21 sättet
636 561 36 21 för
688 560 52 22 dess
755 560 141 30 fördelning,

148 595 43 22 har
205 595 124 22 Utskottet
347 597 77 21 ansett
438 596 40 21 det
493 595 52 22 icke
560 596 122 21 ankomma
698 596 13 21 å
728 595 120 23 Utskottet
863 597 35 20 att

148 630 38 21 till
208 630 173 22 skärskådande
403 632 104 27 upptaga
528 630 140 29 giltigheten
690 630 26 21 af
728 630 46 22 den
789 630 109 29 tolkning

149 664 26 22 af
195 664 179 28 grundlagarne,
397 672 49 14 som
461 664 116 23 föranledt
592 672 28 14 en
636 664 72 22 sådan
724 664 108 22 sakernas
848 664 50 22 ord-

149 705 64 22 ning.

217 733 91 21 Endast
327 732 39 22 det
380 732 42 22 har
437 732 124 23 Utskottet
575 734 58 20 trott
648 732 37 29 sig
700 733 55 21 böra
770 732 128 28 framhålla,

149 769 41 26 att,
206 767 75 28 enligt
295 767 46 21 den
355 767 153 28 uppfattning
524 774 48 14 som
586 766 81 29 gjorde
683 767 37 28 sig
734 767 109 28 gällande
858 767 40 22 vid

149 801 66 22 tiden
230 803 103 20 närmast
353 801 59 22 efter
429 801 232 28 Regeringsformens
676 801 144 29 utfärdande,
836 801 62 22 befo-

150 836 116 29 genheten
289 835 37 22 för
348 835 150 29 Regeringen
521 838 34 19 att
576 836 110 21 förordna
708 843 37 14 om
759 836 140 21 tulltariffen

151 870 44 22 och
219 871 58 21 efter
299 870 241 29 omständigheternas
555 871 53 22 kraf
628 870 91 29 reglera
739 870 159 22 tullsatsernas

150 905 84 29 belopp
255 905 52 22 icke
322 905 86 22 uteslöt
426 905 144 28 rättigheten
584 905 36 22 för
636 905 131 22 Ständerna
781 907 35 20 att
831 905 69 29 ätaga

151 940 36 28 sig
201 939 132 29 bevillning
348 947 82 20 genom
445 939 199 29 införselafgifter.

218 975 47 20 Det
286 974 105 22 befinnes
406 974 118 29 nemligen
552 977 35 19 att
602 974 130 23 Ständerna
747 974 45 22 den
807 977 13 20 8
836 975 62 28 Sept.

154 1010 59 27 1772,
229 1009 57 21 eller
301 1008 99 23 sälunda
413 1009 75 28 nägra
502 1009 85 22 veckor
601 1009 59 21 efter
668 1009 232 28 Regeringsformens

150 1043 169 27 fastställande,
342 1044 74 20 såsom
438 1043 130 28 bevillning
589 1043 37 21 till
640 1043 134 28 påföljande
788 1043 112 29 Riksdag,

151 1078 21 21 d.
193 1084 22 16 v.
239 1084 17 15 s.
280 1077 75 29 enligt
373 1077 29 22 då
417 1078 109 28 gällande
540 1077 174 29 bestämningar
728 1077 37 22 för
780 1078 121 22 obestämd

151 1112 41 27 tid,
209 1112 68 28 åtogo
301 1112 43 28 sig,
359 1112 72 22 bland
447 1114 77 24 annat,
540 1111 140 29 utgörandet
696 1112 26 21 af
734 1119 29 14 en
778 1112 70 28 afgift
864 1119 36 15 om

153 1148 10 20 1
187 1150 38 18 öre
247 1154 17 13 s.
286 1154 29 14 m.
336 1146 36 22 för
387 1146 81 29 hvarje
483 1146 78 22 kanna
576 1146 40 22 vin
632 1146 44 22 och
692 1147 26 27 !/;
734 1149 38 19 öre
788 1154 16 14 s.
820 1154 29 14 m.
865 1147 36 21 för

153 1181 79 29 hvarje
255 1181 117 29 skålpund
394 1181 68 28 kaffe,
486 1188 48 15 som
558 1181 38 21 till
610 1180 80 22 landet
704 1180 197 27 inhemtades,och

151 1216 97 22 hvilken
271 1216 71 28 afgift
364 1216 72 21 borde
458 1216 41 21 vid
522 1215 181 29 tullklareringen
724 1216 126 28 uppbäras;
872 1224 28 14 en

152 1250 83 29 åtgärd
256 1251 51 21 från
329 1250 143 22 Ständernas
494 1250 58 27 sida,
567 1250 69 22 hvars
651 1250 125 28 betydelse,
792 1250 111 22 särskildt

152 1285 52 22 med
219 1284 92 29 hänsyn
320 1284 38 22 till
366 1284 45 22 den
420 1284 93 29 analogi
520 1285 52 21 med
582 1291 32 15 nu
624 1284 178 28 ifrågavarande
810 1284 92 22 tobaks-

152 1319 132 29 bevillning
307 1318 161 22 förstnämnda
490 1318 130 29 bevillning
642 1318 69 22 äfven
725 1319 53 21 med
793 1319 108 22 afseende

153 1354 13 21 å
180 1353 191 30 uppbördssättet
386 1352 114 30 erbjuder,
516 1353 51 22 icke
584 1352 64 23 torde
664 1352 56 22 böra
730 1353 170 22 underskattas.

221 1388 55 20 Men
291 1387 69 21 äfven
376 1394 36 13 om
426 1387 285 27 tullbeskattningsrätten
726 1395 83 20 genom
816 1388 87 27 grund-

153 1421 81 28 lagens
249 1421 146 28 uttryckliga
410 1420 128 28 stadgande
553 1427 55 15 vore
616 1421 128 21 Monarken
752 1421 151 27 förbehållen,

154 1455 75 22 skulle
251 1463 29 14 en
303 1455 68 29 dylik
395 1454 147 29 bestämning
557 1454 60 23 dock
631 1456 84 27 utgöra
731 1456 34 21 ett
779 1455 125 30 undantag

222 1503 206 24 Bevillningsutskottets
440 1503 109 18 betänkande
560 1502 37 18 N:o
608 1503 16 16 1.
