1100 1742
288 146 13 20 6
494 145 22 23 U.
533 145 22 22 B.
571 157 28 5 —
615 146 58 27 Prop.
689 146 35 21 N:o
741 145 28 23 12.

260 207 80 22 mindre
362 208 68 22 tillåta
447 208 194 28 telefonledningars
656 208 145 27 uppställande
816 208 38 22 och
869 208 135 27 begagnande

260 242 89 21 emellan
364 242 67 22 skilda
447 245 56 19 orter
517 242 6 22 i
537 242 78 28 landet,
630 244 26 20 än
671 242 68 22 tillika
753 242 122 22 föreskrifva
890 242 26 22 de
931 242 73 28 vilkor,

259 276 28 27 på
302 276 70 22 hvilka
386 276 67 22 finska
467 276 125 22 statsverket
607 276 66 23 skulle
688 283 50 15 vara
753 276 127 28 berättigadt
894 279 32 19 att
938 276 67 22 inlösa

259 310 137 27 ledningarna
410 311 52 21 efter
477 312 22 21 så
509 312 49 26 lång
567 312 37 25 tid,
615 318 44 15 som
670 311 6 21 i
686 311 71 27 hvarje
767 311 98 21 särskildt
875 311 35 21 fall
921 312 83 20 komme

260 345 33 21 att
307 344 132 22 bestämmas.
469 345 49 22 Med
533 346 114 27 åberopadt
661 345 47 21 stöd
723 344 22 22 af
758 345 64 27 sagda
837 345 74 27 nådiga
921 345 84 28 bemyn-

261 378 88 27 digande
372 378 109 23 utfärdade
497 379 89 22 Senaten
601 380 118 21 sedermera
733 379 139 27 kungörelsen
888 379 21 21 af
923 380 39 20 den
978 380 26 20 23

260 412 117 22 December
393 414 60 22 1886.

328 446 109 23 Utskottet
453 448 41 21 kan
509 448 38 22 här
561 448 81 27 förbigå
657 448 138 27 spörjsmålet,
808 448 103 22 huruvida
922 448 83 27 Kejser-

260 480 43 28 liga
318 481 91 22 Senaten
423 482 7 20 i
446 482 136 22 omförmälda
598 482 75 26 nådiga
682 482 167 28 bemyndigande
859 482 45 22 haft
914 482 91 22 tillräck-

261 515 29 27 lig
305 515 111 27 anledning
431 518 37 24 att,
484 518 51 20 utan
550 517 70 21 vidare
636 518 94 26 omgång,
747 516 83 22 utfärda
841 523 24 15 en
876 516 78 22 allmän
964 516 41 22 för-

260 549 97 27 fattning,
373 552 50 19 enär
433 550 59 22 detta
501 550 130 22 förhållande
642 553 23 19 är
675 553 50 19 utan
734 550 108 28 betydelse
852 550 7 22 i
869 551 137 21 förevarande

261 584 38 21 sak
321 584 39 21 och
378 584 35 21 det
435 585 112 25 dessutom,
563 585 31 21 till
609 585 51 27 följd
675 585 22 21 af
710 585 103 21 särskilda
827 584 8 22 i
851 585 87 21 ärendet
953 584 53 22 före-

260 618 78 21 komna
353 618 184 27 omständigheter,
551 618 82 27 jemlikt
648 619 216 21 Statssekretariatets
879 618 48 22 bref
936 618 21 22 af
966 619 40 21 den

261 652 26 21 22
303 652 40 26 maj
361 652 22 27 (3
398 652 56 26 Juni)
471 653 60 26 1887,
547 653 6 20 i
569 653 64 21 nåder
649 652 65 22 blifvit
727 648 16 36 ,,
739 652 91 22 Senaten
841 655 64 25 öppet
914 652 92 22 lemnadt

261 687 32 20 att
315 686 34 21 vid
372 686 87 22 allmänt
480 687 154 21 sammanträde
656 688 53 26 ånyo
733 689 92 25 upptaga
846 687 49 21 hela
909 686 97 28 frägan;*

261 726 48 15 men
330 720 40 21 har
390 720 109 22 Utskottet
521 721 94 21 deremot
634 720 46 22 icke
694 721 49 21 bort
757 720 70 22 lemna
841 721 115 21 obeaktadt
972 721 35 21 det

261 754 137 26 förhållande,
413 754 58 22 hvari
487 755 64 26 sagda
566 755 215 27 lagstiftningsåtgärd
797 756 43 20 står
855 755 31 21 till
901 755 25 21 R.
943 755 23 21 F.
985 755 19 27 &

261 789 36 26 43,
319 795 45 15 som
384 788 66 28 lyder:
477 806 4 9 ,
483 789 79 25 Skulle
577 790 45 21 thet
637 790 23 20 sä
675 790 89 26 tildraga
779 790 37 27 sig,
833 792 21 19 at
869 790 46 20 thet
929 790 78 27 upkom

261 823 70 27 nägon
346 829 28 21 ny
389 823 118 27 Lag-fräga,
527 830 44 15 som
587 824 56 21 förra
657 824 63 21 tiders
737 824 93 27 exempel
845 826 97 24 nogsamt
956 824 50 25 visa,

260 858 23 20 tä
305 857 65 24 blifve
391 858 49 20 then
459 858 80 27 afgiord
555 859 26 26 pä
596 864 79 15 samma
690 860 42 19 sätt
747 864 45 15 som
807 859 27 20 42
850 860 10 24 $
876 858 45 21 thet
937 858 69 21 ofvan-

261 890 44 22 före
319 891 106 27 stadgar.*
455 892 74 21 Denna
543 892 124 26 hänvisning
681 892 31 21 till
734 894 5 23 $
754 893 27 20 42
795 892 25 21 R.
836 892 23 21 F.
880 892 127 22 vidhanden-

260 925 71 26 gifver,
355 927 32 20 att
409 925 129 28 lagstiftning
559 927 7 20 i
583 926 65 21 sädan
663 933 26 20 ny
704 925 93 28 lagfräga
812 926 123 21 ankommer
946 921 9 36 &
976 933 32 15 re-

260 961 51 25 gent
325 959 40 21 och
380 959 90 22 Ständer
485 962 134 25 gemensamt.
649 960 49 21 Med
708 967 41 20 ,ny
759 960 106 27 lagfräga*
878 959 74 22 förstäs
962 960 44 25 här,

261 993 65 27 enligt
340 993 119 22 Utskottets
474 994 70 26 tanke,
560 995 75 21 sädant
649 994 165 27 nyuppkommet
829 994 50 22 eller
890 994 21 21 af
919 994 89 27 lagstift-

261 1027 76 27 ningen
351 1027 57 22 förut
425 1028 99 21 oberördt
538 1028 115 27 spörjsmäl,
669 1035 44 14 som
729 1030 24 19 är
767 1028 23 21 af
803 1029 39 21 den
857 1028 149 28 beskaffenhet,

261 1063 32 20 att
315 1062 120 27 detsamma,
459 1062 64 27 enligt
545 1063 26 21 de
590 1063 104 22 allmänna
709 1063 162 27 grundsatserna
886 1063 7 21 i
908 1063 100 22 Finlands

261 1098 102 23 statsrätt,
386 1096 65 23 finnes
475 1097 51 21 böra
547 1097 97 22 hänföras
667 1097 31 21 till
714 1098 96 21 omrädet
824 1097 32 22 för
870 1099 83 25 regents
970 1097 38 22 och

261 1130 100 22 Ständers
384 1137 153 20 gemensamma
558 1131 135 27 lagstiftning.
722 1131 29 22 Af
767 1138 26 15 en
808 1131 89 22 särskild
912 1131 96 27 pröfning

261 1164 63 21 beror
345 1165 81 21 således
448 1165 7 21 i
478 1165 58 22 detta
557 1165 42 26 fall,
618 1165 102 22 huruvida
735 1165 178 22 telefonväsendet
928 1166 80 21 kunnat

261 1199 77 20 ordnas
360 1199 13 21 å
388 1199 151 22 administrativ
554 1202 38 24 väg
607 1200 27 27 pä
648 1200 67 26 grund
730 1199 22 22 af
766 1199 40 22 den
821 1199 65 27 makt,
901 1201 106 25 regenten,

258 1232 78 27 jemväl
359 1233 64 26 enligt
445 1233 145 22 stadfästelsen
609 1233 31 22 till
657 1234 54 21 1734
725 1234 34 21 ärs
774 1234 40 26 lag,
831 1239 48 22 eger
894 1235 31 19 att
940 1233 68 22 allena

261 1266 84 21 utfärda
359 1267 70 26 påbud
445 1267 38 21 och
499 1267 145 26 författningar
657 1267 8 21 i
680 1267 97 25 ärenden,
793 1274 44 14 som
852 1268 54 25 angä
921 1267 39 21 den
972 1267 36 22 all-

261 1301 77 19 männä
352 1299 159 27 hushållningen
526 1300 6 20 i
548 1300 77 25 landet,
641 1300 51 21 eller
706 1306 34 15 om
755 1300 73 27 frågan
839 1300 38 21 hör
887 1300 31 21 till
929 1300 79 26 gebitet

262 1332 21 21 af
297 1333 66 26 begge
378 1333 173 21 statsmakternas
565 1333 133 27 lagstiftande
708 1334 139 21 verksamhet.
877 1334 43 21 För
933 1334 31 21 sin
975 1333 33 22 del

261 1366 40 22 har
321 1366 110 23 Utskottet
452 1367 47 22 icke
520 1367 66 22 funnit
601 1369 32 20 att
647 1368 68 21 denna
730 1374 40 21 nya
784 1368 59 27 fräga
858 1368 151 27 otvifvelaktigt

262 1401 67 22 skulle
351 1401 84 22 tillhöra
451 1402 34 21 det
499 1401 56 22 förra
571 1402 100 21 omrädet.
700 1402 50 22 Men
765 1409 28 15 nu
807 1403 66 27 gäller
887 1403 70 22 säsom
972 1403 37 21 all-

262 1438 49 19 män
332 1436 58 27 regel
411 1437 32 20 att
465 1437 50 25 ,der
531 1437 35 21 det
580 1439 25 19 är
619 1436 70 21 tvifvel
703 1437 159 27 underkastadt,
877 1437 33 22 till
925 1437 83 22 hvilken

261 1477 52 21 gren
328 1470 22 22 af
363 1471 155 27 lagstiftningen
533 1477 26 16 en
573 1471 168 27 uppkommande
756 1471 58 28 fråga
829 1473 24 20 är
868 1473 31 20 att
914 1471 93 26 hänföra,

329 1510 140 23 Lagutskotteis
481 1511 114 17 betänkande
607 1511 35 17 N:o
655 1511 16 16 6.
