1700 1909
663 232 24 20 U.
700 232 23 20 B.
738 242 27 3 —
780 232 60 25 Prop.
855 233 36 21 N:o
907 233 28 21 21,
1123 232 27 21 57

431 296 35 21 ler
488 295 45 21 ock
554 294 25 22 få
601 294 51 21 sina
666 292 133 22 blanketter
813 300 83 21 genom
912 292 163 23 Guvernörens
1091 293 91 28 försorg

432 329 38 21 till
492 327 283 28 kartasigillatakontoret
798 327 143 26 äfversända,
961 327 36 21 för
1013 329 35 19 att
1063 328 119 21 derstädes

433 362 111 29 stämplas
560 362 44 21 och
619 362 76 20 såsom
710 368 76 14 annan
797 361 252 28 kartasigillataremiss
1060 361 38 21 till
1107 361 76 22 lands-

432 398 109 20 kontoret
554 396 141 24 ätersändas;
707 395 116 21 hvarefter
833 395 28 21 de
872 395 97 21 sålunda
980 395 128 28 stämplade
1118 395 66 22 blan-

433 431 107 21 ketterna
562 430 38 21 till
614 429 113 22 ränteriet
741 428 110 22 aflemnas
867 429 43 22 och
925 429 126 27 derstädes,
1067 430 49 21 lika
1130 431 53 20 med

434 467 72 20 annat
525 464 127 29 stämpladt
673 471 94 20 papper,
782 463 127 22 behandlas
925 463 43 22 och
983 463 126 28 redovisas,
1125 467 59 18 samt

434 499 58 21 efter
506 498 74 21 behof
592 498 38 21 till
644 497 173 22 vederbörande
832 497 111 28 utgifvas.

779 561 12 26 $
806 561 35 21 40.

503 604 37 21 Då
554 603 67 22 karta
637 601 82 22 ämnad
734 601 39 20 till
787 601 137 28 expedition
939 601 41 21 hos
996 602 147 22 embetsverk
1154 604 30 21 el-

434 640 35 21 ler
490 639 149 28 tjensteman,
659 643 83 22 genom
759 635 162 29 misskrifning
936 636 136 29 förderfvas,
1087 639 38 20 må
1140 638 46 22 slik

436 675 73 26 karta,
525 673 9 22 i
548 672 43 22 fall
606 671 165 28 expeditionen
785 670 52 21 icke
847 671 76 21 finnes
933 678 57 14 vara
999 671 188 30 underskrifven,

435 709 43 21 hos
500 706 176 29 länestyrelsen,
701 705 30 29 på
754 705 45 21 den
821 705 36 21 för
877 705 164 28 expeditionen
1062 708 124 28 ansvarige

436 743 199 28 tjenstemannens
650 739 107 22 anmälan
773 739 43 22 och
831 740 52 21 med
897 739 59 22 hans
971 740 108 28 reversal,
1090 741 96 28 utbytas

438 778 62 20 emot
519 777 54 27 nytt
588 774 127 29 stämpladt
729 781 89 21 papper
833 775 25 20 af
870 773 49 22 lika
933 774 78 21 värde.
1041 775 54 21 Men
1111 779 25 18 är
1152 783 37 14 2x-

438 810 137 30 peditionen
596 809 73 21 redan
691 808 185 27 underskrifven,
899 808 134 22 ankommer
1051 809 40 22 det
1105 811 31 27 pä
1150 810 40 21 Fi-

438 843 226 30 nansexpeditionen
686 843 8 21 i
717 842 113 22 Senatens
845 843 290 28 Ekonomiedepartement
1150 846 40 27 att,

439 880 60 21 efter
519 878 140 22 hemställan
677 877 26 21 af
718 877 175 28 länestyrelsen,
909 877 8 20 i
932 877 81 28 hvarje
1027 878 43 21 fall
1085 882 104 19 närmare

439 914 83 29 pröfva
542 913 44 22 och
608 912 115 27 förordna,
747 911 115 22 huruvida
877 911 135 24 restitution
1027 913 56 21 eller
1098 913 93 22 afskrif-

439 949 59 27 ning
517 948 26 21 af
561 946 199 29 stämpelafgiften
779 946 37 21 för
832 946 27 21 de
874 946 134 21 misskrifna
1023 947 110 22 kartorna
1148 948 42 21 bör

439 982 106 28 beviljas,
567 981 120 22 äfvensom
704 979 106 22 bemälda
825 979 142 29 Expedition
981 980 82 22 tillhör
1078 983 35 19 att
1128 982 63 21 med-

440 1017 66 28 gifva
520 1016 83 28 utbyte
620 1015 26 22 af
653 1015 79 21 kartor
742 1014 38 21 till
791 1015 86 20 sädana
887 1014 166 28 expeditioner,
1064 1016 36 21 för
1111 1015 81 22 hvilka

442 1050 132 29 afgifterne,
596 1049 9 21 i
627 1049 116 21 anseende
766 1048 37 20 till
822 1048 127 28 fattigdom
966 1049 57 21 eller
1045 1057 76 14 annan
1137 1050 53 29 laga

442 1084 75 27 orsak,
534 1084 20 29 ej
571 1084 90 21 kunnat
676 1083 41 21 hos
733 1082 128 28 sakegaren
876 1083 71 21 utfäs.

788 1146 13 25 $
815 1146 34 21 41.

511 1187 130 22 Förefaller
661 1185 161 28 misskrifning
837 1185 41 22 vid
893 1185 95 22 kartans
1003 1186 151 22 användande
1170 1187 26 22 af

443 1222 92 22 enskild
556 1228 85 22 person
664 1219 56 22 eller
742 1220 42 21 har
805 1221 78 27 nägon
905 1220 27 21 af
949 1220 132 28 uppenbart
1096 1221 98 29 misstag

443 1258 118 27 begagnat
583 1256 72 27 högre
677 1255 73 27 karta,
774 1257 29 18 än
822 1255 150 21 föreskrifvet
987 1258 31 23 är,
1033 1256 38 20 mä
1087 1255 107 22 tillständ

444 1291 38 22 till
496 1291 52 22 dess
563 1289 131 29 utbytande
705 1289 67 21 sökas
782 1288 43 21 hos
836 1289 152 21 Guvernören
998 1289 8 21 i
1016 1289 70 28 länet,
1098 1290 13 21 ä
1121 1289 69 22 hvars

443 1325 174 22 bestämmande
638 1324 83 21 sådant
737 1323 9 21 i
766 1323 81 28 hvarje
867 1323 42 21 fall
925 1322 141 29 ankommer;
1082 1324 61 21 dock
1156 1325 39 21 mä

444 1361 8 21 i
469 1359 107 22 afseende
593 1360 13 20 &
621 1359 73 21 sädan
708 1357 73 26 karta,
797 1364 49 14 som
863 1357 127 28 begagnats
1001 1357 38 21 till
1049 1358 145 29 rättegängs-

444 1394 117 26 fullmakt,
584 1393 86 28 inlaga,
692 1391 66 22 bevis
781 1391 55 21 eller
857 1399 76 14 annan
951 1391 69 21 skrift
1035 1392 26 22 af
1073 1393 121 21 enahanda
1213 1405 2 2 -

445 1428 167 27 beskaffenhet,
628 1427 72 28 något
714 1426 84 28 utbyte
813 1426 51 21 icke
880 1426 95 21 tillåtas.

514 1463 52 20 Den
586 1462 137 26 delegarene
742 1461 9 19 i
771 1461 113 20 Finlands
900 1459 241 29 hypotheksförening
1156 1468 40 20 ge-

446 1503 54 15 nom
514 1495 87 28 nådiga
617 1494 194 22 cirkulärbretvet
825 1494 26 21 af
863 1494 45 21 den
925 1494 26 21 19
963 1493 58 21 Juni
1033 1494 55 21 1860
1097 1491 101 30 tillagda

446 1532 54 26 rätt,
519 1532 35 19 att
569 1529 29 22 då
613 1529 38 22 till
666 1528 138 28 föreningen
819 1527 61 22 stäld
895 1527 139 28 skuldsedel,
1050 1528 36 21 för
1101 1527 96 23 hvilken

515 1569 208 23 Bevillninysutskottets
734 1567 110 18 betänkande
856 1568 35 17 N:o
905 1568 16 16 5.
