1095 1748
225 139 32 35 50
435 143 24 20 U.
473 143 22 20 B.
512 153 25 5 —
553 143 59 25 Prop.
626 142 37 20 N:o
679 143 27 19 21.

201 198 81 21 stande
305 198 56 21 eller
376 197 101 29 felaktig
492 197 120 28 kartering
627 197 77 28 någon
720 196 90 29 påföljd
825 196 21 28 ej
861 195 87 22 drabba

201 232 45 21 den
269 232 112 27 enskilde,
404 239 49 14 som
475 231 100 22 skriften
596 231 113 21 inlemnat
725 231 57 21 eller
797 230 80 27 utfått,
893 229 56 22 eller

201 265 86 22 sådane
309 266 95 21 skrifter
427 266 44 21 och
493 265 234 28 handlingar
650 265 77 28 derför
741 265 88 21 lemnas
844 266 57 19 utan
917 263 31 22 af-

200 300 92 28 seende,
313 302 57 19 utan
392 307 54 14 vare
469 300 82 22 endast
570 300 173 22 vederbörande
758 299 140 29 tjensteman
913 298 37 22 för

199 335 126 22 förseelsen
340 335 111 21 förfallen
465 335 38 21 till
518 342 84 15 ansvar
617 335 30 28 på
661 336 48 20 sätt
723 334 113 22 nedanför
851 333 99 22 bestäm-

200 377 55 14 mes.

546 405 12 26 8
574 405 34 21 23.

268 445 106 22 Embets-
392 445 44 21 och
450 445 146 28 tjensteman,
612 451 48 15 som
675 444 40 22 vid
731 443 106 22 skrifters
853 444 97 20 emotta-

200 478 76 29 gande
299 479 56 21 eller
378 479 171 28 expeditioners
571 478 140 22 utfärdande
733 477 130 22 uraktläter
880 477 69 28 tillse,

200 515 35 19 att
257 513 116 22 desamma
395 517 39 18 äro
457 513 127 29 behörigen
599 513 127 28 karterade,
742 513 57 21 eller
814 513 137 21 försummar

200 550 35 19 att
256 548 136 22 vidhäftade
414 548 194 29 stämpelmärken
630 547 57 22 eller
701 547 37 22 till
753 547 144 29 beläggning
913 553 37 15 an-

199 583 74 21 vändt
295 583 187 28 stämpelpapper
503 583 8 20 i
534 582 154 22 föreskrifven
710 581 101 29 ordning
825 581 124 27 makulera,

200 617 53 21 böte
275 617 80 28 hvarje
373 618 62 27 gäng
451 617 45 21 han
512 617 94 22 dermed
622 617 106 21 beträdes
744 616 68 29 tjugu
827 617 64 21 mark
907 616 43 21 och

199 658 54 14 vare
269 651 110 29 derjemte
395 651 94 29 skyldig
504 654 34 19 att
554 653 85 20 ersätta
655 651 31 22 all
701 651 46 22 den
763 651 82 22 förlust
860 651 90 22 kronan

198 685 30 28 pä
244 685 82 22 sädant
341 687 47 21 sätt
402 685 158 29 tillskyndats.

541 745 13 26 8
569 745 33 20 24.

273 783 197 29 Lysningssedlar
491 783 37 22 till
552 783 127 28 äktenskap
702 783 72 28 skola,
797 783 77 22 tillika
897 783 53 22 med

198 817 148 29 förteckning
366 818 65 21 öfver
446 818 28 21 de
489 818 113 29 förelysta
616 825 146 22 personerna,
778 818 37 21 för
830 818 79 29 hvarje
925 819 25 20 är

198 852 72 21 innan
289 852 114 21 Februari
418 852 96 21 månads
530 853 47 21 slut
592 853 39 20 det
646 852 133 29 påföljande
794 853 49 20 året
857 852 27 21 af
896 853 54 27 kyr-

198 886 119 22 koherden
339 887 56 21 eller
417 887 51 26 den,
485 894 49 15 som
549 887 57 22 hans
622 886 72 29 tjenst
709 887 115 27 förrättar,
839 887 111 21 insändas

197 921 38 20 till
257 920 225 30 kontraktsprosten,
505 921 96 21 hvilken
624 921 71 21 innan
718 921 68 29 April
803 921 96 22 mänads
915 923 33 19 ut-

197 955 64 28 gäng
282 954 51 22 dem
355 955 38 21 till
415 956 177 21 landskontoret
613 955 162 28 öfverlemnar,
794 956 99 22 hvarvid
908 956 42 21 bör

197 996 61 22 noga
281 990 101 27 efterses,
401 992 35 19 att
451 990 27 21 de
493 990 136 29 begagnade
645 990 109 22 kartorna
769 990 57 22 eller
841 990 107 29 stämpel-

196 1024 111 21 märkena
321 1027 40 18 äro
376 1024 26 21 af
410 1024 164 28 kyrkoherden
585 1024 127 29 behörigen
722 1024 155 22 makulerade.
899 1024 49 22 Och

196 1065 55 15 vare
274 1058 45 22 den
340 1058 27 21 af
378 1059 180 28 presterskapet,
574 1066 49 14 som
637 1059 102 21 nämnda
754 1059 82 21 termin
851 1059 97 21 försum-

195 1099 56 22 mar,
274 1092 110 22 förfallen
405 1092 38 22 till
465 1093 68 28 tjugu
552 1093 77 21 marks
644 1093 73 22 böter.
747 1088 72 27 Öfver
835 1093 45 22 alla
895 1093 53 22 från

195 1126 157 28 prosterierna
367 1126 111 22 inkomna
493 1127 176 29 förteckningar
683 1130 124 26 upprättar
821 1127 125 22 landskon-

195 1163 61 19 toret
278 1160 71 22 sedan
370 1162 35 20 ett
427 1162 149 21 summariskt
598 1162 161 28 sammandrag
777 1162 44 22 och
836 1161 110 22 insänder

195 1195 127 22 detsamma
334 1196 71 28 jemte
420 1196 212 28 lysningssedlarne
648 1196 73 22 innan
735 1196 59 23 Juni
804 1196 96 22 månads
911 1198 36 20 ut-

194 1230 63 28 gång
265 1237 83 21 genom
360 1230 151 22 Guvernören
521 1231 38 21 till
570 1231 113 22 Senatens
693 1231 253 29 Kammarexpedition,

193 1265 36 20 för
252 1266 34 20 att
308 1265 38 20 till
361 1264 98 29 behörig
474 1266 146 27 granskning
634 1266 8 21 i
657 1266 237 21 Revisionskontoret
908 1265 38 22 be-

193 1298 96 21 fordras.

539 1335 13 25 s
568 1335 34 20 25.

264 1372 88 22 Varder
374 1373 78 29 nägon
470 1373 138 30 öfvertygad
623 1376 36 19 att
673 1374 71 23 hafva
760 1375 100 22 kronans
876 1377 69 20 stäm-

191 1406 39 29 pel
245 1407 123 29 eftergjort
384 1407 56 22 eller
455 1408 110 22 utfärdad
580 1408 67 22 karta
661 1409 98 22 medelst
774 1410 137 29 förändring
921 1412 26 20 af

193 1441 197 29 stämpelaftryck,
415 1449 48 14 som
486 1443 118 22 utmärker
626 1444 53 21 dess
698 1445 79 27 värde,
797 1445 122 22 förfalskat
935 1446 6 21 i

260 1482 206 23 Bevillningsutskottets
477 1483 108 18 betänkande
598 1484 34 18 N:o
645 1485 16 17 5.
