1095 1745
306 130 19 25 VU.
341 130 20 24 B.
381 144 20 3 —
419 130 53 31 Prop.
488 129 32 27 N:o
536 130 26 26 IG.
789 131 13 22 5

87 193 24 22 af
123 194 190 27 bränvinsskatten,
329 194 61 23 äfven
403 195 32 22 till
445 195 36 22 det
491 195 84 28 omfäng
585 201 44 16 som
638 201 29 16 nu
677 194 68 23 blifvit
755 194 76 27 ifräga-

87 229 50 26 satt,
159 229 68 21 skulle
248 229 64 22 lända
330 235 59 15 mera
403 229 33 22 till
451 229 65 22 skada
531 231 27 20 än
572 230 32 21 till
618 236 55 21 gagn
688 230 33 22 för
736 229 39 21 den
791 228 39 21 all-

87 264 77 20 männa
179 263 135 21 moraliteten
329 263 7 21 i
350 263 79 22 landet.

154 297 30 22 Pä
198 297 69 27 grund
282 297 63 22 häraf
359 297 38 22 och
413 297 27 22 dä
455 297 35 22 det
504 305 29 14 nu
548 297 118 28 egentligen
677 297 55 22 blott
741 297 53 27 gällt
804 303 25 15 en

87 331 127 28 Ofverföring
236 331 47 22 från
305 332 26 21 de
349 331 76 22 hittills
439 332 98 27 gällande
552 332 79 22 måtten
647 331 32 23 till
694 332 134 26 metersyste-

87 368 43 20 met
145 368 55 21 samt
214 372 26 17 en
255 373 144 21 noggrannare
412 367 118 28 evalvering
541 367 23 22 af
572 367 40 22 den
622 373 28 15 nu
661 365 96 28 gällande
767 365 62 22 brän-

86 401 131 22 vinsskatten
237 401 32 22 till
285 402 25 21 61
327 401 51 22 eller
393 402 26 21 62
434 402 63 27 penni
512 408 37 21 per
563 401 49 22 liter
626 401 120 27 (rätteligen
761 401 68 26 61,134

86 436 70 28 penni)
171 436 46 21 icke
233 435 106 23 befunnits
354 437 91 27 lämplig,
461 436 64 22 hafva
538 436 21 21 vi
573 438 70 19 ansett
656 435 67 22 hellre
734 441 26 15 en
769 435 60 26 ringa

87 471 119 27 minskning
224 471 23 21 af
262 471 83 21 skatten
360 471 70 21 kunna
445 470 151 28 ifrägakomma
612 472 27 20 än
654 470 41 22 den
709 469 119 27 förhöjning

87 511 45 16 som
147 505 69 22 blifvit
230 505 107 25 förordad,
351 505 87 22 hvarför
451 506 21 21 vi
487 505 22 22 fä
524 506 107 21 vördsamt
645 504 78 22 föreslä

292 559 30 19 att
345 556 230 29 tillverkningsskatten
593 557 42 27 för
657 556 90 21 bränvin
766 556 63 21 måtte

223 591 126 22 bestämmas
371 594 31 18 att
416 592 51 27 utgå
482 591 47 21 med
544 592 65 21 sextio
622 591 68 27 penni
699 590 43 28 för
755 589 75 27 hvarje

222 626 50 22 liter
286 625 91 23 bränvin
392 626 29 28 af
431 627 84 20 normal
530 625 80 29 styrka.

155 728 79 26 Mauritz
250 728 91 30 Hallberg.
597 728 48 25 Leon
659 734 18 17 v.
693 727 68 25 Pfaler.

155 799 11 21 I
181 798 69 23 denna
264 798 130 22 reservation
408 798 74 23 förena
496 799 32 27 sig

155 849 20 24 VZ
190 856 35 17 von
240 849 74 29 Wright.
596 848 70 24 Edvard
682 848 100 24 Molander.

155 954 11 22 I
181 953 118 23 hufvudsak
313 953 85 22 förenar
413 953 32 27 sig
459 953 46 22 häri
520 952 61 23 äfven

587 1003 70 25 Edvard
672 1003 90 25 Duncker.

160 1509 189 19 Ekonomiutskottets
361 1509 115 18 betänkande
488 1510 36 17 N:o
536 1507 16 18 4.
