1109 1709
298 105 14 21 4
520 104 20 23 U.
555 104 13 23 B
584 117 27 3 —
626 104 54 29 Prop.
696 104 31 23 N:o
742 104 28 23 13.

570 169 81 29 Kap.
666 169 50 23 1V.

625 232 41 28 45

335 291 63 21 hafva
421 290 136 28 Ridderskapet
580 290 34 23 och
637 288 57 24 Adeln
717 291 55 21 samt
794 288 161 30 Borgareständet
970 289 50 27 god-

267 325 53 21 känt
335 325 66 27 enligt
415 325 166 27 propositionen,
599 326 95 20 deremot

336 358 78 24 Preste-
430 359 40 22 och
486 358 142 24 Bondeständen
644 359 66 27 enligt
725 359 151 22 betänkandet.

335 394 33 21 Då
384 394 60 21 äfven
460 394 68 21 denna
543 393 29 28 $:s
587 393 80 28 lydelse
681 395 23 19 är
719 394 108 22 beroende
842 394 22 21 af
877 392 11 28 $
900 393 13 21 3
923 393 7 21 i
941 392 53 28 Kap.
1006 393 13 21 2

266 428 34 22 fär
314 428 110 27 utskottet,
440 428 7 22 i
462 428 218 22 öfverensstämmelse
690 429 49 21 med
749 429 37 21 sitt
796 428 79 28 förslag
885 427 133 23 beträffande

267 463 105 27 sistsagda
387 462 17 28 8,
420 462 78 22 föreslå

471 522 32 20 att
510 520 77 23 Preste-
597 520 37 22 och
644 519 141 24 Bondeständen
796 520 47 22 ville
852 519 118 28 godkänna
980 519 40 28 $:n

403 554 67 29 enligt
485 555 41 22 den
540 555 84 28 nädiga
638 554 166 28 propositionen.

575 652 80 28 Kap.
671 651 37 23 V.

621 727 14 21 2
650 726 18 28 8.

332 791 38 21 har
393 790 22 21 af
437 790 137 29 Ridderskapet
588 790 34 23 och
638 790 57 23 Adeln
712 792 54 20 samt
781 788 161 30 Borgareständet
958 791 59 20 anta-

264 826 41 26 gits
320 825 66 27 enligt
401 825 165 27 propositionen,
583 827 54 19 samt
652 825 23 21 af

332 859 80 24 Preste-
435 860 38 22 och
496 859 144 24 Bondeständen
664 861 6 21 i
691 860 93 27 enlighet
804 861 48 21 med
867 859 150 23 betänkandet.

332 895 33 22 Då
383 895 74 21 härvid
477 895 69 27 någon
562 895 126 27 förmedling
704 895 22 21 af
740 895 26 21 de
782 895 122 27 skiljaktiga
920 894 96 21 besluten

264 930 18 26 ej
306 932 23 19 är
348 930 72 26 möjlig
444 930 39 21 och
505 930 36 20 det
561 930 47 26 slut,
624 930 60 20 hvari
700 930 81 21 Preste-
797 930 39 20 och
851 928 165 22 Bondestånden

263 966 92 25 stannat,
370 966 97 19 närmare
483 964 198 21 öfverensstämmer
696 964 48 21 med
759 964 99 27 gällande
868 962 149 29 lagstiftning
1005 958 15 37 i

264 1000 77 26 ämnet,
357 998 23 23 så
394 998 121 22 hemställes
530 999 108 21 vördsamt

468 1069 31 20 att
515 1068 136 28 Ridderskapet
666 1067 34 23 och
716 1067 56 23 Adeln
788 1069 55 20 samt
856 1066 160 30 Borgareståndet

399 1102 53 26 ville,
472 1102 9 21 i
500 1102 65 22 likhet
581 1102 46 22 med
643 1102 25 21 de
683 1102 35 21 två
732 1102 81 28 öfriga”
824 1098 93 36 stånden,
934 1102 83 27 antaga

398 1136 34 27 för
450 1138 41 24 $:n
506 1137 42 22 den
563 1137 9 21 i
587 1136 142 22 betänkandet
743 1136 124 28 föreslagna
883 1136 100 28 lydelsen.

569 1211 23 28 $$
606 1212 14 21 4
636 1212 39 21 och
691 1212 13 21 6

329 1274 63 20 hafva
414 1273 22 21 af
456 1272 160 28 Borgareståndet
638 1274 104 26 godkänts
766 1275 6 20 i
798 1274 216 22 öfverensstämmelse

262 1308 47 21 med
328 1307 164 28 propositionen,
512 1314 49 15 men
581 1308 23 21 af
620 1308 26 22 de
662 1308 67 27 öfriga
744 1310 32 20 tre
792 1308 90 22 stånden
898 1308 66 28 enligt
978 1309 36 21 be-

261 1342 123 22 tänkandet.
414 1341 33 22 Då
466 1342 81 22 således
563 1342 91 28 lagenlig
669 1342 197 28 ständerpluratitet
881 1343 133 22 beträffande

262 1378 60 20 dessa
344 1376 24 28 88
390 1376 119 28 föreligger,
532 1378 61 20 torde
613 1378 29 21 all
658 1378 72 21 vidare
746 1377 74 27 åtgärd
836 1377 46 22 från
898 1378 116 22 utskottets

262 1412 45 21 sida
322 1411 128 22 härutinnan
465 1411 91 22 förfalla.
