1100 1745
347 137 70 22 Ständ.
432 138 31 21 Sv.
479 151 26 2 —
521 138 57 27 Prop.
595 138 34 21 N:o
644 138 36 21 20.
846 139 12 20 7

140 202 42 19 sett
205 200 167 27 ifrågavarande
395 200 123 27 utgiftspost
536 201 73 21 kunna
624 201 111 21 nedsättas
750 201 31 20 till
796 201 92 26 250,000

140 234 62 21 mark
225 241 35 14 om
283 235 52 21 året.
364 235 9 20 I
392 235 158 26 sammanhang
569 235 90 20 härmed
674 235 88 26 utbedja
777 235 32 26 sig
824 234 63 21 Stän-

140 268 74 27 derna,
238 275 48 14 som
308 269 49 21 med
381 268 182 22 tillfredsställelse
581 269 99 26 iakttagit
695 269 42 21 den
753 268 135 27 sparsamhet

140 302 42 21 och
203 303 102 20 omtanke
322 303 83 20 landets
421 303 210 26 militärförvaltning
646 303 45 26 lagt
705 303 7 20 i
727 303 77 26 dagen,
820 304 31 19 att
866 302 22 21 fä

140 335 113 22 framhålla
268 337 174 21 önskvärdheten
457 337 66 26 deraf,
539 339 32 19 att
585 337 142 26 bokföringen
742 336 24 21 af
773 335 115 28 utgifterna

140 370 33 21 för
195 371 149 22 militieverket
366 371 69 22 blefve
458 372 83 21 ordnad
556 371 97 27 sålunda,
670 373 31 19 att
717 370 65 22 deraf
794 371 94 27 tydligen

140 405 128 27 framginge,
277 406 30 21 till
323 405 72 22 hvilka
411 406 101 21 ändamål
527 405 41 22 och
584 406 30 21 till
629 406 54 21 huru
699 407 59 20 stora
773 405 78 27 belopp
862 404 26 22 de

140 440 34 21 för
198 440 83 21 diverse
304 440 43 22 och
362 440 139 22 oförutsedda
516 440 67 22 behof
601 440 105 27 anslagna
721 440 85 21 medlen
821 439 67 21 blifvit

140 475 107 27 använda,
263 476 6 20 i
286 475 70 21 stället
371 474 32 22 för
419 477 36 24 att,
472 476 73 20 såsom
560 475 73 21 hittills
648 475 61 27 skett,
723 474 165 28 ifrågavarande

140 509 89 28 utgifter
251 509 97 21 bokförts
371 510 82 21 enhvar
475 510 68 21 under
565 510 77 21 kontot
657 509 33 21 för
705 510 42 20 den
762 508 125 28 utgiftstitel,

140 544 34 22 för.
188 545 65 21 hvars
267 544 92 27 räkning
375 544 126 22 densamma
515 544 68 21 blifvit
598 544 66 27 gjord.

209 579 7 21 I
237 579 92 26 enlighet
350 578 49 22 med
414 579 57 21 hvad
487 579 63 21 ofvan
565 578 128 23 framhållits
709 579 62 21 ställa
787 579 32 26 sig
833 578 54 21 mili-

140 613 115 21 tieverkets
277 613 86 27 utgifter
385 613 68 21 under
476 614 180 21 nästkommande
680 613 146 27 finansperiod
840 620 48 15 som

140 648 71 28 följer:

443 711 143 29 Afkortning.

596 754 74 36 Årligen
793 764 73 17 Summa

610 788 42 36 Ti
813 793 39 21 Fry:

141 822 42 20 För
201 822 111 26 fattigdom
332 822 41 21 och
389 822 68 21 andra
472 822 49 27 laga

170 856 109 22 orsaker
278 852 14 36 .
309 874 4 4 .
412 873 107 5 e.
579 856 67 27 5,000:
661 868 28 3 —
764 856 125 27 15,000:
870 852 23 36 —

402 930 118 22 Ordinarie
535 930 95 29 utgifter.

141 982 39 21 Till
198 982 60 21 Hans
277 982 118 27 Kejserliga
409 982 111 27 Majestäts

170 1017 57 27 höga
243 1017 141 26 disposition
379 1012 12 36 .
414 1034 4 4 .
449 1034 4 4 .
564 1017 84 27 56,000:
663 1029 28 2 —
751 1017 95 24 168,000:
862 1029 25 3 —

141 1051 175 28 Krigsministern
335 1051 42 22 och
396 1051 55 22 hans
465 1034 56 38 kan-

170 1087 25 21 sli
211 1086 33 22 för
259 1087 68 21 finska
342 1087 107 21 militären
482 1104 4 4 .
517 1104 4 4 .
564 1087 84 26 40,000:
663 1098 28 2 —
750 1085 96 27 120,000:
861 1097 28 3 —

142 1120 240 28 Generalguvernörens
399 1121 121 27 adjutanter
543 1116 12 36 —
565 1120 82 26 11,508:
662 1132 28 3 —
763 1120 83 26 34,524:
862 1132 27 2 —

142 1155 239 27 Generalguvernörens
411 1155 48 21 stab
489 1156 32 20 för

170 1189 69 21 finska
254 1190 106 21 militären
385 1206 1 5 .
418 1206 1 4 .
449 1206 4 4 .
483 1207 4 3 .
517 1207 4 3 .
565 1189 83 27 28,380:
663 1202 28 2 —
763 1189 83 26 85,140:
861 1201 28 2 —

142 1223 255 28 Befälhafvarestyrelsen
413 1240 3 4 .
447 1240 4 4 .
481 1240 4 4 .
563 1224 84 26 91,000:
663 1236 28 2 —
748 1223 98 27 273,000:
862 1235 27 2 —

142 1257 118 28 Lifgardets
282 1258 69 21 finska
373 1237 146 53 skarpskytte-

170 1293 111 26 bataljon
279 1288 13 35 .
312 1309 4 4 .
346 1310 4 3 .
449 1309 4 4 <
483 1309 4 4 <
517 1309 4 4 +
551 1292 97 27 373,000:
663 1304 28 2 —
728 1292 119 26 1,119,000:
863 1303 26 3 —

142 1327 66 21 Arme
233 1305 288 53 skarpskyttebataljonerna
529 1327 70 26 2,488,
600 1327 47 21 000:
663 1339 28 2 —
728 1325 118 27 —7,314,000:
862 1335 28 5 —

144 1361 241 26 Garnisonssjukhuset.
415 1378 4 4 .
450 1378 3 3 .
484 1379 3 3 .
517 1378 4 4 .
566 1361 83 26 233,200:
665 1373 25 2 —
764 1360 82 26 99,600:
862 1371 28 3 —

142 1395 80 20 Finska
237 1395 118 21 militärens
371 1400 72 15 reserv
483 1411 4 4 .
517 1412 4 4 .
551 1394 97 27 905,000:
664 1407 28 2 —
728 1393 118 27 2,715,000:
862 1405 27 3 —

403 1434 118 27 Transport
529 1435 118 26 3,981,088:
663 1446 28 3 —
715 1434 131 26 11,943,264:
863 1445 27 2 —
