1100 1750
256 135 29 20 24
564 135 35 21 N:o
618 134 30 21 21.

230 209 2 28 |

254 247 239 21 Tillståndsresolution
518 248 38 20 och
575 247 63 25 -bref,
658 254 23 14 se
696 249 77 19 satun
808 208 7 73 |

281 282 91 21 sations-
389 282 38 21 och
445 282 159 27 privilegiibref.
813 283 2 4 |

255 316 178 28 Transportbref,
450 323 22 15 se
488 317 106 21 fullmakt.

256 350 72 33 Vapen
344 351 40 21 och
399 350 202 29 vapenförändring,
618 357 21 15 se
656 350 85 27 diplom.

254 380 67 32 Öppet
337 384 52 28 bref
401 386 13 20 &
424 386 210 20 utmärkelsetecken
646 385 33 21 för
686 385 113 55 savi

230 413 2 34 |
280 420 65 27 tjenst
363 436 5 4 .
471 436 4 4 .
578 436 41 5 PO
794 399 21 48 ]

878 422 21 20 10
922 389 60 59 |]

581 495 11 27 8
608 495 19 20 6.

297 534 133 27 Afhandling
445 535 91 21 emellan
552 535 96 21 enskilda
664 541 105 20 personer
785 537 56 19 samt
851 535 131 21 förbindelse

228 569 41 21 och
285 575 72 15 annan
373 569 69 27 skrift,
459 575 45 16 som
521 569 23 21 af
558 569 83 22 enskild
656 576 49 15 man
721 569 105 28 utfärdas,
841 569 36 22 mä
888 569 48 22 med
947 569 36 22 det

228 605 118 26 undantag,
362 610 46 15 som
431 605 141 27 anmärkning
581 600 13 37 2
616 605 32 21 till
664 605 68 21 denna
749 605 11 27 &
777 604 126 26 innehåller,
920 604 62 22 skrif-

227 645 37 15 vas
280 640 27 25 pä
323 639 131 27 ostämpladt
469 645 87 22 papper,
572 646 48 14 men
636 640 46 26 bör,
696 639 26 21 dä
734 640 41 20 den
787 639 79 21 företes
877 640 35 20 vid
924 640 58 20 dom-

228 674 42 21 sto]
293 673 53 21 eller
369 673 213 28 embetsmyndighet,
606 674 68 21 förses
697 674 50 21 med
769 674 117 26 stämpladt
901 680 82 20 papper

228 708 53 21 eller
304 708 181 26 stämpelmärken
510 708 22 21 af
554 708 35 21 det
611 708 72 26 värde,
707 714 45 15 som
775 708 39 21 här
829 708 105 21 nedanför
949 708 33 21 för

227 742 74 27 hvarje
324 742 38 21 fall
384 742 68 21 finnes
475 744 79 24 utsatt;
570 743 39 21 och
625 744 24 19 är
665 742 194 27 stämpelbeloppet
874 742 108 22 bestämdt

227 776 33 21 för
275 777 50 21 hela
340 777 153 26 afhandlingen
517 777 51 21 eller
592 776 89 22 skriften
704 778 52 20 utan
781 776 99 22 afseende
903 778 12 20 å
934 777 49 21 dess

227 810 57 28 vidd,
301 811 71 21 sävidt
388 811 47 21 icke
452 811 143 27 uttryckligen
611 813 67 24 säges,
695 812 31 20 att
743 812 40 20 den
799 810 115 22 faststälda
931 811 49 21 kar-

227 847 38 19 tan
280 845 107 21 beräknas
402 845 34 21 för
450 846 74 26 hvarje
541 846 45 26 ark,
603 845 75 22 hvaraf
695 846 89 20 skriften
801 846 79 21 bestär.

250 960 119 27 Aktiebref
388 960 7 21 i
414 960 85 27 handel,
516 960 76 28 fartyg,
609 960 56 22 bank
680 961 40 21 och
736 961 61 20 indu-
813 940 18 52 |
850 944 39 21 ”Y
940 946 24 20 |

279 995 60 21 striel
361 994 121 26 inrättning
505 995 51 20 eller
572 1001 70 15 annan
658 995 138 26 anläggning,
920 990 2 15 |

278 1035 46 15 som
341 1030 24 19 är
380 1028 98 27 grundad
494 1028 28 27 pä
538 1029 79 21 aktier:

307 1063 27 21 dä
357 1063 49 21 hela
428 1062 97 21 insatsen
548 1063 33 21 för
604 1062 72 27 hvarje
700 1063 57 21 aktie
773 1065 24 19 är
977 1075 2 11 j

335 1097 98 21 bestämd
449 1097 33 21 till
498 1098 42 20 200
554 1097 62 21 mark
626 1097 52 21 eller
690 1098 107 20 derunder
861 1110 27 3 —
936 1099 27 20 [20

307 1130 124 22 derutöfver
447 1131 33 21 för
495 1132 74 26 hvarje
584 1131 53 21 fulla
654 1133 40 19 100
710 1132 61 20 mark
791 1148 4 4 .
861 1144 27 2 —
937 1121 42 32 |10]

248 1165 123 28 Anvisning
387 1165 51 22 eller
458 1166 137 27 assignation,
612 1172 21 15 se
648 1165 147 28 förskrifning.
919 1178 2 16 |

248 1199 208 25 Arrendekontrakt,
474 1205 22 16 se
511 1200 111 21 kontrakt.
810 1206 1 3 |
919 1215 1 9 i

227 1259 2 5 |
248 1233 168 28 Assuransbref,
432 1234 107 27 förnyelse
555 1235 39 20 och
608 1235 100 26 gvittans,
720 1241 22 15 se
753 1235 42 21 för-

276 1268 154 27 säkringsbref.

248 1302 156 26 Bodmeribref
415 1302 98 22 karteras
530 1304 71 20 säsom
618 1302 147 27 förskrifning.

226 1323 3 32 |
247 1335 118 28 Bytesbref
382 1336 13 20 &
414 1335 42 22 fast
474 1337 103 25 egendom
594 1336 51 22 eller
660 1336 70 27 fartyg
745 1337 49 21 kar-
918 1343 2 17 i

275 1372 58 19 teras
352 1370 46 21 lika
416 1371 49 21 med
480 1371 114 27 köpebref;
611 1371 38 21 och
665 1371 39 21 bör
720 1372 75 21 värdet

276 1404 23 22 af
320 1404 41 22 den
384 1405 112 27 egendom,
514 1412 45 15 som
575 1406 47 27 gått
637 1405 7 21 i
660 1405 56 27 byte,
732 1406 61 22 alltid

275 1440 31 21 uti
321 1439 144 28 bytesbrefvet
484 1441 7 21 i
507 1441 119 27 penningar
641 1442 102 26 utsättas,
760 1442 33 20 så-
