1098 1742
321 124 66 25 Ständ.
403 126 30 24 $v.
449 137 27 5 —
492 126 54 30 Prop.
562 126 32 25 Ko
609 128 19 23 II.
800 130 27 21 13

243 193 112 21 vernörens
369 193 70 28 utslag
450 194 108 27 angäende
568 194 240 28 entreprenadanbuden,
817 195 40 21 den

243 226 88 26 speciela
345 227 166 28 skjutslängden,
521 228 81 22 hvilken
612 229 54 21 skall
673 230 34 26 för
717 228 72 28 hvarje
797 230 60 26 gäst-

241 260 76 28 gifveri
331 263 93 25 upptaga
444 262 25 22 de
489 262 123 27 lägenheter,
632 270 46 15 som
693 263 68 27 blifvit
775 263 37 21 der
827 263 32 21 till

242 293 112 28 hällskjuts
370 295 103 28 anslagna
489 296 36 21 och
540 297 14 20 &
569 296 69 23 hvilka
653 297 52 22 tider
721 304 24 15 en
760 296 52 22 hvar
823 297 36 21 bör

244 328 68 22 denna
327 329 116 28 skyldighet
457 330 98 27 fullgöra.

311 363 72 28 Hafva
405 364 26 21 de
450 365 226 28 skjutsningsskyldige
694 366 57 21 inom
765 366 92 21 kommu-

242 405 41 15 nen
305 398 43 22 icke
368 399 83 27 förenat
469 400 32 27 sig
519 407 33 15 om
570 400 70 22 sädan
655 400 203 28 öfverenskommelse

243 439 46 15 som
304 433 63 26 ofvan
381 434 82 21 nämnd
476 435 32 26 är,
527 434 53 22 skall
589 434 34 28 för
633 435 40 22 den
683 435 88 27 speciela
781 434 77 28 skjuts-

243 467 91 28 längden
357 468 55 27 tjena
431 468 32 22 till
481 469 149 27 efterrättelse:
652 472 31 19 att
698 469 161 27 sammanlagda

243 502 80 22 antalet
345 503 26 26 af
389 503 135 23 kommunens
546 504 187 28 skjutsningsdygn
755 504 34 27 för
813 504 45 21 året

243 537 92 26 fördelas
350 537 15 22 å
379 545 25 14 en
424 537 51 22 hvar
491 538 26 27 af
528 538 25 22 de
568 538 225 29 skjutsningsskyldige
807 539 52 26 efter

244 571 62 22 deras
327 571 153 28 innehafvande
501 573 87 28 mantal,
610 573 48 22 med
674 573 133 27 iakttagande
828 574 31 20 att

244 605 45 28 den,
306 606 35 27 för
359 605 80 23 hvilken
461 607 190 28 skjutsningstiden
669 607 42 22 icke
729 608 84 26 uppgär
828 607 32 22 till

245 641 28 20 ett
287 640 42 21 helt
344 639 61 28 dygn,
423 641 60 21 alltid
494 641 87 28 päföres
596 644 29 20 ett
640 641 68 28 dygn;
723 643 32 20 att
764 641 42 22 ide
815 641 44 28 fall,

245 674 29 21 dä
293 675 58 21 tiden
371 675 135 28 öfverskjuter
523 676 70 28 jemnt
614 676 62 28 dygn,
699 676 137 27 öfverskottet,
852 677 9 20 i

245 708 39 22 den
299 710 51 21 män
365 709 34 22 det
414 711 27 20 är
454 712 67 21 större
536 711 48 22 eller
597 711 87 26 mindre,
701 711 98 27 antingen
809 710 50 22 ökas

246 743 31 22 till
291 746 107 19 närmaste
416 744 46 22 hela
480 745 29 22 tal
527 745 47 22 eller
590 745 112 28 bortfaller,
718 745 27 22 sä
761 747 30 20 att
805 745 55 22 kom-

245 785 89 15 munens
349 779 160 28 sammanlagda
528 780 189 27 skjutsningsdygn
731 780 83 21 komma
829 781 31 20 att

245 813 68 22 under
328 813 46 22 äret
390 814 69 27 jemnt
473 817 98 25 utgöras;
594 817 31 19 att
640 814 46 27 den,
705 814 64 22 hvars
783 814 78 27 skjuts-

245 848 180 27 ningsskyläighet
448 849 19 27 e
481 850 83 26 uppgår
580 849 31 21 till
625 855 58 15 mera
698 850 28 20 än
741 849 42 26 fem
798 849 62 27 dygn,

247 882 114 27 berättigas
377 884 30 20 att
421 882 68 22 under
503 890 26 14 en
540 883 80 21 hälltur
628 882 91 28 fullgöra
729 883 132 27 densamma;

247 918 56 20 samt
318 919 32 19 att
364 916 25 22 de
403 917 225 29 skjutsningsskyläige
642 917 81 23 indelas
739 918 14 21 &
768 918 25 21 de
801 919 60 26 gäst-

246 951 104 28 gifverier,
373 958 52 20 som,
448 952 47 22 med
515 953 85 27 hänsyn
622 952 32 22 till
673 952 91 28 billighet
779 952 36 22 och
829 952 34 28 för

247 986 106 22 vinnande
368 986 27 28 af
397 987 117 27 möjligaste
523 987 93 27 jemnhet
626 987 8 21 i
644 987 93 22 besväret
747 987 46 21 dem
803 986 59 22 emel-

249 1020 42 27 lan,
307 1022 38 20 äro
361 1020 24 22 de
400 1020 137 28 lämpligaste.

316 1054 49 22 Den
387 1055 88 27 speciela
497 1056 161 27 skjutslängden
680 1055 53 23 skall
751 1056 27 27 af
791 1056 73 22 krono-

249 1090 140 22 länsmannen
412 1090 137 27 öfverlemnas
572 1090 32 22 till
627 1090 237 22 kommunalstämmans

249 1124 130 28 granskning
394 1127 61 25 samt,
471 1125 47 27 ifall
533 1126 121 22 densamma
670 1125 26 27 af
706 1127 107 20 stämman
822 1125 43 21 icke

249 1160 129 26 godkännes,
399 1159 65 23 tillika
483 1160 48 22 med
548 1160 35 22 det
602 1159 73 22 dervid
688 1159 62 28 förda
762 1159 104 27 protokoll

251 1194 36 21 och
303 1196 44 25 eget
361 1194 103 28 yttrande,
483 1194 105 22 insändas
607 1194 31 21 till
652 1194 148 27 kronofogden,
815 1193 50 22 hvil-

251 1228 38 21 ken
305 1235 45 21 eger
365 1228 33 27 sig
412 1228 9 22 i
435 1228 63 22 saken
513 1228 70 22 utlåta
599 1228 37 22 och
646 1228 86 22 ärendet
742 1228 32 21 till
785 1228 80 22 Guver-

250 1264 78 20 nörens
343 1262 113 28 afgörande
471 1263 132 27 öfverlemna.

322 1296 144 28 Shjutslängd,
482 1304 45 15 som
543 1297 67 27 blifvit
622 1296 26 27 af
656 1296 211 22 kommunalstämma

251 1330 106 28 godkänd,
381 1331 46 21 eller
450 1331 27 27 af
496 1331 115 27 Guvernör,
629 1331 48 21 med
696 1331 47 21 eller
763 1332 53 20 utan
831 1331 37 21 än-

253 1365 94 26 dringar,
369 1365 110 25 faststäld,
499 1366 55 20 skall
571 1366 106 25 kungöras
694 1366 9 19 i
716 1365 104 26 kyrkorna
834 1371 34 13 ve-

253 1398 128 22 derbörande
396 1398 32 22 till
443 1398 143 26 efterrättelse,
602 1398 109 27 äfvensom
721 1400 28 20 ett
759 1398 77 26 utdrag
847 1397 26 26 af
