1100 1736
291 129 30 24 U.
338 130 38 22 B.
393 143 24 2 —
434 131 98 29 Prop.
548 131 53 24 N:o
615 133 53 22 20.

381 507 208 25 Statsutskottets
600 508 183 25 hetänkandeN:o
791 508 11 24 8
810 509 7 24 i
825 516 34 17 an-

311 541 76 30 ledning
397 542 21 24 af
426 542 49 24 Hans
489 542 104 30 Kejserliga
603 542 98 31 Majestäts
711 543 70 29 nådiga
792 550 67 24 propo-

312 576 59 24 sition
393 583 28 18 om
436 576 100 25 anvisande
550 577 20 24 af
583 577 58 24 medel
655 577 33 25 till
703 578 120 24 bestridande
837 577 22 24 af

312 610 129 25 kostnaderna
456 611 29 24 för
500 611 61 25 finska
575 611 96 25 militären
685 611 57 25 under
757 614 45 22 ären
811 611 47 25 1889

312 645 79 24 —1891.

175 713 52 22 Den
249 713 86 29 nädiga
356 713 173 29 propositionen
551 713 41 22 har
615 713 26 22 af
660 713 108 29 samtliga
789 713 70 23 ständ

107 747 79 23 blifvit
210 747 134 22 remitterad
368 747 38 22 till
430 747 177 30 handläggning
631 748 26 21 af
675 747 183 29 Statsutskottet,

108 790 48 14 som
171 782 53 22 från
238 782 132 29 Kejserliga
385 782 100 22 Senaten
504 782 46 21 fått
565 784 116 27 emottaga
696 782 28 22 de
739 782 40 22 vid
794 786 65 18 ären-

108 816 50 23 dets
180 817 143 28 behandling
345 815 117 23 derstädes
485 816 122 22 tillkomna
629 816 138 30 handlingar
787 817 72 29 jemte

108 851 152 21 meddelande
275 851 85 27 derom,
385 852 34 20 att
433 851 35 21 uti
484 850 100 23 Senaten
599 851 78 29 någon
691 851 145 29 omröstning
850 851 9 21 i

109 885 83 30 frågan
206 886 52 22 icke
273 888 40 27 egt
326 892 57 15 rum.

177 1016 81 22 Såsom
273 1016 178 22 Statsutskottet
466 1017 35 21 uti
516 1016 41 22 sitt
572 1016 146 22 betänkande
732 1016 43 22 N:o
792 1018 19 26 2,
823 1023 37 15 om

108 1052 82 28 anslag
204 1051 37 21 för
255 1050 170 22 folkskolornas
440 1051 9 21 i
463 1050 79 22 landet
556 1050 129 28 underhåll,
704 1050 72 22 redan
791 1050 69 22 fram-

108 1086 74 26 hållit,
197 1085 103 22 kommer
315 1085 120 21 Utskottet
450 1085 34 21 uti
499 1085 42 21 sitt
555 1084 145 23 betänkande
714 1084 8 22 i
733 1084 126 29 anledning

109 1120 27 22 af
156 1120 45 21 den
219 1119 54 22 utaf
284 1119 88 22 Finans
388 1118 170 30 Expeditionen
573 1119 36 22 till
625 1119 130 22 Ständerna
770 1118 90 29 afgifna

108 1154 99 22 relation
223 1161 36 14 om
275 1154 150 21 statsverkets
441 1154 106 21 tillstånd
562 1155 35 20 att
611 1155 64 26 yttra
688 1154 36 27 sig
740 1153 119 28 angående

109 1188 164 22 användandet
295 1187 26 22 af
341 1188 108 28 samtliga
473 1187 53 22 utaf
549 1187 129 22 Ständerna
701 1187 42 22 vid
767 1189 92 19 senaste

109 1222 112 29 landtdag
235 1222 115 28 beviljade
366 1222 86 28 anslag,
468 1222 71 22 bland
553 1221 80 22 hvilka
649 1221 69 22 äfven
733 1221 28 22 de
772 1221 36 22 för
818 1221 41 22 mi-

108 1256 167 23 litärväsendet
297 1256 61 29 ingå.
388 1256 120 22 Utskottet
529 1256 42 21 har
589 1255 76 22 derför
680 1255 42 22 här
737 1255 123 22 inskränkt

109 1291 35 28 sig
159 1291 37 21 till
211 1290 143 29 granskning
370 1290 26 21 af
408 1290 44 21 den
467 1290 81 29 kalkyl
563 1289 64 22 öfver
637 1289 117 22 allmänna
768 1289 91 22 militie-

108 1325 96 22 kassans
219 1324 96 29 utgifter
331 1324 43 21 och
389 1324 126 21 inkomster
530 1325 54 20 åren
596 1324 145 27 1889—1891,
758 1331 49 14 som
817 1323 42 22 fin-

109 1366 40 14 nes
162 1359 111 26 vidfogad
289 1358 44 21 den
347 1359 86 26 nådiga
448 1359 180 26 propositionen.

177 1391 147 22 Beträffande
340 1391 28 21 de
384 1391 113 22 särskilda
507 1391 157 29 utgiftsposterna
683 1391 4 20 i
702 1391 157 28 nyssnämnda

108 1426 81 28 kalkyl
210 1426 42 22 har
273 1425 121 23 Utskottet
415 1427 58 20 trott
494 1425 37 29 sig
552 1425 55 22 böra
629 1428 56 24 göra
704 1424 102 30 följande
824 1427 35 19 ut-

109 1461 121 23 talanden:

179 1501 150 19 Statsutskottets
343 1500 115 19 betänkande
470 1501 36 18 N:o
519 1500 16 17 3.
