1109 1759
248 144 27 20 14

428 144 70 21 Ständ.
514 144 31 21 Sv.
562 155 26 3 —
604 145 58 26 Prop.
678 144 33 22 N:o
727 144 32 22 21.

330 286 125 27 derutöfver
471 287 26 19 10
510 286 69 27 penni
593 286 39 28 för
645 286 69 26 hvarje
722 288 41 20 100
771 286 62 21 mark

328 320 31 28 af
370 321 195 27 egendomsvärdet.

343 356 111 20 Domaren
477 357 26 19 är
517 355 87 29 skyldig
623 358 32 18 att
671 356 7 20 i
694 356 73 27 hvarje
778 354 54 28 fall,

329 391 29 21 då
384 390 86 28 lagfart
498 397 31 14 om
553 390 111 27 afslutadt
686 389 40 28 köp
750 391 13 19 å
782 389 52 28 fast

330 425 101 28 egendom
456 425 72 27 blifvit
541 424 126 28 fulländad,
684 424 36 21 och
735 424 75 28 öfriga
826 425 8 20 i

330 461 37 26 lag
382 460 105 28 stadgade
502 459 69 21 vilkor
582 460 132 27 fullgjorda,
730 460 52 20 derå
797 461 35 19 ut-

324 495 72 27 färda
416 494 116 28 fastebref,
555 494 68 21 ehvad
643 494 80 20 sådant
746 494 87 28 begäres

331 530 53 20 eller
398 530 26 27 ej.

302 563 94 27 Fribref
410 563 36 25 för
459 564 86 27 fartyg,
563 564 113 20 oberoende
692 562 33 56 of
734 563 98 56 v

330 598 57 22 heten
402 615 4 4 .
510 615 3 4 :
686 615 4 3 5
828 616 3 3 i

302 633 160 27 Friherrebref,
478 640 21 14 se
514 615 105 45 diplom.

302 668 100 20 Frisedel
418 668 35 20 till
468 674 75 14 varors
561 667 95 27 lossning
673 667 37 21 och
727 667 106 27 lastning.

301 702 122 28 Fullmakt,
437 702 169 26 konstitutorial,
618 702 161 28 förordnande,
788 702 46 21 kal-

332 738 58 20 lelse-
416 737 36 21 och
476 736 189 28 antagningsbref,
678 736 156 28 protokollsut-

332 772 62 26 drag,
418 779 26 13 m.
468 778 33 18 m.,
518 772 138 26 hvarigenom
672 771 82 24 embete,
771 771 64 25 tjenst

331 806 52 21 eller
406 806 124 27 befattning
552 806 90 20 besättes
657 805 37 20 och
713 805 121 27 bortgifves,

332 840 52 22 eller
400 840 36 21 ock
453 847 65 14 namn
534 840 52 21 eller
602 840 110 27 värdighet
726 836 109 36 förunnas,

333 875 47 21 med
402 875 24 21 de
443 875 119 28 undantag,
579 881 45 15 som
640 876 7 20 i
663 874 71 22 denna
748 874 88 26 förord-

332 911 52 26 ning
396 910 78 27 finnas
489 910 105 21 särskildt
610 910 142 20 omnämnda:

333 946 24 25 a)
372 945 13 19 å
402 944 82 26 embete,
500 946 65 26 tjenst
581 944 51 20 eller
648 944 132 28 befattning:

332 981 34 19 1:o
390 979 13 20 å
422 980 101 24 militär-,
539 979 75 23 civilt-,
631 979 151 21 ecklesiastikt-
799 979 37 20 och

347 1014 215 26 skollärare-embete,
579 1014 71 26 tjenst,
666 1014 69 26 syssla
744 1014 52 21 eller
804 1013 32 20 be-

348 1048 114 27 ställning,
477 1054 43 14 som
537 1048 31 26 af
578 1047 64 22 Hans
659 1047 123 27 Kejserliga
790 1047 46 21 Ma-

342 1084 70 26 jestät
427 1082 52 20 eller
496 1082 156 21 vederbörande
660 1082 124 28 myndighet
793 1082 44 21 till-

350 1119 73 22 sättes,
439 1116 93 26 skrifves
548 1118 13 19 å
578 1117 120 27 stämpladt
711 1112 84 37 papper,
804 1116 32 22 be-

347 1151 95 20 väknadt
465 1152 55 25 efter
541 1153 14 19 4
575 1154 89 24 procent
680 1151 30 27 af
719 1152 119 26 penninge-

350 1186 38 20 och
411 1186 28 20 12
455 1188 91 24 procent
562 1186 30 27 af
603 1186 69 20 indelt
688 1186 35 20 lön
734 1186 41 26 för
791 1186 46 20 året

343 1220 42 25 för
406 1219 46 26 den,
468 1219 84 21 hvilken
563 1221 76 25 första
654 1220 86 26 gången
756 1220 80 20 tillirä-

348 1254 38 20 der
410 1254 65 28 tjenst
490 1254 47 21 med
553 1255 35 20 lön
600 1254 32 28 pä
648 1254 102 25 kronans,
766 1255 72 27 nägon

347 1289 61 20 stads
424 1289 52 20 eller
492 1289 83 20 allmän
590 1290 135 25 inrättinings
736 1292 56 22 stat;
800 1289 38 20 och

350 1322 58 20 skall
424 1322 112 20 enahanda
548 1322 202 27 beräkningsgrund
758 1323 79 19 tilläm-

344 1363 43 20 pas
398 1356 88 28 jemväl,
504 1356 28 20 dä
547 1363 85 19 person,
646 1362 36 14 som
695 1356 70 20 sådan
774 1357 65 26 tjenst

343 1390 66 27 förut
432 1390 108 26 innehaft,
565 1397 45 14 men
633 1390 99 25 derifrän
749 1390 89 28 undfätt

348 1425 82 28 afsked,
447 1425 55 28 ånyo
520 1425 110 21 tillträder
646 1426 65 26 tjenst
728 1425 24 27 af
758 1426 78 26 omför-

351 1461 74 21 mälda
440 1461 151 27 beskaffenhet.
607 1460 49 22 Men
673 1461 36 21 vid
720 1461 118 27 befordran
