1109 1745
267 137 26 20 16
471 134 23 24 U.
510 134 23 24 B.
547 147 29 4 —
591 134 64 29 Prop.
671 133 39 24 N:o
725 133 30 23 13.

545 303 82 29 Kap.
642 302 52 24 IV.

307 366 12 22 I
334 366 61 22 detta
409 365 88 29 kapitel,
513 372 45 16 som
573 368 25 20 är
613 366 82 28 egnadt
709 366 24 22 ät
747 366 159 28 behandlingen
919 365 25 23 af
952 372 43 16 ma-

237 400 52 23 kars
304 400 208 34 gälädförhällanden,
535 402 38 20 äro
595 400 85 28 ganska
697 400 138 28 väsendtliga
843 400 153 28 förändringar

238 434 26 23 af
276 435 102 28 gällande
392 434 128 29 rättsregler
534 434 130 28 föreslagna,
679 434 126 28 isynnerhet
820 434 134 23 beträffande
961 434 35 23 be-

238 469 113 28 talningen
374 469 25 22 af
419 469 69 22 sädan
509 469 59 28 gäld,
587 475 44 16 som
647 471 24 20 är
685 469 64 28 gjord
763 469 68 22 under
845 469 151 28 äktenskapet.

307 504 49 22 Den
371 504 56 28 gäld,
443 511 45 16 som
503 510 41 15 ena
559 504 77 22 maken
651 504 58 27 gjort
723 503 47 23 före
781 504 151 28 äktenskapet,
939 505 59 22 kom-

239 546 34 15 me
294 539 98 27 sälunda,
415 539 70 28 enligt
506 539 41 22 den
570 539 82 28 nädiga
674 539 171 28 propositionens
859 539 89 28 förslag,
964 540 34 22 att

239 574 78 22 liksom
331 573 78 22 hittills
428 573 3 22 i
446 573 91 22 främsta
552 575 91 20 rummet
657 573 84 23 betalas
755 573 49 22 med
818 573 58 23 hvad
887 574 42 22 den
938 573 61 29 gäld-

239 609 88 22 bundna
349 608 78 22 maken
449 608 59 22 förut
529 608 62 28 egde,
615 614 54 21 men,
693 615 32 15 om
741 609 38 22 det
793 608 19 28 ej
828 608 85 28 förslär,
929 609 69 22 skulle

238 643 55 22 först
317 642 40 23 den
372 642 98 22 enskilda
485 642 109 29 egendom,
610 649 45 16 som
669 643 68 22 under
751 643 144 27 äktenskapet
909 643 91 22 tillfallit

238 684 81 15 samme
337 677 70 25 make,
423 677 39 22 och
478 677 94 22 derefter
587 677 52 22 dess
650 677 176 28 giftorättsandel
839 677 9 22 i
862 677 57 28 öfrig
934 684 64 22 egen-

241 712 47 22 dom
303 712 24 21 fä
341 711 35 22 till
391 711 90 28 gäldens
496 711 113 28 betalning
623 711 118 22 användas.
764 711 136 28 Stadgandet
914 712 9 22 i
938 714 33 20 11:
984 715 13 20 2

242 747 28 21 G.
289 747 25 21 B.
331 752 32 16 om
378 745 8 22 i
401 746 57 22 hvad
473 746 50 22 män
537 748 78 20 räntan
630 746 38 22 och
683 746 119 23 inkomsten
817 746 26 22 af
855 753 42 15 ena
910 747 90 22 makens

241 781 98 28 odaljord
353 780 58 28 finge
425 780 8 22 i
442 780 117 33 betalning
573 781 64 22 sökas
652 780 34 22 för
701 781 68 22 andra
783 781 89 22 makens
892 782 52 26 gäld
959 782 40 22 har

241 816 56 22 dock
311 815 115 28 uteslutits,
442 815 90 23 emedan
547 816 70 22 denna
632 815 65 29 fräga
711 818 25 20 är
750 816 107 23 besvarad
871 822 78 22 genom
963 817 35 23 be-

240 850 167 28 stämningarna
420 850 8 22 i
443 850 27 22 de
485 850 96 28 följande
596 850 71 30 $$:na.

310 885 67 22 Hvad
391 885 67 22 sedan
472 885 133 22 vidkommer
621 885 40 22 den
676 885 57 28 gäld,
749 892 45 15 som
809 888 25 20 är
848 885 68 23 under
923 886 75 23 äkten-

241 920 79 27 skapet
342 920 69 27 gjord,
426 919 83 22 komme
525 920 41 21 den
581 922 34 20 att
629 919 68 23 blifva
712 920 25 22 af
750 920 57 22 olika
821 921 54 28 slag,
891 921 107 22 beroende

242 955 47 22 dels
312 955 67 27 derpä
401 960 32 17 om
455 954 79 28 gälden
556 955 151 22 kontraherats
722 955 25 22 af
759 955 59 22 bäda
832 956 103 21 makarne
950 955 53 22 eller

243 989 78 22 endast
336 989 25 22 af
374 989 41 22 den
430 995 47 20 ena,
494 989 45 21 dels
554 989 29 27 pä
599 989 123 22 ändamålet
736 989 49 22 med
800 989 129 23 densamma.
958 989 45 24 En-

243 1023 51 22 dast
316 1023 41 22 den
380 1023 57 27 gäld,
453 1022 34 22 till
504 1023 65 22 hvars
583 1023 112 28 betalning
709 1023 71 28 begge
794 1025 103 22 makarne
911 1024 35 28 sig
961 1023 43 23 för-

243 1057 78 22 bundit
337 1057 52 22 eller
403 1063 44 16 som
462 1057 90 22 hustrun
568 1058 58 28 gjort
640 1057 49 23 med
697 1064 102 16 mannens
807 1059 118 28 samtycke,
933 1058 70 23 skulle

244 1092 69 22 blifva
328 1091 98 28 samfäld,
442 1091 139 24 medförande
595 1092 35 22 för
636 1092 107 23 hvardera
758 1093 78 22 maken
843 1093 40 22 full
891 1093 112 28 ansvarig-

245 1127 38 22 het
297 1127 62 22 såväl
374 1127 48 21 med
437 1126 92 23 andelen
543 1127 8 21 i
566 1127 37 22 det
617 1133 157 22 gemensamma
789 1127 50 22 boet
853 1134 44 15 som
906 1128 48 22 med
963 1127 41 23 den

245 1161 100 23 enskilda
361 1161 137 28 egendomen.
527 1161 49 22 Den
590 1163 52 26 gäld
657 1163 54 27 äter,
727 1168 44 16 som
781 1162 69 22 under
859 1163 146 26 äktenskapet

247 1198 64 26 göres
331 1195 25 22 af
374 1201 41 16 ena
429 1196 78 22 maken
521 1197 54 20 utan
591 1196 40 22 den
647 1197 78 22 andras
739 1196 119 28 samtycke,
873 1197 85 23 komme
972 1198 35 21 att

247 1229 97 22 medföra
359 1229 59 22 olika
436 1229 250 29 betalningsskyldighet
700 1231 106 22 beroende
821 1232 30 27 pä
865 1237 34 16 om
913 1237 93 16 mannen

248 1264 53 22 eller
322 1263 91 22 hustrun
435 1264 142 22 kontraherat
600 1265 71 21 denna
685 1265 58 27 gäld.
773 1265 36 22 Då
823 1265 108 28 nämligen
946 1271 60 16 man-

248 1303 53 15 nens
317 1296 135 27 förvaltning
467 1297 25 21 af
505 1297 37 21 det
557 1303 157 21 gemensamma
729 1299 51 21 boet
793 1298 135 22 fortfarande
937 1298 70 22 skulle

249 1330 68 22 blifva
339 1329 66 27 regel,
428 1330 70 22 måste
519 1330 136 28 rättigheten
676 1331 35 21 för
725 1338 92 16 mannen
831 1334 34 20 att
879 1332 59 22 sluta
952 1331 55 23 aftal

249 1364 49 22 med
320 1363 34 23 för
369 1363 37 23 det
421 1370 159 22 gemansamma
595 1365 50 23 boet
660 1366 107 23 bindande
782 1367 83 23 verkan
879 1366 127 28 bibehållas,

249 1398 90 23 hvarför
354 1398 71 29 äfven,
441 1399 29 22 då
484 1406 92 16 mannen
586 1400 59 27 gjort
652 1400 57 29 gäld,
725 1407 45 16 som
785 1401 48 23 icke
843 1402 44 21 kan
894 1402 114 22 betraktas

249 1433 72 23 såsom
336 1433 133 24 tillkommen
483 1441 77 22 genom
575 1435 54 23 hans
644 1435 109 24 särskilda
767 1436 101 23 vållande
883 1437 40 22 och
938 1436 70 30 förgö-
