1098 1742
315 116 66 26 Ständ.
396 118 31 24 $v.
443 131 27 4 —
485 118 54 30 Prop.
555 119 32 24 N:o
602 120 19 23 Il.
793 122 26 21 15

239 183 25 22 tit
279 184 51 27 efter
345 184 34 23 det
393 185 39 22 den
447 186 51 26 från
513 188 82 20 senaste
604 186 119 28 skjutsfärd
733 188 118 24 återvändt,

239 219 55 27 ånyo
310 219 32 21 till
354 219 68 28 skjuts
437 222 92 25 uttagas,
546 228 32 14 om
594 222 26 20 så
634 221 118 27 erfordras;
772 228 47 15 men
834 222 18 26 ej

237 259 48 15 vare
299 254 72 26 någon
386 253 81 28 skyldig
483 256 32 19 att
528 254 68 22 under
610 256 29 20 ett
649 255 56 27 dygn
714 255 48 21 med
771 262 80 15 samma

237 286 50 21 häst
301 287 82 27 skjutsa
397 288 49 26 flere
461 290 28 19 än
505 289 36 20 två
553 289 87 26 gånger.

305 321 138 22 Försummar
465 322 214 27 skjutsningsskyldig
694 325 31 19 att
740 323 15 21 &
769 323 82 27 behörig

238 355 32 21 tid
283 355 84 26 infinna
381 355 32 28 sig
428 356 9 20 i
455 355 118 28 hållskjuts,
590 356 66 27 plikte
674 357 57 21 ända
747 357 32 21 till
793 357 59 27 tjugu

237 389 59 22 mark
311 389 37 22 och
363 396 34 21 ege
410 390 131 27 gästgifvare
562 390 44 28 lega
623 390 50 22 häst
688 391 36 21 och
739 391 70 22 åkdon
821 392 32 26 på

238 424 39 21 den
299 424 132 27 försumliges
454 424 118 22 bekostnad.
606 424 93 28 Utgiften
717 425 74 27 härför
809 426 43 26 må,

239 465 32 15 om
285 458 128 28 gästgifvare
428 459 57 21 inom
500 459 36 21 två
550 459 102 22 månader
662 459 88 27 derefter
759 459 39 22 hos
808 467 45 15 exe-

237 493 62 22 kutor
315 493 69 22 derom
397 495 39 26 gör
451 493 106 28 anhållan,
572 495 52 20 utan
634 494 71 21 vidare
715 495 90 27 omgång
815 495 38 22 hos

238 529 40 20 den
300 528 211 27 betalningsskyldige
529 530 101 26 utmätas,
647 529 68 22 derest
729 529 66 22 denne
809 529 43 22 icke

237 563 58 22 inom
310 563 36 22 två
361 563 66 27 dagar
441 563 52 27 efter
508 563 110 28 bevisligen
633 563 91 22 erhållen
740 564 113 27 tillsägelse

239 597 120 22 densamma
374 599 70 20 ersatt.

305 631 77 23 Ehvad
395 632 145 27 skjutsningen
558 633 26 21 är
598 632 59 22 stäld
668 633 32 26 på
715 632 138 28 entreprenad

239 667 47 21 eller
308 666 122 22 annorledes
453 666 94 27 besörjes,
572 667 36 21 bör
628 665 66 28 alltid,
714 667 53 21 både
781 667 10 20 i
804 666 50 23 stad

239 701 36 22 och
287 701 32 26 på
334 700 75 27 landet,
425 701 47 26 den,
487 701 80 22 hvilken
576 701 56 27 först
642 701 31 21 till
681 701 126 27 gästgifveri
816 707 36 16 an-

238 736 85 21 kommit
337 735 52 23 eller
403 735 89 28 tidigare
506 736 33 27 för
554 736 33 27 sig
602 736 68 27 skjuts
685 735 118 28 skriftligen
817 735 35 22 be-

238 770 52 22 stält
306 770 36 22 och
355 777 63 15 resan
433 772 52 20 utan
505 770 101 27 dröjsmål
625 770 114 31 fortsätter,
756 770 96 27 derifrån

238 805 55 26 först
314 804 79 22 erhålla
415 804 55 27 häst,
493 805 51 21 dock
564 807 31 20 att
614 805 34 27 för
662 804 153 27 fortskaffande
831 803 26 28 af

235 841 58 25 post,
309 839 30 21 då
353 839 70 22 sådan
437 839 106 26 inväntas,
560 839 142 28 skjutshästar
717 839 42 22 alla
769 839 54 22 tider
831 839 26 26 af

239 874 76 27 dygnet
329 873 58 22 skola
401 873 72 27 finnas
488 875 31 19 att
533 875 69 20 straxt
617 873 66 27 tillgå.

306 900 22 28 Å
342 908 148 21 reservstation
505 908 53 22 skall
570 908 103 27 postiljon
686 909 74 25 genast
771 906 36 22 och
817 913 37 15 an-

239 950 43 14 nan
297 942 88 22 resande
404 944 73 20 senast
493 943 35 20 två
543 942 84 22 timmar
642 942 52 27 efter
709 942 70 21 derom
793 940 62 28 gjord

240 977 105 25 anhållan,
361 976 80 22 erhålla
455 976 50 22 häst
520 976 31 22 till
565 983 74 15 resans
654 975 147 28 fortsättande.

311 1010 69 28 Tager
394 1011 88 21 resande
497 1011 139 28 egenmäktigt
649 1010 50 22 häst
716 1010 47 22 eller
778 1009 75 27 åkdon,

240 1047 45 21 böte
300 1046 57 22 ända
373 1046 31 21 till
419 1046 120 22 tvåhundra
553 1046 64 22 mark.

513 1137 16 28 $
543 1138 37 20 22.

311 1184 45 22 Gör
369 1183 130 28 gästgifvare
513 1182 48 22 eller
574 1181 148 28 föreståndare
737 1181 34 27 för
777 1187 78 15 reserv-

240 1219 80 22 station
343 1218 116 26 ändringar
482 1217 47 21 eller
545 1216 73 28 tillägg
632 1216 10 20 i
656 1216 85 26 dagbok,
758 1214 99 22 hvarmed

240 1252 149 29 skjutsanstalt
403 1251 54 22 skall
469 1258 76 20 genom
560 1250 147 22 Guvernörens
721 1250 83 26 försorg
820 1248 36 22 och

238 1288 32 27 pä
285 1286 114 23 bekostnad
413 1286 26 26 af
451 1285 107 22 allmänna
567 1284 65 22 medel
642 1284 73 27 förses,
723 1283 66 27 plikte
799 1282 57 22 ända

241 1322 31 22 till
287 1320 119 24 tvåhundra
421 1320 65 22 mark.
508 1314 33 27 Är
556 1318 140 28 anmärkning
709 1318 10 21 i
733 1317 80 28 dagbok
823 1317 33 21 in-

240 1357 55 26 förd,
311 1356 36 22 bör
361 1354 164 23 kronolänsman
540 1355 14 21 &
569 1354 71 22 landet
655 1353 37 22 och
705 1352 151 22 vederbörande

240 1389 121 29 myndighet
375 1389 9 21 i
397 1388 55 27 stad,
476 1388 51 26 efter
547 1386 91 22 erhällen
657 1386 94 26 kunskap
772 1392 33 15 om
820 1391 37 15 an-

241 1424 144 27 märkningen,
400 1422 9 22 i
423 1422 64 22 saken
509 1420 93 23 anställa
621 1420 156 26 undersökning
801 1420 56 20 samt

562 1495 7 7 .
