1109 1739
281 141 28 22 38
485 139 23 24 U.
524 139 23 23 B.
564 151 24 4 —
605 138 65 29 Prop.
685 133 44 28 N:o
739 132 30 29 13.

253 212 36 16 ens
311 206 8 22 i
340 206 121 22 hufvudsak
483 211 77 21 genom
581 205 102 26 utvidgad
704 205 44 21 rätt
765 203 34 22 för
816 203 41 28 gift
878 203 79 22 kvinna
972 204 32 21 att

252 240 53 22 råda
320 240 59 22 öfver
393 240 33 21 sin
441 240 97 22 enskilda
556 239 109 28 egendom,
681 238 36 22 sitt
732 237 97 23 enskilda
843 237 89 27 förvärf;
955 243 49 16 men

253 275 36 22 det
303 274 128 23 tillkommer
445 273 134 28 lagstiftaren
594 275 33 20 att
641 273 7 21 i
663 279 26 15 en
701 272 23 23 sä
733 272 67 28 vigtig
810 272 61 27 fräga
878 278 46 16 som
935 271 69 23 denna

252 309 47 22 icke
320 309 80 22 förbise
419 309 66 27 några
502 308 28 27 pä
547 309 66 21 saken
630 307 108 22 verkande
755 307 183 28 omständigheter
952 307 52 22 eller

252 344 71 21 lemna
343 343 76 27 medel,
439 349 45 15 som
503 342 73 22 kunna
593 341 89 28 bidraga
696 341 34 22 till
744 341 131 22 ändamälets
890 341 112 27 vinnande,

253 378 144 27 obegagnade.

320 406 114 32 Ätskilliga
448 411 68 21 andra
530 410 123 28 synpukter,
668 415 46 16 som
728 410 45 21 tala
787 409 33 31 till
829 409 84 22 förmän
920 409 34 22 för
962 410 40 21 den

252 446 23 22 af
295 452 34 15 oss
350 444 85 28 hylläde
457 444 90 28 äsikten,
565 444 71 22 kunde
655 446 57 19 ännu
727 443 129 27 framhällas,
871 450 49 15 men
934 444 22 22 vi
969 445 33 20 tro

251 480 77 22 sädant
349 486 52 16 vara
423 479 142 27 öfverflödigt.
593 478 154 22 Hufvudsaken
768 478 45 22 stär
833 478 55 22 dock
907 478 49 26 fast,
971 480 33 20 att

251 515 48 21 frän
313 514 85 22 hvilken
416 514 47 22 sida
480 520 50 16 man
548 515 28 19 än
594 514 53 21 utan
664 512 138 23 förutfattade
817 512 109 28 meningar
940 518 63 22 gran-

251 550 50 22 skar
315 548 146 28 föreliggande
475 548 67 28 fräga,
559 548 54 22 skall
628 548 70 22 säsom
715 548 90 22 resultat
819 547 83 28 framgä
914 548 34 21 att
962 547 40 22 den

251 585 43 21 rätt
308 584 21 22 vi
343 584 8 22 i
364 583 67 22 likhet
446 584 49 21 med
506 583 159 28 propositionen
676 582 51 28 vilja
738 582 128 22 tillerkänna
874 582 40 27 gift
922 582 80 23 kvinna

251 618 84 22 komme
357 619 32 21 att
410 618 96 22 medföra
527 617 93 22 fördelar
638 618 23 21 af
675 616 66 23 sädan
755 616 97 28 bärvidd,
867 618 33 21 att
914 617 88 22 fruktan

250 653 35 22 för
305 658 46 16 mer
369 652 51 22 eller
439 652 82 22 mindre
535 652 117 27 imaginära
667 652 136 27 olägenheter
817 651 47 23 icke
878 651 54 21 böra
946 652 57 21 emot

252 688 121 21 densamma
387 686 72 22 kunna
474 689 52 25 göra
541 687 33 27 sig
588 686 104 28 gällande.

321 721 40 21 Om
375 722 115 21 utskottets
506 720 79 28 förslag
600 720 33 22 till
649 720 80 28 lydelse
745 720 33 22 för
793 720 60 22 2:dra
860 720 143 28 kapitlets
974 716 9 36 3
992 716 15 36 $

251 756 23 22 af
287 755 119 23 Ständerna
420 755 113 27 förkastas,
548 756 24 21 sä
586 754 67 23 mäste
668 755 135 27 naturligtvis
817 754 62 23 äfven
894 755 27 21 de
936 754 22 22 af
969 757 33 20 ut-

252 790 79 22 skottet
351 791 49 21 med
416 790 112 27 anledning
544 790 23 22 af
580 790 116 26 ändringen
711 790 7 21 i
734 790 69 21 denna
817 789 12 27 8
844 789 100 27 vidtagna
958 788 43 23 för-

251 825 142 27 ändringarna
408 825 7 21 i
429 824 68 22 andra
511 824 123 27 paragrafer
648 824 150 28 undanrödjas,
814 824 40 21 och
868 823 22 22 fä
904 824 21 21 vi
940 823 64 22 alltsä

252 858 87 23 föreslå:

457 890 31 19 att
505 887 120 22 Ständerna
639 888 65 20 måtte
718 889 52 20 utan
786 887 92 27 ändring
890 886 114 28 godkänna

389 923 56 27 3:dje
465 923 36 21 och
518 923 48 21 4:de
583 922 32 28 $$
635 923 8 21 i
657 922 64 22 2:dra
734 922 87 27 kapitlet
836 924 55 20 samt
904 922 49 21 4:de
966 922 16 28 $
997 922 9 22 i

388 957 47 22 4:de
450 957 86 27 kapitlet
550 957 27 27 af
587 957 142 27 föreliggande
743 956 80 28 nådiga
834 956 142 29 proposition.

321 1072 57 23 Från
393 1072 12 27 &
419 1072 14 22 2
449 1072 13 22 5
477 1072 49 27 kap.
546 1073 39 20 har
600 1072 106 22 utskottet
720 1072 99 23 uteslutit
832 1073 49 21 näst
896 1072 52 21 sista
962 1078 45 15 mo-

253 1109 81 20 mentet
349 1107 52 22 eller
416 1107 41 26 det,
473 1113 45 15 som
534 1107 117 27 medgifver
666 1107 76 22 hustru
756 1109 44 20 rätt
815 1107 32 21 att
857 1107 63 22 vinna
927 1106 79 22 boskil-

255 1142 48 26 nad,
319 1141 28 22 dä
360 1147 91 16 mannen
467 1141 72 22 dertill
552 1141 80 22 lemnat
647 1141 37 22 sitt
699 1141 114 28 samtycke.

322 1175 34 22 Då
372 1175 55 22 1885
443 1175 34 22 års
492 1175 92 22 Ständer
599 1175 131 22 imotiverna
740 1176 33 21 till
783 1176 32 21 sin
826 1175 58 22 förut
894 1176 112 21 omnämda

255 1211 89 26 petition
359 1209 101 22 särskildt
475 1210 97 21 uttalade
587 1209 70 22 såsom
668 1211 31 20 ett
707 1209 167 23 beaktansvärdt
882 1210 124 27 önsknings-

254 1244 43 22 mål
313 1245 42 27 ,att
369 1244 128 27 rättigheten
513 1245 31 20 att
558 1245 64 21 vinna
636 1244 112 21 boskilnad
763 1243 65 22 måtte
843 1244 68 21 sävidt
926 1244 82 27 möjligt

255 1278 156 25 underlättas";
427 1277 28 21 dä
469 1279 20 20 vi
505 1279 72 20 vidare
592 1279 46 20 icke
647 1279 72 20 kunna
727 1285 51 14 anse
789 1279 37 19 det
835 1279 50 24 rätt,
896 1279 32 19 att
938 1279 69 24 nödga

254 1312 82 26 hustru,
351 1317 46 16 som
412 1311 62 22 söker
489 1312 118 26 boskilnad,
623 1313 32 20 att
670 1311 55 22 inför
739 1313 57 20 rätta
803 1311 100 28 uppgifva
913 1311 93 27 orsaker,

255 1351 45 16 som
321 1345 68 22 måste
404 1345 7 22 i
425 1351 46 16 mer
494 1345 50 22 eller
566 1345 82 22 mindre
670 1345 53 28 grad
745 1352 51 15 vara
814 1345 140 22 nedsättande
974 1344 33 23 för

255 1386 100 20 mannen;
371 1382 54 19 samt
440 1379 27 22 då
481 1386 50 15 man
546 1380 99 27 slutligen
659 1381 43 21 kan
717 1380 81 22 förutse
813 1381 33 21 att
860 1380 41 21 den
916 1379 92 28 tillgifna

256 1415 89 21 hustrun
361 1415 7 21 i
384 1415 35 21 det
433 1415 84 27 längsta
531 1415 69 22 måste
614 1415 69 27 tveka,
700 1417 31 20 att
745 1415 147 22 åstadkomma
908 1421 26 16 en
944 1415 64 22 skan-

257 1449 34 22 dal
306 1449 23 22 af
342 1449 79 27 antydd
436 1451 40 25 art,
493 1450 39 21 och
548 1451 71 29 denna
633 1450 78 22 tvekan
726 1450 57 28 förty
798 1450 80 23 afhålla
892 1450 69 22 henne
976 1451 32 22 att
