1103 1745
413 153 55 22 N:o
485 151 50 23 19.

370 487 62 21 Hans
455 487 142 27 Kejserliga
620 487 134 27 Majestäts
773 486 73 27 nådiga

301 521 125 27 proposition
453 521 29 21 till
507 521 95 22 Finlands
625 521 92 26 Ständer,
741 521 104 26 angående

301 555 109 22 anvisande
430 555 20 21 af
466 556 63 21 medel
545 556 31 21 för
591 556 147 21 folkskolornas
756 555 4 21 i
777 555 68 21 landet

302 589 109 22 underhåll.

167 669 37 22 Uti
214 669 39 21 den
263 669 33 21 till
306 670 54 20 1885
377 670 34 19 års
427 669 104 27 landtdag
545 669 80 21 aflätna
640 669 131 26 proposition
788 669 7 20 i
804 671 43 18 äm-

96 705 37 20 net
143 703 137 22 meddelades
289 703 122 21 Ständerna
420 705 32 19 att
460 703 151 27 behållningen
621 703 8 21 i
639 703 103 26 anslagen
753 703 33 21 för
794 703 53 21 folk-

97 738 164 21 skoleväsendet
268 737 36 21 vid
314 738 53 21 1883
377 737 35 21 års
420 738 81 26 utgång
509 738 153 27 utgjorde
621 733 35 36 Za
700 738 96 27 101,285:
813 738 34 21 86.

96 772 34 21 Då
152 772 73 21 härtill
248 772 75 26 läggas
346 772 26 21 de
395 771 23 22 af
440 771 121 22 Ständerna
576 771 33 22 för

125 807 51 21 åren
201 807 53 20 1884
279 807 39 20 och
343 807 53 20 1885
412 806 105 27 beviljade
533 807 75 26 anslag

125 841 24 21 af
162 841 91 26 tillhopa
605 857 4 4 +
635 857 11 11 »
679 841 117 26 1,064,000:
812 851 27 4 —

125 875 62 21 fanns
199 874 33 22 för
248 875 26 21 de
290 876 36 20 två
342 857 133 39 sistnämnda
495 857 57 44 åren,
568 857 41 39 för

124 910 73 20 hvilka
213 909 65 27 något
293 909 88 21 bokslut
396 909 35 21 vid
447 910 94 20 nämnda
554 910 54 20 1885

126 944 35 21 års
183 944 103 26 landtdag
300 945 56 19 ännu
372 943 46 21 icke
434 949 37 15 var
486 943 121 27 uppgjordt,

125 985 26 15 en
167 978 91 27 tillgång
274 978 47 21 af
312 974 13 37 .
353 994 4 5 .
531 994 4 4 +
565 994 5 5 <.
601 978 61 27 Fm
679 978 118 26 1,165,285:
813 978 35 20 86.

97 1013 74 27 Enligt
193 1013 155 27 approximativ
370 994 73 45 kalkyl
459 994 70 40 skulle
545 1012 64 27 utgif-

126 1050 63 19 terna
203 1047 33 21 för
252 1053 82 15 samma
349 1048 36 20 två
401 1046 24 22 år
440 1046 76 27 belöpa
532 1047 32 26 sig
574 1046 34 22 till

126 1088 26 15 en
168 1088 83 15 summa
267 1081 23 21 af
319 1098 5 4 .
354 1097 5 5 .
569 1098 5 4 +
605 1097 4 5 <
635 1097 11 11 »
679 1081 118 26 1,083,200:
813 1092 27 4 —

125 1116 86 21 hvadan
232 1116 37 21 vid
291 1097 107 45 utgången
421 1097 24 39 Mi
462 1098 26 38 år
498 1098 60 39 1885
573 1122 36 14 va-

125 1150 30 21 rit
170 1152 33 19 att
217 1152 80 19 emotse
314 1156 25 15 en
355 1149 123 27 behållning
493 1149 48 22 af
538 1145 15 36 .
573 1166 4 4 .
609 1165 5 5 .
639 1165 10 11 »
714 1149 84 27 82,085:
814 1149 34 21 86.

148 1207 2 2 .
169 1184 70 22 Sedan
248 1184 175 26 räkenskaperna
438 1184 33 21 för
487 1184 52 21 åren
555 1184 55 21 1884
619 1183 40 21 och
669 1183 53 21 1885
738 1182 109 27 afslutats,

97 1216 39 24 har
151 1218 42 22 den
208 1218 100 22 effektiva
323 1218 91 27 utgiften
430 1217 33 22 för
479 1218 64 22 dessa
558 1219 25 20 är
597 1218 55 21 visat
666 1217 33 27 sig
713 1218 66 26 något
794 1217 54 21 min-

97 1253 39 21 dre
155 1254 27 20 än
198 1253 41 21 den
253 1252 132 26 beräknade,
400 1252 8 21 i
423 1252 36 21 det
475 1252 40 21 den
531 1252 92 27 uppgätt
637 1251 34 21 till
686 1257 27 15 en
728 1257 83 15 summa
826 1250 24 22 af

98 1288 76 21 endast
198 1288 111 26 1,005,504
330 1286 63 21 mark
409 1288 11 20 7
436 1286 75 27 penni;
535 1286 39 21 och
596 1286 40 21 har
656 1285 128 22 differensen
799 1286 7 20 i
822 1285 26 21 de

98 1321 70 22 skilda
183 1323 101 25 posterna
298 1320 81 21 utfallit
393 1321 28 26 pä
436 1319 94 28 följande
545 1320 40 21 vis:
