1109 1739
342 161 70 22 Ständ.
427 162 32 21 Sv.
476 175 25 2 —
517 162 57 27 Prop.
590 162 35 21 N:o
640 161 32 22 12.
838 162 14 21 3

132 225 47 26 slag
202 224 34 21 till
258 224 126 27 fullständig
406 223 36 28 lag
463 225 113 26 angående
591 225 27 20 de
632 224 76 26 vilkor,
724 225 69 20 under
807 224 74 21 hvilka

132 258 226 28 telefoninrättningar
373 259 35 20 må
418 259 7 20 i
435 258 74 22 landet
519 258 104 28 anläggas
633 259 41 22 och
684 259 115 27 begagnas,
810 259 7 20 i
830 258 51 22 hvil-

131 293 42 21 ken
197 293 36 27 lag
255 293 63 22 äfven
341 293 79 27 nödiga
439 293 161 27 bestämningar
615 300 35 15 om
664 293 217 28 expropriationsrätt

131 327 61 22 torde
208 327 52 22 böra
274 327 57 27 ingå,
347 328 76 21 varder
438 327 124 22 utarbetadt
576 327 40 22 och
632 329 48 20 näst
696 328 184 21 sammanträdan-

131 362 27 21 de
173 361 92 22 Ständer
280 361 113 28 förelagdt.

199 396 30 22 På
244 395 91 23 anförda
350 396 47 22 skäl
411 397 22 21 få
448 396 122 23 Ständerna
584 396 158 28 underdånigst
756 396 96 23 anmäla:

336 450 34 20 att
386 448 128 22 Ständerna
530 448 97 29 godkänt
640 448 144 28 förevarande
799 448 82 29 nådiga

264 483 141 27 proposition,
429 483 66 22 likväl
517 483 46 22 med
578 483 67 27 ofvan
660 482 112 23 omordade
786 482 94 23 ändrin-

265 525 42 21 gar
325 518 8 21 i
352 518 42 22 den
411 518 123 28 föreslagna
553 518 170 28 författningen,
741 524 45 15 som
800 518 80 28 derige-

267 559 51 15 nom
332 552 80 22 komme
426 554 34 20 att
474 552 83 22 erhålla
572 552 96 28 följande
684 552 88 27 lydelse:

390 616 134 29 Förordning
540 616 112 29 angående
666 615 214 31 fridlysningsstad-

341 657 57 23 gans
413 650 23 24 af
450 650 42 24 den
507 651 27 23 24
544 650 118 24 November
672 650 53 23 1864
736 649 144 30 tillämpning

341 686 13 22 å
369 684 242 30 telefoninrättningar.

336 731 136 28 Härigenom
491 731 77 22 varder
583 731 106 28 stadgadt,
705 732 34 20 att
752 730 127 27 förordnin-

266 773 42 21 gen
326 766 42 22 den
385 765 31 22 24
435 766 116 22 November
569 765 65 27 1864,
654 764 155 29 innefattande
822 764 58 28 frid-

268 801 175 28 lysningsstadga
454 800 42 28 för
506 801 84 21 landets
597 802 127 27 jernvägar,
735 799 92 22 kanaler
843 799 37 22 och

269 836 252 28 telegrafinrättningar,
543 835 61 27 skall,
625 835 9 21 i
661 835 57 22 hvad
739 834 43 22 den
808 834 72 28 angår

269 870 94 29 telegraf,
380 870 108 27 tillämpas
503 870 64 28 äfven
584 871 14 21 å
613 869 238 28 telefoninrättningar.

200 917 102 21 Finlands
318 917 92 21 Ständer
424 916 125 22 framhärda
563 918 40 20 etc.

200 962 134 28 Helsingfors
350 963 40 21 den
407 963 13 22 9
435 962 61 28 April
513 963 60 21 1888.
