1100 1753
220 142 13 19 8
431 141 23 19 U.
469 141 22 18 B.
506 151 28 2 —
548 140 60 25 Prop.
622 140 38 19 N:o
675 140 28 19 21.

194 204 52 25 pets
262 200 105 28 aflöning
382 200 80 21 blifvit
477 200 110 28 slutligen
604 199 97 29 afgjord,
717 200 43 21 har
775 199 123 23 Utskottet
909 208 40 14 an-

196 237 46 19 sett
256 235 29 22 de
300 234 143 29 nugällande
459 234 176 21 föreskrifterna
650 234 9 21 i
675 236 78 19 ämnet
768 234 82 23 kunna
864 234 84 22 tillsvi-

197 269 54 22 dare
266 268 105 23 fortfara.

260 304 13 21 I
288 303 74 28 öfrigt
377 303 45 22 och
432 303 53 21 med
495 303 121 28 undantag
627 303 22 21 af
660 303 72 28 några
743 307 93 24 smärre,
846 303 102 22 hufvud-

194 339 115 28 sakligast
332 337 84 22 endast
435 337 120 29 språkliga
570 337 169 29 förändringar,
754 337 83 22 hvilka
851 338 99 22 Utskot-

195 375 33 19 tet
251 374 77 20 ansett
349 372 37 28 sig
400 372 57 22 böra
472 372 103 29 vidtaga,
591 379 70 21 synas
677 372 28 21 de
720 372 9 21 i
744 366 205 35 propositionsför-

195 408 75 28 slaget
292 408 97 27 intagna
407 406 179 29 bestämningar
610 414 36 14 om
662 406 121 28 kartering
798 406 26 22 af
838 406 110 22 fullmakt

197 442 79 21 kunna
291 440 137 23 bibehållas.
459 441 69 22 Hvad
544 441 111 22 särskildt
670 443 104 26 punkten
792 442 9 21 1
819 440 43 22 och
878 442 13 21 2
906 448 40 14 un-

194 476 40 22 der
248 483 67 15 mom.
331 483 20 15 a.
368 475 144 22 vidkommer
526 476 42 22 har
582 476 122 22 Utskottet
719 475 53 22 icke
783 476 91 21 kunnat
884 475 64 22 finna

194 513 35 19 att
251 510 28 22 de
302 518 55 14 vore
380 510 106 28 otydliga
501 510 56 22 eller
572 511 68 21 svära
655 512 35 19 att
704 510 125 28 tillämpas.
860 510 44 22 Om
919 510 27 21 de

196 546 50 21 icke
263 545 141 27 efterlefvas,
421 548 24 18 är
461 545 64 21 detta
540 553 29 13 en
585 544 174 29 omständighet
774 552 48 14 som
838 544 51 22 icke
900 544 47 22 kan

194 587 84 21 genom
293 587 29 14 en
337 579 193 29 omformulering
545 580 95 28 hjelpas.

262 615 69 21 Emot
355 614 28 22 de
403 614 7 21 i
429 614 269 28 författningsförslaget
716 614 117 28 ingäende
849 614 99 21 bestäm-

195 650 84 28 ningar
294 648 98 22 rörande
409 649 167 29 stämpelaftgift
591 649 35 21 för
638 648 172 29 lysningssedlar
819 648 71 22 hafva
901 652 46 18 sär-

195 684 74 21 skilda
293 684 182 27 anmärkningar
497 684 41 21 vid
560 683 108 22 ärendets
690 684 81 21 remiss
787 683 82 22 blifvit
884 683 64 21 inom

195 717 179 22 Presteständet
388 717 147 28 framstälda;
550 718 44 21 och
610 717 29 22 dä
654 717 179 28 ifrågavarande
849 717 99 22 bestäm-

195 752 85 28 ningar
291 752 69 21 äfven
372 751 75 29 enligt
458 752 132 22 Utskottets
601 752 61 29 äsigt
673 751 80 22 kunna
763 751 123 22 förorsaka
896 751 53 22 vill-

195 786 108 28 rädighet
325 787 43 20 och
384 786 110 29 derjemte
511 786 7 21 i
534 787 62 20 vissa
611 786 63 21 delar
690 786 121 21 befunnits
827 785 122 22 ofullstän-

196 821 54 29 diga
269 821 57 23 eller
341 821 105 28 obilliga,
462 821 41 21 har
518 821 122 22 Utskottet
656 823 76 18 ansett
748 820 128 29 anledning
890 820 59 21 före-

197 856 92 22 komma
312 857 35 20 att
369 855 143 22 härutinnan
530 855 96 29 vidtaga
641 855 120 28 ätskilliga
775 855 173 28 förändringar.

265 889 104 23 Sälunda
391 889 42 22 har
452 890 122 21 Utskottet
589 889 74 22 under
678 897 30 14 en
723 889 63 22 skild
800 889 78 29 punkt
892 896 58 21 upp-

196 925 62 28 tagit
281 925 46 21 alla
349 924 138 29 sjöfarande,
503 924 128 22 oberoende
647 924 66 21 deraf
726 924 118 21 huruvida
859 924 28 21 de
902 923 47 22 till-

196 959 55 22 höra
267 959 73 22 stads-
356 959 55 21 eller
424 959 185 28 landskommun,
624 966 54 14 men
693 958 78 22 tillika
786 959 58 21 efter
858 958 92 29 möjlig-

197 993 69 22 heten
289 994 104 28 afpassat
416 994 200 28 stämpelafgiften
638 993 60 22 efter
718 993 67 22 deras
801 993 64 22 olika
880 993 70 21 stånd

197 1028 44 21 och
262 1027 82 22 vilkor.
376 1027 85 22 Vidare
485 1028 41 21 har
548 1028 122 22 Utskottet
692 1035 49 14 som
761 1029 78 20 ansett
854 1030 35 19 att
905 1027 45 22 den

198 1062 130 28 obillighet,
345 1069 49 15 som
410 1062 125 28 onekligen
550 1062 75 29 ligger
641 1062 49 22 deri
706 1064 35 19 att
757 1062 46 21 alla
818 1062 131 22 handlande

198 1096 44 22 och
264 1096 146 22 fabrikanter
433 1097 8 21 i
457 1096 51 22 stad
532 1096 66 22 skola
612 1096 94 29 erlägga
721 1098 28 20 50
764 1096 65 22 mark
846 1096 43 22 och
904 1096 46 22 alla

197 1138 70 22 egare
283 1131 26 21 af
321 1131 67 26 bruk,
405 1131 77 22 fabrik
497 1131 57 21 eller
564 1134 72 19 större
646 1130 58 29 gods
714 1132 31 27 pä
756 1131 80 22 landet
846 1131 28 22 80
885 1130 65 22 mark

198 1169 57 18 utan
278 1165 109 22 afseende
403 1166 13 21 å
431 1166 65 21 deras
512 1168 74 20 större
602 1166 56 21 eller
674 1166 90 21 mindre
779 1165 171 29 förmögenhet,

197 1199 82 22 lättast
301 1200 78 21 kunde
402 1200 154 22 förekommas
576 1200 139 29 derigenom,
732 1202 35 20 att
781 1208 29 13 en
825 1200 49 21 viss
889 1200 61 28 pröf-

197 1234 119 28 ningsrätt
337 1234 129 28 medgifves
490 1235 51 27 den,
564 1242 48 14 som
632 1234 190 29 lysningssedeln
837 1234 113 27 utfärdar,

198 1268 75 22 infört
288 1276 29 14 en
332 1268 72 22 sädan
420 1269 154 28 bestämning,
591 1271 35 19 att
636 1268 200 28 stämpelafgiften
847 1269 37 21 mä
894 1268 58 22 efter

200 1303 229 27 omständigheterna
446 1302 106 28 erläggas
568 1302 52 21 med
635 1302 71 21 minst
721 1303 29 21 30
760 1302 71 28 högst
841 1303 27 21 80
879 1302 71 21 mark.

199 1336 117 28 Slutligen
340 1336 71 21 hafva
426 1336 122 28 ätskilliga
562 1336 9 21 i
586 1336 141 28 nugällande
744 1336 140 28 förordning
899 1336 51 21 icke

198 1370 151 29 uppräknade
367 1370 161 29 befattningar
543 1370 80 22 blifvit
638 1370 74 22 under
728 1370 112 29 lämpliga
856 1370 94 29 katego-

197 1405 46 22 rier
257 1407 129 27 upptagna.

266 1439 150 23 Beträffande
433 1439 169 30 stämpelafgift
621 1439 36 22 för
669 1446 59 21 pass,
744 1439 72 22 hafva
832 1440 28 22 de
876 1441 8 20 i
900 1447 52 22 pro-

268 1481 208 24 Bevillningsutskottets
487 1480 107 19 betänkande
606 1481 34 18 N:o
653 1483 11 15 5
