1109 1734
287 139 26 19 12
486 136 23 23 U.
525 136 23 22 B.
563 148 28 4 —
607 136 64 28 Prop.
687 135 38 23 N:o
740 134 29 25 13.

257 201 48 22 med
319 201 111 21 hustruns:
440 200 99 22 enskilda
553 200 54 28 gods
623 203 24 19 är
661 200 53 22 stält
729 200 68 22 under
811 200 54 22 hans
875 199 136 28 förvaltning

257 235 44 21 kan
322 235 36 22 väl
379 232 92 31 hustrun
493 234 71 22 derest
585 234 139 28 lagstiftaren
738 234 141 28 bemyndigar
893 234 70 22 henne
978 236 34 20 att

257 269 48 21 fritt
319 269 55 22 räda
389 266 61 25 öfver
464 268 34 22 sin
513 268 180 28 arbetsförtjenst,
709 269 19 27 ej
744 268 47 22 inse
807 270 67 20 annat
887 270 28 20 än
925 269 35 21 att
969 268 42 22 hon

257 303 57 23 efter
336 305 51 26 eget
407 303 108 28 godtycke
537 304 39 21 och
591 304 53 21 utan
658 303 84 27 hänsyn
757 302 34 22 för
804 302 108 29 familjens
927 309 87 21 gemen-

257 344 81 15 samma
359 338 64 21 bästa
445 344 52 21 eger
514 337 113 27 disponera
645 337 61 22 öfver
724 337 127 22 densamma.
882 337 46 22 Och
943 337 71 23 skulle

258 372 69 22 denna
342 372 140 27 uppfattning
496 372 63 27 börja
573 374 54 25 göra
641 371 34 28 sig
689 371 108 28 gällande,
803 378 52 16 vore
866 371 41 22 den
916 372 97 22 särdeles

257 407 71 27 egnad
343 409 34 19 att
391 407 65 22 äfven
470 407 39 21 hos
523 413 92 16 mannen
630 406 102 28 försvaga
744 406 149 28 pligtkänslan
902 408 112 26 gentemot

257 440 96 29 familjen
377 441 39 22 och
438 443 34 20 att
494 441 91 22 sälunda
603 441 134 27 smäningom
752 441 147 28 undergräfva
913 441 98 22 vilkoren

256 475 34 22 för
304 475 107 28 familjens
425 475 94 22 existens
534 476 40 21 och
588 475 134 23 välbeständ.

326 509 117 28 Svärighet
457 509 72 22 kunde
544 510 107 22 dessutom
666 510 80 28 uppstä
757 511 34 20 att
802 511 109 26 noggrant
919 510 93 23 bestäm-

256 551 35 15 ma
312 544 59 23 hvad
392 544 124 28 egentligen
537 545 40 21 bör
599 544 33 22 till
650 545 101 21 hustruns
770 543 176 29 arbetsförtjenst
961 545 52 22 hän-

257 579 65 22 föras.
352 579 127 27 Uppenbart
494 585 65 21 synes
573 579 36 21 väl
624 585 54 16 vara
693 580 33 20 att
741 579 87 21 dermed
843 579 19 27 ej
879 579 40 21 bör
931 579 80 22 förstäs

257 613 104 22 hustruns
376 613 75 22 arbete
465 613 71 22 säsom
550 613 119 27 husmoder,
686 615 53 20 utan
754 619 27 16 en
795 613 139 28 sjelfständig
949 614 62 22 verk-

257 648 83 21 samhet
365 647 24 22 ät
407 647 70 28 tredje
495 653 56 22 man,
567 654 48 15 men
630 647 64 22 äfven
716 653 26 16 en
765 647 68 22 sådan
855 649 99 20 närmare
976 648 36 22 be-

257 681 108 28 stämning
384 681 44 22 kan
451 681 46 22 ofta
519 681 70 22 lemna
608 688 46 15 rum
669 681 34 22 för
718 682 58 21 olika
791 681 105 28 tolkning.
925 682 85 22 Endast

257 716 116 27 praktiken
405 716 73 21 kunde
516 716 92 21 sålunda
636 716 77 22 härvid
742 717 89 21 utstaka
861 723 27 15 en
920 717 91 21 bestäm-

258 750 52 21 dare
325 752 72 25 gräns.
426 750 50 21 Men
491 750 66 21 innan
565 750 72 22 denna
650 750 90 27 stadgat
754 750 40 28 sig,
813 750 69 22 skulle
895 751 66 27 lagen
976 757 37 20 ge-

257 791 48 14 nom
320 784 34 21 sin
369 784 154 27 obestämdhet,
538 784 119 22 särskildti
672 784 26 22 de
708 784 99 28 familjer,
818 785 38 21 der
865 785 147 22 förhällandet

256 817 34 23 för
312 818 67 27 öfrigt
401 818 18 27 ej
440 825 51 15 vore
505 817 51 22 fullt
570 819 59 27 godt,
645 818 61 27 gifva
721 819 82 27 upphof
815 819 34 21 till
865 819 89 28 dagliga
968 820 42 21 tvi-

255 855 45 19 ster
315 859 32 15 om
362 853 58 22 hvad
434 853 91 21 hustrun
539 859 78 21 genom
631 853 40 21 sitt
686 853 74 21 arbete
770 852 105 29 förtjenat
884 853 125 28 isynnerhet

255 887 66 21 sedan
341 887 80 21 hennes
435 887 109 21 arbetslön
559 887 73 22 blifvit
646 887 8 21 i
669 893 71 15 annan
755 887 103 28 egendom
873 887 135 23 förvandlad.

255 921 153 22 Betecknande
429 920 78 22 härvid
525 923 25 19 är
568 923 34 20 att
621 921 28 21 då
664 921 25 21 år
705 923 55 20 1870
775 921 8 22 i
797 921 102 28 England
913 922 96 22 infördes

255 961 26 15 en
303 955 43 27 lag,
366 961 33 15 om
421 956 34 20 att
472 954 58 23 hvad
547 955 44 27 gift
609 955 80 27 qvinna
707 962 76 21 genom
798 956 73 27 tjenst,
887 956 123 27 sysselsätt-

253 989 54 27 ning
329 989 52 22 eller
402 989 79 22 handel
499 989 111 27 förtjenar,
625 990 53 21 eller
692 996 77 21 genom
783 990 102 28 litterärt,
900 990 110 22 artistiskt

253 1024 53 21 eller
323 1024 161 27 vetenskapligt
502 1024 74 22 arbete
589 1023 128 28 förvärfvar,
728 1024 56 22 skall
793 1030 63 16 anses
866 1025 70 21 såsom
946 1031 65 21 egen-

254 1058 48 22 dom
323 1058 33 21 till
378 1058 80 22 hennes
478 1058 107 22 särskilda
600 1058 142 22 användande
757 1059 39 21 och
811 1059 25 21 af
846 1059 70 22 henne
931 1059 78 23 förval-

253 1095 41 24 tas,
314 1092 139 27 lagstiftaren
469 1091 101 29 förutsåg
589 1094 34 20 att
637 1092 64 28 lagen
715 1093 83 22 komme
813 1095 34 20 att
861 1094 62 27 gifva
937 1094 73 22 anled-

253 1126 53 27 ning
320 1126 33 21 till
368 1126 80 22 talrika
462 1127 79 22 tvister
554 1127 104 22 makarne
673 1127 96 28 emellan,
785 1127 89 22 hvarför
889 1128 65 23 äfven
963 1129 47 27 lag-

253 1160 107 27 stiftaren,
376 1160 101 22 inseende
493 1161 37 22 det
544 1161 125 28 förderfliga
684 1161 8 22 i
707 1161 62 22 dessa
779 1161 171 28 familjetvisters
961 1162 48 22 dra-

253 1195 70 21 dande
338 1195 57 21 inför
410 1195 154 22 domstolarnes
579 1195 140 28 offentlighet,
735 1195 110 23 föreskref
850 1196 34 22 för
897 1197 58 22 slika
965 1198 43 21 mål

252 1231 33 20 ett
299 1229 103 22 särskildt
416 1229 255 28 rättegångsförfarande
685 1230 8 21 i
708 1237 80 15 enrum.
822 1231 52 22 Man
889 1231 40 22 har
953 1231 55 23 dock

253 1263 59 22 velat
327 1265 54 26 göra
395 1264 107 27 gällande,
517 1266 34 19 att
565 1265 34 21 för
614 1265 27 21 de
655 1265 8 20 i
678 1265 97 26 egentlig
789 1266 88 26 mening
889 1266 120 21 arbetande

253 1297 112 22 klasserna
387 1299 33 20 ett
441 1297 122 28 stadgande
582 1299 8 20 i
609 1304 29 15 nu
656 1298 8 21 i
679 1298 160 27 frågavarande
853 1299 58 28 syfte
925 1300 84 21 komme

252 1332 33 19 att
307 1337 54 16 vara
382 1331 25 21 af
426 1331 90 28 mycken
531 1331 101 27 praktisk
645 1332 117 27 betydelse.
792 1333 122 22 Erinrande
930 1333 78 23 härvid

251 1364 77 23 främst
347 1371 34 16 om
396 1365 37 22 det
446 1365 90 28 vådliga
551 1365 8 22 i
574 1368 34 20 att
622 1366 100 28 lagstifta
736 1367 29 27 på
775 1367 71 28 grund
854 1367 25 22 af
891 1368 117 23 förhållan-

252 1399 47 28 den,
319 1406 44 16 som
385 1399 132 24 förekomma
536 1401 77 22 endast
628 1401 56 22 inom
699 1401 58 23 vissa
771 1403 191 28 samhällsklasser,
978 1403 29 22 då

251 1434 65 29 lagen
332 1435 54 22 dock
401 1435 78 22 blifver
494 1435 85 28 allmän,
595 1436 68 22 håller
678 1436 106 23 utskottet
799 1437 103 28 derjemte
917 1437 47 23 före
973 1440 35 21 att
