1103 1750
330 127 65 25 Sländ.
410 128 31 24 $v.
456 141 26 4 —
498 129 54 29 Prop.
568 128 31 25 N:o
614 129 28 24 18.
808 130 14 22 5

99 193 70 23 såsom
184 194 127 22 biträdande
326 194 68 26 under
408 195 140 27 nyssanförda
562 196 68 22 vilkor
645 196 84 22 arbetat
738 197 8 21 i
756 196 94 22 folksko-

99 228 47 21 lans
160 228 71 28 tjenst.
256 228 72 28 Enligt
343 229 83 27 uppgift
440 228 47 22 från
502 224 167 33 Öfverstyrelsen
684 230 34 21 för
728 230 122 22 skolväsen-

99 262 36 22 det
149 262 98 27 utgjorde
261 263 81 22 antalet
357 263 23 21 af
393 262 80 22 sådana
488 264 13 21 å
516 265 60 20 extra
590 265 43 21 stat
643 264 98 22 anstälda
748 264 102 22 folkskol-

99 296 68 21 lärare
190 296 39 22 och
250 296 119 22 lärarinnor
391 297 8 21 i
421 298 99 21 städerna
541 298 36 21 vid
598 298 107 27 utgången
724 298 23 22 af
760 298 90 22 läseåret

100 330 139 22 1886—1887
262 336 55 22 resp.
340 331 28 22 34
391 332 38 21 och
451 331 34 23 95.
516 332 114 28 Stödjande
650 332 33 27 sig
696 331 28 29 på
739 332 33 22 sin
788 332 62 23 ofvan

99 365 96 22 uttalade
216 365 135 28 uppfattning
373 366 64 22 hafva
458 366 118 22 Ständerna
591 366 71 23 derför
676 366 77 28 funnit,
768 368 33 21 att
816 368 35 22 det

99 399 78 28 belopp
199 400 100 22 städerna
321 402 36 20 äro
381 400 95 28 skyldiga
495 402 32 20 att
545 402 85 27 erlägga
644 402 7 21 i
665 401 186 29 pensionsafgifter

99 434 33 22 för
153 435 34 22 sin
208 434 261 29 folkskollärarepersonal
491 436 40 22 bör
546 437 51 21 ökas
612 436 48 22 med
676 435 96 29 omkring
788 437 63 27 3,000

99 470 60 21 mark
175 469 86 28 årligen,
277 470 85 22 utöfver
377 470 56 22 hvad
447 470 8 22 i
468 470 160 28 propositionen
642 472 8 21 i
664 471 76 22 sådant
751 471 99 22 afseende

99 504 66 22 finnes
180 504 126 23 beräknadt.
335 505 12 21 I
361 506 52 28 följd
428 505 62 22 häraf
503 506 39 22 bör
557 506 63 22 äfven
634 506 92 27 utgiften
741 506 23 22 af
778 506 72 22 bevill-

99 539 131 27 ningsmedel
252 540 33 22 för
308 540 58 22 detta
390 539 98 23 ändamål
510 541 52 21 ökas
577 541 48 21 med
640 540 112 23 enahanda
766 541 84 27 belopp,

99 574 84 22 hvadan
199 574 120 23 densamma
334 575 84 22 komme
433 576 31 21 att
478 576 77 27 utgöra
565 575 24 22 år
599 575 55 23 1889
665 575 84 28 15,400,
761 574 24 23 år
796 574 56 23 1890

101 609 77 27 16,800
193 609 39 22 och
248 608 23 23 år
288 609 54 22 1891
360 610 82 27 18,200,
456 610 51 22 eller
522 610 33 22 för
566 610 48 22 hela
624 610 227 28 bevillningsperioden

99 643 80 28 50,400
200 645 67 21 mark,
296 644 31 23 På
349 645 68 27 grund
439 645 63 22 häraf
522 645 22 22 få
566 645 118 22 Ständerna
699 643 153 28 underdånigst

101 678 93 23 anmäla:

307 761 31 20 att
361 759 120 23 Ständerna
502 761 74 21 såsom
591 760 74 27 bidrag
681 759 31 22 till
726 759 78 27 fonden
818 759 34 28 för

234 794 151 27 pensionering
407 794 26 27 af
444 794 113 23 städernas
571 793 157 28 folkskollärare
744 793 36 22 och
795 793 56 22 lära-

237 829 75 21 rinnor
333 828 67 23 under
421 829 51 21 åren
494 829 145 22 1889—1891
664 828 90 27 anslagit
778 828 74 22 inalles

240 862 82 28 50,400
337 863 64 22 mark.

170 959 29 22 Af
221 961 36 21 det
271 959 48 22 utaf
333 960 119 23 Ständerna
466 961 35 22 vid
517 962 83 21 senaste
615 960 102 27 landtdag
732 961 32 21 till
781 956 71 31 Öfver-

101 994 114 29 styrelsens
233 995 34 26 för
281 994 145 22 skolväsendet
439 995 124 28 förfogande
578 994 71 23 stälda
665 995 73 28 anslag
753 995 23 22 af
789 995 64 27 5,000

101 1029 62 22 mark
185 1035 34 16 om
241 1029 46 22 året
306 1029 33 22 till
354 1029 117 22 understöd
485 1030 33 21 för
532 1029 168 27 folkskollärare,
716 1036 46 15 som
776 1035 76 22 genom

101 1064 76 22 iråkad
199 1063 99 28 sjukdom
317 1063 69 23 blifvit
400 1064 33 21 för
447 1071 27 15 en
488 1065 32 22 tid
535 1064 146 23 urståndsatte
695 1065 34 21 att
743 1064 62 22 sköta
820 1064 33 22 sin

102 1099 65 26 tjenst
182 1099 40 21 och
236 1097 68 23 måste
319 1098 70 22 aflöna
402 1099 86 26 vikarie,
504 1099 39 22 har
557 1099 33 22 för
606 1099 59 22 detta
680 1098 98 22 ändamål
788 1097 65 28 tagits

102 1134 8 21 i
125 1132 92 29 anspråk
236 1133 75 22 endast
332 1133 41 22 600
392 1133 60 22 mark
467 1134 67 21 under
549 1133 24 22 år
590 1133 54 22 1886
660 1133 38 22 och
714 1133 64 27 1,100
792 1133 62 22 mark

103 1168 67 22 under
193 1168 23 22 år
239 1167 62 22 1887.
331 1167 118 23 Ständerna
471 1167 63 23 hafva
556 1168 65 22 likväl
638 1167 47 22 icke
699 1168 55 22 trott
768 1168 32 26 sig
814 1174 40 20 ega

102 1202 47 22 skäl
164 1203 33 21 att
211 1202 82 22 minska
309 1202 100 28 beloppet
423 1202 23 22 af
459 1202 59 23 detta
533 1203 80 27 anslag,
629 1202 27 22 då
671 1202 40 22 den
727 1202 34 22 del
776 1201 23 23 af
808 1202 45 22 det-

103 1243 86 21 samma,
205 1243 45 15 som
263 1236 34 22 för
308 1236 115 23 framtiden
437 1237 100 27 möjligen
552 1239 59 25 tages
621 1236 8 22 i
639 1236 98 28 anspråk,
748 1236 106 28 sjelffallet

102 1272 47 22 icke
164 1272 43 21 kan
221 1270 28 28 på
262 1271 91 22 förhand
368 1272 111 22 beräknas.
503 1271 51 22 Men
568 1270 119 23 Ständerna
701 1270 64 22 hafva
778 1271 76 21 härvid

103 1308 70 20 ansett
187 1306 32 27 sig
234 1306 53 22 böra
301 1306 70 22 såsom
386 1308 31 20 ett
431 1306 159 27 önskningsmål
603 1305 119 28 framhålla,
738 1306 32 21 att
784 1305 70 23 ansla-

103 1342 36 26 get
152 1340 47 22 icke
214 1340 67 22 måtte
295 1341 85 21 komma
394 1340 134 22 uteslutande
544 1341 26 21 de
584 1340 93 26 manliga
687 1340 103 27 lärarene,
802 1341 52 21 utan

103 1376 62 20 äfven
179 1375 146 21 lärarinnorna
340 1375 33 21 till
388 1375 61 26 godo.
474 1375 42 21 Det
530 1375 39 21 har
586 1375 46 20 icke
650 1374 90 26 undgått
754 1374 99 21 Ständer-

104 1414 38 15 nas
161 1408 193 27 uppmärksamhet,
370 1410 31 19 att
417 1408 71 27 dylika
504 1408 115 21 understöd
634 1407 33 21 för
683 1408 25 21 de
724 1407 130 22 sistnämnda

103 1442 139 28 möjliggjorts
263 1448 77 24 genom
362 1442 130 23 inrättandet
510 1442 24 23 af
548 1442 40 22 den
603 1448 17 17 s.
634 1441 21 23 k.
671 1441 183 28 Generallöjtnant
