1106 1745
289 137 14 21 8
496 135 22 22 U.
535 135 22 23 B.
572 147 29 6 —
617 137 58 26 Prop.
693 137 35 21 N:o
741 135 29 24 12.

259 201 103 22 väsendet
385 200 38 23 och
439 201 132 27 lämpligaste
585 203 65 21 sättet
665 201 32 22 för
711 201 48 23 dess
774 201 107 22 ordnande
895 202 55 21 samt
964 202 43 21 sär-

260 236 65 21 skildt
341 236 78 24 derom,
434 235 102 22 huruvida
551 236 45 22 icke
611 235 146 28 uppfinningen
768 243 74 20 genom
853 237 80 21 statens
944 235 65 22 öfver-

260 270 92 27 tagande
370 269 22 22 af
408 269 126 23 åtminstone
549 271 56 22 vissa
619 270 138 22 telefonlinier
771 271 76 26 kunde,
863 271 27 28 på
905 272 43 20 sätt
962 269 47 22 tidi-

260 310 51 21 gare
326 305 57 22 skett
398 305 47 22 med
460 306 157 26 postväsendet,
631 307 27 26 på
673 305 36 22 det
726 304 32 23 för
768 305 111 22 samhället
888 304 121 23 fördelakti-

261 341 60 25 gaste
343 341 43 20 sätt
408 339 157 28 tillgodogöras,
581 340 83 27 vidtaga
679 340 100 27 åtgärder
793 340 7 21 i
815 340 75 21 sådant
905 339 103 22 ändamål.

261 386 28 3 —
313 373 37 22 Att
372 374 60 21 dessa
454 375 129 26 synpunkter
604 374 45 22 icke
664 375 81 21 kunnat
760 374 7 21 i
782 374 134 22 oftaberörda
931 373 78 27 kungö-

261 407 55 23 relse
338 408 114 27 behörigen
476 409 39 20 och
537 409 132 27 fullständigt
691 409 128 26 tillgodoses,
842 409 67 26 ligger
932 408 7 20 i
968 407 40 21 frä-

260 447 52 22 gans
327 443 69 20 natur.

329 476 74 21 Såsom
417 476 157 22 förhållandena
583 483 76 21 genom
667 477 36 21 det
710 477 116 27 Kejserliga
834 477 90 22 Senaten
932 477 6 20 i
947 475 62 22 ofvan

260 510 120 27 åberopade
390 510 46 22 bref
445 511 22 21 af
476 511 40 22 den
526 511 27 21 22
561 512 41 26 Maj
612 513 21 24 (3
641 511 57 27 Juni)
708 512 53 21 1887
769 511 96 21 lemnade
874 509 135 28 fullständiga

261 544 174 27 bemyndigandet
450 545 99 27 gestaltat
563 546 37 26 sig,
616 545 54 22 hade
685 552 48 15 man
749 545 54 27 förty
814 545 48 21 med
873 545 45 21 skäl
929 545 80 21 kunnat

260 579 66 21 redan
341 578 33 21 till
390 579 67 21 denna
471 579 101 27 landtdag
587 582 62 19 vänta
664 586 25 15 en
705 579 63 27 nådig
783 579 130 27 proposition
927 579 32 21 uti
969 578 40 22 frå-

260 619 41 20 gan
323 612 7 21 i
352 612 48 21 hela
422 613 47 21 dess
485 613 54 22 vidd.
569 613 156 22 Uteblifvandet
740 613 22 22 af
775 619 26 16 en
816 614 65 21 sådan
897 619 60 22 synes
973 613 35 27 pä-

259 647 57 21 kalla
331 648 31 19 ett
377 647 107 21 uttalande
499 647 47 22 från
561 647 127 22 Ständernas
703 649 50 20 sida.
781 647 41 21 Att
837 648 34 20 vid
881 647 128 27 antagandet

260 681 23 21 af
297 687 28 15 nu
339 680 142 27 föreliggande
497 682 74 26 nådiga
586 681 129 28 proposition
731 682 92 27 anknyta
838 688 26 15 en
879 681 130 28 underdånig

260 715 90 26 petition
364 715 8 20 i
387 714 158 28 hufvudfrågan,
560 715 67 22 skulle
642 715 34 22 väl
690 717 27 26 på
727 717 67 26 grund
805 715 23 22 af
836 716 174 27 sammanhanget

260 749 89 21 emellan
371 751 82 20 ämnets
475 750 67 21 skilda
565 750 63 25 delar,
651 750 65 26 enligt
730 750 120 21 Utskottets
865 750 143 27 förmenande,

259 783 46 22 icke
327 784 27 26 gå
376 783 81 22 utöfver
472 784 127 22 Ständernas
614 783 125 28 befogenhet
755 785 38 21 och
808 785 56 21 hvad
879 784 56 21 förut
949 785 7 20 i
971 784 38 21 lik-

259 817 69 22 nande
342 817 36 22 fall
394 817 59 22 skett.
484 818 109 22 Utskottet
608 818 38 21 har
661 818 123 26 emellertid,
796 819 38 21 och
846 818 26 21 då
884 819 125 26 uppskofvet

260 851 49 21 med
331 851 84 27 frågans
436 852 180 26 äterupptagande
637 851 39 22 hos
699 852 121 26 regeringen
839 853 67 20 måste
921 854 88 24 antagas

259 884 62 22 hafva
343 885 71 21 berott
435 886 75 20 endast
532 887 27 26 på
574 885 103 27 tillfälliga
692 886 183 27 omständigheter,
892 888 70 19 ansett
977 886 32 21 för

260 919 122 21 ändamålet
396 918 97 28 tillfylles,
510 926 33 15 om
559 920 6 20 i
581 921 69 21 svaret
665 920 32 20 till
712 920 68 21 denna
790 920 75 27 nådiga
877 920 130 27 proposition

258 952 56 27 finge
329 953 49 27 ingå
393 956 30 18 ett
438 954 108 21 uttalande
561 954 79 21 derhän
656 955 31 19 att
702 954 117 21 Ständerna
835 956 84 24 emotse,
935 956 74 20 att.ett

262 986 78 28 förslag
361 987 32 21 till
415 987 120 27 fullständig
553 988 34 26 lag
602 988 107 26 angående
726 988 25 20 de
766 988 73 26 vilkor,
855 988 68 22 under
937 988 72 21 hvilka

260 1020 219 28 telefoninrättningar
500 1022 34 21 må
556 1022 7 21 i
580 1022 71 21 landet
666 1021 99 27 anläggas
781 1022 39 21 och
835 1022 112 28 begagnas,
962 1028 47 16 var-

259 1055 38 21 der
318 1055 122 22 utarbetadt
463 1056 38 20 och
519 1058 48 19 näst
581 1056 198 22 sammanträdande
794 1056 89 22 Ständer
897 1056 110 27 förelagdt.

328 1112 32 22 På
374 1112 87 22 anförda
476 1112 46 22 skäl
537 1112 32 22 får
583 1112 109 22 Utskottet
707 1112 107 22 vördsamt
829 1112 86 23 föreslå:

463 1166 33 18 att
505 1164 83 20 landets
599 1164 116 28 höglofliga
728 1164 94 21 Ständer
833 1164 48 21 ville
891 1165 116 27 godkänna

389 1197 146 27 förevarande
551 1198 81 28 nådiga
644 1198 143 28 proposition,
803 1198 67 21 likväl
883 1200 48 20 med
941 1198 67 28 ofvan

395 1232 115 21 omordade
525 1232 122 28 ändringar
661 1232 9 20 i
685 1232 40 21 den
734 1232 132 28 föreslagna
871 1232 137 28 författnin-

394 1274 46 20 gen,
462 1273 45 15 som
527 1266 121 27 derigenom
664 1266 80 21 komme
759 1269 32 18 att
807 1266 83 22 erhålla
900 1267 105 27 följande

394 1300 90 27 lydelse:

408 1349 113 29 Förordning
536 1349 95 28 angående
646 1349 214 30 fridlysningsstadgans
876 1350 21 23 af
911 1351 34 23 den
964 1350 27 25 24

431 1383 102 24 November
548 1383 49 24 1864
611 1383 112 30 tillämpning
739 1384 11 24 &
765 1385 202 29 telefoninrättningar.

461 1430 132 27 Härigenom
609 1430 77 21 varder
700 1431 109 28 stadgadt,
825 1433 32 19 att
872 1431 134 25 förordnin-

392 1472 40 21 gen
452 1465 41 21 den
514 1466 30 21 24
566 1464 117 22 November
701 1466 65 26 1864,
782 1465 152 27 innefattande
943 1467 63 26 frid-

326 1504 139 23 Lagutskotteis
477 1505 115 17 betänkande
605 1506 35 16 N:o
653 1505 17 16 6.
