1117 1756
248 156 14 20 2
384 154 213 28 Bevillningsutsk.
614 152 94 23 betänk.
725 152 38 22 N:o
779 152 22 21 4.

222 218 57 21 delar
295 217 112 22 omarbeta
422 218 35 21 det
473 218 44 22 deri
533 218 88 27 intagna
635 216 79 27 förslag
730 216 30 21 till
773 214 124 27 förordning
907 214 7 20 i
924 214 47 20 äm-

223 254 42 24 net,
285 252 90 20 hvarvid
390 251 113 27 Utskottet,
520 252 6 20 i
541 252 54 27 syfte
611 253 30 19 att
660 251 3 21 i
678 251 66 26 högre
760 249 53 28 grad
829 250 27 20 än
871 248 35 22 för
922 250 50 19 när-

224 286 93 22 varande
339 288 24 20 är
381 286 57 22 fallet
458 286 86 27 afpassa
560 286 103 28 afgiftens
678 285 77 27 belopp
771 284 53 22 efter
839 283 134 22 inkomstens

224 321 84 27 storlek,
329 320 89 22 hänfört
437 321 26 21 de
481 321 30 21 uti
530 328 63 14 mom.
615 322 12 20 2
646 320 25 21 af
684 320 12 28 8
715 322 6 19 1
739 320 31 20 uti
786 319 36 21 det
836 318 79 28 nådiga
930 318 43 21 för-

223 355 204 28 fattningsförslaget
443 356 131 21 omnämnda
589 360 103 23 personer
706 355 31 20 till
754 356 31 20 tre
801 353 67 21 skilda
884 352 89 28 katego-

224 390 40 22 rier
285 390 49 22 med
353 396 27 16 en
401 390 149 28 näringsafgift
569 390 24 22 af
609 396 54 20 resp.
684 389 47 27 300,
747 389 28 21 40
791 388 41 22 och
849 388 27 21 10
890 387 62 22 mark
967 387 7 21 i

224 425 113 21 månaden.

289 459 49 21 Men
359 459 66 22 ehuru
446 459 27 22 de
491 460 23 20 af
530 459 107 22 Utskottet
655 458 91 22 sålunda
761 457 121 27 föreslagna
897 456 76 22 förän-

223 494 65 22 drade
304 494 161 27 bestämningar
481 494 64 27 enligt
560 494 118 21 Utskottets
691 493 55 27 åsigt
759 494 38 20 äro
805 491 113 28 påkallade
926 490 47 21 huf-

224 528 144 28 vudsakligast
383 535 25 14 ur
424 528 115 21 rättvisans
555 527 112 29 synpunkt,
683 528 38 20 äro
737 526 26 22 de
779 526 55 22 dock
850 526 4 20 i
868 525 106 22 finansielt

225 563 100 22 afseende
340 563 48 21 icke
403 565 51 19 utan
470 563 26 21 all
513 562 114 28 betydelse.

292 598 35 21 Uti
345 597 35 21 det
395 597 142 27 betänkande,
550 604 46 14 som
607 604 27 14 en
644 596 33 22 för
687 596 93 22 revision
791 595 23 22 af
823 595 26 22 de
859 595 32 21 för
901 595 73 21 karta-

226 632 89 28 sigillata
338 632 163 27 rekognitionen
525 634 54 19 samt
600 631 172 28 krigsmanshus-
789 630 40 21 och
845 629 72 28 fattig-
933 630 41 20 och

225 665 229 28 arbetshusafgifterna
469 666 98 27 gällande
583 666 151 26 författningar
750 665 85 21 nedsatt
845 664 80 22 komité
936 671 38 21 ny-

225 701 56 27 ligen
301 700 92 28 afgifvit,
414 700 113 28 beräknas,
544 702 72 20 såsom
632 701 35 21 det
683 706 63 21 synes
761 700 29 26 på
805 700 55 27 goda
875 699 99 27 grunder,

226 737 32 19 att
274 741 25 15 en
315 734 113 27 ifrågasatt
443 734 209 28 rekognitionsafgift
668 734 32 21 för
716 733 108 28 offentliga
839 734 65 27 nöjen
912 740 27 14 m.
948 740 26 14 m.

224 770 31 20 till
271 768 88 28 ungefär
375 776 83 14 samma
474 769 83 27 belopp,
575 769 106 21 Utskottet
696 776 29 14 nu
739 768 111 28 föreslagit
861 768 5 21 i
877 768 98 27 närings-

227 804 120 27 bevillning,
364 804 66 21 skulle
447 804 97 27 inbringa
555 804 97 26 omkring
663 804 78 26 20,000
751 803 61 21 mark
823 810 35 14 om
867 804 51 21 året.
934 802 41 22 Om

227 845 50 15 man
291 838 72 22 kunde
378 841 79 25 antaga
473 841 31 19 att
519 839 62 27 högst
597 838 82 22 hälften
695 838 23 21 af
731 838 70 22 denna
817 844 84 15 summa
916 837 60 21 kom-

225 880 34 15 me
275 876 30 18 att
325 874 77 26 belöpa
418 874 31 26 sig
465 874 28 27 på
509 874 81 21 sådana
605 873 178 27 föreställningar,
801 879 46 15 som
862 872 112 22 föranstal-

224 910 33 19 tas
273 908 22 21 af
307 908 68 21 finske
391 908 147 27 medborgare,
555 908 72 27 skulle,
643 908 28 21 då
687 907 26 22 de
727 908 125 22 nuvarande
863 906 111 29 afgifterna

224 942 22 22 af
259 943 136 27 utländingar
411 942 31 22 för
453 943 156 27 tillställningar
622 943 41 21 och
672 942 155 28 förevisningar
835 942 23 22 af
865 942 107 28 ifrågava-

223 978 66 21 rande
301 978 52 26 slag,
367 978 28 26 på
408 979 42 19 sätt
460 984 24 14 ur
492 978 41 21 den
541 978 79 27 nådiga
628 978 161 27 propositionen
797 976 102 28 framgår,
908 977 68 21 under

224 1013 52 21 åren
298 1012 139 21 1884—1886
457 1012 58 27 stigit
530 1012 29 21 till
577 1012 72 22 inalles
665 1012 77 21 endast
757 1012 63 26 6,230
836 1012 66 26 mark,
920 1013 55 20 mot-

226 1046 105 22 svarande
347 1047 6 20 i
369 1046 130 22 ärsinkorast
521 1047 63 25 2,080
605 1047 67 26 mark,
694 1049 29 19 ett
738 1046 89 22 tillskott
842 1046 23 22 af
878 1046 99 27 omkring

228 1082 62 26 8,000
304 1081 65 21 mark
388 1088 35 14 om
442 1082 46 20 äret
504 1088 51 14 vara
571 1084 30 18 att
616 1082 103 26 päräkna,
735 1082 41 20 och
792 1081 48 21 hela
855 1081 122 21 inkomsten

229 1121 78 22 genom
323 1115 162 28 ifrägavarande
495 1115 208 28 näringsbevillning,
715 1122 47 15 som
774 1115 68 22 under
853 1117 86 20 senaste
946 1114 31 21 tid

230 1150 80 27 årligen
328 1149 107 28 inbringat
450 1149 98 28 omkring
563 1151 78 26 42,000
655 1150 67 27 mark,
738 1150 91 21 sålunda
843 1149 73 21 kunna
931 1149 45 20 kal-

230 1184 83 27 kyleras
328 1184 31 21 till
373 1183 92 28 ungefär
479 1184 79 27 50,000
572 1185 61 20 mark
648 1191 36 14 om
700 1185 51 21 ärot.

297 1218 31 21 Pä
343 1218 68 27 grund
427 1217 25 22 af
464 1219 57 20 hvad
536 1218 106 22 Utskottet
652 1219 6 20 i
669 1218 155 23 ofvanstäende
834 1219 68 22 mätto
912 1217 65 22 fram-

230 1253 59 21 hällit
304 1252 35 22 fär
353 1252 107 23 Utskottet
475 1253 110 21 vördsamt
601 1253 88 22 föreslä:

435 1333 31 19 alt
481 1331 81 22 landets
577 1331 121 28 Höglofliga
713 1331 92 22 Ständer
812 1331 110 22 ville
866 1327 9 36 i
884 1331 38 22 sitt
928 1338 50 15 svar

368 1366 14 20 ä
401 1365 40 22 den
461 1365 80 28 nädiga
554 1366 159 27 propositionen
731 1366 8 21 i
753 1365 168 28 underdänighet
940 1373 38 14 an-

368 1400 56 21 mäla
447 1402 30 19 att
494 1400 122 22 densamma
631 1400 44 22 icke
690 1400 81 22 kunnat
785 1400 131 28 oförändrad
929 1401 49 27 god-

367 1434 83 21 kännas
465 1434 28 28 af
505 1434 126 27 Ständerna,
653 1435 71 21 hvilka
738 1435 40 27 för
795 1435 36 21 sin
848 1435 34 21 del
895 1435 84 22 beslutit

367 1468 36 22 och
419 1469 81 27 antagit
515 1475 26 16 en
555 1469 116 28 sälydande
