1103 1742
431 133 56 23 N:o
503 132 50 24 12.

389 493 66 23 Hans
479 493 146 29 Kejserliga
641 492 134 28 Majestäts
791 491 72 28 nädiga

321 534 124 27 proposition
471 534 29 22 till
524 534 92 22 Finlands
643 532 92 28 Ständer,
758 532 105 28 angående

321 574 123 28 tillämpning
460 575 20 21 af
495 574 216 27 fridlysningsstadgan
728 573 37 21 den
781 573 29 22 24
827 573 36 21 No-

320 615 81 22 vember
416 614 55 23 1864
480 610 12 37 å
510 614 218 27 telefoninrättningar.

187 690 37 22 Uti
246 696 24 15 en
292 690 34 21 till
349 690 107 26 Styrelsen
471 690 91 27 ingifven
577 689 62 22 skrift
655 689 39 21 har
708 688 157 22 verkställande

117 725 122 21 direktören
253 724 33 22 för
300 724 132 28 Helsingfors
447 724 79 22 telefon
541 725 121 26 aktiebolag
676 724 8 21 i
698 723 168 27 underdänighet

116 759 94 27 anhällit,
233 761 31 19 att
286 759 77 27 nädiga
385 759 149 28 förordningen
556 759 40 21 den
619 761 27 19 24
667 759 120 21 November
803 760 61 25 1864,

115 794 144 22 innefattande
274 794 211 27 fridlysningsstadga
500 794 34 21 för
548 794 83 21 landets
644 793 118 27 jernvägar,
777 794 89 21 kanaler

116 829 38 21 och
169 828 236 28 telegrafinrättningar,
420 828 73 27 mätte,
509 830 7 20 i
531 829 55 21 hvad
602 828 122 22 densamma
739 828 65 28 angär
819 828 46 21 sist-

115 864 91 20 nämnda
224 864 145 26 inrättningar,
385 863 108 27 tillämpas
509 863 12 20 &
536 863 96 26 bolagets
648 862 47 21 med
710 863 98 26 behörigt
823 862 43 21 till-

115 898 63 21 ständ
192 897 105 22 inrättade
312 897 164 28 telefonledning
492 897 90 22 emellan
596 897 132 27 Helsingfors
744 897 39 21 och
799 897 66 21 Tava-

116 932 72 22 stehus
211 932 77 26 städer,
308 932 86 21 hvilken
408 932 195 27 telefoninrättning
618 932 48 21 kort
682 931 54 22 efter
751 931 46 22 dess
814 938 52 21 upp-

115 967 86 22 lätande
223 966 34 22 till
272 967 153 21 allmänhetens
440 967 135 27 begagnande
589 967 56 21 varit
660 968 67 20 utsatt
742 966 33 22 för
791 967 76 26 ohägn.

115 1001 125 23 Sedermera
262 1001 63 22 hafva
348 1001 61 22 äfven
426 1001 104 22 särskilda
546 1001 67 22 andra
628 1008 62 21 egare
705 1001 24 22 af
743 1001 123 22 telefonled-

115 1037 74 26 ningar
204 1037 33 21 till
253 1037 107 27 Styrelsen
375 1035 110 23 inkommit
500 1036 48 22 med
562 1037 140 26 ansökningar
713 1043 34 14 om
758 1037 109 22 enahanda

117 1071 67 28 skydd
200 1073 56 20 emot
271 1071 149 27 skadegörelse
436 1071 12 22 å
463 1071 61 22 deras
538 1071 91 22 nämnda
644 1072 146 27 inrättningar.

188 1106 41 21 För
244 1105 115 28 uppsätligt
375 1105 106 22 skadande
497 1106 22 21 af
532 1105 91 28 telegraf
636 1106 66 22 finnas
713 1107 153 21 straffbestäm-

116 1141 78 22 melser
208 1142 80 20 utsatta
304 1141 6 20 i
325 1141 12 28 $
352 1143 13 20 4
381 1140 22 22 af
417 1141 90 21 berörda
521 1140 128 28 förordning,
664 1141 86 22 hvilken
765 1141 102 28 paragraf

117 1177 39 20 har
170 1175 93 28 följande
277 1175 90 28 lydelse:

189 1211 62 26 yDen,
274 1216 45 15 som
335 1216 74 21 genom
425 1210 66 21 skada
507 1210 12 21 å
533 1210 75 22 tråden
623 1211 51 20 eller
689 1213 63 19 annat
767 1211 100 22 tillbehör

118 1245 35 22 vid
167 1244 96 28 telegraf,
279 1251 75 21 genom
370 1246 31 20 att
415 1245 36 21 vid
466 1245 75 22 tråden
555 1245 56 21 fästa
626 1245 131 22 främmande
771 1245 96 27 föremål,

118 1280 138 27 förfalskning
279 1279 22 22 af
323 1279 25 21 de
371 1285 73 22 genom
463 1279 113 28 telegrafer
590 1279 124 22 meddelade
728 1281 75 21 tecken
817 1281 52 21 eller

117 1315 28 27 pä
160 1316 63 20 annat
238 1316 43 20 sätt
295 1314 133 27 uppsätligen
442 1316 69 19 störer
527 1314 50 22 eller
589 1315 123 27 omöjliggör
722 1315 145 27 begagnandet

118 1349 23 21 af
162 1356 26 14 en
203 1350 79 20 statens
298 1349 209 27 telegrafinrättning,
524 1349 71 21 dömes
611 1349 34 21 till
660 1349 92 27 fängelse
767 1349 46 22 från
829 1349 38 22 och

118 1383 48 20 med
182 1389 25 14 en
222 1382 75 21 mänad
312 1383 34 20 till
362 1383 38 20 och
415 1382 48 21 med
478 1385 31 18 ett
524 1382 29 26 är,
565 1383 44 25 och,
622 1389 33 14 om
666 1383 113 26 gerningen
789 1383 78 21 skedde

118 1418 7 20 i
141 1417 120 28 egennyttig
277 1417 51 20 eller
343 1416 108 27 bedräglig
467 1416 68 27 afsigt,
551 1416 52 21 eller
619 1422 34 15 om
668 1417 68 26 nägon
751 1417 60 21 deraf
820 1417 48 21 ska-

119 1452 47 22 dats
181 1452 33 21 till
229 1451 26 22 lif
269 1451 51 22 eller
335 1451 65 27 helsa,
415 1451 34 21 till
465 1451 66 26 dylikt
546 1450 93 28 fängelse
655 1451 45 21 från
716 1451 39 22 och
770 1451 48 21 med
833 1451 36 22 två
