1109 1736
273 133 28 21 36
474 131 24 22 U.
513 130 27 23 B.
554 143 24 2 —
596 130 64 27 Prop.
676 128 38 23 N:o
730 128 29 24 13.

453 199 31 20 att
500 196 120 23 Ständerna
633 196 65 21 måtte
712 197 78 26 antaga
804 195 14 20 4
832 194 15 28 $
860 195 14 20 4
883 194 46 27 kap.
938 193 8 22 i
956 200 42 15 om-

383 231 108 28 förmälda
509 231 40 26 lag,
570 230 68 22 sådan
658 229 67 23 denna
739 228 16 29 $
770 229 58 28 lyder
841 228 9 22 i
865 229 40 21 den
918 227 81 29 nådiga

379 265 142 28 proposition.

316 328 140 28 Helsingfors,
473 328 40 22 den
529 328 26 21 27
572 327 60 27 April
648 326 62 22 1888.

495 390 80 24 Gustaf
586 389 169 29 Langenskiöld.

410 490 10 21 I
435 488 134 24 förestående
584 488 132 23 reservation
730 488 113 22 instämma

318 553 26 22 R.
359 552 26 23 A.
400 552 89 23 Wrede.
820 552 23 22 L.
858 550 74 29 Prytz.

611 713 29 22 I.

324 755 41 22 Vid
386 755 128 28 landtdagen
538 754 55 23 1885
613 755 83 21 beslöto
711 754 120 23 Ständerna
846 756 32 20 att
892 755 39 21 hos
946 754 60 21 Hans

252 789 118 28 Kejserliga
385 789 100 28 Majestät
499 790 8 21 i
522 789 133 27 underdånig
670 789 89 27 petition
774 788 86 23 anhålla
875 796 34 15 om
924 790 32 21 att
970 787 35 24 för

253 824 119 22 Ständerna
387 823 67 22 måtte
469 824 119 27 föreläggas
604 823 90 28 ,förslag
708 824 33 21 till
756 823 80 22 sådana
850 823 154 28 lagförändrin-

252 865 45 21 gar,
320 865 45 15 som
385 859 70 21 kunde
477 858 95 22 befinnas
592 858 82 28 egnade
694 859 39 26 att,
752 858 48 22 med
820 858 150 22 bibehållande
985 858 23 22 af

254 893 255 27 egedomsgemenskapen
524 892 76 22 makar
614 892 91 22 emellan
720 892 40 22 och
771 898 101 16 mannens
882 893 124 22 målsmans-

253 929 44 20 rätt
318 927 34 22 för
373 928 90 20 hustrun
486 928 71 22 såsom
578 928 65 26 regel,
664 927 44 21 dels
722 927 81 22 bereda
817 928 68 21 större
899 927 65 22 frihet
979 929 27 19 än

254 962 105 22 härintills
375 963 32 21 att
421 968 76 21 genom
512 962 73 22 förord
601 962 183 22 öfverenskomma
799 967 34 16 om
848 962 58 22 såväl
916 962 90 27 egande-

255 997 70 21 rätten
341 996 39 27 till,
396 1002 45 15 som
456 996 157 27 förvaltningen
628 996 23 22 af
663 996 59 28 gods,
738 996 81 22 hvilket
833 996 23 22 af
869 997 75 21 makar
954 996 53 22 infö-

254 1036 34 16 res
302 1031 7 21 i
324 1030 56 28 boet,
396 1030 44 22 dels
456 1032 56 20 sätta
527 1030 40 28 gift
581 1031 78 21 kvinna
673 1031 7 21 i
695 1030 84 22 tillfälle
794 1031 38 26 att,
849 1031 61 26 äfven
926 1030 36 22 der
972 1030 35 28 dy-

256 1064 36 22 likt
306 1065 74 27 förord
394 1064 42 22 icke
456 1064 92 28 träffats,
570 1065 8 21 i
592 1065 116 27 möjligaste
721 1066 67 21 måtto
802 1065 81 28 skydda
898 1066 35 21 sin
947 1072 59 21 egen-

256 1100 48 22 dom
319 1102 54 19 emot
386 1099 106 22 missbruk
507 1100 27 26 af
544 1106 102 15 mannens
661 1099 181 22 mälsmansrätt*.

326 1134 81 21 Genom
430 1133 36 21 det
487 1134 80 27 förslag
588 1134 34 21 till
640 1134 36 27 lag
691 1140 34 15 om
739 1134 85 22 makars
840 1134 114 27 egendoms
970 1134 38 21 och

255 1167 215 28 gäldsförhållanden,
486 1174 45 15 som
546 1174 29 15 nu
589 1167 56 22 varit
659 1167 89 22 föremål
762 1168 34 21 för
805 1167 151 28 lagutskottots
966 1168 43 21 för-

256 1202 122 22 beredande
393 1201 135 28 behandling,
543 1202 40 22 har
597 1202 132 28 Regeringen
745 1202 62 22 äfven
822 1202 48 22 sökt
884 1204 33 20 att
931 1203 77 22 tillmö-

256 1236 61 28 tesgå
332 1236 130 22 Ständernas
482 1236 90 22 sålunda
586 1237 95 21 uttalade
696 1237 128 26 önskningar
839 1238 55 20 samt
908 1237 102 22 särskildt

258 1271 47 21 med
320 1270 114 26 anledning
449 1271 23 20 af
485 1271 127 25 petitionens
627 1271 38 20 här
680 1271 64 20 ofvan
754 1271 158 20 understuckna
921 1272 88 24 slutord,

258 1305 8 20 i
280 1303 148 28 lagförslagets
447 1305 14 20 2
476 1304 49 25 kap.
544 1304 13 20 3
572 1304 12 26 &
598 1303 66 22 infört
678 1304 136 26 bestämning
829 1305 79 26 derom,
924 1305 32 20 att
970 1305 39 20 hu-

258 1339 46 22 stru
319 1338 56 27 finge
389 1337 53 22 räda
462 1337 59 22 öfver
536 1338 33 22 sin
585 1338 96 22 enskilda
696 1338 46 22 lösa
756 1338 102 27 egendom
874 1338 39 23 och
928 1338 82 22 afkom-

258 1375 46 21 sten
320 1373 61 22 deraf
400 1374 56 21 samt
469 1373 56 22 hvad
539 1373 43 22 hon
596 1379 77 22 genom
689 1375 47 26 eget
750 1373 74 22 arbete
838 1374 43 21 kan
896 1373 113 22 förvärtfva.

327 1407 75 22 Ehuru
424 1407 158 28 medgifvandet
604 1407 24 24 af
644 1414 26 15 en
689 1408 66 22 sådan
775 1410 43 20 rätt
831 1409 33 21 för
879 1408 40 28 gift
932 1408 79 22 kvinna

260 1442 150 28 obestridligen
426 1444 62 26 utgör
503 1443 35 22 det
553 1444 55 22 enda
622 1444 134 22 verksamma
771 1443 85 28 medlet,
871 1444 33 21 att
918 1443 49 22 med
980 1443 31 22 bi-
