1125 1736
357 123 23 23 U.
397 124 21 22 B.
434 135 29 5 —
479 125 57 27 Prop.
553 125 34 22 N:o
603 125 29 22 12.
827 125 12 21 3

122 185 112 28 intagande
249 185 7 21 i
271 185 221 28 fridlysningsstadgan
508 186 39 21 den
562 187 26 21 24
603 187 118 22 November
738 188 53 21 1864
802 187 22 22 af
833 188 35 27 dy-

122 220 42 21 lika
179 219 156 26 bestämningar
350 219 129 22 beträffande
495 220 80 22 landets
590 221 116 26 telegrafer.

190 253 79 22 Härvid
285 253 38 21 bör
338 254 54 21 dock
406 253 88 26 märkas,
505 256 31 19 att
546 254 264 28 telegrafinrättningarnas
817 255 52 27 jem-

122 287 106 22 förelsevis
250 287 112 27 skyddlösa
381 287 47 26 läge
442 287 46 21 icke
503 289 24 19 är
541 288 39 20 den
596 289 160 26 omständighet,
772 295 45 15 som
833 295 37 15 en-

121 327 45 15 sam
194 321 52 21 eller
273 327 36 15 ens
334 320 127 26 väsentligen
486 321 190 27 nödvändiggjorde
700 322 103 21 särskilda
826 322 44 27 lag-

121 355 162 27 bestämningar]
297 354 7 21 i
319 356 78 24 ämnet,
412 356 50 20 utan
477 356 32 20 att
523 354 113 22 förnämsta
652 355 137 27 anledningen
799 356 72 22 härtill

122 389 98 21 fastmera
243 388 53 22 varit
319 389 35 21 det
372 390 57 20 stora
444 388 107 27 offentliga
564 389 95 25 intresse,
674 396 45 15 som
734 390 7 21 i
757 390 114 22 allmänhet

122 424 102 27 anknyter
239 423 31 27 sig
285 423 31 21 till
331 423 123 27 telegrafen;
471 422 38 22 och
525 423 37 21 har
576 423 56 21 inom
646 423 110 23 Utskottet
766 424 103 28 invändts,

121 459 33 20 att
165 458 45 26 just
224 458 7 20 i
247 458 58 21 detta
320 457 118 21 hänseende
453 457 46 21 icke
514 457 130 27 obetydande
660 458 103 22 olikheter
780 458 90 22 förefun-

122 498 36 15 nes
174 492 88 21 emellan
277 491 113 27 telegrafen
406 491 39 22 och
459 491 110 21 telefonen.
599 492 76 21 Medan
691 492 39 22 den
745 492 64 27 förra,
824 500 46 15 som

121 526 83 22 fordrar
226 525 60 22 öfvad
308 526 106 26 betjening
436 525 38 21 och
490 525 89 27 dyrbara
593 528 118 25 apparater,
726 527 145 27 förnämligast

121 560 69 26 tjenar
204 560 152 21 statsbehofvet
371 560 38 20 och
425 559 139 22 förbindelsen
579 560 88 21 emellan
682 560 58 27 längt
755 561 67 21 skilda
838 568 32 15 or-

121 595 39 25 ter,
182 593 7 22 i
211 593 51 27 följd
283 593 75 22 hvaraf
378 593 151 22 allmänhetens
546 594 38 21 och
599 595 79 20 statens
693 594 102 22 intressen
811 597 37 20 äro
863 595 8 21 i

122 627 151 28 Ofvervägande
288 628 52 26 grad
355 627 54 22 fästa
423 627 34 21 vid
473 627 67 22 denna
550 628 120 27 inrättning,
681 620 129 30 förekomma
820 629 50 22 tele-

122 662 201 21 fonförbindelserna
338 661 44 22 dels
397 661 69 22 säsom
481 661 85 22 alldeles
581 661 94 22 enskilda
690 662 109 27 ledningar
813 663 57 22 inom

122 698 48 25 eget
185 696 91 23 omräde,
293 695 44 22 dels
352 695 40 22 och
406 695 144 27 förnämligast
564 697 69 20 säsom
643 696 83 27 privata
735 697 136 22 förbindelse-

121 730 109 27 ledningar
245 729 32 22 till
293 729 162 24 centralanstalt,
472 729 25 22 de
512 729 7 21 i
533 730 47 21 stad
595 736 16 15 s.
626 730 20 21 k.
662 730 149 28 telefonnäten,
823 731 48 22 med

122 765 71 21 hvilka
208 764 55 21 båda
278 764 44 27 slag
338 763 20 22 af
372 763 108 27 ledningar
495 763 103 27 sjelffallet
613 765 31 20 ett
651 763 150 28 jemförelsevis
811 765 60 27 ringa

122 798 88 22 allmänt
231 798 87 21 intresse
340 799 24 20 är
379 797 140 28 förknippadt,
535 800 26 19 än
576 798 48 21 med
639 797 93 28 verkliga
747 799 124 22 distansled-

122 833 74 26 ningar
218 832 88 21 emellan
330 831 55 22 olika
408 833 57 20 orter
487 832 39 21 och
548 834 79 19 statens
646 831 225 28 telefoninrättningar,

120 867 65 27 jemte
208 867 35 20 det
265 865 103 21 föröfvadt
391 865 68 27 ohägn
477 866 13 20 å
505 866 46 21 dem
566 866 6 20 i
587 865 71 27 regeln
673 865 76 22 lättare
764 867 41 21 kan
820 873 51 21 upp-

122 900 73 22 täckas
211 900 39 21 och
265 899 107 27 afhjelpas.

190 934 60 22 Inom
273 934 110 21 Utskottet
404 933 39 21 har
461 933 70 21 derför
545 933 113 26 anmärkts,
674 933 100 22 hurusom
790 934 81 22 mindre

122 969 74 28 rigtigt
213 974 49 16 vore
278 970 37 24 att,
330 968 7 20 i
352 967 97 22 afseende
464 968 13 20 å
492 967 47 27 laga
553 967 72 28 skydd,
649 967 91 22 likställa
755 968 41 21 alla
812 968 60 22 dessa

123 1004 57 23 olika
202 1004 56 20 arter
280 1002 21 22 af
322 1001 217 27 telefoninrättningar
560 1002 47 21 med
629 1001 118 22 hvarandra
770 1002 39 21 och
824 1002 48 22 med

122 1037 122 27 telegrafen,
267 1036 104 22 äfvensom
395 1037 68 19 röster
484 1036 45 26 höjt
543 1035 31 27 sig
588 1035 32 21 för
635 1036 38 26 att,
688 1036 28 26 på
731 1036 36 21 det
781 1036 92 22 nämnda

124 1071 154 27 omständighet
300 1071 66 21 måtte
380 1069 114 27 behörigen
510 1070 126 26 tillgodoses,
652 1068 77 28 förslag
744 1070 32 25 till
791 1070 81 28 fridlys-

122 1106 137 27 ningsstadga
276 1104 101 22 särskildt
390 1103 33 23 för
437 1103 218 27 telefoninrättningar
669 1103 66 22 borde
750 1104 23 21 af
785 1104 87 22 Utskot-

123 1142 31 20 tet
168 1140 114 21 utarbetas.

191 1173 119 22 Utskottets
332 1172 69 21 flertal
423 1171 38 22 har
483 1171 54 22 dock
554 1171 46 22 icke
616 1171 97 22 omfattat
728 1172 68 21 denna
811 1171 61 28 åsigt,

123 1211 51 20 utan
190 1209 70 20 ansett
274 1209 32 19 att
320 1207 69 26 någon
403 1205 116 28 principiell
535 1205 79 22 olikhet
628 1205 89 22 emellan
731 1205 88 22 telefon-
834 1205 39 22 och

123 1241 228 28 telegrafinrättningar
373 1240 46 21 icke
441 1239 116 22 förefinnes.
586 1239 81 22 Jemväl
687 1239 34 21 vid
736 1239 103 22 anstalter
853 1239 22 22 af

124 1277 36 22 det
174 1282 74 16 senare
264 1275 66 27 slaget
345 1275 42 20 kan
402 1273 106 28 särskiljas
523 1273 88 22 emellan
627 1272 93 22 enskilda
734 1273 141 27 inrättningar

123 1311 33 22 till
178 1310 91 22 enskildt
290 1309 61 25 bruk,
374 1307 94 22 enskilda
491 1307 137 26 inrättningar
648 1306 33 21 till
696 1306 87 22 allmänt
798 1307 77 27 begag-

124 1345 68 22 nande
210 1345 54 21 samt
278 1342 199 27 statsinrättningar.
507 1341 91 22 Sålunda
612 1341 72 21 kunna
699 1341 63 20 också
777 1340 97 27 telegraf-

124 1377 150 28 anläggningar
295 1376 72 27 gifvas,
385 1376 25 21 de
425 1375 38 21 der
477 1375 46 21 icke
537 1374 85 27 påkalla
636 1373 114 27 kraftigare
765 1374 67 27 skydd
847 1376 28 22 än

124 1412 70 29 privat
204 1411 100 27 egendom
316 1409 141 22 öfverhufvud.
485 1409 74 20 Denna
568 1407 106 28 synpunkt
684 1407 39 21 har
732 1407 142 27 fridlysnings-

125 1446 89 28 stadgan
229 1445 22 21 af
265 1445 40 21 den
320 1445 27 20 24
362 1443 118 22 November
497 1443 53 21 1864
564 1441 49 22 sökt
627 1441 111 27 tillgodose
753 1447 74 21 genom
837 1441 36 22 be-

194 1486 132 22 Lagutskottets
339 1484 108 17 betänkande
460 1484 33 16 N:o
506 1482 16 18 6.
