1103 1745
445 140 40 21 N:o
503 140 32 21 17.
824 139 12 21 5

113 208 39 22 bör
167 208 94 27 fullgöra
277 209 41 21 den
333 208 146 22 försummade
496 208 99 27 öfningen
610 208 69 22 under
693 210 31 19 ett
736 208 95 27 följande
842 209 24 20 är

113 243 48 21 med
177 250 71 14 annan
265 243 137 21 åldersklass.

184 277 50 21 Med
254 278 136 26 åberopande
407 277 22 21 af
443 277 55 21 hvad
514 276 39 22 här
568 276 63 22 ofvan
647 276 88 27 anförts,
751 276 39 22 har
806 276 60 22 Hans

112 311 123 27 Kejserliga
250 311 103 27 Majestät
368 312 57 20 velat
440 311 33 21 till
490 311 132 21 Ständernas
638 311 122 26 antagande
775 311 7 20 i
797 311 68 20 nåder

112 346 130 22 öfverlemna
257 346 94 27 följande

388 442 119 33 Förslag
535 443 34 26 till
596 442 145 33 förordning,
768 441 98 27 innefat-

319 489 71 26 tande
409 488 129 27 förändrad
558 488 90 33 lydelse
659 489 25 25 af
696 488 121 27 särskilda
829 487 37 35 88

318 535 5 25 i
353 534 216 33 värnepligtslagen
597 534 25 27 af
649 535 43 26 den
719 534 33 27 27
772 534 94 27 Decem-

320 581 43 26 ber
380 580 67 27 1878.

182 649 130 28 Härigenom
328 651 78 20 varder
421 650 134 27 förordnadt,
571 652 32 19 att
618 650 24 27 $$
658 651 19 25 9,
694 651 34 26 10,
744 651 33 25 58,
788 651 26 20 81
827 650 38 21 och

112 685 40 21 114
167 685 8 20 i
193 684 203 27 Värnepligtslagen
416 683 23 22 af
453 685 40 20 den
509 685 26 20 27
552 685 117 20 December
686 686 54 20 1878
756 685 60 21 skola
832 691 32 15 er-

111 719 59 21 hålla
185 719 95 26 följande
297 718 130 22 förändrade
442 719 88 26 lydelse,
546 719 116 27 nemligen:

467 782 47 26 89.

181 822 147 26 Tjenstetiden
344 821 33 21 för
393 822 46 25 den,
456 828 45 14 som
517 823 27 25 pä
554 822 70 26 grund
637 821 22 21 af
668 822 90 27 lottning
768 822 97 21 inträder

110 856 7 21 i
141 856 58 21 aktiv
222 858 71 25 trupp,
317 858 24 19 är
363 857 69 20 under
448 856 91 21 fredstid
553 858 34 20 tre
603 857 32 24 är,
651 856 107 21 hvarefter
773 857 43 20 han
832 857 33 20 för

111 891 36 20 tvä
163 890 24 21 är
203 889 118 22 öfverföres
337 890 33 21 till
385 897 107 14 reserven.
523 891 37 26 De,
578 897 46 14 som
635 891 134 21 omedelbart
779 890 85 22 inskrif-

110 931 38 15 vas
163 925 36 20 vid
215 931 105 19 reserven,
337 926 87 24 gvarstä
440 925 37 20 der
492 925 42 20 fem
547 925 34 26 är;
594 925 39 21 och
645 925 102 21 anställes
759 925 47 21 med
819 926 47 21 dem

111 959 158 27 Ofningsmöten
285 959 68 21 under
369 961 30 19 ett
415 959 51 21 eller
481 959 50 21 flere
548 959 24 21 af
586 959 26 21 de
628 961 33 19 tre
676 959 68 22 första
760 959 58 22 åren.

182 993 46 22 Har
243 993 72 27 någon
330 993 35 22 vid
381 993 59 22 aktiv
455 996 64 24 trupp
535 994 124 27 tjenstgjort
669 994 74 27 längre
753 994 32 21 tid
796 996 27 19 än
832 996 34 20 tre

111 1028 30 27 är,
166 1028 55 21 skall
242 1027 143 22 öfverskottet
400 1029 78 20 honom
493 1028 173 27 tillgodoräknas
682 1028 28 27 pä
724 1029 142 26 tjenstetiden

109 1063 21 21 vi
154 1069 105 15 reserven.
297 1062 44 21 Der
361 1063 46 21 äter
423 1063 133 26 förkortning
572 1062 22 21 af
608 1063 81 27 nägons
704 1063 111 26 tjenstetid
832 1063 34 22 vid

111 1097 59 21 aktiv
184 1099 64 25 trupp
264 1098 35 26 egt
314 1103 53 22 rum,
385 1097 54 22 skall
454 1097 43 22 han
513 1097 89 27 gvarstä
616 1097 8 21 i
635 1103 101 16 reserven
747 1097 23 22 sä
782 1098 85 27 mycket

111 1132 74 26 längre
208 1132 39 21 tid.
284 1131 55 27 Alla,
363 1138 45 15 som
431 1131 54 22 efter
501 1132 59 22 aktiv
575 1131 141 28 tjenstgöring
732 1131 86 28 öfvergä
833 1132 33 22 till

110 1172 107 20 reserven,
234 1167 79 20 räknas
329 1166 34 21 till
379 1167 40 20 den
435 1166 96 22 ärsklass
547 1167 25 20 de
588 1166 54 21 efter
657 1166 32 21 sin
704 1166 112 27 tjenstetid
830 1167 36 21 vid

110 1201 60 22 aktiv
185 1203 64 25 trupp
265 1201 94 21 tillhöra.

190 1236 11 21 I
216 1236 91 27 krigstid
331 1238 37 19 äro
392 1236 25 21 de
433 1236 35 21 vid
483 1237 118 26 trupperna
616 1236 98 21 anstälde
729 1236 90 27 pligtige
834 1237 32 21 att

110 1271 135 26 avarstadna
260 1270 25 21 sä
300 1271 64 26 länge
380 1270 100 22 behofvet
495 1270 92 21 kräfver.

459 1340 11 27 8
488 1340 33 21 10.

183 1380 33 20 De
238 1380 7 20 i
267 1379 12 26 &
302 1380 12 19 9
334 1379 128 21 föreskrifna
478 1380 98 25 öfningar
591 1379 49 20 med
655 1384 101 15 reserven
771 1378 96 27 försiggä

111 1413 70 20 under
197 1412 191 21 sammanräknadt
403 1412 64 21 nittio
483 1412 66 25 dagar
565 1412 7 20 i
588 1412 41 20 den
646 1411 90 26 ordning
752 1411 40 21 och
802 1412 28 25 pä
841 1412 26 20 de
