1106 1745
247 143 15 21 4
427 144 69 21 Ständ.
512 144 31 22 Sv.
558 156 28 3 —
602 144 57 27 Prop.
675 144 35 22 N:o
724 145 31 21 17.

218 207 62 21 torde
296 206 114 26 öfverstiga
425 205 43 22 fem
483 206 41 20 mil.
554 206 32 21 Dä
601 206 90 21 sälunda
705 206 96 22 hvarken
816 214 26 14 ur
854 207 112 21 militärisk

220 242 50 21 eller
284 247 26 15 ur
324 239 224 23 nationalekonomisk
570 240 108 28 synpunkt
692 240 74 28 giltiga
781 241 46 21 skäl
842 248 66 21 synas
923 242 43 22 for-

220 276 39 21 dra
274 282 28 14 en
317 274 124 28 förändring
456 274 24 22 af
493 274 163 28 ifrågavarande
672 275 31 27 $$,
714 275 65 22 hafva
789 275 122 23 Ständerna
920 277 47 22 icke

220 310 82 21 kunnat
318 308 115 28 godkänna
448 309 41 22 den
504 309 79 27 nådiga
598 309 162 27 propositionen
775 310 6 21 i
798 310 70 22 denna
884 311 39 22 del.

288 343 136 23 Beträffande
446 344 47 21 åter
513 343 27 22 58
559 344 18 28 $,
600 343 65 22 hafva
684 344 122 22 Ständerna
824 345 47 22 icke
885 346 83 21 kunnat

220 378 131 23 oförändrad
373 378 115 28 godkänna
508 378 42 22 den
570 378 123 28 föreslagna
716 378 140 29 affattningen
877 380 24 21 af
915 380 53 22 den-

220 420 89 16 samma.
346 413 168 26 Bestämningen
536 415 32 19 att
594 413 120 27 ansökning
736 420 36 15 om
800 414 90 27 eftergift
915 415 53 21 skall

220 449 105 21 inlemnas
341 449 73 20 senast
429 448 14 21 å
458 447 67 22 första
540 447 168 28 uppbådsdagen
723 447 33 22 för
771 448 35 22 det
822 449 95 27 område,
932 451 36 20 sö-

219 483 86 22 kanden
320 482 77 27 tillhör,
413 483 25 20 är
452 481 108 28 nämligen
576 481 86 28 otydlig,
678 482 6 21 i
699 484 23 26 ty
732 484 32 19 att
774 483 194 28 värnepligtslagen

220 517 108 28 särskiljer
343 517 78 21 mellan
436 515 109 29 uppbåds-
561 517 41 21 och
617 516 214 28 lottningsområden.

290 551 121 27 Ordalagen
429 551 7 20 i
457 551 193 27 värnepligtslagen
673 551 73 22 kunna
764 552 35 21 väl
817 552 57 28 gifva
896 553 73 22 anled-

222 587 52 27 ning
293 586 31 21 till
344 586 42 21 den
408 585 102 28 tolkning,
532 587 31 20 att
578 586 41 21 alla
634 586 30 21 till
680 588 30 20 ett
724 586 189 28 uppbådsområde
928 589 40 21 hö-

220 621 68 22 rande
310 620 154 27 värnepligtige
486 619 66 22 borde
568 621 13 20 å
599 626 27 16 en
645 621 41 20 och
708 627 85 16 samma
815 621 47 28 dag,
884 622 18 21 d.
918 629 18 15 v.
953 630 15 15 s.

220 655 66 22 första
295 654 175 28 uppbådsdagen,
479 654 80 21 infinna
570 655 32 27 sig
612 654 55 22 inför
678 655 215 28 uppbådsnämnden,
904 657 64 21 hvar-

220 690 39 27 för,
280 689 41 22 och
337 689 28 21 dä
379 689 193 27 lottningsområde
595 690 128 21 omnämnes
738 689 54 22 först
806 691 7 20 i
828 691 13 27 8
856 691 34 27 71,
906 693 62 20 anta-

220 725 80 26 gandet
320 725 31 20 att
371 723 49 22 med
445 724 111 21 »omräde>
580 724 6 21 i
606 724 27 21 58
649 724 18 27 $,
691 724 68 21 sådan
775 725 41 22 den
831 725 60 28 lyder
905 726 7 21 i
927 726 42 21 den

221 759 78 27 nådiga
321 758 169 28 propositionen,
513 758 75 22 afsetts
609 758 194 28 upphädsomräde,
820 759 63 22 äfven
898 760 71 22 kunde

220 794 56 26 ligga
291 794 54 20 nära
360 793 30 21 till
405 792 74 22 hands.
509 793 121 21 Emellertid
644 793 67 27 gifver
721 793 79 27 nädiga
810 794 159 22 Instruktionen

220 828 33 21 för
274 827 109 28 uppbåds-
399 827 41 21 och
456 828 184 21 länenämnderna
659 827 23 21 af
698 827 41 22 den
759 828 24 21 21
805 828 42 22 Juli
863 828 56 22 1880
933 829 36 21 vid

220 862 86 22 handen
321 864 32 19 att
368 862 68 21 skilda
451 862 172 27 uppbädsdagar,
638 862 70 21 sävidt
722 862 83 27 möjligt
820 864 30 25 är,
866 863 54 21 böra
935 866 34 18 ut-

220 899 69 19 sättas
311 896 35 23 för
368 897 26 21 de
417 896 106 22 särskilda
549 896 222 27 lottningsomrädena
793 897 59 22 inom
873 899 30 20 ett
927 898 42 21 och

221 938 84 15 samma
319 931 194 28 uppbädsomräde.

288 966 40 21 Till
350 965 176 22 förekommande
542 965 23 22 af
578 965 57 22 olika
658 965 97 28 tolkning
770 966 23 21 af
805 966 28 21 58
849 967 12 26 8
877 967 42 21 och
942 967 28 21 dä

221 1001 114 27 meningen
358 1000 108 21 sannolikt
487 1000 47 21 icke
554 1000 55 21 varit
624 1002 32 19 att
671 1000 73 27 tvinga
759 1001 147 28 värnepligtig,
922 1008 49 15 som

220 1035 34 22 vill
271 1035 117 21 framställa
404 1034 122 27 ansökning
541 1041 36 14 om
592 1033 91 28 eftergift
699 1034 6 21 i
720 1034 159 28 värnepligtens
895 1035 75 27 fulgö-

220 1069 74 27 rande,
310 1071 32 19 att
357 1069 37 21 två
409 1069 81 26 gånger
504 1075 50 15 resa
564 1069 30 20 till
604 1068 169 27 uppbädsstället
784 1069 50 22 eller
844 1069 67 22 vistas
921 1069 48 22 der-

221 1104 72 22 städes
308 1104 74 27 längre
392 1103 31 21 tid
433 1105 29 19 än
473 1103 51 27 eljes
534 1103 75 27 nödigt
619 1103 61 26 varit,
692 1103 64 21 hafva
767 1103 121 22 Ständerna
899 1106 71 19 ansett

221 1139 33 26 &n
269 1138 54 21 böra
338 1138 81 21 erhålla
434 1137 68 22 sådan
518 1137 79 28 lydelse
612 1139 31 19 att
659 1137 61 22 deraf
732 1137 103 28 klarligen
850 1138 120 27 framginge

221 1173 36 21 det
278 1172 122 27 ansökning
422 1178 36 15 om
480 1171 91 28 eftergift
593 1172 32 21 får
643 1173 65 26 göras
730 1175 73 19 senast
819 1173 42 21 den
876 1173 48 27 dag,
940 1173 30 20 till

221 1207 86 22 hvilken
322 1207 42 21 den
378 1206 154 27 värnepligtige
548 1208 24 19 är
587 1206 120 27 uppbådad.

290 1241 121 22 Ständerna
432 1241 58 21 hålla
512 1241 102 27 derjemte
635 1240 45 22 före
696 1243 31 19 att
742 1243 30 19 ett
790 1241 97 28 skriftligt
905 1241 64 22 förfa-

221 1277 67 20 rande
310 1275 75 21 härvid
403 1275 47 21 icke
470 1275 67 21 borde
556 1275 138 26 ovilkorligen
712 1275 143 22 föreskrifvas.
885 1276 32 21 Då
935 1276 35 21 det

221 1310 18 26 ej
255 1310 43 20 kan
313 1309 127 27 godkännas
455 1310 31 19 att
504 1314 103 21 personer
624 1309 84 26 tvingas
724 1310 32 19 att
771 1309 100 21 särskildt
887 1309 83 21 ansöka

222 1350 35 15 om
272 1350 28 14 en
316 1342 48 22 dem
380 1342 64 28 enligt
459 1342 35 27 lag
508 1342 162 22 tillkommande
685 1342 101 28 rättighet
801 1343 42 21 och
853 1350 30 14 nu
893 1343 76 27 ifräga-

220 1378 96 22 varande
338 1377 98 22 ansökan
452 1377 90 21 sålunda
562 1378 70 21 måste
647 1377 120 28 egentligen
785 1384 65 16 anses
866 1377 104 23 innefatta

221 1413 76 22 endast
317 1418 27 15 en
364 1412 102 21 anmälan
487 1418 35 15 om
538 1412 84 21 önskan
637 1413 31 19 att
683 1412 88 21 komma
786 1412 6 21 i
808 1412 126 27 åtnjutande
949 1412 23 21 af

221 1447 7 21 i
243 1447 34 27 lag
292 1446 121 27 medgifven
428 1446 92 27 förmån,
530 1446 58 22 finna
599 1446 127 27 Ständerna,
737 1446 7 21 i
754 1447 142 22 betraktande
907 1447 63 22 äfven
