1128 1739
366 128 25 25 U.
406 130 23 23 B.
443 142 28 4 —
486 129 65 31 Prop.
566 130 38 24 N:o
620 130 30 25 13.
828 133 28 20 29

551 233 48 24 82.

336 276 89 22 Hustru
440 283 36 20 ege
494 277 36 21 ock
540 278 68 20 vinna
618 277 119 28 boskilnad,
747 277 31 22 dä
788 283 97 16 mannen

336 310 44 21 har
402 310 27 22 sä
450 312 47 20 stor
518 311 60 27 gäld,
598 312 33 20 att
650 312 41 20 den
710 312 20 26 ej
743 312 46 21 kan
803 312 82 21 betalas

268 345 50 21 med
336 345 42 21 den
396 346 114 26 samfälda
529 346 109 27 egendom,
658 346 117 28 hvaröfver
789 346 46 22 han
849 346 36 22 rä-

268 379 45 27 der,
329 379 38 21 och
382 379 57 21 hans
454 380 99 21 enskilda
568 380 109 28 egendom,

337 414 51 21 eller
402 414 45 22 kan
462 421 64 15 anses
541 415 69 27 hafva
622 416 137 26 försummat
773 416 51 20 eller
833 420 52 16 van-

268 447 81 23 vårdat
363 448 56 22 boets
433 449 179 27 angelägenheter
622 449 50 22 eller
682 450 90 21 belastat
782 450 44 21 boet
835 449 50 22 med

267 483 53 26 gäld
334 484 57 20 utan
405 484 155 21 motsvarande
574 485 70 26 nytta,

335 518 51 20 eller
411 518 99 22 användt
532 518 107 22 hustruns
661 518 99 22 enskilda
781 518 103 27 egendom

267 552 33 21 till
314 552 109 27 betalning
438 554 28 26 af
477 552 41 22 den
532 553 60 27 gäld,
607 553 46 21 han
667 559 76 15 ensam
757 553 64 27 gjort,

336 586 51 22 eller
402 587 68 27 blifvit
484 588 71 20 under
567 588 146 27 förmyndare
728 588 72 21 ställd.

551 670 47 24 $3.

336 713 82 23 Säsom
433 715 8 20 i
455 714 52 22 näd.
520 721 64 21 prop.

552 791 14 24 $
578 786 21 36 4.

336 834 52 22 Har
402 835 98 21 konkurs
514 835 9 20 i
538 835 92 22 makars
645 835 24 21 bo
684 834 100 27 uppstätt
799 835 37 21 och
848 835 37 21 vill

269 875 42 16 ena
325 869 80 22 maken
418 870 69 20 vinna
502 869 118 27 boskilnad,
638 869 80 22 ansöke
736 870 75 21 derom
825 869 61 21 inom

269 903 41 22 den
330 904 37 27 tid,
383 910 48 15 som
445 904 8 21 i
468 904 111 27 offentliga
594 904 140 26 stämningen
749 905 28 20 är
790 904 38 27 för
841 904 44 27 for-

269 938 108 27 dringars
402 938 133 21 anmälande
556 939 75 26 utsatt,
648 937 45 22 och
713 939 111 26 uppgifve,
847 937 38 22 der

268 972 46 21 han
328 973 51 20 eller
392 972 44 21 hon
450 973 38 21 vill
502 973 131 26 undantaga
648 978 77 15 annan
735 973 109 26 egendom,
855 974 31 19 än

269 1007 13 26 i
291 1007 15 21 2
320 1012 65 16 mom.
401 1007 14 21 6
429 1008 14 23 $
457 1007 14 22 4
485 1008 59 26 Kap.
560 1009 29 20 är
601 1007 92 26 nämnd,
711 1007 124 26 skriftligen
845 1007 42 20 den

270 1041 103 27 egendom
387 1041 51 21 eller
452 1042 106 21 storleken
572 1043 29 26 af
612 1041 42 22 den
668 1041 44 27 lott,
723 1041 46 22 han
778 1041 52 21 eller
844 1041 42 21 hon

270 1075 97 22 sälunda
386 1075 145 28 undanskifta
550 1077 43 20 vill.
624 1075 73 22 Sedan
715 1076 75 21 andra
807 1075 80 22 maken

270 1110 38 21 och
327 1111 159 26 borgenärerne
503 1110 45 27 fått
567 1111 84 27 tillfälle
672 1111 31 21 att
717 1111 61 26 öfver
793 1109 94 28 ansprä-

269 1145 35 21 ket
320 1145 36 27 sig
373 1145 66 27 yttra,
454 1145 68 22 varde
535 1145 87 28 frågan
636 1145 8 21 i
658 1145 165 26 sammanhang
837 1144 50 22 med

269 1179 166 22 konkursmälet
456 1180 121 21 behandlad
598 1179 38 22 och
658 1181 54 26 efter
734 1180 37 27 lag
782 1179 104 27 pröfvad,

269 1214 70 21 ehvad
349 1215 42 26 jäf
402 1215 95 21 deremot
509 1215 128 27 framstälis
652 1215 50 20 eller
716 1215 25 26 ej.

342 1249 67 21 Göres
424 1249 73 22 sädan
512 1249 124 28 ansökning
650 1255 78 16 senare
743 1250 30 20 än
783 1249 66 27 ofvan
859 1250 28 20 är

271 1284 72 26 sagdt,
362 1284 101 27 medföre.
478 1284 41 21 den
534 1285 19 26 ej
566 1285 46 21 rätt
627 1284 32 22 till
674 1284 115 27 eyendoms
803 1284 84 21 undan-

272 1318 152 27 skiftande
397 1314 30 36 ur
439 1318 147 22 konkursboet.

555 1393 14 23 8
583 1393 19 20 5.

341 1436 80 23 Såsom
435 1437 9 21 i
458 1436 52 23 nåd.
522 1443 66 22 prop.
