1056 1725
312 143 70 23 Ständ.
397 143 32 21 Sv.
443 154 29 2 —
489 142 59 26 Prop.
565 142 34 21 N:o
616 141 36 22 33.
823 142 12 20 3

107 210 45 20 tadt
175 208 131 27 dagsverks-
326 206 42 21 och
387 204 138 28 betingspris,
545 206 52 19 utan
613 206 32 18 att
661 204 56 21 dock
733 205 132 27 nedbringas

105 245 25 20 så
153 244 51 26 lågt,
225 248 48 15 som
288 241 36 21 vid
339 241 25 21 så
380 239 84 21 kallade
480 238 254 27 undsättningsarbeten,
750 239 6 21 i
773 240 91 21 allmän-

105 279 36 21 het
157 277 71 22 hållits
243 276 47 21 icke
306 274 118 28 obetydligt
440 274 60 27 lägre
516 274 28 20 än
560 273 31 21 till
607 273 96 27 exempel
720 274 36 21 vid
767 274 98 27 byggan-

106 313 36 21 det
164 312 24 22 af
207 311 69 22 Wasa
296 311 41 20 och
359 309 119 26 Uleåborgs
492 308 124 27 jernvägar,
633 308 56 21 hade
704 308 79 27 derför,
799 309 66 26 enligt

106 347 57 22 hvad
186 341 171 31 Öfverstyrelsen
380 343 33 22 för
435 344 54 25 väg-
512 343 42 20 och
577 342 234 27 vattenbyggnaderna
833 343 30 21 uti

107 381 111 22 skrifvelse
232 380 31 21 till
278 379 118 27 Kejserliga
416 377 96 22 Senaten
529 377 32 21 för
577 377 42 21 den
636 377 11 21 7
664 376 128 28 September
809 377 54 22 1887

106 416 90 28 anmält,
219 415 23 21 af
262 414 26 21 de
309 413 114 27 7,230,000
445 411 70 27 mark,
540 411 71 21 hvilka
627 411 111 28 Styrelsen
753 412 111 27 medgifvit

106 453 32 19 att
154 450 32 21 för
201 448 123 28 byggandet
340 447 23 22 af
376 446 107 22 Savolaks
497 446 93 27 jernväg
605 446 70 22 under
690 447 53 20 åren
756 447 54 22 1886
822 447 42 21 och

108 485 54 20 1887
187 483 56 27 finge
266 482 118 26 användas,
408 481 35 20 vid
468 480 59 22 tiden
551 480 32 21 för
599 480 139 22 skrifvelsens
754 481 110 22 aflåtande

107 518 99 22 återstått
229 517 76 22 endast
327 515 114 28 2,080,000
457 515 70 29 mark,
545 521 26 14 ur
591 515 86 21 hvilken
699 522 86 15 summa
800 516 64 21 likväl

107 551 162 23 ofvannämnda
292 550 154 27 beställningar
469 549 47 22 från
541 549 95 22 utlandet
661 549 68 22 skulle
748 551 115 27 liqvideras

107 587 50 22 med
174 586 112 27 1,823,000
301 585 61 22 mark
385 597 27 3 —
428 584 65 21 deraf
506 583 33 22 för
555 584 108 21 skenorna
681 585 112 27 1,701,456
802 586 62 20 mark

108 622 26 21 67
158 621 66 27 penni
239 633 28 2 —
282 620 86 21 hvadan
387 619 32 21 för
434 618 117 22 arbetenas
567 618 140 22 bedrifvande
723 620 14 20 å
749 620 114 27 jernvägs-

106 656 66 27 linjen
196 655 24 21 af
238 654 93 22 berörda
346 654 75 26 anslag
437 652 79 22 endast
531 652 94 34 257,000
641 654 60 20 mark
718 655 55 20 varit
789 654 74 28 öfriga.

105 690 7 21 I
129 690 117 26 anledning
262 688 62 22 deraf
332 688 56 22 hade
396 688 102 26 Scnaten,
508 688 29 26 på
545 687 184 28 Öfverstyrelsens
738 689 30 21 uti
777 695 86 15 samma

105 724 111 22 skrifvelse
231 724 76 27 gjorda
322 722 163 29 framställning,
501 722 50 21 med
563 722 144 27 anmärkning
716 729 37 15 om
761 723 36 21 det
806 724 57 20 orik-

104 760 46 26 tiga
166 759 53 29 deri,
236 760 31 19 att
282 753 171 31 Öfverstyrelsen
469 759 53 19 utan
539 757 101 21 särskildt
648 756 174 28 bemyndigande
832 758 32 21 lå-

108 794 25 20 tit
148 794 105 21 arbetena
268 793 13 21 å
296 792 105 22 Savolaks
413 792 93 27 jernväg
522 792 42 20 och
575 791 184 28 beställningarna
769 793 33 21 för
813 793 51 21 den-

109 834 85 15 samma
216 828 68 21 under
309 828 25 20 år
351 827 52 21 1887
421 826 95 27 försiggå
533 826 4 20 i
554 832 27 15 en
597 827 70 21 större
683 826 136 30 omfattning,
835 828 28 20 än

108 863 42 21 den
175 862 32 21 för
229 861 196 28 byggnadsarbetet
446 860 70 22 under
539 861 45 21 året
608 860 113 22 faststälda
746 861 118 28 utgiftsstat

109 897 67 22 skulle
191 896 65 21 hafva
272 895 115 30 medgifvit,
403 895 63 21 likväl
483 895 6 20 i
505 895 144 22 betraktande
665 895 23 22 af
697 895 26 22 de
734 896 80 21 skador
822 897 42 20 och

109 931 139 27 olägenheter
264 931 35 21 det
314 931 83 20 kunnat
412 929 105 30 medföra,
533 936 36 14 om
585 929 105 22 arbetena
705 931 14 20 å
734 931 65 27 linjen
814 931 50 20 blif-

109 967 30 20 vit
155 966 5 20 i
176 965 63 22 förtid
255 965 108 29 afbrutna,
379 964 35 21 för
429 966 32 19 att
477 964 129 27 möjliggöra
616 964 185 28 banbyggnadens
812 965 52 21 fort-

109 1000 107 28 sättande,
232 1006 36 15 om
284 999 40 22 ock
340 1000 6 20 i
362 999 121 26 måttligare
492 999 68 28 skala,
575 999 69 21 under
659 1000 58 21 årets
727 999 138 22 återstående

110 1035 41 28 del,
173 1035 75 20 såsom
270 1034 89 21 tillskott
382 1033 30 21 till
428 1033 42 21 den
486 1033 57 20 förut
559 1033 113 22 faststälda
689 1036 71 19 staten
776 1034 87 27 beviljat

109 1069 123 27 ytterligare
250 1068 112 29 1,500,000
376 1067 67 22 mark.

177 1103 40 20 Väl
240 1102 62 22 torde
320 1102 36 22 det
371 1102 36 21 vid
422 1104 31 19 ett
468 1102 26 21 så
509 1101 134 22 omfattande
668 1102 197 27 byggnadsföretag

109 1144 48 14 som
182 1137 35 22 det
240 1136 163 28 ifrågavarande
425 1142 54 16 vara
503 1136 60 21 svårt
585 1143 37 15 om
646 1136 47 22 icke
717 1137 97 27 omöjligt
830 1139 31 19 att

109 1172 69 21 ordna
192 1171 84 22 arbetet
291 1172 31 26 så,
338 1174 32 18 att
377 1171 148 21 kostnaderna
536 1169 131 29 fullkomligt
677 1174 117 26 motsvara,
807 1172 57 21 hvad

110 1212 47 15 som
180 1206 69 21 under
272 1212 27 16 en
322 1206 99 22 bestämd
444 1206 31 20 tid
491 1205 118 21 beräknats
633 1206 58 26 åtgå,
707 1206 41 21 och
763 1206 102 21 särskildt

110 1241 74 21 kunna
209 1241 36 20 väl
270 1240 129 22 inträffande
421 1246 130 22 gynsamma
574 1240 156 27 konjunkturer
753 1240 112 22 föranleda

109 1275 87 27 uppköp
217 1276 29 26 på
266 1281 27 15 en
308 1276 57 26 gång
380 1275 24 21 af
417 1275 98 21 materiel
531 1275 29 21 till
576 1275 67 27 något
658 1276 70 21 större
743 1276 85 28 belopp,
837 1277 28 19 än

110 1310 164 26 ursprungligen
296 1310 56 21 varit
375 1309 75 22 afsedt.
480 1309 50 21 Men
551 1309 122 22 Ständerna
694 1316 53 15 anse
763 1310 62 26 dock,
834 1312 31 19 att

110 1344 36 21 det
161 1344 47 21 icke
224 1344 68 22 borde
307 1344 65 26 hafva
388 1345 55 20 mött
459 1344 138 27 synnerligen
614 1346 59 20 stora
689 1344 134 28 svårigheter
833 1346 32 19 att

110 1378 24 22 så
150 1378 62 29 begå,
228 1380 29 19 att
274 1378 36 22 det
326 1378 47 22 utaf
386 1378 123 22 Ständerna
525 1378 106 28 beviljade
647 1379 76 27 anslag
733 1378 48 22 icke
791 1378 75 22 behöft

109 1412 145 22 öfverskridas
277 1412 5 20 i
299 1413 25 21 så
342 1412 95 28 betydlig
457 1412 60 29 grad,
537 1419 46 15 som
601 1420 28 14 nu
645 1413 62 29 skett,
724 1413 140 27 hvarigenom
