1056 1725
373 137 72 22 N:o
462 137 65 21 29.

276 481 70 23 Hans
363 481 156 28 Kejserliga
529 480 145 29 Majestäts
685 481 81 28 nådiga
777 487 50 22 pro-

208 515 96 29 position
320 515 32 23 till
370 515 104 23 Finlands
490 515 97 22 :Ständer
602 515 115 29 angående
728 515 99 23 ändrade

209 550 203 29 lagbestämningar
428 555 41 17 om
479 549 91 29 fartygs
585 550 142 23 nationalitet
739 551 41 22 och
793 556 34 17 re-

113 586 3 9 :
208 585 122 28 gistrering
346 585 59 23 samt
420 590 35 18 om
472 585 96 28 hypotek
585 584 5 23 i
607 584 84 29 fartyg:
716 593 2 2 :

136 649 47 22 För
206 651 32 19 att
261 649 149 21 åstadkomma
432 648 122 27 tillförlitlig
574 648 84 28 uppgift
678 655 34 15 om
733 649 42 21 alla
795 649 33 22 för

70 684 167 28 handelssjöfart
260 684 52 21 eller
335 684 103 21 resandes
462 683 155 22 fortskaffande
640 683 89 22 afsedda
749 684 77 27 fartyg,

70 725 45 15 som
132 721 37 19 äro
185 718 180 22 hemmahörande
381 718 7 21 'i
403 718 81 26 landet,
500 718 138 21 föreskrifver
653 720 12 19 4
681 718 11 26 $
707 718 7 21 i
728 718 99 27 gällande

70 754 74 26 sjölag,
169 753 23 21 af
210 754 41 20 den
272 754 12 20 9
305 753 51 21 Juni
376 754 62 25 1873,
455 754 34 19 att
503 752 71 27 fartyg
587 752 23 21 af
623 752 64 21 minst
703 752 29 22 tio
748 753 79 21 lästers

70 787 123 28 drägtighet
214 787 18 27 ej
252 787 35 21 må
302 787 33 21 till
352 787 56 27 dylik
425 786 76 28 sjöfart
516 787 115 26 användas,
648 787 63 21 innan
729 788 36 20 det
781 787 45 21 blif-

68 822 31 21 vit
114 822 40 21 hos
170 822 140 26 magistraten
325 822 8 20 i
349 822 50 21 dess
410 822 85 21 hemort
507 821 57 26 eller,
577 828 34 14 om
621 821 93 27 fartyget
725 824 24 18 är
759 822 69 21 landt-

69 856 155 27 mannafartyg,
240 856 7 21 i
263 858 109 20 närmaste
387 856 49 21 stad
452 855 113 22 inskrifvet
579 856 8 21 i
603 862 26 15 en
646 856 93 21 särskild
754 856 73 27 längd,

69 892 49 21 med
131 891 127 27 fullständig
273 891 85 27 uppgift
374 897 33 15 om
423 891 105 26 fartygets
543 897 70 20 namn,
626 891 129 26 drägtighet,
767 892 60 21 tack-

68 926 66 26 lings-
152 925 40 22 och
207 925 147 27 byggnadsart
369 928 56 19 samt
441 925 82 26 redare,
541 925 109 21 äfvensom
666 927 33 19 att
715 931 33 15 om
760 925 67 22 timad

68 959 125 28 förändring
208 961 7 20 i
230 960 68 27 något
318 960 22 21 af
358 960 65 21 dessa
443 959 116 22 afseenden
578 960 61 25 skall,
657 960 63 21 innan
735 966 28 21 ny
777 966 50 15 resa

69 994 115 27 företages,
201 995 6 20 i
224 994 39 21 och
279 994 33 22 för
328 995 130 26 anteckning
473 995 7 20 i
496 995 92 26 längden
602 994 103 21 anmälas.
715 990 10 36 .
736 994 47 21 Den
795 995 32 20 in-

70 1028 110 27 skrifning,
196 1035 46 15 som
258 1029 28 27 på
301 1029 68 26 grund
385 1029 63 21 häraf
462 1029 65 26 skett,
543 1029 39 20 har
598 1029 119 21 emellertid
728 1029 55 21 visat
794 1029 33 26 sig

69 1063 115 27 bristfällig
204 1063 60 21 såväl
285 1063 52 26 deri,
354 1065 32 19 att
405 1063 230 27 inskrifningspligtiga
650 1063 70 27 fartyg
735 1063 93 26 undgått

68 1097 134 27 inskrifning,
219 1103 46 16 som
282 1097 41 22 ock
337 1097 96 22 särdeles
445 1097 76 26 deruti,
534 1099 33 19 att
578 1097 26 22 de
614 1097 155 27 förändringar,
781 1103 46 16 som

69 1132 63 22 timat
146 1133 7 20 i
169 1132 27 22 de
216 1133 32 20 uti
267 1132 234 27 inskrifningslängden
521 1132 136 22 antecknade
671 1132 155 27 förhållanden,

69 1167 48 21 icke
140 1167 92 21 anmälts
255 1167 40 21 och
310 1167 8 21 i
333 1167 93 27 längden
445 1167 118 27 upptagits,
579 1167 7 21 i
601 1166 52 28 följd
668 1166 77 22 hvaraf
755 1167 72 21 denna

68 1201 48 21 icke
132 1200 68 28 gifver
214 1201 72 27 någon
298 1200 126 28 tillförlitlig
439 1201 128 27 upplysning
583 1202 76 20 om.de
676 1201 44 21 deri
734 1201 93 21 förteck-

67 1235 57 21 nade
140 1235 110 27 fartygens
266 1236 142 21 nationalitet.
439 1236 34 20 Dä
487 1236 71 25 likväl,
575 1236 50 20 med
640 1236 101 21 afseende
757 1236 13 21 &
783 1236 44 27 vig-

70 1272 36 19 ten
122 1269 23 22 af
159 1272 33 19 att
207 1270 164 22 nationaliteten:
388 1270 63 21 alltid
463 1270 44 21 kan
521 1270 48 21 med
581 1270 102 22 säkerhet
693 1270 95 26 utredas,
801 1277 26 15 en

70 1304 84 22 urkund.
178 1306 24 19 är
225 1304 151 27 oundgänglig,
389 1304 98 22 :hvilken
511 1304 144 28 ådagalägger
678 1304 26 22 de
727 1305 6 21 i
753 1305 74 21 landet

70 1338 181 22 hemmahörande.
272 1338 110 28 fartygens
401 1339 71 21 finska
487 1339 144 26 nationalitet,
645 1345 64 21 synes
725 1340 40 20 det
777 1345 50 15 vara

70 1373 110 27 päkalladt
196 1374 32 20 att
244 1372 136 28 fullständigt
390 1373 129 27 genomföra
535 1373 42 22 den
590 1374 71 25 tanke,
673 1380 47 14 som
731 1374 48 21 med
790 1374 37 21 be-

70 1408 64 21 rörda
147 1407 128 27 inskrifning
291 1407 85 27 afsetts,
392 1408 40 21 och
448 1408 55 21 efter
518 1408 119 22 föredömet
648 1408 23 21 af
678 1408 103 43 fertalet.
783 1410 44 20 sta-

70 1445 33 19 ter
116 1442 70 21 införa
202 1442 120 27 ordentliga
339 1443 178 27 skeppsregister.
773 1456 1 4 :
