1056 1725
296 47 95 62 di
396 41 15 16 "

294 119 24 24 U.
335 119 23 23 B.
373 132 28 4 —
417 120 65 28 Prop.
497 119 39 23 N:o
551 119 40 23 38.
778 121 14 21 9

58 193 27 15 en
100 186 67 22 delvis
182 186 82 22 ändrad
278 186 82 28 lydelse
375 186 23 22 af
411 186 25 30 $$
453 186 26 22 15
501 186 40 21 och
555 186 35 22 20.
633 185 115 28 Förslaget
761 193 56 15 vann

58 221 47 21 icke
126 220 117 22 understöd
266 220 23 22 af
310 220 95 22 flertalet
424 220 59 22 inom
499 220 100 22 Senaten,
629 220 77 22 Ehuru
721 222 100 20 anmärk-

58 255 79 28 ningen
154 254 63 22 äfven
231 255 58 21 inom
304 254 115 22 Utskottet
433 254 124 27 försvarats,
576 254 40 22 har
632 254 126 23 Utskottets
773 255 48 22 fler-

59 290 31 21 tal
112 289 56 22 dock
189 289 47 22 icke
260 289 101 22 omfattat
375 289 129 22 densamma.
537 288 75 23 Såsom
630 289 48 22 skäl
693 289 75 22 härför
782 290 40 21 har

59 324 89 27 anförts,
170 324 116 21 huruledes
308 324 37 21 det
367 330 62 21 synes
450 330 53 15 vara
524 323 135 28 oundvikligt
673 325 34 20 att
722 325 100 21 betrakta

60 359 40 21 och
114 358 108 22 behandla
235 358 74 27 hvarje
324 358 267 27 obligationsinnehafvare
607 357 72 23 såsom
689 359 134 27 sjelfständig

60 393 171 27 fordringsegare
256 394 110 25 gentemot
390 393 123 27 jernvägen,
537 392 77 22 hvaraf
635 393 48 21 åter
705 393 63 28 följer
790 395 33 20 att

60 427 74 27 hvarje
156 427 117 27 obligation
293 427 39 21 bör
348 428 78 26 utgöra
441 429 31 20 ett
487 426 144 28 sjelfständigt
646 427 176 28 fordringsbevis.

61 461 74 22 Skulle
153 463 31 20 ett
198 463 88 20 motsatt
300 461 124 22 förfarande
439 461 115 27 iakttagas,
570 461 68 22 måste
653 462 114 27 nemligen,
784 462 39 21 lik-

52 502 54 16 som
128 497 8 21 i
158 497 100 21 utländsk
281 497 44 20 rätt
340 497 65 26 skett,
421 496 103 27 utförliga
538 496 161 27 bestämningar
713 497 110 21 meddelas

61 537 35 15 om
119 530 306 28 obligationsinnehafvarenes
447 531 100 21 inbördes
570 531 127 26 rättigheter
712 531 41 21 och
768 531 56 26 skyl-

62 565 102 27 digheter,
188 571 34 16 om
244 566 204 26 representantskap
467 565 34 22 för
517 565 48 21 dem
581 571 27 15 m.
624 571 35 21 m.,
679 565 84 22 hvilket
777 565 47 21 åter

62 600 68 22 skulle
152 600 111 22 föranleda
284 600 104 27 antingen
406 600 153 22 omarbetande
574 600 23 21 af
610 600 105 27 förslaget
730 600 53 22 eller
797 606 27 16 en

62 634 92 22 särskild
172 634 132 27 författning.
335 634 43 22 För
393 634 65 28 öfrigt
473 634 149 28 omöjliggöres
638 635 124 27 derigenom
777 635 47 21 icke

62 670 32 20 att
116 668 70 22 införa
208 668 221 28 inteckningsbevisen
452 669 8 21 i
483 669 62 27 tryck
567 668 14 21 å
602 668 74 27 hvarje
699 668 125 28 obligation,

62 703 108 22 hvarefter
189 704 86 21 bevisen
290 709 78 22 genom
384 704 116 21 domarens
515 703 166 27 namnteckning
696 703 129 27 komplette-

62 744 42 15 ras.
134 738 38 22 Ett
185 738 156 27 förtydligande
357 739 7 21 i
380 738 42 22 den
437 738 102 27 riktning,
555 738 112 22 Utskottet
682 738 92 22 sålunda
789 744 36 15 an-

62 773 42 20 sett
128 779 50 15 vara
200 773 40 21 den
263 774 63 26 rätta,
346 773 40 21 har
402 773 57 21 dock
473 773 111 21 Utskottet
599 774 53 20 trott
667 772 116 22 erfordras.
799 783 26 4 —

63 807 39 21 Att
123 807 115 27 ändringar
260 808 7 20 i
293 807 182 27 författningarna
500 807 109 27 angående
631 806 195 28 expeditionslösen

62 841 68 22 blifva
151 841 120 28 påkallade,
293 842 7 21 i
316 842 104 21 händelse
435 842 64 27 lagen
513 842 96 21 kommer
624 841 33 21 till
673 840 69 27 stånd,
758 840 68 22 finner

63 875 113 23 Utskottet
190 876 34 21 för
240 876 64 27 öfrigt
319 883 52 15 vara
386 877 131 26 uppenbart.

132 911 148 27 Anledningen
294 911 34 21 till
343 912 33 20 att
392 911 11 27 $
421 911 26 21 16
463 911 66 21 delvis
545 910 172 22 omformulerats
731 910 40 21 har
787 909 39 22 Ut-
838 909 25 21 16
877 908 18 27 $.

64 945 81 22 skottet
159 945 118 22 framhållit
291 945 67 22 redan
373 945 37 22 vid
425 945 12 27 &
453 945 20 22 7.

132 979 62 22 Inom
209 979 112 22 Utskottet
333 979 66 22 hafva
409 980 60 21 olika
478 979 109 27 meningar
597 980 66 25 yppat
672 979 32 26 sig
714 978 111 27 angäende
837 978 25 21 17
876 977 19 27 $.

64 1019 74 16 senare
160 1020 64 15 mom.
246 1013 24 22 af
288 1013 11 28 $
315 1014 35 21 17.
380 1013 82 22 Medan
477 1020 26 15 en
520 1013 36 22 del
571 1013 117 21 ledamöter
703 1012 63 21 hällit
780 1013 46 21 före

64 1050 32 19 att
110 1048 67 22 orden
192 1048 35 28 ,sä
241 1049 63 26 länge
320 1049 26 21 de
362 1050 58 19 ännu
436 1050 38 19 äro
490 1048 7 21 i
511 1048 188 27 jernvägsegarens
709 1047 57 27 ego",
777 1053 50 15 vore

64 1083 120 27 obehöfliga
200 1083 39 21 och
254 1083 67 21 borde
336 1083 59 27 utgä,
407 1085 54 19 enär
470 1082 250 27 inteckningshafvarens
730 1083 98 25 panträtt

63 1117 7 21 i
83 1118 127 27 jernvägens
225 1117 101 22 tillbehör
341 1117 110 28 sjelffallet
466 1117 67 22 måste
543 1117 104 27 upphöra,
658 1115 24 22 sä
692 1117 59 20 snart
765 1116 62 21 dessa

63 1152 101 22 tillbehör
185 1152 72 22 blifvit
279 1158 70 15 annan
372 1158 62 16 mans
457 1152 140 27 tillhörighet,
619 1150 70 27 hafva,
709 1151 8 21 i
737 1152 90 20 motsats

63 1187 79 26 härtill,
165 1187 67 22 andra
254 1187 118 21 ledamöter
392 1187 60 21 inom
468 1186 113 22 Utskottet
597 1187 76 25 ansett,
689 1187 32 20 att
737 1185 90 21 anförda

64 1222 38 21 ord
117 1228 51 15 vore
184 1221 34 22 för
233 1228 27 14 en
274 1220 67 23 sådan
357 1222 66 26 riktig
439 1221 98 27 tolkning
553 1220 23 22 af
589 1220 128 28 paragrafen
728 1220 99 21 oumbär-

63 1256 50 27 liga.
142 1256 42 21 Vid
206 1256 85 21 anstäld
313 1256 134 27 omröstning
470 1256 40 21 har
529 1255 41 22 den
585 1255 58 21 förra
659 1254 82 27 åsigten
756 1256 71 25 segrat

63 1292 55 20 samt
140 1290 62 22 dessa
220 1291 40 21 ord
274 1290 8 22 i
296 1290 53 28 följd
364 1290 64 22 deraf
443 1296 26 15 ur
485 1289 129 28 paragrafen
628 1288 115 22 uteslutits.
773 1288 54 22 Der-

60 1324 66 28 jemte
145 1325 40 21 har
200 1324 112 22 Utskottet
327 1325 7 21 i
350 1326 32 20 ett
396 1326 49 26 nytt
461 1326 96 20 moment
571 1324 34 21 till
619 1322 127 28 paragrafen
760 1322 67 22 infört

63 1366 33 20 en,
116 1359 55 22 efter
185 1359 123 22 Utskottets
320 1358 63 28 åsigt,
398 1358 98 28 behöflig
510 1358 127 27 hänvisning
652 1358 33 20 till
699 1356 128 28 stadgandet

63 1394 7 21 i
85 1394 13 28 &
112 1394 27 21 31
155 1394 33 21 uti
202 1394 202 26 koncessionslagen
419 1393 36 21 för
468 1393 97 27 jernväg.

131 1428 73 27 Enligt
218 1428 57 21 hvad
290 1427 22 22 af
326 1427 12 28 8
354 1428 26 21 18
396 1426 106 29 framgår,
513 1429 24 20 är
546 1426 107 28 förnyelse
663 1425 22 22 af
693 1425 130 27 inteckning,
839 1425 25 22 18
876 1424 18 28 $.

131 1467 141 24 Lagutskottets
284 1467 117 18 betänkande
414 1468 39 17 N:o
465 1468 30 17 17.
