1056 1725
263 117 26 22 16

456 116 66 24 Ständ.
537 117 31 24 $v.
583 129 29 4 —
628 116 55 30 Prop.
699 116 34 24 N:o
749 116 34 25 36.

372 190 44 15 som
431 185 36 20 ock
476 185 8 19 i
493 185 56 20 hvad
561 184 53 21 mån
620 190 85 20 person-
717 186 36 19 och
763 185 162 25 godsbefordran
935 185 58 20 ökats

372 219 46 20 eller
432 219 109 21 minskats.

441 254 165 24 Jernvägsegare
627 258 50 15 vare
699 254 36 20 ock
757 253 82 26 skyldig
859 254 30 20 att
903 253 90 25 aflemna

372 288 77 25 nödiga
463 288 104 25 uppgifter
581 287 30 20 till
625 287 80 21 landets
720 288 110 20 allmänna
845 288 93 21 statistik.

652 374 13 22 $
679 374 35 20 23.

443 415 127 39 Äsidosätter
587 425 166 25 jernvägsegare
774 425 9 20 i
804 427 67 18 annat
890 424 40 26 fall
944 425 51 19 än
982 420 15 34 i

376 459 27 20 12
417 459 13 23 $
445 460 49 24 sägs
507 459 112 26 föreskrift,
635 465 46 15 som
695 459 8 20 i
719 459 47 20 eller
773 459 31 25 pä
813 459 72 26 grund
894 459 26 25 af
927 459 68 20 denna

372 494 127 25 förordning
520 494 118 25 meddelats,
661 499 34 20 ege
718 494 89 20 Senaten
827 494 76 20 tilldela
920 493 76 20 honom

375 528 92 25 varning
489 528 35 19 och
544 528 105 25 förelägge
671 528 82 25 honom,
776 528 37 20 der
835 527 63 26 något
915 528 81 25 utföras

376 563 41 25 bör,
433 563 31 19 att
478 561 76 21 sådant
567 563 58 19 inom
640 563 41 20 viss
697 563 30 19 tid
739 563 98 25 fullgöra,
853 563 34 20 vid
901 563 96 25 äfventyr

376 598 30 19 att
417 597 119 26 jernvägen
551 597 55 25 eljest
615 598 76 19 varder
699 598 35 24 för
744 598 55 20 hans
809 598 92 24 räkning
908 596 87 26 försäld.

445 632 48 20 Har
509 632 169 25 jernvägsegare,
694 637 45 15 som
753 632 56 25 gjort
823 632 31 25 sig
869 632 82 25 skyldig
968 631 29 20 til

376 672 30 14 nu
427 666 83 20 nämnd
529 666 150 26 försummelse,
701 666 68 20 under
792 666 24 20 de
834 667 52 25 fyra
901 666 97 20 närmast

374 700 124 26 föregående
513 699 149 21 kalenderären
677 701 30 19 tre
719 700 80 25 gånger
810 700 81 21 erhållit
900 700 97 25 varning,

377 734 70 21 såsom
466 735 62 25 ofvan
547 736 26 18 är
593 735 66 25 sagdt,
675 740 47 19 eger
737 734 88 21 Senaten
841 735 35 20 ock
888 735 109 25 förordna,

378 770 29 19 att
427 769 114 25 jernvägen
562 769 55 20 skall
638 769 26 25 af
681 774 76 20 egaren
773 769 46 20 eller
831 770 36 24 för
881 769 54 20 hans
949 769 48 20 räk-

378 804 51 24 ning
443 803 72 26 säljas.

657 855 13 23 8
685 855 34 20 24.

448 907 97 20 Inseende
560 907 56 24 öfver
631 907 80 20 enskild
721 906 232 26 jernvägsanläggning
963 906 36 20 och

380 941 52 25 drift
452 941 81 25 ulöfvas
547 940 14 21 ä
576 941 115 25 Styrelsens
710 942 83 23 vägnar
813 941 26 25 af
851 946 24 15 en
889 941 109 24 inspektör,

380 981 45 14 som
447 976 54 19 utses
519 975 26 25 af
562 975 88 20 Senaten
665 975 36 20 och
716 976 98 19 närmast
827 975 126 25 underlyder
967 971 32 28 Öf-

380 1009 134 26 verstyrelsen
533 1009 34 25 för
587 1010 47 24 väg:
654 1009 36 20 och
705 1009 223 26 vattenbyggnaderna.
958 1009 42 20 För

380 1044 140 25 inspektörens
542 1043 111 26 aflönande
675 1044 54 20 skall
751 1044 25 25 af
790 1043 128 26 jernvägens
940 1049 60 19 egare

381 1078 29 20 till
424 1079 83 19 kronan
523 1078 95 25 erläggas
633 1079 33 19 det
680 1078 80 25 bidrag,
776 1083 44 16 som
835 1079 8 19 i
853 1078 146 25 anläggnings-

381 1111 110 22 tillståndet
505 1112 101 21 bestämts.

659 1170 14 22 $
687 1170 34 20 25.

455 1220 71 26 Yppas
548 1228 14 14 ä
586 1221 57 20 bana
667 1222 46 19 eller
733 1221 176 26 jernvägsfordon
933 1220 68 22 sådan

381 1256 148 26 drisifällighet,
549 1257 30 19 att
591 1256 129 25 jernvägens
735 1256 134 25 begagnande
883 1256 118 25 derigenom

381 1290 40 20 blir
442 1290 83 26 vädligt,
549 1296 34 19 ege
604 1291 131 25 inspektören
747 1290 102 26 förbjuda
863 1291 46 19 dess
923 1292 78 18 använ-

382 1325 68 20 dande
462 1326 35 24 för
513 1325 79 20 allmän
607 1325 133 25 samfärdsel,
754 1325 54 19 intill
822 1325 46 20 dess
885 1324 116 26 bristfällig-

382 1360 58 20 heten
454 1360 106 25 afhulpits,
576 1361 56 19 samt
645 1360 98 20 inberätte
757 1360 72 24 genast
844 1364 33 15 om
887 1358 114 26 förhällan-

382 1394 33 20 det
437 1394 29 20 till
488 1390 157 29 Öfverstyrelsen
665 1394 35 25 för
721 1394 48 25 väg-
789 1394 35 20 och
843 1394 158 25 vattendyggna-

383 1428 72 23 derna,
471 1434 45 15 som
530 1428 71 21 derom
616 1428 96 21 anmäler
727 1428 37 21 hos
780 1428 93 20 Senaten.
