1056 1725
336 122 20 21 U.
373 122 21 21 B.
410 133 27 3 —
455 122 58 26 Prop.
529 122 34 21 N:o
579 121 36 22 36.
799 121 28 21 41

447 405 48 21 TIL

166 463 42 22 Vid
223 462 158 27 behandlingen
398 461 24 22 af
435 462 13 21 9
465 463 13 25 &
494 461 6 21 i
515 461 141 27 lagförslaget
671 461 39 22 har
726 462 61 27 fråga
797 469 56 20 upp-

97 498 60 25 stått,
174 497 106 22 huruvida
295 496 47 22 icke
359 497 40 20 den
415 496 46 21 deri
476 496 108 27 ingående
595 495 136 28 bestämning
743 499 31 18 att
785 497 67 26 Rege-

97 532 83 27 ringen,
204 533 38 20 der
264 531 214 26 omständigheterna
501 530 71 21 dertill
596 530 119 26 föranleda,
736 531 42 21 kan
794 532 59 20 med-

96 566 59 28 gifva
178 566 116 27 anläggare
315 565 24 22 af
356 565 90 27 jernväg
469 565 114 21 förmonen
600 567 48 23 att,'
656 567 52 19 utan
725 565 127 28 ersättning,

97 600 34 22 till
154 608 39 20 ego
216 600 53 22 eller
287 600 113 28 nyttjande
423 599 83 21 erhålla
526 599 34 21 för
578 599 119 28 jernvägen
721 600 132 28 erforderlig,

96 635 85 21 kronan
203 634 104 28 tillhörlig
329 634 68 26 mark,
421 634 68 21 måste
505 641 64 14 anses
585 634 105 21 innebära
705 641 27 14 en
748 634 103 22 afvikelse

96 669 47 21 från
159 669 113 27 grundlag.
302 669 33 21 Då
350 668 120 22 emellertid
486 669 72 21 denna
573 668 24 21 af
610 675 35 14 oss
660 668 118 22 omfattade
795 669 57 27 åsigt

96 704 47 21 icke
166 698 70 27 delats
256 703 25 21 af
296 703 117 21 utskottets
435 702 78 24 flertal,
533 702 82 22 hvilket
639 704 70 20 ansett
729 704 93 20 nämnde
838 704 13 25 8

96 738 53 21 böra
170 738 119 21 behandlas
310 738 28 27 på
358 738 43 20 sätt
417 744 33 14 om
467 737 105 21 stiftande
588 737 25 21 af
625 737 80 21 allmän
721 737 35 27 lag
771 737 7 21 i
794 738 27 21 73
837 738 14 26 8

96 772 24 21 af
132 772 24 22 L.
173 772 24 22 O.
214 772 144 25 föreskrifves,
375 771 92 28 utbedja
482 772 20 20 vi
518 778 34 14 oss
568 774 33 18 att
616 772 125 26 härigenom
758 771 21 21 få
789 772 63 21 vörd-

95 809 56 19 samt
166 806 116 22 framhålla
296 807 39 21 vår
350 806 125 26 skiljaktiga
491 806 94 27 mening.
617 806 72 27 Enligt
700 806 13 21 2
725 807 38 20 och
775 806 13 21 4
800 806 50 27 kap.

94 840 6 21 i
116 841 149 28 Landslagens
285 840 154 27 konungabalk
455 841 24 20 är
495 841 36 20 det
546 840 120 21 Monarken
682 840 121 21 förmenadt
818 842 33 19 att

95 875 33 21 för
142 875 88 28 Regent,
247 882 46 15 som
308 875 158 24 efterkommer,
482 874 86 22 minska
580 875 95 20 kronans
683 875 60 26 gods,
752 875 99 26 ingälder

93 909 54 22 eller
167 917 73 14 annan
260 909 130 27 konungslig
410 910 54 21 rätt:
483 910 39 26 gör
537 909 46 21 han
599 909 42 26 det,
657 915 50 21 eger
722 909 128 21 efterträda-

93 951 38 14 ren
147 945 36 20 det
198 944 97 21 afhända
318 944 103 26 ätertaga.
451 943 66 22 Detta
536 943 80 21 förbud
635 943 163 27 upprätthälles,
815 951 34 14 om

93 978 40 21 ock
152 978 114 27 ätergifvet
286 978 50 21 med
355 979 69 20 andra
448 978 96 26 ordalag,
560 978 8 20 i
583 978 14 21 5
613 979 14 25 8
643 978 31 20 uti
689 977 161 28 Regeringsfor-

94 1019 47 15 men
158 1012 24 21 af
196 1013 41 20 den
253 1013 26 20 21
292 1012 90 27 Augusti
394 1012 55 21 1772
461 1014 56 19 samt
528 1012 57 27 3:dje
596 1011 97 28 punkten
703 1012 7 21 i
722 1012 129 27 Förenings-

92 1047 41 21 och
156 1046 185 22 Säkerhetsakten
358 1046 25 21 af
396 1047 40 20 den
457 1047 24 20 21
500 1046 104 21 Februari
625 1046 40 21 och
680 1047 13 20 3
708 1046 61 27 April
787 1047 62 21 1789.

93 1081 32 21 Då
140 1081 120 22 emellertid
283 1081 134 26 Regeringen
433 1081 29 26 pä
477 1081 70 26 grund
563 1081 26 20 af
609 1081 160 21 ofvannämnda
791 1081 56 21 stad-

91 1117 71 25 gande
178 1116 6 20 i
200 1117 13 20 9
229 1117 13 25 &
258 1115 24 21 af
295 1115 139 27 lagförslaget
449 1115 69 21 blefve
533 1115 123 27 berättigad
667 1117 32 19 att
709 1117 52 19 utan
773 1117 76 19 ersätt-

92 1150 52 26 ning
159 1151 23 20 ät
197 1150 117 27 anläggare
330 1149 24 21 af
368 1149 83 21 enskild
465 1149 92 28 jernväg
573 1149 33 21 till
622 1156 39 21 ego
673 1149 52 22 eller
736 1149 113 28 nyttjande

91 1184 57 21 afstä
171 1184 83 22 kronan
277 1183 96 28 tillhörig
395 1184 69 25 mark,
484 1191 63 20 synes
563 1184 68 27 enligt
646 1184 47 21 vårt
708 1184 141 22 förmenande

91 1226 26 14 en
133 1218 104 22 afvikelse
260 1218 47 22 frän
327 1219 66 26 sagde
417 1218 257 28 grundlagsbestämning
689 1218 7 21 i
711 1218 78 28 sjelfva
804 1225 45 15 ver-

91 1253 37 21 ket
150 1260 42 20 ega
214 1260 55 14 rum.
299 1252 31 28 Ty
352 1260 34 14 om
401 1252 64 22 äfven
482 1260 26 14 en
525 1252 86 22 enskild
631 1253 90 27 jernväg
737 1252 44 21 kan
796 1260 53 14 vara

90 1288 41 21 och
154 1287 159 27 otvifvelaktigt
328 1288 7 20 i
351 1288 26 20 de
395 1287 64 21 flesta
474 1287 38 21 fall
528 1288 25 20 är
567 1289 32 19 ett
615 1287 161 27 allmännyttigt
791 1287 57 21 före-

91 1324 43 24 tag,
158 1322 44 21 kan
226 1322 36 21 det
282 1322 33 21 väl
339 1322 47 20 icke
402 1321 114 24 bestridas,
533 1323 32 19 att
581 1321 96 21 kronans
692 1322 53 26 gods
761 1321 40 21 och
816 1321 31 21 in-

90 1356 103 25 komster,
212 1356 33 21 för
260 1356 42 21 den
318 1356 103 21 händelse
433 1356 153 21 öfverlätelsen
597 1356 50 21 sker
657 1358 52 18 utan
721 1355 127 27 ersättning,

89 1398 78 20 genom
191 1390 140 21 afträdandet
349 1390 103 26 minskas,
468 1389 83 22 hvilket
567 1390 188 27 ofvanäberopade
769 1390 79 26 grund-

89 1424 169 29 lagsstadgande
274 1424 57 21 afser
346 1426 32 19 att
394 1424 125 27 förebygga.

158 1463 133 24 Lagutskottets
302 1463 110 18 betänkande
425 1465 38 16 N:o
476 1464 32 17 12.

1030 380 23 99 Za
