1056 1725
517 194 106 32 Taboll
641 196 68 16 XIV

640 214 77 13 Pr

264 262 117 29 belysande
392 263 159 28 jernvägarnes
567 264 122 28 inflytande
702 266 33 27 på
749 264 113 22 Finlands
878 265 80 21 handel

366 355 4 3 .
596 335 69 26 Årliga
678 338 155 23 medelbeloppet
844 339 7 17 i
863 339 90 22 miljoner

348 355 92 18 Finlands
657 361 63 33 mark
726 361 61 18 under
800 361 91 23 perioden

304 383 121 23 Varuutbyte
436 384 44 17 med
772 392 74 2 ==
934 392 22 2 —

342 403 104 45 Ryssland.
581 419 46 17 1860
638 429 7 2 -
652 419 29 17 69.
697 388 10 60 |
711 392 58 37 1874
783 407 49 22 1876;
842 388 10 60 |
859 419 64 17 1879.
927 418 50 18 1982.

719 437 49 21 1877;
783 436 48 17 1878.

250 511 61 22 Öfver
323 515 81 24 saltsjön
421 529 1 4 .
445 529 4 4 .
475 530 3 3 .
504 526 32 7 .-.
603 506 49 31 28,0
755 516 44 19 33.01
898 516 43 21 30,93

274 552 10 8 »
320 539 80 22 Ladoga
420 552 1 3 .
447 553 3 3 .
475 552 4 4 .
505 552 30 4 ...
620 539 32 19 6,32
767 539 32 20 7,04
911 539 31 21 7,3

274 575 10 8 s
319 557 130 37 landgränsen
475 575 4 4 5
503 575 4 5 sä
531 575 4 5 8
609 558 43 31 13,10
767 563 32 20 6,08
911 563 32 20 8,20

250 584 44 20 med
305 585 84 23 jernväg
416 599 4 4 .
445 599 4 3 .
474 599 4 3 .
503 599 3 3 .
617 595 22 3 —
754 585 45 19 57,50
899 577 42 29 68,01

455 620 78 17 Summa
603 617 48 29 48,41
745 621 53 19 105,16
890 620 52 21 114,97

251 670 48 18 eller
322 671 22 17 af
362 672 93 17 Finlands
473 672 60 41 100

285 695 117 23 varuutbyte
443 709 4 4 .
471 708 4 4 .
500 709 4 3 .
608 696 35 20 47,
659 697 9 20 7
755 695 36 20 48,5
805 696 7 20 I
897 694 35 21 45,1
945 696 11 20 5

304 786 53 22 Man
372 786 69 22 finner
456 786 68 26 häraf,
540 788 33 20 att
587 786 77 22 medan
678 786 95 22 handeln
784 786 59 21 öfver
855 786 89 27 saltsjön
956 786 41 21 och

234 820 91 28 Ladoga
346 821 76 21 vunnit
445 821 75 21 endast
543 827 26 15 en
591 821 84 21 mindre
695 820 113 22 förkofran
825 820 39 22 och
880 821 40 20 den
937 820 60 21 öfver

234 854 144 29 landgränsen
400 855 107 28 betydligt
528 855 94 28 nedgätt,
646 855 41 21 har
699 855 119 28 jernvägen
833 854 116 22 förmedlat
965 856 32 20 ett

233 889 137 28 varuutbyte,
393 896 53 20 som,
463 889 58 22 stadt
544 889 7 21 i
574 889 96 28 betydlig
694 889 91 26 tillväxt,
803 889 127 27 öfverstiger
945 889 51 21 hela

234 923 37 22 det
294 924 93 27 tidigare
401 925 86 26 utbytet
506 925 55 20 samt
575 926 64 25 utgör
653 924 69 21 under
738 924 93 20 nämnda
848 923 47 28 fyra
910 924 35 20 ärs
960 930 37 20 pe-

233 958 74 21 rioder
330 965 55 20 resp.
409 959 80 26 54,7%
511 959 39 20 och
573 959 80 26 59,19%%
676 958 25 21 af
721 958 51 21 hela
794 958 138 27 varuutbytet
947 958 49 21 med

234 993 114 26 Ryssland.
371 1005 28 3 —
414 992 45 22 Det
474 995 24 19 är
512 993 7 20 i
535 993 114 27 synnerhet
665 994 104 25 exporten
784 999 39 20 per
836 993 95 26 jernväg,
949 998 46 15 som

234 1027 62 27 stigit
315 1027 67 22 under
398 1028 63 21 dessa
476 1030 76 18 tvenne
568 1027 47 28 fyra
631 1027 35 21 ärs
681 1027 107 27 perioder,
805 1027 108 27 nämligen
928 1027 7 20 i
951 1033 44 15 me-

234 1061 68 22 deltal
325 1061 47 22 från
397 1062 52 26 19,74
469 1061 98 27 miljoner
581 1061 34 22 till
631 1061 54 26 30,65
701 1061 106 28 miljoner,
823 1061 78 21 medan
916 1061 79 27 impor-

233 1097 39 20 ten
294 1095 48 22 från
365 1096 54 26 37,76
433 1096 99 27 miljoner
547 1096 88 27 nedgätt
650 1096 35 21 till
701 1097 54 25 37,36
771 1096 98 27 miljoner
884 1096 62 21 mark
962 1096 33 21 är-

234 1130 66 28 ligen.
317 1143 24 3 —
358 1130 95 22 Oaktadt
467 1130 138 28 varuutbytet
619 1131 50 21 med
683 1131 109 27 Ryssland
807 1131 90 21 sälunda
912 1137 45 15 mer
969 1132 27 19 än

236 1164 144 27 fördubblats,
403 1165 40 21 har
465 1165 47 21 dess
531 1164 134 22 förhållande
681 1165 34 21 till
731 1165 104 21 Finlands
850 1165 147 26 totala%varu-

235 1199 77 27 utbyte
335 1199 106 21 förblifvit
456 1200 7 20 i
479 1200 36 20 det
530 1201 107 19 närmaste
653 1199 148 27 oförändradt,
818 1200 81 20 hvilket
915 1199 82 21 utvisar

236 1240 27 14 en
287 1234 44 20 lika
354 1236 45 18 stor
422 1234 95 27 stegring
536 1234 79 27 jemväl
639 1233 33 21 för
695 1234 104 21 Finlands
817 1234 82 20 utrikes
918 1234 79 20 handel

234 1269 63 20 utom
321 1268 112 27 Ryssland.
465 1268 40 21 Om
531 1268 39 21 ock
595 1268 69 21 denna
689 1268 120 27 synnerligt
834 1268 163 27 anmärknings-

234 1303 68 21 värda
329 1303 95 27 stegring
447 1302 23 22 af
491 1302 101 22 Finlands
614 1303 130 27 varuutbyte
767 1302 183 25 framkallatsiaf
971 1308 26 14 en

236 1338 81 26 mängd
340 1337 58 21 olika
421 1337 187 27 omständigheter,
624 1337 85 27 intager
725 1337 66 21 bland
807 1337 62 21 dessa
885 1337 55 21 dock
957 1336 41 21 den

236 1370 86 22 lättnad
337 1372 7 20 i
360 1370 147 28 samfärdseln,
522 1371 141 27 jernvägarne
671 1370 101 27 medfört,
782 1373 32 19 ett
825 1371 94 21 särdeles
931 1370 66 22 fram-

237 1405 90 21 stäende
343 1412 55 20 rum;
415 1407 23 25 ty
453 1406 75 20 endast
543 1412 76 21 genom
632 1406 143 27 jernvägarne
791 1406 40 20 har
841 1406 60 20 detta
911 1411 46 15 mer
971 1406 26 20 än

236 1439 144 22 fördubblade
394 1440 127 28 varuutbyte
536 1440 56 21 varit
607 1440 92 27 möjligt.
