1056 1725
258 141 13 20 4
467 140 22 22 U.
507 140 22 22 B.
543 152 29 3 —
588 140 59 27 Prop.
664 140 36 22 N:o
716 140 31 22 31.

228 202 76 22 håller
328 202 119 22 åtskilliga
470 202 38 21 tl
531 201 154 23 förevarande
705 197 70 37 ämne
794 197 135 37 hänförligö
950 201 38 23 bu-

229 235 151 29 stämningar.
405 236 104 21 Sålunda
525 235 80 22 tillhör
620 235 39 22 det
674 235 225 23 helsovårdsnämnd
913 236 9 21 i
937 235 52 22 stad

229 270 44 22 och
295 270 222 22 kommunalnämnd
538 270 30 29 på
588 270 80 22 landet
683 272 36 20 att
734 270 127 21 öfvervaka
876 270 39 21 det
930 269 59 22 före-

230 305 126 21 skrifterna
372 305 98 22 rörande
485 305 68 22 barns
569 304 44 22 och
627 312 64 21 unga
701 311 122 22 personers
835 304 153 22 användande

230 339 41 21 vid
286 339 102 22 fabriker
402 339 43 22 och
460 339 192 22 handtverkerier
667 346 62 21 noga
740 339 117 28 iakttagas
869 339 120 21 äfvensom

230 375 36 20 att
279 373 69 28 tillse,
364 373 20 29 ej
400 373 89 22 mindre
505 373 40 22 det
559 373 223 27 arbetarebostäder,
799 373 110 21 särskildt
924 373 28 21 de
965 373 24 22 åt

230 407 156 29 minderårige
407 408 119 29 upplåtna,
550 411 39 18 äro
612 407 75 22 sunda
709 407 44 22 och
776 407 138 29 tillräckligt
928 414 61 21 rym-

229 441 55 29 liga,
308 445 29 18 än
353 441 68 22 äfven
437 445 36 19 att
486 442 85 29 näring
585 442 52 21 icke
652 441 118 22 bedrifves
786 442 25 21 så
826 444 35 19 att
876 441 45 22 den
936 441 53 22 blif-

229 483 42 14 ver
293 477 87 28 menlig
402 476 36 22 för
460 476 115 22 arbetares
599 476 56 21 eller
677 476 85 22 andras
785 476 71 22 helsa.
886 476 12 21 I
913 475 76 22 denna

229 510 139 29 förordning
390 511 55 28 ingå
467 510 37 22 för
525 511 74 28 öfrigt
621 511 115 21 särskilda
753 511 9 21 i
777 510 136 29 hygieniskt
928 510 61 29 syfte

230 544 66 29 gifva
321 545 145 22 föreskrifter
487 552 37 15 om
546 545 153 28 iakttagelser
718 545 39 22 vid
773 545 145 28 anläggning
934 544 55 22 eller

230 579 114 29 flyttning
360 580 25 21 af
397 580 102 21 fabriker
513 579 44 22 och
572 580 73 21 andra
661 579 82 29 dylika
757 579 158 29 inrättningar
930 581 59 19 samt

229 614 41 21 vid
284 614 111 28 utöfning
410 614 26 21 af
448 614 175 28 näringsyrken,
647 613 80 22 hvilka
743 613 151 27 föreskrifter,
917 613 72 22 ehuru

230 648 164 21 företrädesvis
417 648 107 21 afseende
542 648 76 28 skydd
633 648 36 21 för
683 648 141 26 närboende,
841 648 59 22 dock
915 647 74 22 delvis

230 682 94 22 komma
343 682 87 29 jemväl
453 682 133 22 arbetarene
602 682 36 22 till
654 682 68 29 godo.
754 682 117 28 Slutligen
886 682 41 22 bör
943 689 46 14 om-

230 720 106 24 nämnas,
358 718 35 20 att
414 716 63 22 vissa
497 716 85 29 farliga
597 716 132 28 industrier,
745 717 76 21 såsom
836 716 154 29 tillverkning

232 751 27 21 af
266 751 62 27 krut,
339 750 106 29 dynamit
455 751 44 21 och
508 750 73 22 fosfor
595 750 153 28 tändstickor,
765 754 39 18 äro
819 750 170 22 underkastade

232 785 115 22 särskilda
372 786 185 21 administrativa
581 785 177 29 författningar,
781 784 27 23 af
827 785 81 21 hvilka
930 785 59 21 dock

232 820 83 21 endast
330 820 166 28 förordningen
511 827 37 15 om
564 820 145 21 tändstickor
725 819 27 22 af
764 819 46 22 den
825 820 24 21 21
867 819 50 21 Juli
934 820 54 20 1865

231 853 151 23 föreskrifver
404 854 99 29 speciela
525 854 108 29 åtgärder
655 854 37 21 till
709 853 162 30 betryggande
887 853 26 22 af
927 853 62 22 arbe-

231 890 93 20 tarenes
339 888 81 22 helsa*.

298 923 12 21 I
326 923 41 21 sitt
382 930 53 14 svar
450 923 13 21 &
479 923 44 21 den
538 923 37 21 till
592 924 141 22 1877—1878
749 923 37 21 års
797 923 114 28 landtdag
921 922 69 22 fram-

231 957 87 22 ställda
339 957 173 29 propositionen
532 964 37 15 om
584 957 141 29 näringarne
739 957 106 22 uttalade
860 957 130 22 Ständerna

232 991 46 22 den
300 991 68 29 äsigt,
392 993 35 20 att
447 991 150 22 utfärdandet
612 991 27 22 af
651 999 29 14 en
695 991 106 28 särskild,
817 992 30 28 pä
862 991 128 22 statistiska

232 1025 56 22 data
312 1025 44 22 och
380 1025 100 30 speciela
497 1025 199 30 undersökningar
721 1025 108 30 grundad
851 1025 140 29 författning

232 1060 122 29 angående
375 1060 106 21 vilkoren
502 1059 36 22 för
560 1059 70 22 barns
653 1060 44 22 och
711 1067 65 22 unga
791 1067 119 22 personers
927 1062 63 19 anta-

232 1094 77 29 gande
331 1094 43 22 och
390 1094 151 22 användande
556 1094 41 21 vid
612 1094 103 22 fabriker
730 1095 44 21 och
789 1094 131 22 handtverk
935 1101 54 14 vore

232 1128 26 22 af
271 1128 111 23 behofvet
399 1128 125 30 högeligen
538 1128 116 29 päkallad.
684 1129 55 22 Med
755 1128 108 22 afseende
879 1129 61 25 derä,
956 1131 35 20 att

232 1163 47 22 den
294 1171 49 14 mer
358 1164 54 21 eller
427 1163 90 21 mindre
532 1164 107 28 skadliga
653 1164 115 22 inverkan
779 1164 26 21 af
813 1164 79 21 arbete
902 1164 8 21 i
920 1164 70 22 fabri-

232 1198 42 21 ker
290 1198 42 21 och
347 1198 190 21 handtverkerier
551 1198 30 28 pä
597 1198 133 22 arbetarens
745 1198 66 22 helsa
825 1202 26 18 är
865 1198 9 22 i
884 1198 106 22 väsendt-

232 1232 35 28 lig
290 1231 58 29 grad
371 1232 113 21 beroende
503 1232 52 21 utaf
568 1235 66 19 arten
649 1232 27 22 af
688 1232 47 22 den
749 1232 154 28 verksamhet,
919 1240 48 14 som
982 1233 8 21 i

232 1266 108 22 fabriken
355 1266 55 21 eller
425 1266 138 22 verkstaden
577 1266 124 28 bedrifves,
717 1266 146 22 erfordrades
873 1268 118 28 nämligen

233 1300 75 29 enligt
330 1300 135 22 ständernas
488 1301 60 28 äsigt
567 1300 36 22 för
619 1303 34 19 ett
667 1301 152 29 fullständigt
834 1301 118 22 ordnande
967 1301 26 21 af

232 1334 141 22 hithörande
395 1334 167 29 förhällanden,
585 1342 29 14 en
629 1335 73 22 sädan
717 1336 88 28 mängd
821 1335 170 30 detaljbestäm-

232 1369 92 29 ningar,
348 1371 34 19 att
399 1368 126 23 desammas
541 1370 160 27 inrymmande
716 1370 9 21 i
740 1377 30 15 en
785 1370 86 22 allmän
886 1370 105 28 närings-

232 1404 40 28 lag
294 1403 52 21 icke
368 1403 126 29 lämpligen
515 1403 78 22 kunde
615 1404 178 28 ifrägakomma.
823 1404 37 22 Då
875 1404 44 22 den
934 1411 57 22 nog-

233 1445 91 22 granna
345 1437 132 30 utredning,
499 1445 48 14 som
569 1438 9 21 i
598 1438 64 22 detta
677 1438 110 23 afseende
803 1438 150 28 erfordrades,
969 1438 20 29 ej

303 1477 199 19 Ekonomiutskottets
515 1478 120 18 betänkande
647 1479 35 17 N:o
696 1480 27 17 14.
