1056 1725
231 162 15 21 4

202 222 155 20 servmännens
381 220 106 28 rättighet
510 222 33 20 att
567 220 165 22 återbekomma
755 221 39 21 det
811 220 25 22 af
855 220 49 22 dem
925 221 33 21 för

202 257 104 21 hästarne
325 257 88 27 erlagda
433 256 78 28 belopp
531 257 49 21 med
597 263 27 15 en
640 256 103 22 femtedel
760 256 63 22 deraf
836 256 75 27 hvarje
927 257 31 25 år,

203 294 24 20 så
248 295 34 19 att
304 293 41 22 den
368 293 109 22 inbetalda
498 299 99 15 summan
619 293 71 21 skulle
709 291 113 23 återbäras
840 292 57 21 inom
914 292 42 21 fem

202 330 24 20 år
243 329 53 22 eller
313 335 83 16 samma
412 329 32 21 tid
461 335 46 16 som
525 329 130 26 manskapet
671 329 116 26 qvarstode
803 328 35 21 vid
850 334 107 20 reserven,

203 364 111 22 hvarefter
330 365 76 21 hästen
423 364 87 22 tillfölle
525 370 175 16 reservmannen.

263 400 75 22 Skulle
362 401 54 21 dock
437 400 65 22 bland
525 401 26 20 de
573 400 36 21 vid
629 400 128 21 kavalleriet
779 399 130 22 inträdande
925 401 33 19 ett

203 435 129 28 tillräckligt
351 436 58 21 antal
429 442 110 21 personer,
560 442 47 15 som
624 441 51 16 vore
691 436 84 26 hugade
791 437 34 20 att
841 436 27 25 på
884 435 73 21 ofvan-

204 472 95 21 nämnda
322 471 69 22 vilkor
414 471 73 22 tillösa
510 471 33 27 sig
564 472 56 26 häst,
643 471 46 22 icke
711 477 57 21 yppa
789 471 38 27 sig,
848 471 67 21 borde
931 471 26 21 de

204 507 131 22 öfverblifna
354 508 102 21 hästarne
472 507 141 22 underhållas
629 508 28 25 på
673 507 95 21 kronans
784 507 122 21 bekostnad
922 507 34 20 vid

204 545 155 24 regementena
386 543 52 21 eller
465 543 100 27 upplåtas
590 543 34 21 till
648 543 140 26 begagnande
812 544 23 19 åt
859 542 98 21 enskilda

204 584 106 21 personer
326 579 33 21 för
375 579 59 21 tiden
451 579 91 21 emellan
559 581 94 20 mötena.

264 615 34 21 Då
321 614 258 28 kavalleriregementena
602 615 166 21 mobiliserades
792 615 67 21 borde
878 620 26 15 en
924 615 33 20 för

204 651 49 21 dem
270 656 124 21 gemensam
412 651 173 27 depotsqvadron
601 651 78 21 bildas.

265 686 42 21 Vid
323 686 157 27 öfvervägande
495 686 24 22 af
533 687 37 21 det
587 687 6 20 i
610 686 92 22 anförda
713 686 112 22 memorial
837 686 120 26 framlagda

204 723 82 25 system
308 722 33 21 för
361 722 193 22 åstadkommande
571 722 23 21 af
609 724 32 20 ett
656 721 67 22 finskt
739 722 104 21 kavalleri
860 722 39 21 har
915 722 41 20 Ko-

205 757 68 21 mitén
298 757 34 21 för
356 758 32 20 sin
409 758 35 21 del
465 758 71 21 funnit
557 758 112 27 åtskilliga
690 758 134 26 svårigheter
845 759 60 19 möta
921 763 35 21 ge-

204 794 154 21 nomförandet
379 794 23 20 af
422 794 125 26 detsamma,
569 794 24 20 at
612 793 74 21 hvilka
707 793 103 21 Komitén
829 793 83 21 tillåter
927 793 34 27 sig

205 830 39 20 här
260 829 116 22 framhålla
392 830 26 20 de
435 829 208 27 hufvudsakligaste.

266 865 34 22 Då
322 865 23 22 af
365 866 36 21 det
421 865 34 22 till
476 866 43 21 ridt
535 865 101 22 inöfvade
653 866 128 26 manskapet
798 865 36 21 vid
851 871 109 21 regemen-

205 903 43 19 tets
274 901 74 26 kader,
371 901 120 27 utgörande
515 900 72 29 2457)
611 907 57 21 man,
691 901 92 27 ungefär
807 907 26 15 en
855 901 105 26 tredjedel

205 937 56 21 efter
283 937 95 22 afslutad
400 937 59 21 aktiv
475 937 113 27 tjenstetid
605 937 124 27 öfverginge
747 937 33 21 till
797 943 108 20 reserven,
921 937 39 21 och

205 973 85 21 antalet
312 973 23 21 af
354 973 37 21 det
412 973 34 20 vid
469 979 100 15 reserven
587 973 134 21 omedelbart
738 972 107 22 inskrifna
861 973 100 20 manska-

207 1010 37 25 pet
269 1009 77 26 skulle,
371 1010 26 25 på
419 1010 44 20 sätt
484 1009 63 20 ofvan
568 1008 133 28 föreslagits,
723 1008 85 27 årligen
824 1009 78 26 utgöra
919 1008 43 21 100

207 1051 57 20 man,
289 1044 67 22 borde
381 1045 91 21 sålunda
495 1045 73 26 hvarje
592 1045 172 22 reservårsklass
789 1044 110 22 innehålla
918 1051 43 14 om-

205 1079 65 28 kring
298 1080 42 22 180
364 1087 48 14 man
436 1080 33 21 för
489 1081 106 21 hvardera
615 1082 141 26 regementet.
788 1080 29 21 Af
832 1080 63 21 dessa
911 1086 50 15 vore

207 1121 29 15 nu
260 1115 43 22 100
319 1115 53 22 eller
387 1116 83 21 således
487 1123 59 14 mera
562 1119 27 18 än
606 1116 84 22 hälften
707 1117 88 25 sådana,
812 1122 46 15 som
875 1115 87 22 erhållit

206 1152 80 21 endast
310 1152 46 26 fyra
381 1153 113 21 månaders
510 1152 125 27 utbildning
655 1153 6 21 i
681 1152 210 26 kavalleritjensten,
913 1158 48 15 men

208 1187 70 21 under
297 1189 96 19 närmast
415 1188 44 21 före
481 1194 25 15 en
523 1188 150 27 mobilisering
689 1187 104 22 förflutna
809 1189 32 19 ett
857 1187 53 22 eller
926 1189 37 19 två

206 1224 32 25 år,
258 1222 108 22 beroende
388 1223 23 21 af
430 1223 33 21 till
487 1223 86 22 hvilken
592 1224 95 21 årsklass
704 1230 168 15 reservmannen
889 1223 73 26 hörde,

206 1258 41 21 alls
273 1258 47 22 icke
346 1258 91 27 deltagit
456 1259 6 20 i
482 1260 67 26 några
573 1259 168 27 frontöfningar.
773 1258 70 22 Deras
865 1258 97 27 förmåga

206 1295 40 25 att,
272 1294 27 21 då
322 1294 128 22 kavalleriet
473 1294 74 22 ställes
570 1296 27 26 på
619 1295 100 27 krigsfot,
743 1297 53 19 utan
817 1295 74 21 vidare
911 1294 52 27 fylla

269 1378 18 21 +)
305 1376 85 18 Komitén
408 1376 33 18 har
458 1377 93 23 nämligen
569 1379 62 16 ansett
648 1380 27 15 att
693 1380 62 16 staten
774 1377 29 17 för
817 1379 26 16 ett
856 1380 107 20 regemente

206 1406 12 16 å
231 1411 34 13 sex
279 1408 50 16 rotar
342 1406 6 18 i
361 1406 89 22 plutonen
464 1406 61 19 skulle
537 1407 76 18 komma
626 1409 28 16 att
667 1407 58 23 skilja
739 1407 30 23 sig
782 1406 40 18 från
836 1408 27 16 ett
877 1407 41 17 med
931 1407 31 17 nio

206 1436 52 17 sötar
273 1436 67 18 endast
353 1436 50 18 hvad
416 1437 57 22 angår
486 1436 71 19 antalet
570 1436 74 18 heridet
657 1436 98 22 manskap.
