1056 1725
251 111 13 19 4
557 110 40 21 N:o
613 112 34 19 40.

219 177 45 27 fall,
289 184 25 15 en
337 178 121 27 minskning
480 178 89 27 uppstår
590 178 7 21 i
611 178 227 22 hemmansräntornas
853 177 70 27 värde,
939 178 43 21 kan

218 212 109 22 beräknas
342 212 34 22 till
390 213 65 21 minst
470 214 98 24 160,000
583 212 70 22 mark.

290 247 97 21 Emedan
409 247 26 21 de
459 247 138 28 stadganden,
621 248 66 26 enligt
701 247 74 21 hvilka
790 247 123 21 centonalen
929 252 52 21 upp-

219 282 70 26 bäres,
314 284 38 19 äro
375 282 87 27 spridda
479 282 7 21 i
502 282 107 21 särskilda
623 282 152 27 författningar
790 282 49 21 från
854 282 57 21 olika
926 281 57 22 tider

221 316 39 21 och
284 316 99 22 stundom
399 316 94 22 medfört
507 316 110 28 svårighet
631 317 8 21 i
654 317 167 27 tillämpningen,
838 317 40 21 har
893 317 36 20 det
944 322 37 15 an-

219 353 55 20 setts
297 351 178 27 ändamålsenligt
497 353 37 25 att,
554 351 49 22 med
625 351 149 22 bibehållande
797 351 23 22 af
841 351 76 22 hittills
937 351 45 27 gäl-

219 385 65 22 lande
304 385 93 28 grunder
419 385 34 22 för
475 386 66 27 sagde
565 385 72 28 afgifts
660 386 135 27 erläggande,
813 385 70 22 införa
897 379 26 28 en
938 385 43 22 för-

218 420 125 27 tydligande
366 420 189 27 sammanfattning
578 421 24 21 af
623 421 147 27 stadgandena
785 426 35 15 om
835 420 147 21 centonalen
970 416 16 36 i

220 455 36 21 det
271 454 220 28 författningsförslag
505 455 110 27 angående
629 462 29 15 nu
672 455 163 27 ifrågavarande
851 457 67 23 ämne,
935 460 46 15 som

219 489 61 22 Hans
303 489 120 27 Kejserliga
444 489 103 27 Majestät
569 489 90 22 härmed
682 490 7 21 i
711 489 67 22 nåder
797 489 58 22 velat
870 489 32 21 till
919 489 62 22 Stän-

220 523 78 22 dernas
313 523 158 28 handläggning
486 523 137 22 öfverlemna.

428 707 99 33 Förslag
555 707 34 26 till
617 707 138 33 förordning
783 706 123 34 angående
927 708 54 25 sär-

359 753 78 27 skilda
460 753 119 26 allmänna
597 753 172 26 militiekassan
787 752 130 27 framdeles
936 752 44 26 till-

359 798 103 27 fallande
481 798 98 34 afgifter
598 798 44 27 och
662 799 90 26 räntor.

288 879 51 22 Med
361 879 90 28 ändring
474 879 23 22 af
517 879 57 22 hvad
596 880 138 21 härförinnan
756 880 57 21 varit
828 879 100 28 stadgadt
943 886 37 15 an-

218 914 82 27 gående
322 914 162 21 nedannämnda
506 914 89 27 afgifter
617 915 39 20 och
672 916 74 20 räntor
761 915 78 20 varder
853 914 127 22 förordnadt

217 955 47 15 som
280 949 72 28 följer:

575 1013 11 27 8
604 1014 18 19 1.

288 1069 42 22 Till
344 1069 107 22 allmänna
466 1069 155 22 militiekassan
637 1069 61 22 skola
713 1069 127 22 hädanefter
855 1069 59 28 ingå:

288 1104 24 25 a)
328 1103 42 22 den
391 1103 68 22 under
480 1109 64 16 namn
564 1103 24 22 af
601 1104 97 21 centonal
714 1104 34 22 till
764 1103 84 22 förmån
863 1103 34 22 för
911 1104 68 27 krigs-

216 1138 183 22 manshuskassan
413 1138 112 27 uppburna
540 1137 72 29 afgift;

287 1172 23 28 0)
327 1173 41 21 den
383 1173 34 21 till
432 1179 81 15 samma
527 1173 65 21 kassa
603 1173 104 28 ingående
717 1173 263 28 krigsmanshusafgiften;

286 1208 22 26 e)
324 1207 49 27 den!
388 1207 106 22 ordinarie
517 1209 68 25 ränta,
609 1214 46 15 som
677 1208 56 22 varit
749 1208 46 21 dels
810 1208 170 27 krigsmanshus-

216 1241 80 21 kassan
313 1242 46 21 dels
374 1242 246 22 militieboställskassan
635 1243 99 21 tilldelad
749 1242 48 22 från
813 1242 26 22 de
851 1248 17 16 s.
879 1242 20 22 k.
911 1242 69 28 krigs-

215 1276 121 26 manshus-,
352 1276 106 22 beneficii-
473 1277 39 21 och
527 1277 180 27 reservhemman,
722 1277 75 21 hvilka
812 1277 100 21 hemman
925 1276 56 22 dock

214 1310 35 21 till
264 1311 34 21 sin
313 1310 112 22 kamerala
438 1312 64 20 natur
517 1310 101 23 förblifva
633 1311 153 27 oförändrade;
803 1313 56 20 samt

285 1345 25 27 d)
326 1345 42 21 den
389 1345 186 27 fyrationdetunne
598 1346 97 27 spanmäl
718 1352 47 16 som
787 1346 57 22 varit
861 1346 34 21 till
911 1346 68 27 krigs-

215 1379 184 23 manshuskassan
414 1380 73 22 indelt.
