1056 1725
256 120 14 20 4
479 118 19 23 U.
514 118 19 24 B.
550 131 25 3 —
593 118 56 30 Prop.
665 118 32 24 N:o
714 118 33 24 36.

297 184 61 22 Enär
372 184 102 28 samtliga
489 184 70 22 Stånd
573 184 99 28 godkänt
688 184 132 28 paragrafen
830 184 69 28 enligt
909 185 76 22 betän-

226 218 93 28 kandet,
342 218 62 22 torde
418 218 161 28 Ridderskapet
594 219 40 22 och
649 219 83 22 Adelns
747 219 93 22 berörda
854 219 71 22 beslut
937 219 49 22 icke

226 253 35 21 till
277 253 84 28 åtgärd
376 253 117 22 föranleda.

573 358 25 19 11
619 358 18 24 $.

298 425 137 29 Ridderskapet
450 425 35 23 och
501 424 56 24 Adeln
573 425 41 22 har
629 426 88 21 beslutit
732 427 34 20 att
781 426 7 21 i
810 429 4 18 1
833 432 59 15 mom.
905 426 24 21 af
937 425 50 22 den-

224 466 30 15 na
274 459 106 28 paragraf
393 459 69 22 skulle
477 459 91 22 framför
583 460 62 22 ordet
662 461 152 26 ,underhälla*
832 460 93 22 insättas
943 460 44 26 ,in-

225 501 33 15 om
280 495 132 27 jernvägens
435 494 106 22 omräde.*
583 494 148 24 —Presteständet
753 495 40 21 har
815 495 34 21 till
875 495 113 22 Utskottet

225 529 172 22 äterremitterat
419 528 142 28 paragrafens
591 531 6 19 3
620 529 74 22 mom.
714 529 7 22 i
741 529 58 28 syfte
821 531 34 20 att
871 529 46 22 deri
931 529 56 22 före-

224 563 129 23 kommande
368 563 121 28 stadgande
504 563 69 23 skulle
589 563 130 23 inskränkas
730 564 89 28 derhän,
831 565 34 21 att
873 564 112 28 jernvägs-

224 605 68 21 egare
306 604 52 16 vore
373 598 80 28 pligtig
467 599 35 21 att
516 598 82 22 inrätta
613 599 40 21 och
668 599 130 21 underhälla
813 599 98 27 stängsel
922 599 64 27 kring

222 633 135 27 jernvägens
380 632 86 22 område
489 632 76 22 endast
588 634 29 26 pä
636 633 85 22 sådana
741 634 84 27 ställen,
843 633 38 22 der
893 633 95 28 jernväg

224 670 25 19 är
272 667 83 27 dragen
378 666 62 23 öfver
455 667 59 27 åker,
531 669 43 26 äng
589 667 53 22 eller
657 668 138 27 beteshage.*
826 667 161 29 Borgareständet

222 702 40 22 har
278 701 169 23 äterremitterat
463 702 144 27 paragrafens
623 704 11 19 1
651 709 61 15 mom.
728 702 35 22 till
781 702 114 22 Utskottet
909 702 34 22 för
953 704 34 20 att

221 737 85 21 erhålla
337 736 91 28 ungefär
457 736 96 28 följande
579 736 93 28 lydelse:
718 739 70 25 ,Skär
811 739 92 25 jernväg
929 740 58 24 förut

222 774 128 19 tillkommen
364 773 79 19 allmän
458 773 46 19 eller
517 773 79 20 enskild
606 775 40 23 väg
664 774 47 20 eller
719 774 75 25 farled,
803 779 49 14 vare
857 774 128 25 jernvägens

223 814 61 19 egare
300 808 82 25 skyldig
396 808 78 20 inrätta
491 807 82 24 (sådan)
589 808 154 25 vägöfvergäng
759 808 46 20 eller
820 814 73 14 annan
904 808 81 21 anstalt,

222 844 30 18 att
274 843 41 19 den
332 843 59 19 äldre
411 843 76 24 vägens
505 843 47 19 eller
565 843 108 25 farledens
690 844 136 24 begagnande
840 844 42 19 icke
897 844 89 18 hindras

222 878 48 19 eller
290 878 39 19 blir
343 878 48 19 med
403 878 51 25 fara
466 878 94 25 förenad,
577 879 56 18 samt
645 878 116 25 framdeles
777 877 126 21 underhålla
917 878 70 19 denna

222 911 156 26 vägöfvergång
398 913 45 19 eller
458 912 77 20 anstalt
550 913 29 19 till
594 913 39 19 den
649 913 31 19 del
697 913 40 20 den
751 913 63 25 faller
828 913 57 20 inom
897 913 87 25 jernvä-

222 953 51 19 gens
296 945 109 26 område;"
429 944 119 28 hvarjemte
570 945 194 27 Borgareståndet,
790 945 165 22 vidkommande
969 947 12 19 3

222 986 70 21 mom.,
315 979 90 22 beslutit
423 980 34 21 att
479 979 61 22 detta
562 982 93 19 moment
670 979 71 22 skulle
756 979 85 22 erhålla
856 979 42 22 den
913 979 68 28 lydel-

221 1021 30 20 se,
268 1020 45 16 som
328 1014 33 21 uti
376 1013 40 22 den
433 1013 67 22 andra
514 1014 33 21 till
563 1014 150 22 betänkandet
728 1014 81 28 fogade
819 1014 163 23 reservationen

219 1048 132 28 föreslagits.
382 1047 139 24 Bondeständet
543 1049 40 21 har
601 1049 104 28 slutligen
728 1049 88 28 antagit
839 1048 10 29 &
868 1051 23 19 11
911 1049 69 27 enligt

221 1083 151 22 betänkandet
387 1083 144 22 oförändradt.

294 1118 114 21 Utskottet
423 1117 82 28 nödgas
521 1118 58 21 hålla
594 1117 47 22 före
656 1119 39 27 att,
713 1118 39 21 der
764 1118 95 28 jernväg
874 1118 51 22 skär
939 1121 44 24 väg

223 1153 54 21 eller
287 1152 77 28 farled,
372 1152 165 28 vägöfvergång
545 1153 52 21 eller
605 1160 72 14 annan
686 1154 85 21 anstalt
780 1154 39 21 bör
831 1153 24 21 af
861 1153 122 28 jernvägen

220 1188 87 27 byggas
323 1188 40 21 och
377 1187 137 22 underhållas
529 1187 34 22 för
578 1188 25 21 så
618 1188 48 22 vidt
681 1188 71 22 sådan
767 1188 124 28 inrättning
905 1194 77 22 genom

221 1222 123 28 jernvägen
360 1222 199 28 nödvändiggjorts,
576 1224 24 26 ty
615 1222 126 22 ändamålet
756 1222 47 22 med
813 1222 8 22 i
831 1222 65 28 fråga
906 1228 76 16 varan-

222 1257 28 21 de
266 1256 123 28 stadgande
404 1258 24 20 är
442 1256 108 28 sjelffallet
566 1258 34 20 att
614 1256 49 22 icke
678 1257 27 22 de
717 1256 264 28 vägbyggnadsskyldige,

223 1292 55 21 utan
298 1291 128 28 jernvägen,
449 1291 56 21 skall
527 1291 93 22 drabbas
642 1291 25 22 af
680 1292 27 21 de
723 1292 70 21 ökade
808 1291 123 27 kostnader,
946 1297 37 15 an-

221 1326 137 27 läggningen
372 1325 92 23 medfört
478 1325 8 22 i
501 1326 168 27 vägbyggnads-
685 1326 40 22 och
740 1326 241 22 underhålls-besväret.

220 1360 53 22 Men
288 1360 38 22 vid
340 1360 79 22 sådant
434 1360 134 22 förhållande
583 1360 63 22 torde
659 1360 133 28 jernvägens
803 1360 115 22 omordade
929 1360 54 27 ålig-

223 1394 74 28 gande
312 1394 48 22 icke
374 1394 73 22 kunna
461 1394 129 22 inskränkas
605 1394 35 22 till
651 1395 154 27 skyldigheten
816 1396 33 20 att
860 1395 74 27 bygga
944 1395 39 21 och

223 1429 130 23 underhålla
375 1429 59 28 dylik
449 1429 121 28 inrättning
586 1430 92 20 allenast
693 1430 33 21 till
744 1430 40 21 den
801 1430 40 28 del,
859 1430 124 22 densamma

292 1475 76 23 Bihang
382 1475 29 18 till
425 1475 136 23 Lagutskottets
574 1475 117 19 betänkande
704 1477 37 16 N:o
754 1476 27 17 12.
