1056 1725
257 118 27 20 12

452 114 66 24 Ständ.
532 114 35 24 Sv.
582 126 28 5 —
626 115 55 29 Prop.
698 114 32 24 N:o
746 114 33 24 36.

647 184 12 22 $
675 184 33 19 11.

437 234 57 20 Skär
511 234 92 26 jernväg
623 234 59 26 förut
701 234 126 20 tillkommen
847 234 80 20 allmän
942 234 47 20 eller

368 268 80 20 enskild
462 270 41 24 väg
518 269 47 20 eller
577 269 76 25 farled,
669 274 49 14 vare
727 268 129 26 jernvägens
867 274 59 19 egare
936 268 53 26 skyl-

369 303 35 24 dig
418 303 80 20 inrätta
513 304 34 20 och
563 303 125 20 underhälla
700 302 69 21 sädan
779 302 154 26 vägöfvergäng
943 303 46 20 eller

369 343 73 14 annan
462 339 82 24 anstalt,
563 339 30 19 att
608 339 39 19 den
662 338 59 20 äldre
734 339 77 24 vägens
826 338 46 19 eller
885 338 104 25 farledens

370 371 132 26 begagnande
514 373 43 20 icke
567 373 89 20 hindras
666 373 47 20 eller
723 372 39 20 blir
771 373 48 19 med
826 373 53 25 fara
885 373 103 25 förenadt.

441 407 90 25 Uppstär
545 408 36 25 för
591 407 119 26 jordegare,
726 407 9 20 i
747 407 54 25 följd
815 407 23 25 af
848 406 102 26 jernvägs
965 406 24 20 le-

369 441 68 20 dande
457 446 74 20 genom
553 442 56 20 hans
630 441 100 26 lägenhet,
754 441 60 26 behof
833 441 24 25 af
875 442 41 23 väg
935 441 55 24 öfver

364 474 201 27 jernvägsomrädet,
593 476 54 20 skall
667 475 82 26 jemväl
771 476 25 24 af
810 475 181 26 jernvägsegaren

369 509 87 26 lämplig
471 509 112 26 öfvergäng
597 511 90 19 inrättas
702 510 36 20 och
752 509 141 21 underhällas.

438 545 69 24 Egare
529 545 26 24 af
565 544 92 25 jernväg
675 549 49 15 vare
739 545 61 24 äfven
812 545 75 24 pligtig
903 545 34 24 att,
953 544 37 19 der

371 578 18 26 ej
411 579 134 19 annorlunda
567 579 190 25 öfverenskommes,
780 579 63 25 kring
863 578 128 26 jernvägens

371 612 84 21 område
477 613 78 20 inrätta
578 614 36 19 och
636 612 126 21 underhålla
781 613 89 25 stängsel
885 613 25 25 af
921 612 70 20 sådan

371 647 140 26 beskaffenhet,
527 649 30 18 att
576 648 74 20 hästar
665 648 35 20 och
716 648 77 24 boskap
807 648 118 24 derigenom
938 646 53 26 från

372 682 80 20 banans
467 682 124 20 beträdande
606 682 99 24 hindras;
720 681 25 21 så
760 682 35 20 ock
811 683 30 19 att
853 682 91 24 anlägga
954 682 37 20 och

371 716 122 25 öppenhälla
518 717 141 25 afloppsdiken
684 717 68 19 under
779 717 71 19 banan
872 716 14 20 ä
907 715 84 21 sådana

371 751 72 20 ställen
465 752 55 19 samt
537 751 29 19 till
583 750 68 21 sådan
667 751 63 20 bredd
745 751 36 20 och
796 751 90 25 djuplek,
903 752 29 18 alt
946 751 44 19 hin-

372 786 36 19 der
427 786 35 24 för
485 786 146 24 öfverbyggare
650 786 43 20 icke
710 787 65 19 möter
790 787 30 19 att
833 786 67 25 afleda
915 786 76 19 vattnet

369 819 52 25 från
435 820 48 20 sina
497 825 53 19 egor.

649 889 13 23 8
678 888 33 21 12.

438 940 136 25 Anläggning
604 941 26 24 af
651 940 92 25 jernväg
768 939 53 21 skall
845 940 85 25 vidtaga
954 940 37 20 och

370 975 97 25 slutföras
489 976 56 19 samt
558 975 117 25 jernvägen
698 975 29 20 till
748 980 85 19 person-
856 975 36 19 och
909 974 81 25 godsbe-

368 1009 91 25 fordran
478 1008 96 26 upplätas
589 1009 58 20 inom
662 1009 39 20 den
717 1009 34 25 tid,
767 1014 45 15 som
826 1009 35 20 vid
875 1009 116 20 meddelan-

370 1043 33 20 det
416 1044 27 25 af
455 1043 252 25 anläggningstillständet
722 1043 101 20 bestämts.
853 1043 138 20 Försummas

370 1079 37 25 det,
431 1084 49 14 vare
502 1078 208 25 anläggningsrätten
733 1078 36 20 och
783 1078 40 20 den
835 1078 36 25 för
881 1077 110 26 jernvägs-

370 1113 133 26 vyggnadens
522 1113 110 25 utförande
651 1113 68 20 stälda
739 1113 120 20 säkerheten
871 1113 119 24 förverkad.

370 1148 57 20 Dock
441 1147 42 26 mä,
500 1153 33 15 om
547 1148 64 20 mark
624 1148 35 25 för
669 1147 118 26 jernvägen
801 1147 68 20 redan
883 1148 26 19 är
924 1147 66 26 inlöst,

371 1182 207 25 anläggningsrätten
589 1182 64 25 jemte
667 1182 90 20 marken
773 1182 35 20 och
823 1180 51 21 derä
889 1181 103 25 befintliga

371 1217 120 25 byggnader
516 1218 35 19 och
573 1217 146 24 inrättningar
740 1217 56 19 samt
814 1216 36 25 för
872 1216 121 20 ändamälet

371 1252 123 24 anskaffade
511 1251 177 25 jernvägsfordon
710 1251 36 20 och
769 1251 69 25 öfriga
858 1250 91 20 tillbehör
968 1251 27 25 af

370 1286 131 25 anläggaren
520 1286 46 20 eller
582 1286 35 25 för
632 1286 55 20 hans
701 1286 94 24 räkning
807 1284 102 26 försäljas
924 1286 68 18 under

370 1321 24 19 de
416 1320 71 25 vilkor,
511 1320 88 20 Senaten
622 1320 29 20 till
670 1320 115 25 tryggande
799 1319 26 25 af
835 1319 110 25 företagets
960 1320 29 18 ut-

368 1355 89 25 förande
479 1354 44 20 kan
538 1354 61 25 finna
613 1354 71 24 nödigt
696 1354 111 25 fastställa.
837 1354 100 19 Kommer
949 1353 42 25 för-

370 1389 93 25 säljning
485 1388 19 26 e&
526 1388 29 20 till
569 1387 68 26 stånd,
653 1393 34 20 ege
703 1388 89 20 Senaten
804 1388 98 25 förklara
915 1388 76 24 företa-

369 1424 33 25 get
415 1423 108 25 nedlagdt;
538 1422 35 21 och
589 1422 73 21 länder
676 1423 9 20 i
699 1423 54 20 detta
765 1422 40 25 fall
819 1422 29 20 28
863 1423 13 22 $
890 1423 7 19 i
910 1422 80 25 förord-
