1056 1725
290 136 66 24 Ständ.
372 136 30 24 $v.
422 148 24 4 —
462 136 55 29 Prop.
533 136 32 24 N:o
581 136 34 24 30.
795 138 14 21 5

146 202 34 22 Då
194 203 114 28 meningen
323 203 47 21 icke
386 208 61 22 synes
459 202 62 28 varit,
533 203 51 21 eller
594 203 41 21 bör
644 209 58 21 vara,
713 204 33 21 att
755 204 83 21 vatten-

76 238 127 26 verksegare
222 238 34 21 för
275 244 26 15 en
320 237 100 27 möjligen
440 238 7 20 i
462 237 115 22 framtiden
595 237 90 22 befarad
701 237 136 27 vattenbrist,

76 272 71 21 kunde
166 272 139 22 tillerkännas
326 278 30 15 nu
381 272 162 27 ifrågavarande
562 272 147 27 exceptionela
726 272 111 28 rättighet,

76 307 63 21 hafva
159 307 120 22 Ständerna
293 307 34 21 för
342 307 143 27 tydlighetens
501 307 57 21 skull
573 307 73 27 utbytt
661 307 36 22 det
712 307 126 22 obestämda

76 341 107 28 uttrycket
198 342 62 27 ,eller
276 341 85 22 befaras
372 341 59 27 dylik
440 341 129 22 vattenbrist
583 341 100 22 inträffa"
697 343 46 20 mot
756 343 32 20 ett
801 348 36 15 an-

64 385 2 3 :
76 377 43 26 nat,
134 376 77 22 hvaraf
224 376 104 27 klarligen
345 376 98 27 framgår,
459 377 32 20 att
506 376 77 21 endast
599 375 27 22 då
637 376 65 21 sådan
713 376 48 21 fara
771 376 66 21 redan

76 412 24 19 är
113 411 34 21 för
161 411 92 27 handen,
269 410 97 22 tillstånd
381 411 32 21 till
429 411 93 21 vattnets
538 410 171 27 uppdämmande
719 411 36 21 mä
764 411 73 21 kunna

76 445 116 22 meddelas.

144 479 81 22 Genom
236 479 121 28 antagande
367 479 23 22 af
399 479 160 28 bestämningen
568 480 32 21 att
607 479 147 22 besvärstiden
761 479 74 27 borde,

75 514 46 21 ifall
136 514 146 27 ansökningen
298 520 34 15 om
348 514 130 27 provisorisk
493 514 200 27 uppdämningsrätt
704 513 72 27 afsläs,
787 514 49 21 räk-

75 555 39 14 nas
137 548 47 22 från
207 549 41 21 den
271 549 47 27 dag,
342 547 28 22 dä
391 548 94 27 utslaget
509 548 12 21 &
543 549 156 27 länestyrelsen
721 548 114 28 utfärdats,

75 582 68 22 skulle
166 589 27 15 en
210 583 34 21 för
262 583 38 22 vär
318 582 134 28 lagstiftning
471 589 28 21 ny
514 583 115 27 grundsats
644 583 48 21 med
707 582 101 22 afseende
823 582 13 22 ä

74 617 159 22 besvärstidens
254 617 118 28 beräkning
391 618 89 26 införas;
495 624 50 15 men
561 617 27 22 dä
603 617 131 27 frängäende
749 617 24 22 af
786 618 49 20 här-

75 652 66 21 intills
156 652 7 21 i
178 652 60 21 detta
253 652 100 21 afseende
368 652 66 26 följda
449 652 140 27 grundsatser
605 652 18 27 ej
639 658 62 21 synes
719 652 65 21 hafva
799 652 36 21 nä-

75 688 37 26 got
122 686 47 22 skäl
184 686 33 22 för
232 686 38 28 sig,
285 686 64 22 hafva
364 686 121 22 Ständerna
500 686 97 22 uteslutit
612 686 66 28 sagda
692 686 142 27 bestämning,

75 721 138 27 hvarigenom
229 721 25 21 de
275 721 108 21 allmänna
401 721 148 27 stadgandena
563 728 35 15 om
613 721 157 22 besvärstidens
785 720 49 22 räk-

75 756 70 21 nande
158 755 85 21 komme
258 756 61 21 äfven
334 755 74 21 härvid
424 756 32 21 att
471 756 65 21 lända
551 756 33 21 till
599 756 149 21 efterrättelse.

144 790 104 26 Slutligen
262 790 64 21 hafva
342 790 124 26 Ständerna,
482 790 94 22 förutom
591 790 67 27 några
671 789 109 28 språkliga
789 791 43 20 rät-

74 824 72 27 telser,
160 824 91 27 vidtagit
266 824 41 22 den
322 824 96 28 ändring,
434 826 33 20 att
481 825 62 21 ordet
558 824 148 28 ,kungörelse*
721 824 33 22 uti
763 824 69 22 rubri-

74 860 42 21 ken
131 860 82 26 utbytts
229 860 57 21 emot
301 859 61 22 ordet
377 858 152 29 ,förordning*,
539 860 86 21 hvilken
635 859 128 27 benämning
773 860 58 26 synts

74 894 120 21 Ständerna
208 900 46 15 mer
268 893 101 28 egentlig,
386 893 56 22 helst
451 893 157 28 författningen
618 894 83 21 komme
712 895 33 20 att
755 895 76 26 utgöra

74 929 31 21 ett
120 929 74 26 tillägg
208 928 33 21 till
256 928 151 27 förordningen
423 929 40 20 den
479 929 28 21 23
523 928 58 22 Mars
598 928 61 21 1868.

144 963 30 22 Pä
189 963 69 27 grund
273 963 23 21 af
310 963 37 21 det
362 963 90 22 anförda
467 963 22 21 fä
501 963 120 22 Ständerna
631 963 154 28 underdänigst
795 970 36 15 an-

72 997 66 22 mäla:

280 1027 32 20 att
334 1025 132 28 Ständerna,
490 1033 44 14 som
552 1025 20 28 ej
591 1026 86 22 kunnat
692 1027 83 28 antaga
790 1026 42 22 den

210 1060 84 28 nädiga
306 1060 165 28 propositionen
487 1061 141 27 oförändrad,
643 1061 35 28 för
693 1061 35 22 sin
740 1061 33 22 del
782 1061 49 28 god-

212 1094 55 22 känt
280 1094 99 28 följande

347 1140 122 30 Förordning,
487 1140 132 25 innehållande
634 1141 64 29 tillägg
714 1141 27 23 till
757 1141 15 30 &
788 1141 42 25 33i

277 1175 135 29 förordningen
433 1176 36 22 den
489 1176 26 23 23
531 1176 52 23 Mars
599 1176 56 26 1868,
671 1176 98 29 angående
786 1177 44 23 vat-

276 1210 131 28 tenledningar
423 1210 35 23 och
477 1211 118 23 vattenverk.

278 1250 135 28 Härigenom
428 1250 79 22 varder
522 1251 107 28 stadgadt,
646 1252 32 21 att
692 1251 30 21 33
737 1253 17 24 $
769 1252 7 21 i
787 1251 43 28 för-

208 1284 130 29 ordningen,
358 1285 113 28 angående
489 1285 191 29 vattenledningar
697 1286 37 22 och
749 1287 80 21 vatten-

207 1319 55 28 verk,
278 1319 74 28 gifven
368 1320 41 21 den
424 1320 31 21 23
471 1320 62 22 Mars
549 1320 64 28 1868,
629 1320 54 22 skall
698 1320 82 22 erhålla
789 1320 39 28 föl-

202 1353 71 28 jande
287 1354 135 28 förändrade
437 1354 90 28 lydelse:

413 1402 17 24 $
444 1400 37 22 33.

275 1434 50 23 Har
340 1435 123 22 vattenverk
478 1434 70 29 blifvit
563 1436 90 28 anlagdt
669 1436 32 27 på
715 1435 74 29 grund
804 1436 27 28 af

206 1471 30 20 ett
257 1470 9 21 i
287 1469 131 28 förenämnd
438 1470 97 29 ordning
553 1471 120 22 meddeladt
691 1471 77 28 utslag,
783 1477 43 15 som
