1056 1725
260 115 65 23 Ständ.
341 114 31 25 Sv.
388 127 27 3 —
432 115 55 29 Prop.
503 114 32 24 N:o
550 114 33 24 38.
754 116 28 22 13

190 181 40 22 den
252 181 48 21 eller
322 181 25 21 de
369 181 114 21 utländska
503 181 114 27 tidningar,
636 181 9 21 i
663 181 70 22 hvilka
748 181 63 27 enligt

189 215 139 22 lånevilkoren
350 215 57 21 lånet
421 215 92 22 rörande
528 215 217 27 tillkännagifvanden
761 216 50 21 böra

190 250 58 27 ingå.

465 306 16 29 $
495 308 38 21 23.

260 357 124 23 Förordnar
406 360 105 25 guvernör
533 360 31 20 att
581 359 92 27 jernväg
695 359 54 22 skall
762 360 53 27 gå
804 353 15 38 i

191 394 45 21 mät
250 393 34 26 för
297 393 57 27 gäld,
371 392 48 22 eller
433 393 76 21 varder
521 393 91 27 jernväg
628 393 31 22 till
673 393 94 22 konkurs
783 395 32 26 af-

192 427 69 26 trädd,
282 427 123 22 underrätte
419 429 131 25 guvernören
565 427 48 22 eller
627 427 188 23 konkursdomsto-

192 462 32 21 len
244 462 70 21 derom
328 463 77 26 genast
414 462 131 27 jernvägens
561 461 187 29 lagfartsdomstol,
764 463 51 22 hvil-

192 497 38 21 ken
252 496 34 22 det
305 496 80 28 åligger
401 498 32 19 att
449 503 33 15 om
497 497 142 26 förhållandet
651 499 52 26 göra
720 497 96 22 anmärk-

192 531 52 28 ning
259 531 9 21 i
281 531 185 27 fastighetsboken.

365 594 119 22 Särskilda
499 593 145 29 stadganden.

470 652 16 28 $
501 654 36 20 24.

263 704 95 28 Jernväg
369 704 129 28 underlyder
507 705 10 21 i
526 705 99 27 lagfarts-
635 705 36 21 och
679 705 139 27 intecknings-

198 739 92 22 ärenden
306 739 163 27 rådstufvurätt
483 739 8 21 i
506 739 40 21 den
561 739 50 22 stad
624 739 37 21 vid
665 739 117 27 jernvägen
793 739 26 21 el-

198 774 29 21 ler
241 774 9 20 i
264 774 48 21 dess
327 773 81 27 närhet,
425 780 46 15 som
487 774 27 26 af
524 773 104 28 Kejsaren
639 774 36 21 och
686 773 134 27 Storfursten

198 808 36 22 vid
248 808 275 27 anläggningstillständets
537 808 134 22 meddelande
687 808 107 22 bestämts.

267 842 113 22 Klandras
403 842 94 22 åtkomst
519 842 32 22 till
568 843 123 27 jernvägen,
706 842 49 22 eller
769 849 52 20 upp-

198 878 48 21 står
262 877 50 22 tvist
328 884 32 15 om
374 877 123 27 giltigheten
515 877 27 27 af
553 877 65 22 skedd
627 877 124 28 inteckning,
763 877 58 22 döme

199 912 70 21 derom
284 918 82 15 samma
379 913 51 20 rätt.

478 975 16 28 $
508 977 37 20 25.

270 1027 80 22 Såsom
361 1027 234 28 jernvägsaktiebolags
609 1027 87 22 hemvist
711 1034 62 15 anses
784 1027 39 21 den

201 1064 39 25 ort,
257 1062 36 21 der
308 1062 93 27 bolagets
416 1062 90 27 styrelse
520 1062 39 22 har
574 1062 38 21 sitt
625 1063 52 20 säte.

269 1095 146 28 Förpligtelse,
443 1103 48 15 som
513 1097 64 26 enligt
600 1096 69 22 denna
688 1095 34 28 lag
745 1095 80 28 åligger

202 1137 60 21 egare
285 1131 27 27 af
322 1131 97 27 jernväg,
435 1131 57 22 skall
505 1131 34 27 för
556 1131 114 27 aktiebolag
685 1130 102 28 fullgöras
803 1130 26 27 af

201 1166 154 21 verkställande
376 1166 138 22 medlemmen
535 1166 9 20 i
558 1166 49 21 dess
622 1165 92 28 styrelse.
744 1164 81 22 Finnes

202 1200 19 27 e
242 1200 71 22 sådan
331 1200 82 27 utsedd,
429 1207 51 15 vare
495 1200 96 28 samtlige
605 1200 221 28 styrelsemedlemmar

202 1234 34 27 för
250 1234 142 28 fullgörandet
408 1236 119 27 ansvarige.

482 1304 16 28 $
513 1305 38 21 26.

272 1354 34 22 De
328 1357 100 19 närmare
447 1355 163 27 föreskrifterna
630 1354 108 28 angående
752 1355 74 27 fastig-

204 1388 120 22 hetsbokens
338 1389 125 22 inrättande
480 1389 36 22 och
530 1389 89 27 förande
633 1389 106 22 meddelas
753 1389 27 27 af
791 1388 36 23 Se-

204 1425 69 20 naten.
