1056 1725
396 136 72 22 Ständ.
485 136 32 21 Sv.
529 147 25 4 —
571 136 59 27 Prop.
647 136 34 22 N:o
697 136 31 22 17.

857 206 43 9 anm
908 199 38 16 fult

860 217 48 10 TLLVI

599 240 110 21 esegarens
723 233 101 21 hemland
833 233 113 28 erfordras

322 267 41 28 för
378 270 30 18 att
423 267 74 21 bereda
513 267 68 28 skydd
596 268 23 20 åt
633 268 141 26 varumärket,
791 270 55 18 samt
857 268 89 28 uppgift

326 303 12 19 å
354 305 27 18 ett
395 302 41 21 här
451 303 8 20 i
476 303 70 20 landet
561 303 67 20 bosatt
643 303 81 26 ombud,
740 310 43 14 som
799 311 48 20 eger
857 305 30 19 att
897 303 49 21 här-

325 337 69 20 städes
410 337 13 20 å
439 337 118 21 sökandens
571 339 84 26 vägnar
665 345 63 14 svara
739 338 8 20 i
758 338 45 25 allt,
813 337 56 22 hvad
884 345 62 13 varu-

326 371 79 20 märket
420 372 76 26 angår.

601 440 16 26 $
635 441 34 19 10.

395 496 53 25 Den,
472 503 43 14 som
530 497 13 20 å
558 503 59 19 vara,
641 496 83 21 hvilken
747 497 33 20 till
802 497 47 20 salu
873 497 71 24 hålles,

327 530 122 27 obehörigen
473 530 36 21 och
523 531 8 20 i
546 530 77 27 sviklig
646 530 70 27 afsigt
731 532 66 19 sätter
812 537 84 14 annans
912 538 33 13 en-

327 564 39 28 ligt
381 565 68 21 denna
462 565 134 27 förordning
611 565 109 27 skyddade
730 565 133 26 varumärke,
875 566 24 20 så
910 565 36 21 ock

327 599 40 21 den
390 606 43 14 som
455 599 34 21 till
510 600 48 20 salu
580 599 69 21 håller
672 600 50 20 eller
744 600 8 20 i
779 600 80 27 omlopp
883 602 64 18 sätter

328 640 57 19 vara,
401 634 84 20 hvilken
507 634 74 20 honom
597 634 112 26 veterligen
724 634 72 27 blifvit
815 633 130 28 falskeligen

327 668 45 20 med
388 668 67 27 dylikt
470 668 72 20 märke
553 668 98 27 försedd,
668 668 91 27 straffas
770 668 47 20 med
827 668 56 20 böter
889 668 58 27 från

324 702 76 26 femtio
416 702 33 21 till
464 702 37 21 och
515 702 46 20 med
583 704 80 19 ettusen
684 702 62 20 mark
766 702 50 21 eller
835 702 46 21 med
892 702 55 27 fän-

328 736 54 26 gelse
397 737 8 20 i
420 737 60 27 högst
496 739 27 18 ett
538 738 38 23 år;
592 739 76 18 ersätte
683 736 37 21 ock
736 737 32 20 all
783 736 74 21 skada.

400 781 65 25 Vara,
478 782 92 26 försedd
585 782 46 20 med
645 781 41 21 här
701 782 8 20 i
723 782 72 20 landet
811 782 137 27 registreradt

328 815 102 21 inhemskt
452 815 131 25 varumärke,
605 818 26 18 är
654 816 33 20 till
709 816 94 27 införsel
821 815 125 27 förbjuden,

333 850 74 21 såvida
429 850 46 21 icke
496 850 160 28 märkesegaren
679 850 71 21 dertill
769 850 111 27 bevisligen
894 856 54 15 sam-

330 884 76 27 tycker.
437 885 54 20 Sker
506 885 67 20 sådan
590 885 93 27 införsel
693 885 71 25 likväl,
776 885 56 20 skall
843 885 39 20 den
892 884 55 28 skyl-

331 919 48 28 dige
401 919 91 28 straffas
507 920 68 20 såsom
593 919 42 27 för
657 919 72 28 oloflig
744 919 151 27 varuinförsel,
912 919 35 21 och

330 961 72 18 varan,
419 954 100 27 antingen
535 961 76 20 egaren
627 954 72 21 dertill
714 953 113 28 anträffas
839 953 49 20 eller
897 953 50 26 icke,

325 988 116 27 förklaras
452 988 121 27 förbruten.

399 1029 110 27 Olagligen
520 1029 91 27 anbragt
621 1029 126 20 varumärke
758 1029 57 20 skall
821 1029 58 27 från
889 1036 58 18 vara,

329 1070 42 13 som
388 1063 92 27 befinner
495 1063 33 28 sig
543 1063 8 21 i
566 1064 40 20 den
621 1063 112 28 sakfäldes
752 1064 51 20 eller
819 1063 129 28 beslagtaga-

330 1104 48 14 rens
393 1097 118 28 besittning,
527 1098 100 27 utplånas
643 1098 50 20 eller
707 1098 118 27 aflägsnas.
848 1097 53 21 Kan
915 1098 33 20 sä-

330 1132 52 20 dant
397 1132 45 21 icke
457 1132 40 26 ske,
514 1132 36 21 bör
564 1139 68 14 varan
644 1133 117 27 förstöras.

399 1171 64 21 Hvad
478 1172 8 20 i
501 1172 69 21 denna
585 1173 15 27 $
615 1173 94 27 stadgas,
717 1172 56 21 skall
787 1172 37 21 ock
835 1172 112 28 tillämpas,

330 1208 42 18 när
387 1207 12 19 å
415 1213 52 14 vara
483 1207 134 27 uppsåtligen
632 1208 63 19 sättes
710 1206 78 26 märke,
800 1213 44 14 som
860 1206 40 21 har
915 1207 33 20 så-

331 1240 41 20 dan
390 1240 63 21 likhet
467 1241 46 20 med
535 1248 84 14 annans
639 1241 166 27 inregistrerade
824 1241 125 21 varumärke

331 1277 30 18 att
373 1275 124 27 förvexling
513 1276 38 20 lätt
567 1276 42 20 kan
625 1276 40 20 ske.

605 1351 15 25 $
639 1352 32 18 11.

400 1407 77 21 Denna
489 1408 132 26 förordning
637 1408 85 27 medför
737 1408 20 26 ej
773 1408 94 26 ändring
883 1408 7 19 i
904 1408 45 26 gäl-

332 1442 63 20 lande
406 1441 176 28 författningars
593 1442 121 27 föreskrift
724 1442 76 25 derom,
809 1444 31 18 att
850 1441 99 28 innehaf-
