1056 1725
283 105 66 24 Ständ.
365 105 32 23 Sv.
411 117 29 4 —
455 104 55 30 Prop.
526 104 32 24 N:o
573 104 34 24 36.
784 106 11 21 7

65 173 40 21 bär
126 173 32 21 ett
179 172 115 27 väsentligt
314 170 86 28 inträng
415 172 8 21 i
438 170 83 23 enskild
543 170 133 28 eganderätt,
699 170 24 22 sä
742 171 84 27 mycket

66 206 147 27 betänkligare
228 212 46 16 som
286 205 183 28 jernvägsföretag
484 206 7 21 i
507 204 48 22 värt
570 204 51 22 land
636 205 122 27 antagligen
772 205 54 22 först

66 240 55 22 efter
143 240 73 28 längre
230 240 43 22 tids
288 240 84 27 förlopp
388 240 61 21 skola
469 239 72 22 kunna
556 239 53 21 bära
624 239 70 27 skälig
708 241 63 20 ränta
787 240 39 22 och

66 274 111 28 återgälda
192 275 90 27 tidigare
296 274 109 27 förluster,
421 274 68 27 ligger
505 274 37 21 det
556 274 45 27 vigt
616 273 57 28 uppå
687 274 33 21 att
735 274 46 22 icke
797 274 30 22 al-

66 310 70 21 lenast
155 309 150 27 tidsförloppet
324 311 52 20 utan
392 309 39 22 ock
447 308 74 27 sjelfva
535 308 60 22 lösen
609 308 48 22 icke
671 308 106 23 beräknas
793 309 34 21 för

66 344 51 27 lägt.
147 344 51 22 Med
220 343 100 22 afseende
342 343 68 28 härpä
429 342 64 23 hafva
511 343 121 21 Ständerna
646 344 78 26 ansett,
741 345 33 20 att
789 344 38 21 der

67 379 81 22 inlösen
164 378 23 22 af
200 378 83 22 enskild
296 378 90 27 jernväg
400 383 50 22 eger
465 383 46 16 rum
527 378 64 21 innan
607 377 73 22 femtio
694 377 25 22 är
728 377 98 28 förflutit,

68 413 55 22 efter
138 413 37 21 det
190 412 70 28 någon
275 413 34 21 del
324 412 23 22 af
361 412 70 22 banan
447 412 33 21 för
495 411 64 22 trafik
570 413 97 26 öppnats,
679 412 40 22 den
727 413 32 21 uti
769 413 58 21 förra

68 447 135 22 alternativet
217 447 7 22 i
238 447 172 27 propositionens
425 446 11 27 $
453 447 28 21 32
496 447 81 21 utsatta
591 446 61 22 lösen
669 447 39 21 bör
723 447 60 28 höjas
794 447 33 22 till

68 482 72 21 trettio
160 481 80 28 gånger
258 481 118 27 företagets
398 480 101 23 behållna
521 481 68 27 årliga
611 481 165 23 medelinkomst
793 481 34 22 för

69 517 26 20 de
109 515 176 28 nästföregående
300 515 43 22 fem
360 515 57 22 åren.

138 551 84 27 Nödiga
243 551 132 27 stadganden
397 557 35 15 om
456 551 48 27 laga
523 550 92 22 domstol
630 551 7 21 i
652 550 115 28 fordrings-
787 551 40 22 och

70 585 177 27 ersättningsmål,
263 592 46 15 som
324 586 23 21 af
360 585 93 22 enskildt
465 584 184 28 jernvägsföretag
659 585 94 28 härröra,
764 585 64 22 hafva

69 620 108 27 upptagits
192 620 7 21 i
214 626 27 16 en
256 620 92 22 särskild
363 620 102 27 paragraf
477 620 55 21 efter
547 618 11 28 $
573 620 36 21 33.

138 654 173 27 Propositionens
326 654 12 27 $
353 654 29 22 34
396 654 40 22 har
451 654 171 22 omformulerats
636 654 8 20 i
659 654 54 27 syfte
729 655 32 21 att
773 654 56 22 före-

70 688 69 28 bygga
161 689 36 21 det
218 688 134 28 Regeringen
374 688 47 22 icke
443 688 67 22 måtte
529 688 59 22 finna
603 689 32 27 sig
649 688 24 22 af
685 688 44 27 $:ns
745 688 84 28 ordaly-

71 723 58 21 delse
148 722 91 22 hindrad
258 724 39 26 att,
313 723 39 21 der
368 723 208 27 omständigheterna
591 722 36 22 det
641 722 92 28 påkalla,
748 722 81 28 utgifva

72 758 118 27 ersättning
208 757 34 21 för
256 757 128 27 krigsskada
398 756 13 22 å
427 757 83 22 enskild
523 757 96 27 jernväg,
635 757 118 28 hvarjemte
768 757 61 21 Stän-

72 792 66 20 derna
153 797 76 21 genom
244 792 32 21 sin
291 791 140 27 formulering
447 791 23 21 af
483 791 127 27 paragrafen
625 791 62 22 äfven
702 792 57 21 velat
777 792 53 21 und-

71 825 49 22 vika
140 825 41 22 den
195 826 146 26 misstydning,
358 827 33 20 att
405 826 48 21 icke
468 825 71 27 någon
554 832 46 15 som
615 826 56 22 helst
686 826 82 27 åtgärd,
784 832 45 15 som

72 859 105 28 påkallats
192 859 23 22 af
228 860 83 22 landets
326 860 89 27 försvar,
431 860 70 21 skulle
515 860 108 27 berättiga
637 860 33 22 till
687 860 142 28 godtgörelse,

72 893 77 23 medan
164 894 55 22 dock
233 894 12 27 $
260 894 28 22 23
303 894 87 27 stadgar
405 896 32 20 ett
452 895 109 26 undantag
575 894 48 22 från
638 895 69 21 denna
722 895 57 27 regel
791 895 39 21 och

73 928 67 22 andra
154 929 113 22 afvikelser
282 929 62 22 äfven
359 929 138 22 förekomma.

141 962 136 23 Beträffande
292 963 171 27 propositionens
478 962 12 28 $
505 963 28 21 35
548 962 63 22 hafva
627 963 119 22 Ständerna
756 963 75 22 endast

73 998 54 20 trott
149 997 32 27 sig
199 997 53 22 böra
271 997 75 27 uttala,
362 999 32 20 att
410 997 26 22 de
451 997 8 22 i
474 1003 75 16 senare
564 1003 64 16 mom.
644 997 23 22 af
680 998 66 27 sagda
760 997 12 28 $
787 1003 45 16 om-

73 1031 106 22 förmälda
195 1031 135 22 föreskrifter
346 1031 120 27 antagligen
482 1031 61 22 skola
557 1031 24 22 af
595 1031 91 22 Senaten
700 1032 109 21 meddelas
825 1032 7 21 i

73 1065 56 22 form
150 1066 24 21 af
195 1072 26 15 en
244 1066 79 21 allmän
345 1065 127 28 författning
487 1065 52 22 eller
555 1065 128 23 ätminstone
699 1067 6 21 i
721 1067 111 21 enahanda

74 1100 90 27 ordning
179 1099 166 28 offentliggöras.

143 1134 104 28 Slutligen
267 1135 63 22 hafva
348 1135 119 22 Ständerna
482 1135 47 22 icke
543 1135 83 22 kunnat
640 1135 69 22 lemna
725 1135 107 23 obeaktad

74 1168 75 28 frågan
172 1168 80 27 derom,
267 1170 7 20 i
289 1169 56 21 hvad
367 1175 49 15 mon
437 1169 114 27 anläggare
573 1169 40 22 och
635 1176 63 20 egare
713 1169 24 22 af
749 1170 84 22 enskild

72 1204 89 26 jernväg
182 1205 38 19 äro
240 1203 96 28 skyldige
354 1205 32 20 att
400 1210 35 15 om
451 1204 26 21 de
492 1204 35 21 vid
542 1204 107 27 företäget
663 1204 121 27 sysselsatte
800 1210 33 16 ar-

74 1237 74 21 betare
171 1237 66 27 draga
259 1238 91 27 försorg.
380 1238 11 21 I
406 1238 118 22 motiverna
541 1238 33 22 till
590 1238 41 22 den
645 1238 78 28 nädiga
737 1239 96 27 proposi-

74 1272 73 21 tionen
162 1272 86 26 uttalas,
264 1273 32 21 att
310 1272 161 28 lagstiftningen
488 1278 33 16 om
535 1272 175 28 jernvägsegares
726 1273 107 27 ansvarig-

74 1306 38 21 het
130 1306 34 22 för
184 1306 73 28 skada,
273 1313 45 15 som
334 1306 68 22 under
414 1306 180 28 jernvägsdriften
609 1307 125 27 tillskyndas
750 1307 13 21 &
775 1308 59 27 jern-

75 1342 67 26 vägen
164 1340 115 22 befordrad
299 1341 53 21 eller
368 1341 37 21 der
419 1342 86 21 anstäld
520 1347 77 21 person
613 1342 52 21 eller
680 1342 67 22 andra
761 1348 73 21 perso-

74 1381 39 15 ner
136 1374 52 22 eller
210 1375 62 22 deras
292 1375 111 27 egendom,
419 1377 81 20 ansetts
515 1376 54 21 böra
583 1376 67 22 blifva
663 1382 122 22 gemensam
800 1376 34 22 för

75 1409 42 22 alla
136 1409 120 28 jernvägar,
279 1410 88 22 hvarför
390 1410 57 22 detta
469 1412 62 20 ämne
550 1410 47 22 icke
615 1410 66 28 gjorts
696 1410 33 22 till
744 1410 91 22 föremäl
