1056 1725
399 119 40 21 N:o
456 120 34 20 34.
772 121 25 20 27

67 189 75 25 export
165 188 91 20 afsedda
279 190 106 23 trävaror,
409 188 40 20 har
471 188 62 20 Hans
550 188 103 27 Majestät
668 188 71 22 funnit
752 190 80 26 jemväl

66 222 77 26 frägan
168 228 33 15 om
226 222 36 21 det
282 222 155 26 jemförelsevis
462 222 68 26 dryga
553 222 121 22 kostnader
690 223 141 22 erfordrande

64 251 187 32 jernväesspärets
275 256 110 27 dragande
406 256 33 21 till
461 257 101 21 Wasklot
577 256 34 21 för
627 258 136 21 närvarande
779 259 53 21 böra

67 291 91 20 förfalla.

140 331 33 21 Då
197 331 120 21 emellertid
341 331 42 21 den
399 331 90 26 brygga,
507 332 12 20 å
535 331 88 21 hvilken
637 331 119 27 jernvägen
772 333 7 20 i
795 333 36 20 Ni-

68 365 109 22 kolaistad
200 368 120 24 utmynnar,
344 366 94 26 intygats
463 372 54 14 vara
541 365 34 21 för
596 366 91 21 trafiken
703 366 64 27 högst
782 367 50 21 obe-

69 403 67 24 qväm,
160 401 40 20 har
219 401 118 26 jernvägen
355 400 7 21 i
378 400 42 21 alla
437 400 38 21 fall
493 402 83 19 ansetts
592 400 53 21 böra
661 401 122 21 utsträckas
798 401 34 21 till

69 441 26 15 en
111 435 7 21 i
134 436 60 21 detta
215 435 99 20 afseende
331 435 128 26 lämpligare
476 435 69 26 punkt
561 435 58 20 inom
635 436 82 21 staden.
750 436 32 21 En
798 436 34 21 så-

70 470 40 20 dan
134 470 70 26 punkt
223 469 101 27 erbjuder
346 469 32 27 sig
393 470 36 21 vid
445 470 90 21 stadens
552 464 102 32 packhus,
671 470 64 21 hvars
751 471 82 26 brygga

70 505 38 20 har
128 511 26 14 en
170 505 64 25 längd
251 504 22 20 af
288 505 40 20 450
344 504 32 21 fot
392 505 50 20 med
458 506 33 19 ett
506 505 134 26 vattendjup,
657 505 28 25 på
701 506 26 19 20
743 505 42 21 fots
802 505 31 21 af-

71 539 63 20 stånd
157 539 48 20 från
225 539 69 26 kajen,
312 539 23 20 af
351 540 26 19 14
393 539 34 20 till
445 540 25 19 16
487 539 37 21 fot,
541 539 78 20 medan
634 539 199 27 jernvägsbryggan

72 575 23 19 är
118 573 78 21 endast
212 574 41 20 200
269 573 31 21 fot
316 573 50 27 lång
382 573 40 21 och
438 575 28 25 på
483 574 26 20 20
525 573 42 21 fots
583 573 87 21 afstånd
685 573 40 22 har
741 576 31 19 ett
787 575 46 20 vat-

71 608 89 26 tendjup
184 608 22 20 af
228 608 76 20 endast
326 609 25 19 10
367 608 38 21 fot.
437 608 83 21 Genom
538 610 31 19 ett
585 608 72 26 bispår
674 608 31 21 till
722 608 41 22 den
779 615 16 15 s.
811 608 21 21 k.

72 643 91 20 svenska
185 642 102 27 bryggan,
311 648 45 15 som
381 644 22 19 är
428 644 41 20 265
495 643 31 21 fot
547 643 51 26 lång
613 643 48 21 med
679 644 24 20 10
719 643 14 21 å
750 644 25 20 13
791 643 42 21 fots

71 677 126 27 vattendjup
220 677 28 26 på
267 678 27 20 20
310 677 42 21 fots
369 676 92 26 afstånd,
479 678 42 20 kan
537 677 187 27 beqvämligheten
740 678 33 20 för
789 679 44 20 tra-

71 711 55 21 fiken
143 712 127 26 ytterligare
287 712 60 20 ökas.

144 752 31 21 På
194 754 42 19 sätt
252 752 64 21 ofvan
333 752 90 26 anförts,
441 752 51 27 ingå
509 753 62 20 dessa
583 752 150 26 sträckningar
749 752 31 21 uti
796 752 37 21 det

71 786 131 27 ifrågasatta
224 787 140 26 hamnspåret
388 787 32 20 till
436 787 101 21 Wasklot
554 787 39 21 och
609 786 64 21 hafva
689 787 22 20 af
726 788 107 26 ortsmyn-

73 822 126 26 digheterna
214 823 82 19 ansetts
313 821 53 21 böra
381 821 88 21 komma
485 822 33 20 till
535 820 121 27 utförande,
673 821 62 21 äfven
746 821 34 21 för
791 821 41 21 den

71 856 102 21 händelse
189 857 32 20 att
236 856 140 26 hamnspåret
392 856 76 21 leddes
485 856 32 21 till
533 856 94 21 Brändö.

144 897 103 26 Längden
263 897 23 20 af
300 897 72 20 denna
389 897 131 26 anläggning
537 897 70 20 blefve
623 896 98 27 omkring
737 896 28 27 3/4
775 897 58 20 verst

72 931 39 21 och
136 931 263 27 anläggningskostnaden
425 933 24 19 är
476 931 112 21 beräknad
614 931 33 20 till
670 931 78 26 51,000
764 931 68 25 mark,

72 965 78 21 hvaraf
170 967 28 25 på
221 967 73 25 spåret
316 966 33 21 till
371 966 122 27 packhuset
516 965 86 21 komma
625 966 76 25 48,000
717 965 61 21 mark
794 965 39 21 och

72 1001 27 26 på
114 1000 98 27 bispåret
228 1000 31 21 till
276 1001 93 20 svenska
384 1001 98 26 bryggan
497 1001 66 26 3,000
579 1000 68 21 mark.

143 1041 61 20 Hans
227 1040 120 27 Kejserliga
370 1041 105 26 Majestät
497 1041 41 20 har
559 1040 84 21 derföre
664 1040 58 21 velat
744 1040 7 21 i
767 1039 67 22 nåder

72 1075 90 21 föreslå:

280 1152 32 19 att
332 1149 326 22 Tammerfors—Nikolaistads
671 1149 97 27 jernväg,
784 1149 49 21 med

209 1185 70 21 vilkor
295 1187 33 19 att
343 1185 151 21 Nikolaistads
505 1185 102 21 kommun
618 1184 152 21 kostnadsfritt
780 1190 53 20 upp-

210 1219 56 21 låter
289 1219 33 21 för
338 1219 126 21 ändamålet
479 1219 66 27 nödig
561 1219 62 21 mark
639 1219 39 21 och
694 1218 139 27 fyllnadsäm-

210 1260 48 20 nen,
278 1254 58 21 inom
352 1254 139 21 sistnämnda
507 1254 48 20 stad
566 1253 122 21 utsträckes
699 1253 34 21 till
744 1253 89 21 stadens

210 1288 95 27 packhus
325 1288 41 22 och
386 1290 33 20 att
435 1290 32 20 ett
483 1290 50 25 spår
549 1288 49 21 från
615 1288 70 21 denna
700 1288 87 20 sträcka
802 1287 30 21 le-

211 1323 38 21 des
272 1323 34 21 till
329 1324 41 20 den
387 1330 16 14 s.
419 1323 22 21 k.
458 1323 93 21 svenska
566 1323 95 27 bryggan
677 1322 59 21 invid
751 1328 82 15 samma

210 1358 59 26 stad;
286 1360 57 19 samt
