1056 1725
260 114 31 42 v.
305 134 82 23 B.—
468 138 34 24 p.
519 137 50 19 n:o
585 132 46 22 31.

342 522 246 21 Ekonomiutskottets
595 521 148 22 betänkande
753 521 32 21 N:o
795 521 30 25 14,

274 557 6 21 i
304 557 99 27 anledning
425 556 22 22 af
469 556 48 22 Hans
541 556 105 28 Kejserliga
670 554 95 29 Majestäts
793 554 33 22 nä-

276 591 42 28 diga
342 591 113 28 proposition
475 591 33 21 N:o
524 591 32 26 31,
572 590 92 28 angående
680 589 57 28 skydd
753 589 29 21 för
797 596 30 15 ar-

276 626 62 21 betare
353 626 6 20 i
375 626 20 20 de
411 625 112 21 industriela
537 626 78 27 yrkena.

139 722 164 23 Förevarande
329 722 85 29 nådiga
441 722 146 29 proposition
609 723 42 22 har
673 722 26 22 af
719 722 109 30 samtliga

72 758 68 22 stånd
163 754 86 29 blifvit,
272 758 8 20 i
304 756 108 22 afseende
436 757 14 21 &
472 756 137 30 beredning,
631 758 140 28 hänskjuten
794 757 36 22 till

71 792 239 27 Ekonomiutskottet,
326 798 48 15 som
390 798 84 22 genom
488 792 213 28 protokollsutdrag
711 792 53 21 från
774 791 57 22 Rid-

72 826 124 29 derskapet
218 825 44 22 och
284 825 77 22 Adeln
383 827 60 20 samt
465 825 197 29 Borgareståndet
685 826 92 22 erhållit
793 826 38 22 del

73 860 27 23 af
120 860 28 22 de
172 860 40 22 vid
234 860 188 29 propositionens
437 860 166 22 remitterande
618 860 9 22 i
641 860 106 22 bemälda
763 860 68 22 stånd

72 895 126 22 förefallna
220 894 162 22 diskussioner.
411 894 36 21 På
469 894 74 22 skedd
561 895 110 21 anhållan
685 895 43 21 har
742 895 90 21 utskot-

73 931 35 20 tet
115 929 88 29 jemväl
213 928 53 22 från
276 928 131 29 Kejserliga
418 928 103 22 Senaten
531 929 46 21 fått
588 931 116 27 emottaga
711 929 20 28 ej
741 928 90 22 mindre

74 966 34 19 ett
125 962 243 26 komitébetänkande,
383 963 30 28 på
428 963 93 22 hvilket
535 963 40 22 det
589 963 88 29 förslag
691 963 36 22 till
743 963 88 22 förord-

74 998 64 29 ning,
156 1005 50 14 som
221 998 68 28 ingår
303 997 9 22 i
328 997 44 22 den
387 997 88 29 nådiga
488 997 173 29 propositionen
672 1001 25 18 är
707 997 124 29 grundadt,

75 1032 120 22 äfvensom
210 1031 114 22 särskilda
338 1031 41 22 vid
394 1031 165 29 lagförslagets
569 1031 128 29 beredning
708 1031 124 22 tillkomna

74 1066 148 29 handlingar,
238 1069 30 18 än
282 1065 171 22 underrättelse
469 1067 35 20 att
518 1065 41 22 vid
573 1066 185 29 propositionens
773 1073 58 21 upp-

75 1100 103 30 görande
202 1100 9 21 i
232 1099 125 30 kejserliga
382 1099 103 22 Senaten
509 1100 79 29 någon
613 1100 143 28 omröstning
780 1099 52 22 icke

75 1135 119 22 förefallit.

145 1300 231 29 Lagbestämningar,
399 1307 50 15 som
471 1302 62 20 sätta
555 1308 29 14 en
599 1304 68 26 gräns
683 1300 36 22 för
733 1299 100 23 minder-

77 1335 75 29 åriges
175 1334 154 22 användande
351 1335 9 21 i
374 1334 149 29 yrkesarbete
538 1334 41 22 vid
594 1334 79 22 alltför
687 1334 61 29 tidig
763 1333 70 28 ålder,

77 1370 84 22 saknas
176 1369 52 22 icke
242 1369 9 21 i
266 1369 42 21 vår
322 1368 140 29 föregående
477 1368 158 30 lagstiftning.
654 1368 81 22 Redan
749 1369 10 21 i
771 1368 62 22 skrå-

77 1403 131 29 ordningen
230 1403 27 22 af
277 1404 25 20 år
318 1404 52 22 1621
387 1402 155 22 förekommer
557 1410 29 14 en
601 1402 131 30 antydning
746 1402 87 22 härom.

77 1438 12 22 I
112 1439 56 22 1720
191 1438 36 21 års
250 1436 154 30 skråordning
427 1436 125 30 stadgades
575 1439 35 20 att
624 1444 79 22 gossar
717 1436 74 23 under
807 1438 27 21 14

146 1477 202 19 Ekonomiutskottets
360 1477 122 19 betänkande
495 1483 31 12 n:o
539 1478 26 17 14.
