1056 1725
404 111 38 21 N:o
461 112 33 20 36.
772 105 28 37 9

417 192 24 20 18
463 191 18 27 &.

141 226 19 26 Ä
184 231 94 21 Senaten
299 231 124 21 ankommer
440 234 33 18 att
489 238 76 20 genom
582 232 131 26 reglemente
729 230 101 22 meddela

68 266 27 22 de
118 268 101 19 närmare
239 266 160 27 bestämningar
416 267 112 25 angående
544 266 71 20 banan
631 266 39 20 och
685 265 145 28 jernvägsfor-

68 301 72 21 donen
164 304 57 18 samt
240 307 89 20 person-
345 301 39 20 och
400 301 178 26 godsbefordran,
595 307 45 15 som
657 301 32 20 för
706 301 123 20 åstadkom-

68 337 78 20 mande
170 336 24 21 af
213 336 42 27 god
277 336 90 27 ordning
383 337 39 20 och
439 337 102 20 säkerhet
557 336 35 21 vid
606 337 129 26 jernvägens
752 336 78 26 begag-

68 371 70 21 nande
154 370 69 21 finnas
239 371 85 26 nödiga.

417 435 24 19 19
461 434 17 27 $.

142 473 104 22 Vilkoren
266 474 39 21 och
321 473 114 27 afgifterna
451 474 34 21 för
502 474 116 21 befordran
635 474 23 20 af
672 480 102 20 personer
791 474 39 21 och

69 509 55 26 gods
141 510 13 20 å
170 509 83 21 enskild
267 509 89 27 jernväg
367 509 126 27 fastställas,
506 510 69 20 under
589 510 141 25 iakttagande
742 509 23 21 af
773 509 57 21 hvad

69 543 7 21 i
93 545 27 19 20
136 544 40 20 och
197 545 25 19 21
240 543 24 28 $$
281 544 94 27 stadgas,
392 550 76 20 genom
486 544 197 27 trafikreglemente
700 544 39 21 och
756 544 73 21 trafik-

69 580 59 26 taxa,
152 585 47 14 som
222 578 28 27 på
264 578 193 27 jernvägsegarens
474 578 160 27 framställning
650 579 23 21 af
688 579 92 21 Senaten
797 580 33 20 ut-

70 613 82 21 färdas.
183 613 61 21 Dock
259 614 35 20 må
310 613 121 27 föreslagen
445 613 62 27 afgift
520 614 46 20 icke
578 614 112 20 nedsättas
701 614 69 20 under
782 614 48 25 den,

71 653 45 15 som
133 647 33 21 för
183 648 114 20 enahanda
313 648 115 20 befordran
445 648 36 20 vid
498 648 197 26 statsjernvägarne
711 648 75 26 gäller.

140 682 25 27 Ej
189 684 34 19 må
244 682 237 27 jernvägsförvaltning
505 685 66 24 vägra
595 685 32 19 att
651 685 44 19 mot
715 682 116 22 faststälda

71 716 88 27 afgifter
183 717 40 21 och
242 717 67 21 under
326 718 25 20 de
367 717 7 21 i
390 717 141 27 reglementet
547 718 103 26 stadgade
666 718 71 20 vilkor
752 724 79 20 person

70 751 53 21 eller
139 752 54 26 gods
208 751 33 21 till
257 751 117 21 befordran
391 754 104 24 mottaga.

417 822 27 20 20
465 821 19 27 8.

140 861 140 21 Förkommer
304 860 52 22 eller
379 861 80 21 skadas
483 862 59 26 gods,
566 868 44 15 som
627 863 24 19 är
667 861 32 21 till
716 861 115 21 befordran

72 897 12 20 å
106 896 92 27 jernväg
220 897 112 25 mottaget,
356 902 49 14 vare
423 897 132 25 jernvägens
573 902 62 21 egare
652 896 83 27 skyldig
750 898 33 18 att
798 902 33 15 er-

72 931 57 20 sätta
152 929 104 22 förlusten
280 930 53 21 eller
351 930 90 25 skadan,
463 930 25 21 så
504 931 66 20 framt
586 931 40 20 den
643 930 48 21 icke
706 930 125 21 tillkommit

71 971 78 20 genom
172 964 142 27 öfvermäktig
336 965 133 26 tilldragelse
495 965 52 21 eller
570 965 87 26 godsets
677 971 53 20 egen
746 964 85 21 beskaf-

71 999 74 21 fenhet
168 999 52 21 eller
241 1005 75 20 genom
332 999 155 27 bristfällighet
502 1000 7 20 i
525 1000 157 26 inpackningen
697 1000 53 21 eller
765 1001 66 20 annat

71 1033 144 21 afsändarens
232 1033 106 22 vållande.

143 1068 117 26 Fördröjes
276 1068 87 26 godsets
379 1068 116 21 befordran
508 1069 85 20 utöfver
603 1069 101 26 betingad
717 1069 53 20 eller
782 1068 50 27 öflig

71 1103 39 25 tid,
134 1103 63 26 gälde
218 1103 182 26 jernvägsegaren
424 1103 40 20 ock
486 1103 89 26 skadan,
593 1103 90 21 såframt
700 1103 46 21 icke
763 1103 68 27 dröjs-

71 1137 67 21 målet
161 1137 97 21 inträffat
280 1139 52 19 utan
354 1137 275 28 jernvägsförvaltningens
653 1138 53 21 eller
730 1138 49 21 dess
795 1137 36 22 be-

72 1172 78 26 tjentes
166 1172 70 21 skuld.

144 1206 69 21 Talan
238 1212 33 15 om
296 1207 125 27 ersättning,
442 1213 45 15 som
503 1214 30 14 nu
551 1209 24 19 är
591 1207 87 27 nämnd,
695 1207 56 21 skall
767 1208 64 25 göras

72 1241 101 29 gällande
197 1241 64 26 inom.
278 1247 36 15 sex
337 1242 104 20 månader
457 1242 50 20 från
524 1242 37 21 det
577 1242 75 26 godset
667 1242 33 21 till
716 1241 116 21 befordran

71 1280 101 24 mottogs.

424 1318 25 20 21
467 1318 20 26 8.

145 1356 139 23 Beträffande
308 1356 115 22 befordran
448 1357 23 21 af
487 1358 99 20 lefvande
603 1358 48 26 djur
667 1358 53 20 eller
736 1356 23 22 af
772 1358 59 26 gods,

72 1398 47 16 som
142 1393 7 21 i
172 1393 52 27 följd
249 1390 23 24 'af
286 1391 32 20 sin
335 1391 151 21 beskaffenhet
502 1394 23 18 är
542 1394 69 19 utsatt
626 1392 33 20 för
675 1392 93 20 särskild
784 1392 49 20 fara

72 1429 34 20 att
122 1427 106 22 förstöras
244 1428 58 21 eller
312 1426 88 27 skadas,
417 1426 52 21 eller
487 1433 45 14 som
549 1426 102 21 inlemnas
667 1426 32 21 till
715 1426 118 21 befordran
