1056 1725
250 132 29 21 30
477 132 20 23 U.
513 132 19 22 B.
548 144 28 3 —
592 131 55 29 Prop.
663 132 33 23 N:o
712 131 26 24 31.

221 227 9 22 i
252 228 86 29 mänga
360 227 42 23 fall
427 230 64 20 stora
511 228 230 29 meningsolikheter,
767 235 54 15 men
843 227 78 23 sävidt
939 227 43 29 jag

221 262 90 22 känner
326 262 59 29 dem,
401 262 99 22 hänföra
508 262 29 22 de
552 264 36 27 sig
603 262 20 29 ej
640 262 37 22 till
688 262 85 29 frågan
783 270 38 14 om
831 262 150 27 arbetstiden,

222 299 56 19 utan
294 300 40 19 äro
349 297 46 22 alla
411 305 54 14 ense
481 305 37 14 om
533 297 52 22 dess
601 297 158 22 förkortande.
789 297 83 22 Denna
887 297 95 29 enighet

220 330 44 23 har
288 331 9 22 i
322 331 110 30 förening
459 331 54 22 med
537 331 74 22 andra
635 331 200 29 omständigheter
859 331 64 29 gjort
947 333 35 20 att

220 365 122 22 arbetarne
370 366 150 29 ingenstädes
548 366 147 28 sysselsättas
720 366 26 21 sä
768 366 54 21 kort
843 365 36 22 tid
901 372 50 15 som
972 365 9 22 i

220 400 118 22 Amerika.

290 434 71 22 Detta
376 435 91 22 faktum
482 435 66 22 torde
563 435 72 29 ingen
649 435 81 22 kunna
745 434 108 28 bestrida,
869 434 49 22 lika
928 433 54 22 litet

220 475 50 14 som
286 471 35 19 att
336 469 45 21 den
404 469 161 22 amerikanska
583 469 118 22 industrin
715 469 185 29 framgängsrikt
914 467 67 23 täflar

220 502 54 22 med
296 503 45 22 den
364 503 143 29 europeiska,
530 503 81 23 hvilka
634 506 86 19 tvenne
737 503 199 29 omständigheter
950 503 31 28 pä

220 539 35 19 ett
278 537 125 29 ojäfaktiet
425 540 47 19 sätt
493 538 80 21 bevisa
597 540 36 20 att
658 538 130 22 industrins
810 537 125 29 framgång
959 536 20 29 ej

220 571 98 29 betingas
334 571 27 22 af
373 580 29 14 en
418 572 129 29 onaturligt
562 573 53 28 lång
631 572 120 22 arbetstid.

288 606 12 22 I
324 607 79 29 England
425 607 43 21 har
490 607 185 22 bestämmandet
697 607 26 22 af
739 606 154 23 arbetstidens
908 606 73 28 längd

220 640 62 22 ända
296 640 53 22 från
365 641 81 29 början
462 641 26 22 af
501 641 64 22 detta
579 642 64 21 sekel
658 642 63 22 varit
735 641 98 22 föremål
843 641 36 21 för
889 640 90 29 lagstit-

220 677 78 19 tarnes
320 676 212 28 uppmärksamhet.
561 676 48 22 Det
631 676 78 29 gällde
731 676 9 21 i
763 676 97 22 främsta
881 676 100 20 rummet

221 709 148 29 skyddandet
384 710 27 22 af
422 710 70 22 barns
511 710 43 22 och
568 718 65 21 unga
647 717 122 22 personers
785 710 121 22 intressen.
935 709 46 21 Fa-

220 743 151 29 briksegarne
393 744 118 29 uppbjödo
531 744 31 22 all
577 745 37 21 sin
629 744 106 30 förmåga
750 744 37 22 för
803 746 34 20 att
852 743 129 23 motarbeta

220 778 147 22 sträfvandet
389 779 149 28 härutinnan,
563 786 54 15 men
634 779 55 22 flere
709 778 26 22 af
747 778 122 30 Englands
884 778 96 22 främste

219 816 55 18 män
290 815 56 26 togo
362 813 37 29 sig
413 820 31 14 an
459 813 132 22 arbetarnes
607 814 48 22 sak.

290 846 32 23 Sä
343 847 95 29 yttrade
461 847 44 22 den
527 848 190 22 verldsberömda
739 847 242 29 vetenskapsmannen

220 881 125 29 Macanlay
362 883 54 20 1846
431 882 9 21 i
455 882 154 29 parlamentet
624 883 31 22 bl.
671 890 32 14 a.:

293 951 72 21 Varen
373 952 54 21 visse
432 953 33 26 pä
478 954 31 19 att
519 954 28 19 ett
556 952 165 28 ansträngande
730 951 77 27 arbete,
820 950 110 29 påbegynt
938 951 8 20 i
954 957 27 14 en

216 985 45 27 för
276 992 44 21 ung
336 986 160 27 lefnadsälder,
518 986 130 21 hämmande
667 987 110 27 kroppens
793 985 39 22 och
847 985 84 21 andens
946 987 35 19 ut-

220 1019 98 29 veckling
334 1023 56 18 samt
404 1020 47 21 icke
466 1021 114 21 lemnande
595 1021 32 21 tid
643 1021 35 21 till
688 1028 27 13 en
725 1019 166 29 uppfriskande
901 1020 79 21 rörelse

220 1053 39 21 och
282 1061 26 14 en
330 1055 58 20 sund
410 1055 77 28 andlig
509 1055 130 28 utveckling,
662 1055 59 21 skall
736 1055 70 21 skada
822 1055 47 20 alla
885 1054 25 21 de
925 1053 56 28 höga

219 1088 139 28 egenskaper,
373 1096 46 14 som
433 1089 59 28 gjort
506 1090 48 20 värt
565 1089 167 28 fädernesland
746 1091 60 19 stort.
829 1089 65 20 Edra
909 1088 72 27 öfver-

219 1122 103 22 arbetade
336 1125 64 19 söner
414 1123 63 22 skola
492 1123 71 29 blifva
577 1126 29 19 ett
621 1127 61 25 svagt
697 1123 41 22 och
753 1123 72 22 oädelt
840 1123 69 28 slägte
923 1125 57 19 samt

217 1157 71 27 fäder
310 1158 35 21 till
367 1160 61 19 ännu
447 1165 90 21 svagare
553 1158 39 21 och
607 1159 90 21 oädlare
713 1158 193 28 efterkommande.
936 1157 44 21 Det

218 1191 60 21 skall
293 1192 71 21 häller
378 1192 46 21 icke
440 1193 65 27 dröja
523 1194 70 27 länge,
612 1194 71 20 innan
699 1193 126 21 arbetarens
841 1192 139 21 tillbakasät-

219 1226 67 21 tande
298 1227 32 27 pä
346 1228 28 20 ett
389 1227 97 28 skadligt
500 1230 43 18 sätt
557 1228 59 20 skall
633 1229 55 27 göra
703 1228 34 27 sig
753 1226 110 22 känndart
874 1226 50 28 just
935 1226 45 28 för

219 1260 26 20 de
261 1260 113 28 intressen,
386 1262 46 26 för
449 1261 74 21 hvilka
538 1261 56 22 hans
610 1262 93 28 andliga
719 1261 40 21 och
774 1261 118 27 lekamliga
907 1260 72 28 energi

219 1294 76 28 blifvit
310 1295 82 27 offrad.

288 1323 22 28 Å
332 1330 73 21 andra
427 1330 66 21 sidan
511 1330 58 22 skall
583 1338 27 14 en
625 1330 103 28 hvilodag
743 1330 9 21 i
767 1330 88 25 veckan,
879 1330 36 20 två
929 1329 52 21 eller

218 1366 32 18 tre
266 1364 99 21 timmars
380 1364 75 28 daglig
471 1364 64 26 hvila,
558 1366 86 24 rörelse,
660 1364 102 28 oskyldig
781 1364 133 28 förströelse
929 1364 52 20 eller

218 1398 80 28 nyttigt
320 1399 98 21 studium
441 1399 114 28 andeligen
578 1399 39 21 och
639 1399 132 28 lekamligen
789 1398 120 28 förbättra
931 1398 50 21 hela

218 1432 131 22 menniskan
364 1433 39 21 och
417 1434 140 21 menniskans
574 1433 145 28 förbättring
734 1433 59 22 skall
804 1432 121 29 förbättra
940 1433 41 21 allt

288 1472 201 19 Ekonomiutskottets
501 1473 122 18 betänkande
635 1479 30 12 n:o
679 1475 27 16 14.
