<?xml version="1.0" encoding="UTF-8"?>
<alto xmlns="http://www.loc.gov/standards/alto/ns-v3#" xmlns:xlink="http://www.w3.org/1999/xlink" xmlns:xsi="http://www.w3.org/2001/XMLSchema-instance" xsi:schemaLocation="http://www.loc.gov/standards/alto/ns-v3# http://www.loc.gov/alto/v3/alto-3-0.xsd">
	<Description>
		<MeasurementUnit>pixel</MeasurementUnit>
		<sourceImageInformation>
			<fileName>/tmp/tess_ui8zepj6_input.PNG</fileName>
		</sourceImageInformation>
		<OCRProcessing ID="OCR_0">
			<ocrProcessingStep>
				<processingSoftware>
					<softwareName>tesseract 5.3.4</softwareName>
				</processingSoftware>
			</ocrProcessingStep>
		</OCRProcessing>
	</Description>
	<Layout>
		<Page WIDTH="1056" HEIGHT="1725" PHYSICAL_IMG_NR="0" ID="page_0">
			<PrintSpace HPOS="0" VPOS="0" WIDTH="1056" HEIGHT="1725">
				<ComposedBlock ID="cblock_0" HPOS="411" VPOS="134" WIDTH="396" HEIGHT="24">
					<TextBlock ID="block_0" HPOS="411" VPOS="134" WIDTH="396" HEIGHT="24">
						<TextLine ID="line_0" HPOS="411" VPOS="134" WIDTH="396" HEIGHT="24">
							<String ID="string_0" HPOS="411" VPOS="135" WIDTH="40" HEIGHT="23" WC="0.95" CONTENT="N:o"/><SP WIDTH="16" VPOS="135" HPOS="451"/>
							<String ID="string_1" HPOS="467" VPOS="134" WIDTH="36" HEIGHT="24" WC="0.95" CONTENT="29."/><SP WIDTH="280" VPOS="134" HPOS="503"/>
							<String ID="string_2" HPOS="783" VPOS="138" WIDTH="24" HEIGHT="20" WC="0.95" CONTENT="11"/>
						</TextLine>
					</TextBlock>
				</ComposedBlock>
				<ComposedBlock ID="cblock_1" HPOS="74" VPOS="201" WIDTH="772" HEIGHT="516">
					<TextBlock ID="block_1" HPOS="423" VPOS="201" WIDTH="62" HEIGHT="27">
						<TextLine ID="line_1" HPOS="423" VPOS="201" WIDTH="62" HEIGHT="27">
							<String ID="string_3" HPOS="423" VPOS="201" WIDTH="12" HEIGHT="27" WC="0.94" CONTENT="8"/><SP WIDTH="15" VPOS="201" HPOS="435"/>
							<String ID="string_4" HPOS="450" VPOS="203" WIDTH="35" HEIGHT="19" WC="0.96" CONTENT="49."/>
						</TextLine>
					</TextBlock>
					<TextBlock ID="block_2" HPOS="74" VPOS="240" WIDTH="772" HEIGHT="305">
						<TextLine ID="line_2" HPOS="143" VPOS="240" WIDTH="694" HEIGHT="28">
							<String ID="string_5" HPOS="143" VPOS="241" WIDTH="88" HEIGHT="22" WC="0.93" CONTENT="Förmår"/><SP WIDTH="15" VPOS="241" HPOS="231"/>
							<String ID="string_6" HPOS="246" VPOS="241" WIDTH="18" HEIGHT="27" WC="0.93" CONTENT="ej"/><SP WIDTH="17" VPOS="241" HPOS="264"/>
							<String ID="string_7" HPOS="281" VPOS="240" WIDTH="146" HEIGHT="23" WC="0.92" CONTENT="befälhafvare"/><SP WIDTH="16" VPOS="240" HPOS="427"/>
							<String ID="string_8" HPOS="443" VPOS="241" WIDTH="70" HEIGHT="21" WC="0.96" CONTENT="under"/><SP WIDTH="15" VPOS="241" HPOS="513"/>
							<String ID="string_9" HPOS="528" VPOS="248" WIDTH="48" HEIGHT="15" WC="0.96" CONTENT="resa"/><SP WIDTH="16" VPOS="248" HPOS="576"/>
							<String ID="string_10" HPOS="592" VPOS="242" WIDTH="128" HEIGHT="21" WC="0.96" CONTENT="annorledes"/><SP WIDTH="20" VPOS="242" HPOS="720"/>
							<String ID="string_11" HPOS="740" VPOS="242" WIDTH="97" HEIGHT="22" WC="0.96" CONTENT="bestrida"/>
						</TextLine>
						<TextLine ID="line_3" HPOS="75" VPOS="275" WIDTH="761" HEIGHT="28">
							<String ID="string_12" HPOS="75" VPOS="275" WIDTH="80" HEIGHT="28" WC="0.95" CONTENT="nödiga"/><SP WIDTH="15" VPOS="275" HPOS="155"/>
							<String ID="string_13" HPOS="170" VPOS="276" WIDTH="89" HEIGHT="27" WC="0.95" CONTENT="utgifter"/><SP WIDTH="14" VPOS="276" HPOS="259"/>
							<String ID="string_14" HPOS="273" VPOS="276" WIDTH="33" HEIGHT="21" WC="0.96" CONTENT="för"/><SP WIDTH="15" VPOS="276" HPOS="306"/>
							<String ID="string_15" HPOS="321" VPOS="275" WIDTH="101" HEIGHT="28" WC="0.96" CONTENT="fartyget,"/><SP WIDTH="18" VPOS="275" HPOS="422"/>
							<String ID="string_16" HPOS="440" VPOS="282" WIDTH="52" HEIGHT="21" WC="0.96" CONTENT="eger"/><SP WIDTH="15" VPOS="282" HPOS="492"/>
							<String ID="string_17" HPOS="507" VPOS="275" WIDTH="42" HEIGHT="22" WC="0.96" CONTENT="han"/><SP WIDTH="17" VPOS="275" HPOS="549"/>
							<String ID="string_18" HPOS="566" VPOS="276" WIDTH="41" HEIGHT="22" WC="0.96" CONTENT="den"/><SP WIDTH="16" VPOS="276" HPOS="607"/>
							<String ID="string_19" HPOS="623" VPOS="276" WIDTH="140" HEIGHT="27" WC="0.93" CONTENT="erforderliga"/><SP WIDTH="15" VPOS="276" HPOS="763"/>
							<String ID="string_20" HPOS="778" VPOS="283" WIDTH="58" HEIGHT="16" WC="0.93" CONTENT="sum-"/>
						</TextLine>
						<TextLine ID="line_4" HPOS="75" VPOS="311" WIDTH="771" HEIGHT="31">
							<String ID="string_21" HPOS="75" VPOS="317" WIDTH="50" HEIGHT="15" WC="0.93" CONTENT="man"/><SP WIDTH="21" VPOS="317" HPOS="125"/>
							<String ID="string_22" HPOS="146" VPOS="311" WIDTH="94" HEIGHT="27" WC="0.92" CONTENT="uppläna"/><SP WIDTH="22" VPOS="311" HPOS="240"/>
							<String ID="string_23" HPOS="262" VPOS="311" WIDTH="40" HEIGHT="22" WC="0.95" CONTENT="och"/><SP WIDTH="24" VPOS="311" HPOS="302"/>
							<String ID="string_24" HPOS="326" VPOS="311" WIDTH="33" HEIGHT="22" WC="0.95" CONTENT="för"/><SP WIDTH="22" VPOS="311" HPOS="359"/>
							<String ID="string_25" HPOS="381" VPOS="311" WIDTH="60" HEIGHT="21" WC="0.93" CONTENT="lånet"/><SP WIDTH="13" VPOS="311" HPOS="441"/>
							<String ID="string_26" HPOS="454" VPOS="311" WIDTH="81" HEIGHT="27" WC="0.91" CONTENT="jemväl"/><SP WIDTH="15" VPOS="311" HPOS="535"/>
							<String ID="string_27" HPOS="550" VPOS="311" WIDTH="7" HEIGHT="21" WC="0.96" CONTENT="i"/><SP WIDTH="16" VPOS="311" HPOS="557"/>
							<String ID="string_28" HPOS="573" VPOS="311" WIDTH="81" HEIGHT="22" WC="0.93" CONTENT="nödfall"/><SP WIDTH="15" VPOS="311" HPOS="654"/>
							<String ID="string_29" HPOS="669" VPOS="311" WIDTH="177" HEIGHT="31" WC="0.79" CONTENT="bodmerivilkor"/>
						</TextLine>
						<TextLine ID="line_5" HPOS="75" VPOS="345" WIDTH="761" HEIGHT="28">
							<String ID="string_30" HPOS="75" VPOS="345" WIDTH="89" HEIGHT="26" WC="0.91" CONTENT="utfästa,"/><SP WIDTH="24" VPOS="345" HPOS="164"/>
							<String ID="string_31" HPOS="188" VPOS="345" WIDTH="109" HEIGHT="22" WC="0.96" CONTENT="äfvensom"/><SP WIDTH="23" VPOS="345" HPOS="297"/>
							<String ID="string_32" HPOS="320" VPOS="345" WIDTH="35" HEIGHT="22" WC="0.96" CONTENT="vid"/><SP WIDTH="19" VPOS="345" HPOS="355"/>
							<String ID="string_33" HPOS="374" VPOS="347" WIDTH="94" HEIGHT="26" WC="0.93" CONTENT="yttersta"/><SP WIDTH="22" VPOS="347" HPOS="468"/>
							<String ID="string_34" HPOS="490" VPOS="345" WIDTH="67" HEIGHT="22" WC="0.91" CONTENT="behof"/><SP WIDTH="20" VPOS="345" HPOS="557"/>
							<String ID="string_35" HPOS="577" VPOS="345" WIDTH="92" HEIGHT="28" WC="0.92" CONTENT="föryttra"/><SP WIDTH="19" VPOS="345" HPOS="669"/>
							<String ID="string_36" HPOS="688" VPOS="345" WIDTH="23" HEIGHT="22" WC="0.96" CONTENT="af"/><SP WIDTH="14" VPOS="345" HPOS="711"/>
							<String ID="string_37" HPOS="725" VPOS="346" WIDTH="70" HEIGHT="21" WC="0.96" CONTENT="lasten"/><SP WIDTH="16" VPOS="346" HPOS="795"/>
							<String ID="string_38" HPOS="811" VPOS="347" WIDTH="25" HEIGHT="21" WC="0.96" CONTENT="så"/>
						</TextLine>
						<TextLine ID="line_6" HPOS="74" VPOS="379" WIDTH="761" HEIGHT="28">
							<String ID="string_39" HPOS="74" VPOS="380" WIDTH="92" HEIGHT="27" WC="0.94" CONTENT="mycket,"/><SP WIDTH="24" VPOS="380" HPOS="166"/>
							<String ID="string_40" HPOS="190" VPOS="386" WIDTH="46" HEIGHT="15" WC="0.96" CONTENT="som"/><SP WIDTH="22" VPOS="386" HPOS="236"/>
							<String ID="string_41" HPOS="258" VPOS="380" WIDTH="33" HEIGHT="21" WC="0.96" CONTENT="till"/><SP WIDTH="24" VPOS="380" HPOS="291"/>
							<String ID="string_42" HPOS="315" VPOS="380" WIDTH="82" HEIGHT="21" WC="0.93" CONTENT="nödens"/><SP WIDTH="21" VPOS="380" HPOS="397"/>
							<String ID="string_43" HPOS="418" VPOS="379" WIDTH="137" HEIGHT="28" WC="0.91" CONTENT="afhjelpande"/><SP WIDTH="24" VPOS="379" HPOS="555"/>
							<String ID="string_44" HPOS="579" VPOS="379" WIDTH="115" HEIGHT="22" WC="0.96" CONTENT="erfordras."/><SP WIDTH="32" VPOS="379" HPOS="694"/>
							<String ID="string_45" HPOS="726" VPOS="380" WIDTH="42" HEIGHT="21" WC="0.92" CONTENT="Det"/><SP WIDTH="24" VPOS="380" HPOS="768"/>
							<String ID="string_46" HPOS="792" VPOS="380" WIDTH="43" HEIGHT="22" WC="0.89" CONTENT="för-"/>
						</TextLine>
						<TextLine ID="line_7" HPOS="74" VPOS="414" WIDTH="759" HEIGHT="28">
							<String ID="string_47" HPOS="74" VPOS="414" WIDTH="62" HEIGHT="22" WC="0.96" CONTENT="sålda"/><SP WIDTH="22" VPOS="414" HPOS="136"/>
							<String ID="string_48" HPOS="158" VPOS="415" WIDTH="62" HEIGHT="26" WC="0.94" CONTENT="skall,"/><SP WIDTH="24" VPOS="415" HPOS="220"/>
							<String ID="string_49" HPOS="244" VPOS="415" WIDTH="25" HEIGHT="21" WC="0.93" CONTENT="så"/><SP WIDTH="19" VPOS="415" HPOS="269"/>
							<String ID="string_50" HPOS="288" VPOS="414" WIDTH="65" HEIGHT="22" WC="0.93" CONTENT="framt"/><SP WIDTH="21" VPOS="414" HPOS="353"/>
							<String ID="string_51" HPOS="374" VPOS="415" WIDTH="18" HEIGHT="26" WC="0.96" CONTENT="ej"/><SP WIDTH="19" VPOS="415" HPOS="392"/>
							<String ID="string_52" HPOS="411" VPOS="414" WIDTH="72" HEIGHT="27" WC="0.96" CONTENT="fartyg"/><SP WIDTH="16" VPOS="414" HPOS="483"/>
							<String ID="string_53" HPOS="499" VPOS="415" WIDTH="39" HEIGHT="20" WC="0.96" CONTENT="och"/><SP WIDTH="16" VPOS="415" HPOS="538"/>
							<String ID="string_54" HPOS="554" VPOS="415" WIDTH="43" HEIGHT="20" WC="0.96" CONTENT="last"/><SP WIDTH="15" VPOS="415" HPOS="597"/>
							<String ID="string_55" HPOS="612" VPOS="414" WIDTH="79" HEIGHT="22" WC="0.93" CONTENT="efteråt"/><SP WIDTH="15" VPOS="414" HPOS="691"/>
							<String ID="string_56" HPOS="706" VPOS="414" WIDTH="127" HEIGHT="28" WC="0.92" CONTENT="förolyckas,"/>
						</TextLine>
						<TextLine ID="line_8" HPOS="75" VPOS="449" WIDTH="759" HEIGHT="27">
							<String ID="string_57" HPOS="75" VPOS="451" WIDTH="93" HEIGHT="19" WC="0.96" CONTENT="ersättas"/><SP WIDTH="25" VPOS="451" HPOS="168"/>
							<String ID="string_58" HPOS="193" VPOS="449" WIDTH="55" HEIGHT="22" WC="0.96" CONTENT="efter"/><SP WIDTH="24" VPOS="449" HPOS="248"/>
							<String ID="string_59" HPOS="272" VPOS="449" WIDTH="106" HEIGHT="27" WC="0.96" CONTENT="gångbart"/><SP WIDTH="19" VPOS="449" HPOS="378"/>
							<String ID="string_60" HPOS="397" VPOS="449" WIDTH="45" HEIGHT="27" WC="0.96" CONTENT="pris"/><SP WIDTH="15" VPOS="449" HPOS="442"/>
							<String ID="string_61" HPOS="457" VPOS="449" WIDTH="8" HEIGHT="21" WC="0.96" CONTENT="i"/><SP WIDTH="16" VPOS="449" HPOS="465"/>
							<String ID="string_62" HPOS="481" VPOS="449" WIDTH="41" HEIGHT="21" WC="0.97" CONTENT="den"/><SP WIDTH="16" VPOS="449" HPOS="522"/>
							<String ID="string_63" HPOS="538" VPOS="449" WIDTH="71" HEIGHT="26" WC="0.95" CONTENT="hamn,"/><SP WIDTH="17" VPOS="449" HPOS="609"/>
							<String ID="string_64" HPOS="626" VPOS="449" WIDTH="39" HEIGHT="22" WC="0.96" CONTENT="der"/><SP WIDTH="14" VPOS="449" HPOS="665"/>
							<String ID="string_65" HPOS="679" VPOS="455" WIDTH="63" HEIGHT="16" WC="0.96" CONTENT="resan"/><SP WIDTH="16" VPOS="455" HPOS="742"/>
							<String ID="string_66" HPOS="758" VPOS="449" WIDTH="76" HEIGHT="27" WC="0.96" CONTENT="slutar,"/>
						</TextLine>
						<TextLine ID="line_9" HPOS="74" VPOS="483" WIDTH="763" HEIGHT="28">
							<String ID="string_67" HPOS="74" VPOS="484" WIDTH="29" HEIGHT="26" WC="0.96" CONTENT="på"/><SP WIDTH="23" VPOS="484" HPOS="103"/>
							<String ID="string_68" HPOS="126" VPOS="483" WIDTH="40" HEIGHT="22" WC="0.96" CONTENT="den"/><SP WIDTH="24" VPOS="483" HPOS="166"/>
							<String ID="string_69" HPOS="190" VPOS="484" WIDTH="37" HEIGHT="25" WC="0.95" CONTENT="tid,"/><SP WIDTH="24" VPOS="484" HPOS="227"/>
							<String ID="string_70" HPOS="251" VPOS="484" WIDTH="27" HEIGHT="21" WC="0.96" CONTENT="då"/><SP WIDTH="22" VPOS="484" HPOS="278"/>
							<String ID="string_71" HPOS="300" VPOS="483" WIDTH="94" HEIGHT="28" WC="0.95" CONTENT="fartyget"/><SP WIDTH="19" VPOS="483" HPOS="394"/>
							<String ID="string_72" HPOS="413" VPOS="483" WIDTH="32" HEIGHT="22" WC="0.96" CONTENT="dit"/><SP WIDTH="16" VPOS="483" HPOS="445"/>
							<String ID="string_73" HPOS="461" VPOS="483" WIDTH="110" HEIGHT="26" WC="0.95" CONTENT="anländer,"/><SP WIDTH="18" VPOS="483" HPOS="571"/>
							<String ID="string_74" HPOS="589" VPOS="483" WIDTH="55" HEIGHT="22" WC="0.96" CONTENT="dock"/><SP WIDTH="15" VPOS="483" HPOS="644"/>
							<String ID="string_75" HPOS="659" VPOS="484" WIDTH="49" HEIGHT="21" WC="0.93" CONTENT="med"/><SP WIDTH="16" VPOS="484" HPOS="708"/>
							<String ID="string_76" HPOS="724" VPOS="483" WIDTH="75" HEIGHT="28" WC="0.92" CONTENT="afdrag"/><SP WIDTH="15" VPOS="483" HPOS="799"/>
							<String ID="string_77" HPOS="814" VPOS="484" WIDTH="23" HEIGHT="22" WC="0.96" CONTENT="af"/>
						</TextLine>
						<TextLine ID="line_10" HPOS="74" VPOS="517" WIDTH="393" HEIGHT="28">
							<String ID="string_78" HPOS="74" VPOS="517" WIDTH="64" HEIGHT="27" WC="0.96" CONTENT="frakt,"/><SP WIDTH="16" VPOS="517" HPOS="138"/>
							<String ID="string_79" HPOS="154" VPOS="518" WIDTH="39" HEIGHT="21" WC="0.96" CONTENT="tull"/><SP WIDTH="16" VPOS="518" HPOS="193"/>
							<String ID="string_80" HPOS="209" VPOS="518" WIDTH="40" HEIGHT="21" WC="0.96" CONTENT="och"/><SP WIDTH="16" VPOS="518" HPOS="249"/>
							<String ID="string_81" HPOS="265" VPOS="518" WIDTH="67" HEIGHT="21" WC="0.93" CONTENT="andra"/><SP WIDTH="16" VPOS="518" HPOS="332"/>
							<String ID="string_82" HPOS="348" VPOS="518" WIDTH="119" HEIGHT="27" WC="0.91" CONTENT="umgälder."/>
						</TextLine>
					</TextBlock>
					<TextBlock ID="block_3" HPOS="75" VPOS="552" WIDTH="759" HEIGHT="165">
						<TextLine ID="line_11" HPOS="142" VPOS="552" WIDTH="691" HEIGHT="28">
							<String ID="string_83" HPOS="142" VPOS="552" WIDTH="103" HEIGHT="28" WC="0.96" CONTENT="Fartyget"/><SP WIDTH="21" VPOS="552" HPOS="245"/>
							<String ID="string_84" HPOS="266" VPOS="553" WIDTH="36" HEIGHT="20" WC="0.96" CONTENT="må"/><SP WIDTH="20" VPOS="553" HPOS="302"/>
							<String ID="string_85" HPOS="322" VPOS="553" WIDTH="18" HEIGHT="27" WC="0.93" CONTENT="ej"/><SP WIDTH="18" VPOS="553" HPOS="340"/>
							<String ID="string_86" HPOS="358" VPOS="552" WIDTH="159" HEIGHT="22" WC="0.91" CONTENT="befälhafvaren"/><SP WIDTH="16" VPOS="552" HPOS="517"/>
							<String ID="string_87" HPOS="533" VPOS="552" WIDTH="95" HEIGHT="28" WC="0.93" CONTENT="försälja,"/><SP WIDTH="19" VPOS="552" HPOS="628"/>
							<String ID="string_88" HPOS="647" VPOS="553" WIDTH="75" HEIGHT="21" WC="0.92" CONTENT="derest"/><SP WIDTH="15" VPOS="553" HPOS="722"/>
							<String ID="string_89" HPOS="737" VPOS="553" WIDTH="48" HEIGHT="22" WC="0.93" CONTENT="icke"/><SP WIDTH="15" VPOS="553" HPOS="785"/>
							<String ID="string_90" HPOS="800" VPOS="560" WIDTH="33" HEIGHT="16" WC="0.92" CONTENT="re-"/>
						</TextLine>
						<TextLine ID="line_12" HPOS="76" VPOS="586" WIDTH="758" HEIGHT="28">
							<String ID="string_91" HPOS="76" VPOS="587" WIDTH="65" HEIGHT="21" WC="0.92" CONTENT="daren"/><SP WIDTH="16" VPOS="587" HPOS="141"/>
							<String ID="string_92" HPOS="157" VPOS="586" WIDTH="60" HEIGHT="28" WC="0.92" CONTENT="gifvit"/><SP WIDTH="15" VPOS="586" HPOS="217"/>
							<String ID="string_93" HPOS="232" VPOS="587" WIDTH="78" HEIGHT="21" WC="0.96" CONTENT="honom"/><SP WIDTH="16" VPOS="587" HPOS="310"/>
							<String ID="string_94" HPOS="326" VPOS="587" WIDTH="99" HEIGHT="21" WC="0.93" CONTENT="fullmakt"/><SP WIDTH="16" VPOS="587" HPOS="425"/>
							<String ID="string_95" HPOS="441" VPOS="587" WIDTH="78" HEIGHT="26" WC="0.90" CONTENT="dertill,"/><SP WIDTH="17" VPOS="587" HPOS="519"/>
							<String ID="string_96" HPOS="536" VPOS="587" WIDTH="52" HEIGHT="21" WC="0.96" CONTENT="eller"/><SP WIDTH="14" VPOS="587" HPOS="588"/>
							<String ID="string_97" HPOS="602" VPOS="587" WIDTH="97" HEIGHT="27" WC="0.96" CONTENT="offentlig"/><SP WIDTH="10" VPOS="587" HPOS="699"/>
							<String ID="string_98" HPOS="709" VPOS="588" WIDTH="125" HEIGHT="26" WC="0.96" CONTENT="myndighet"/>
						</TextLine>
						<TextLine ID="line_13" HPOS="75" VPOS="621" WIDTH="758" HEIGHT="27">
							<String ID="string_99" HPOS="75" VPOS="621" WIDTH="86" HEIGHT="27" WC="0.91" CONTENT="pröfvat"/><SP WIDTH="22" VPOS="621" HPOS="161"/>
							<String ID="string_100" HPOS="183" VPOS="622" WIDTH="40" HEIGHT="21" WC="0.96" CONTENT="och"/><SP WIDTH="20" VPOS="622" HPOS="223"/>
							<String ID="string_101" HPOS="243" VPOS="621" WIDTH="71" HEIGHT="22" WC="0.96" CONTENT="funnit"/><SP WIDTH="17" VPOS="621" HPOS="314"/>
							<String ID="string_102" HPOS="331" VPOS="624" WIDTH="33" HEIGHT="19" WC="0.96" CONTENT="att"/><SP WIDTH="18" VPOS="624" HPOS="364"/>
							<String ID="string_103" HPOS="382" VPOS="622" WIDTH="37" HEIGHT="21" WC="0.96" CONTENT="det"/><SP WIDTH="15" VPOS="622" HPOS="419"/>
							<String ID="string_104" HPOS="434" VPOS="622" WIDTH="49" HEIGHT="21" WC="0.96" CONTENT="icke"/><SP WIDTH="16" VPOS="622" HPOS="483"/>
							<String ID="string_105" HPOS="499" VPOS="622" WIDTH="72" HEIGHT="21" WC="0.96" CONTENT="vidare"/><SP WIDTH="16" VPOS="622" HPOS="571"/>
							<String ID="string_106" HPOS="587" VPOS="624" WIDTH="24" HEIGHT="19" WC="0.93" CONTENT="är"/><SP WIDTH="15" VPOS="624" HPOS="611"/>
							<String ID="string_107" HPOS="626" VPOS="622" WIDTH="63" HEIGHT="21" WC="0.92" CONTENT="värdt"/><SP WIDTH="14" VPOS="622" HPOS="689"/>
							<String ID="string_108" HPOS="703" VPOS="624" WIDTH="33" HEIGHT="19" WC="0.93" CONTENT="att"/><SP WIDTH="15" VPOS="624" HPOS="736"/>
							<String ID="string_109" HPOS="751" VPOS="623" WIDTH="82" HEIGHT="21" WC="0.92" CONTENT="istånd-"/>
						</TextLine>
						<TextLine ID="line_14" HPOS="76" VPOS="651" WIDTH="757" HEIGHT="32">
							<String ID="string_110" HPOS="76" VPOS="657" WIDTH="76" HEIGHT="20" WC="0.95" CONTENT="sättas."/><SP WIDTH="32" VPOS="657" HPOS="152"/>
							<String ID="string_111" HPOS="184" VPOS="651" WIDTH="30" HEIGHT="26" WC="0.96" CONTENT="Är"/><SP WIDTH="22" VPOS="651" HPOS="214"/>
							<String ID="string_112" HPOS="236" VPOS="656" WIDTH="93" HEIGHT="27" WC="0.96" CONTENT="fartyget"/><SP WIDTH="15" VPOS="656" HPOS="329"/>
							<String ID="string_113" HPOS="344" VPOS="656" WIDTH="34" HEIGHT="21" WC="0.93" CONTENT="för"/><SP WIDTH="22" VPOS="656" HPOS="378"/>
							<String ID="string_114" HPOS="400" VPOS="656" WIDTH="51" HEIGHT="26" WC="0.93" CONTENT="gäld"/><SP WIDTH="16" VPOS="656" HPOS="451"/>
							<String ID="string_115" HPOS="467" VPOS="656" WIDTH="132" HEIGHT="26" WC="0.92" CONTENT="intecknadt,"/><SP WIDTH="17" VPOS="656" HPOS="599"/>
							<String ID="string_116" HPOS="616" VPOS="656" WIDTH="97" HEIGHT="27" WC="0.91" CONTENT="iakttage"/><SP WIDTH="16" VPOS="656" HPOS="713"/>
							<String ID="string_117" HPOS="729" VPOS="656" WIDTH="104" HEIGHT="22" WC="0.91" CONTENT="befälhaf-"/>
						</TextLine>
						<TextLine ID="line_15" HPOS="75" VPOS="690" WIDTH="482" HEIGHT="27">
							<String ID="string_118" HPOS="75" VPOS="696" WIDTH="64" HEIGHT="16" WC="0.95" CONTENT="varen"/><SP WIDTH="15" VPOS="696" HPOS="139"/>
							<String ID="string_119" HPOS="154" VPOS="690" WIDTH="57" HEIGHT="22" WC="0.96" CONTENT="hvad"/><SP WIDTH="16" VPOS="690" HPOS="211"/>
							<String ID="string_120" HPOS="227" VPOS="690" WIDTH="7" HEIGHT="22" WC="0.92" CONTENT="i"/><SP WIDTH="14" VPOS="690" HPOS="234"/>
							<String ID="string_121" HPOS="248" VPOS="690" WIDTH="12" HEIGHT="27" WC="0.90" CONTENT="$"/><SP WIDTH="18" VPOS="690" HPOS="260"/>
							<String ID="string_122" HPOS="278" VPOS="693" WIDTH="22" HEIGHT="19" WC="0.95" CONTENT="11"/><SP WIDTH="18" VPOS="693" HPOS="300"/>
							<String ID="string_123" HPOS="318" VPOS="692" WIDTH="25" HEIGHT="19" WC="0.96" CONTENT="är"/><SP WIDTH="15" VPOS="692" HPOS="343"/>
							<String ID="string_124" HPOS="358" VPOS="690" WIDTH="73" HEIGHT="22" WC="0.93" CONTENT="derom"/><SP WIDTH="17" VPOS="690" HPOS="431"/>
							<String ID="string_125" HPOS="448" VPOS="690" WIDTH="109" HEIGHT="26" WC="0.92" CONTENT="stadgadt."/>
						</TextLine>
					</TextBlock>
				</ComposedBlock>
				<ComposedBlock ID="cblock_2" HPOS="73" VPOS="747" WIDTH="762" HEIGHT="378">
					<TextBlock ID="block_4" HPOS="422" VPOS="747" WIDTH="61" HEIGHT="27">
						<TextLine ID="line_16" HPOS="422" VPOS="747" WIDTH="61" HEIGHT="27">
							<String ID="string_126" HPOS="422" VPOS="747" WIDTH="11" HEIGHT="27" WC="0.92" CONTENT="$"/><SP WIDTH="17" VPOS="747" HPOS="433"/>
							<String ID="string_127" HPOS="450" VPOS="749" WIDTH="33" HEIGHT="20" WC="0.96" CONTENT="50."/>
						</TextLine>
					</TextBlock>
					<TextBlock ID="block_5" HPOS="73" VPOS="786" WIDTH="762" HEIGHT="339">
						<TextLine ID="line_17" HPOS="143" VPOS="786" WIDTH="692" HEIGHT="30">
							<String ID="string_128" HPOS="143" VPOS="787" WIDTH="88" HEIGHT="22" WC="0.91" CONTENT="Pröfvas"/><SP WIDTH="23" VPOS="787" HPOS="231"/>
							<String ID="string_129" HPOS="254" VPOS="788" WIDTH="38" HEIGHT="21" WC="0.96" CONTENT="det"/><SP WIDTH="20" VPOS="788" HPOS="292"/>
							<String ID="string_130" HPOS="312" VPOS="790" WIDTH="32" HEIGHT="19" WC="0.93" CONTENT="att"/><SP WIDTH="17" VPOS="790" HPOS="344"/>
							<String ID="string_131" HPOS="361" VPOS="786" WIDTH="146" HEIGHT="23" WC="0.92" CONTENT="befälhafvare"/><SP WIDTH="17" VPOS="786" HPOS="507"/>
							<String ID="string_132" HPOS="524" VPOS="787" WIDTH="127" HEIGHT="22" WC="0.95" CONTENT="försummat"/><SP WIDTH="15" VPOS="787" HPOS="651"/>
							<String ID="string_133" HPOS="666" VPOS="788" WIDTH="66" HEIGHT="26" WC="0.95" CONTENT="nödig"/><SP WIDTH="16" VPOS="788" HPOS="732"/>
							<String ID="string_134" HPOS="748" VPOS="794" WIDTH="87" HEIGHT="22" WC="0.96" CONTENT="omsorg"/>
						</TextLine>
						<TextLine ID="line_18" HPOS="75" VPOS="822" WIDTH="758" HEIGHT="27">
							<String ID="string_135" HPOS="75" VPOS="822" WIDTH="35" HEIGHT="21" WC="0.95" CONTENT="vid"/><SP WIDTH="22" VPOS="822" HPOS="110"/>
							<String ID="string_136" HPOS="132" VPOS="822" WIDTH="104" HEIGHT="27" WC="0.95" CONTENT="fartygets"/><SP WIDTH="24" VPOS="822" HPOS="236"/>
							<String ID="string_137" HPOS="260" VPOS="822" WIDTH="124" HEIGHT="26" WC="0.95" CONTENT="utrustning"/><SP WIDTH="23" VPOS="822" HPOS="384"/>
							<String ID="string_138" HPOS="407" VPOS="822" WIDTH="54" HEIGHT="21" WC="0.93" CONTENT="eller"/><SP WIDTH="14" VPOS="822" HPOS="461"/>
							<String ID="string_139" HPOS="475" VPOS="822" WIDTH="166" HEIGHT="27" WC="0.90" CONTENT="proviantering,"/><SP WIDTH="17" VPOS="822" HPOS="641"/>
							<String ID="string_140" HPOS="658" VPOS="822" WIDTH="119" HEIGHT="22" WC="0.90" CONTENT="vanvårdat"/><SP WIDTH="16" VPOS="822" HPOS="777"/>
							<String ID="string_141" HPOS="793" VPOS="824" WIDTH="40" HEIGHT="21" WC="0.96" CONTENT="den"/>
						</TextLine>
						<TextLine ID="line_19" HPOS="76" VPOS="856" WIDTH="759" HEIGHT="28">
							<String ID="string_142" HPOS="76" VPOS="857" WIDTH="110" HEIGHT="26" WC="0.96" CONTENT="egendom,"/><SP WIDTH="27" VPOS="857" HPOS="186"/>
							<String ID="string_143" HPOS="213" VPOS="863" WIDTH="45" HEIGHT="15" WC="0.96" CONTENT="som"/><SP WIDTH="25" VPOS="863" HPOS="258"/>
							<String ID="string_144" HPOS="283" VPOS="856" WIDTH="79" HEIGHT="22" WC="0.89" CONTENT="honom"/><SP WIDTH="23" VPOS="856" HPOS="362"/>
							<String ID="string_145" HPOS="385" VPOS="856" WIDTH="128" HEIGHT="21" WC="0.89" CONTENT="ombetrodd"/><SP WIDTH="24" VPOS="856" HPOS="513"/>
							<String ID="string_146" HPOS="537" VPOS="858" WIDTH="29" HEIGHT="25" WC="0.94" CONTENT="är,"/><SP WIDTH="22" VPOS="858" HPOS="566"/>
							<String ID="string_147" HPOS="588" VPOS="856" WIDTH="53" HEIGHT="22" WC="0.96" CONTENT="eller"/><SP WIDTH="20" VPOS="856" HPOS="641"/>
							<String ID="string_148" HPOS="661" VPOS="857" WIDTH="28" HEIGHT="27" WC="0.96" CONTENT="på"/><SP WIDTH="20" VPOS="857" HPOS="689"/>
							<String ID="string_149" HPOS="709" VPOS="860" WIDTH="66" HEIGHT="19" WC="0.96" CONTENT="annat"/><SP WIDTH="15" VPOS="860" HPOS="775"/>
							<String ID="string_150" HPOS="790" VPOS="859" WIDTH="45" HEIGHT="20" WC="0.96" CONTENT="sätt"/>
						</TextLine>
						<TextLine ID="line_20" HPOS="76" VPOS="891" WIDTH="757" HEIGHT="27">
							<String ID="string_151" HPOS="76" VPOS="892" WIDTH="105" HEIGHT="21" WC="0.93" CONTENT="åsidosatt"/><SP WIDTH="22" VPOS="892" HPOS="181"/>
							<String ID="string_152" HPOS="203" VPOS="892" WIDTH="95" HEIGHT="25" WC="0.90" CONTENT="redares,"/><SP WIDTH="20" VPOS="892" HPOS="298"/>
							<String ID="string_153" HPOS="318" VPOS="891" WIDTH="127" HEIGHT="27" WC="0.91" CONTENT="lastegares,"/><SP WIDTH="21" VPOS="891" HPOS="445"/>
							<String ID="string_154" HPOS="466" VPOS="891" WIDTH="236" HEIGHT="27" WC="0.91" CONTENT="inteckningshafvares"/><SP WIDTH="22" VPOS="891" HPOS="702"/>
							<String ID="string_155" HPOS="724" VPOS="892" WIDTH="53" HEIGHT="21" WC="0.93" CONTENT="eller"/><SP WIDTH="20" VPOS="892" HPOS="777"/>
							<String ID="string_156" HPOS="797" VPOS="893" WIDTH="36" HEIGHT="21" WC="0.90" CONTENT="be-"/>
						</TextLine>
						<TextLine ID="line_21" HPOS="76" VPOS="926" WIDTH="758" HEIGHT="27">
							<String ID="string_157" HPOS="76" VPOS="927" WIDTH="134" HEIGHT="26" WC="0.91" CONTENT="sättningens"/><SP WIDTH="23" VPOS="927" HPOS="210"/>
							<String ID="string_158" HPOS="233" VPOS="928" WIDTH="45" HEIGHT="19" WC="0.96" CONTENT="rätt"/><SP WIDTH="22" VPOS="928" HPOS="278"/>
							<String ID="string_159" HPOS="300" VPOS="926" WIDTH="40" HEIGHT="21" WC="0.96" CONTENT="och"/><SP WIDTH="24" VPOS="926" HPOS="340"/>
							<String ID="string_160" HPOS="364" VPOS="926" WIDTH="69" HEIGHT="26" WC="0.96" CONTENT="bästa,"/><SP WIDTH="24" VPOS="926" HPOS="433"/>
							<String ID="string_161" HPOS="457" VPOS="932" WIDTH="50" HEIGHT="15" WC="0.96" CONTENT="vare"/><SP WIDTH="23" VPOS="932" HPOS="507"/>
							<String ID="string_162" HPOS="530" VPOS="926" WIDTH="42" HEIGHT="21" WC="0.96" CONTENT="han"/><SP WIDTH="23" VPOS="926" HPOS="572"/>
							<String ID="string_163" HPOS="595" VPOS="926" WIDTH="85" HEIGHT="27" WC="0.96" CONTENT="skyldig"/><SP WIDTH="23" VPOS="926" HPOS="680"/>
							<String ID="string_164" HPOS="703" VPOS="928" WIDTH="32" HEIGHT="19" WC="0.96" CONTENT="att"/><SP WIDTH="17" VPOS="928" HPOS="735"/>
							<String ID="string_165" HPOS="752" VPOS="929" WIDTH="82" HEIGHT="19" WC="0.96" CONTENT="ersätta"/>
						</TextLine>
						<TextLine ID="line_22" HPOS="74" VPOS="959" WIDTH="759" HEIGHT="29">
							<String ID="string_166" HPOS="74" VPOS="961" WIDTH="82" HEIGHT="21" WC="0.96" CONTENT="skadan"/><SP WIDTH="22" VPOS="961" HPOS="156"/>
							<String ID="string_167" HPOS="178" VPOS="963" WIDTH="57" HEIGHT="19" WC="0.96" CONTENT="samt"/><SP WIDTH="18" VPOS="963" HPOS="235"/>
							<String ID="string_168" HPOS="253" VPOS="959" WIDTH="99" HEIGHT="23" WC="0.96" CONTENT="förfallen"/><SP WIDTH="19" VPOS="959" HPOS="352"/>
							<String ID="string_169" HPOS="371" VPOS="962" WIDTH="32" HEIGHT="19" WC="0.96" CONTENT="att"/><SP WIDTH="15" VPOS="962" HPOS="403"/>
							<String ID="string_170" HPOS="418" VPOS="961" WIDTH="52" HEIGHT="20" WC="0.96" CONTENT="böta"/><SP WIDTH="16" VPOS="961" HPOS="470"/>
							<String ID="string_171" HPOS="486" VPOS="960" WIDTH="46" HEIGHT="21" WC="0.96" CONTENT="från"/><SP WIDTH="17" VPOS="960" HPOS="532"/>
							<String ID="string_172" HPOS="549" VPOS="960" WIDTH="39" HEIGHT="21" WC="0.96" CONTENT="och"/><SP WIDTH="16" VPOS="960" HPOS="588"/>
							<String ID="string_173" HPOS="604" VPOS="960" WIDTH="49" HEIGHT="22" WC="0.90" CONTENT="med"/><SP WIDTH="15" VPOS="960" HPOS="653"/>
							<String ID="string_174" HPOS="668" VPOS="961" WIDTH="61" HEIGHT="27" WC="0.90" CONTENT="tjugu"/><SP WIDTH="16" VPOS="961" HPOS="729"/>
							<String ID="string_175" HPOS="745" VPOS="961" WIDTH="31" HEIGHT="21" WC="0.95" CONTENT="till"/><SP WIDTH="17" VPOS="961" HPOS="776"/>
							<String ID="string_176" HPOS="793" VPOS="961" WIDTH="40" HEIGHT="22" WC="0.96" CONTENT="och"/>
						</TextLine>
						<TextLine ID="line_23" HPOS="74" VPOS="995" WIDTH="759" HEIGHT="27">
							<String ID="string_177" HPOS="74" VPOS="995" WIDTH="48" HEIGHT="21" WC="0.96" CONTENT="med"/><SP WIDTH="23" VPOS="995" HPOS="122"/>
							<String ID="string_178" HPOS="145" VPOS="995" WIDTH="127" HEIGHT="22" WC="0.96" CONTENT="femhundra"/><SP WIDTH="22" VPOS="995" HPOS="272"/>
							<String ID="string_179" HPOS="294" VPOS="995" WIDTH="62" HEIGHT="21" WC="0.92" CONTENT="mark"/><SP WIDTH="24" VPOS="995" HPOS="356"/>
							<String ID="string_180" HPOS="380" VPOS="995" WIDTH="52" HEIGHT="21" WC="0.92" CONTENT="eller"/><SP WIDTH="19" VPOS="995" HPOS="432"/>
							<String ID="string_181" HPOS="451" VPOS="995" WIDTH="86" HEIGHT="21" WC="0.90" CONTENT="straffes"/><SP WIDTH="16" VPOS="995" HPOS="537"/>
							<String ID="string_182" HPOS="553" VPOS="995" WIDTH="49" HEIGHT="21" WC="0.96" CONTENT="med"/><SP WIDTH="15" VPOS="995" HPOS="602"/>
							<String ID="string_183" HPOS="617" VPOS="995" WIDTH="97" HEIGHT="27" WC="0.96" CONTENT="fängelse"/><SP WIDTH="16" VPOS="995" HPOS="714"/>
							<String ID="string_184" HPOS="730" VPOS="995" WIDTH="46" HEIGHT="22" WC="0.96" CONTENT="från"/><SP WIDTH="17" VPOS="995" HPOS="776"/>
							<String ID="string_185" HPOS="793" VPOS="996" WIDTH="40" HEIGHT="21" WC="0.96" CONTENT="och"/>
						</TextLine>
						<TextLine ID="line_24" HPOS="74" VPOS="1029" WIDTH="758" HEIGHT="28">
							<String ID="string_186" HPOS="74" VPOS="1030" WIDTH="49" HEIGHT="21" WC="0.94" CONTENT="med"/><SP WIDTH="24" VPOS="1030" HPOS="123"/>
							<String ID="string_187" HPOS="147" VPOS="1036" WIDTH="25" HEIGHT="15" WC="0.94" CONTENT="en"/><SP WIDTH="24" VPOS="1036" HPOS="172"/>
							<String ID="string_188" HPOS="196" VPOS="1030" WIDTH="31" HEIGHT="21" WC="0.96" CONTENT="till"/><SP WIDTH="23" VPOS="1030" HPOS="227"/>
							<String ID="string_189" HPOS="250" VPOS="1029" WIDTH="40" HEIGHT="22" WC="0.96" CONTENT="och"/><SP WIDTH="20" VPOS="1029" HPOS="290"/>
							<String ID="string_190" HPOS="310" VPOS="1030" WIDTH="50" HEIGHT="21" WC="0.93" CONTENT="med"/><SP WIDTH="18" VPOS="1030" HPOS="360"/>
							<String ID="string_191" HPOS="378" VPOS="1029" WIDTH="41" HEIGHT="22" WC="0.91" CONTENT="tolf"/><SP WIDTH="17" VPOS="1029" HPOS="419"/>
							<String ID="string_192" HPOS="436" VPOS="1029" WIDTH="108" HEIGHT="22" WC="0.95" CONTENT="månader."/><SP WIDTH="31" VPOS="1029" HPOS="544"/>
							<String ID="string_193" HPOS="575" VPOS="1029" WIDTH="46" HEIGHT="22" WC="0.96" CONTENT="Har"/><SP WIDTH="16" VPOS="1029" HPOS="621"/>
							<String ID="string_194" HPOS="637" VPOS="1030" WIDTH="41" HEIGHT="21" WC="0.96" CONTENT="han"/><SP WIDTH="16" VPOS="1030" HPOS="678"/>
							<String ID="string_195" HPOS="694" VPOS="1031" WIDTH="138" HEIGHT="26" WC="0.96" CONTENT="uppsåtligen"/>
						</TextLine>
						<TextLine ID="line_25" HPOS="73" VPOS="1064" WIDTH="758" HEIGHT="28">
							<String ID="string_196" HPOS="73" VPOS="1064" WIDTH="131" HEIGHT="27" WC="0.92" CONTENT="förskingrat"/><SP WIDTH="16" VPOS="1064" HPOS="204"/>
							<String ID="string_197" HPOS="220" VPOS="1065" WIDTH="52" HEIGHT="20" WC="0.93" CONTENT="eller"/><SP WIDTH="15" VPOS="1065" HPOS="272"/>
							<String ID="string_198" HPOS="287" VPOS="1064" WIDTH="107" HEIGHT="22" WC="0.92" CONTENT="försnillat"/><SP WIDTH="18" VPOS="1064" HPOS="394"/>
							<String ID="string_199" HPOS="412" VPOS="1065" WIDTH="88" HEIGHT="20" WC="0.92" CONTENT="redares"/><SP WIDTH="17" VPOS="1065" HPOS="500"/>
							<String ID="string_200" HPOS="517" VPOS="1065" WIDTH="52" HEIGHT="20" WC="0.93" CONTENT="eller"/><SP WIDTH="15" VPOS="1065" HPOS="569"/>
							<String ID="string_201" HPOS="584" VPOS="1065" WIDTH="119" HEIGHT="26" WC="0.92" CONTENT="lastegares"/><SP WIDTH="18" VPOS="1065" HPOS="703"/>
							<String ID="string_202" HPOS="721" VPOS="1065" WIDTH="110" HEIGHT="27" WC="0.96" CONTENT="egendom,"/>
						</TextLine>
						<TextLine ID="line_26" HPOS="74" VPOS="1099" WIDTH="562" HEIGHT="26">
							<String ID="string_203" HPOS="74" VPOS="1099" WIDTH="65" HEIGHT="21" WC="0.96" CONTENT="varde"/><SP WIDTH="17" VPOS="1099" HPOS="139"/>
							<String ID="string_204" HPOS="156" VPOS="1099" WIDTH="64" HEIGHT="21" WC="0.95" CONTENT="dömd"/><SP WIDTH="16" VPOS="1099" HPOS="220"/>
							<String ID="string_205" HPOS="236" VPOS="1099" WIDTH="31" HEIGHT="21" WC="0.93" CONTENT="till"/><SP WIDTH="17" VPOS="1099" HPOS="267"/>
							<String ID="string_206" HPOS="284" VPOS="1099" WIDTH="90" HEIGHT="21" WC="0.93" CONTENT="tukthus"/><SP WIDTH="16" VPOS="1099" HPOS="374"/>
							<String ID="string_207" HPOS="390" VPOS="1099" WIDTH="69" HEIGHT="21" WC="0.96" CONTENT="under"/><SP WIDTH="15" VPOS="1099" HPOS="459"/>
							<String ID="string_208" HPOS="474" VPOS="1099" WIDTH="43" HEIGHT="21" WC="0.93" CONTENT="lika"/><SP WIDTH="16" VPOS="1099" HPOS="517"/>
							<String ID="string_209" HPOS="533" VPOS="1099" WIDTH="50" HEIGHT="26" WC="0.96" CONTENT="lång"/><SP WIDTH="16" VPOS="1099" HPOS="583"/>
							<String ID="string_210" HPOS="599" VPOS="1099" WIDTH="37" HEIGHT="21" WC="0.96" CONTENT="tid."/>
						</TextLine>
					</TextBlock>
				</ComposedBlock>
				<ComposedBlock ID="cblock_3" HPOS="73" VPOS="1156" WIDTH="760" HEIGHT="315">
					<TextBlock ID="block_6" HPOS="415" VPOS="1156" WIDTH="76" HEIGHT="28">
						<TextLine ID="line_27" HPOS="415" VPOS="1156" WIDTH="76" HEIGHT="28">
							<String ID="string_211" HPOS="415" VPOS="1156" WIDTH="12" HEIGHT="28" WC="0.86" CONTENT="8"/><SP WIDTH="17" VPOS="1156" HPOS="427"/>
							<String ID="string_212" HPOS="444" VPOS="1158" WIDTH="47" HEIGHT="20" WC="0.95" CONTENT="132."/>
						</TextLine>
					</TextBlock>
					<TextBlock ID="block_7" HPOS="73" VPOS="1196" WIDTH="760" HEIGHT="125">
						<TextLine ID="line_28" HPOS="144" VPOS="1196" WIDTH="689" HEIGHT="28">
							<String ID="string_213" HPOS="144" VPOS="1196" WIDTH="45" HEIGHT="22" WC="0.93" CONTENT="Har"/><SP WIDTH="21" VPOS="1196" HPOS="189"/>
							<String ID="string_214" HPOS="210" VPOS="1197" WIDTH="110" HEIGHT="27" WC="0.92" CONTENT="lastegare"/><SP WIDTH="17" VPOS="1197" HPOS="320"/>
							<String ID="string_215" HPOS="337" VPOS="1197" WIDTH="100" HEIGHT="27" WC="0.92" CONTENT="upptagit"/><SP WIDTH="16" VPOS="1197" HPOS="437"/>
							<String ID="string_216" HPOS="453" VPOS="1197" WIDTH="35" HEIGHT="21" WC="0.96" CONTENT="län"/><SP WIDTH="16" VPOS="1197" HPOS="488"/>
							<String ID="string_217" HPOS="504" VPOS="1197" WIDTH="40" HEIGHT="21" WC="0.96" CONTENT="och"/><SP WIDTH="15" VPOS="1197" HPOS="544"/>
							<String ID="string_218" HPOS="559" VPOS="1196" WIDTH="33" HEIGHT="22" WC="0.96" CONTENT="för"/><SP WIDTH="16" VPOS="1196" HPOS="592"/>
							<String ID="string_219" HPOS="608" VPOS="1197" WIDTH="50" HEIGHT="21" WC="0.93" CONTENT="dess"/><SP WIDTH="17" VPOS="1197" HPOS="658"/>
							<String ID="string_220" HPOS="675" VPOS="1196" WIDTH="158" HEIGHT="28" WC="0.92" CONTENT="äterbetalning"/>
						</TextLine>
						<TextLine ID="line_29" HPOS="74" VPOS="1231" WIDTH="757" HEIGHT="27">
							<String ID="string_221" HPOS="74" VPOS="1231" WIDTH="88" HEIGHT="27" WC="0.93" CONTENT="beviljat"/><SP WIDTH="14" VPOS="1231" HPOS="162"/>
							<String ID="string_222" HPOS="176" VPOS="1233" WIDTH="97" HEIGHT="25" WC="0.92" CONTENT="panträtt"/><SP WIDTH="15" VPOS="1233" HPOS="273"/>
							<String ID="string_223" HPOS="288" VPOS="1232" WIDTH="6" HEIGHT="20" WC="0.93" CONTENT="i"/><SP WIDTH="12" VPOS="1232" HPOS="294"/>
							<String ID="string_224" HPOS="306" VPOS="1232" WIDTH="77" HEIGHT="26" WC="0.96" CONTENT="godset"/><SP WIDTH="10" VPOS="1232" HPOS="383"/>
							<String ID="string_225" HPOS="393" VPOS="1231" WIDTH="69" HEIGHT="21" WC="0.93" CONTENT="under"/><SP WIDTH="11" VPOS="1231" HPOS="462"/>
							<String ID="string_226" HPOS="473" VPOS="1231" WIDTH="172" HEIGHT="26" WC="0.92" CONTENT="bodmerivilkor,"/><SP WIDTH="12" VPOS="1231" HPOS="645"/>
							<String ID="string_227" HPOS="657" VPOS="1238" WIDTH="50" HEIGHT="14" WC="0.96" CONTENT="vare"/><SP WIDTH="12" VPOS="1238" HPOS="707"/>
							<String ID="string_228" HPOS="719" VPOS="1232" WIDTH="37" HEIGHT="21" WC="0.93" CONTENT="det"/><SP WIDTH="11" VPOS="1232" HPOS="756"/>
							<String ID="string_229" HPOS="767" VPOS="1232" WIDTH="64" HEIGHT="26" WC="0.86" CONTENT="gildt;"/>
						</TextLine>
						<TextLine ID="line_30" HPOS="74" VPOS="1265" WIDTH="758" HEIGHT="28">
							<String ID="string_230" HPOS="74" VPOS="1265" WIDTH="55" HEIGHT="21" WC="0.96" CONTENT="dock"/><SP WIDTH="15" VPOS="1265" HPOS="129"/>
							<String ID="string_231" HPOS="144" VPOS="1266" WIDTH="62" HEIGHT="21" WC="0.96" CONTENT="skola"/><SP WIDTH="16" VPOS="1266" HPOS="206"/>
							<String ID="string_232" HPOS="222" VPOS="1266" WIDTH="42" HEIGHT="21" WC="0.96" CONTENT="alla"/><SP WIDTH="16" VPOS="1266" HPOS="264"/>
							<String ID="string_233" HPOS="280" VPOS="1266" WIDTH="26" HEIGHT="21" WC="0.96" CONTENT="de"/><SP WIDTH="15" VPOS="1266" HPOS="306"/>
							<String ID="string_234" HPOS="321" VPOS="1266" WIDTH="7" HEIGHT="21" WC="0.93" CONTENT="i"/><SP WIDTH="15" VPOS="1266" HPOS="328"/>
							<String ID="string_235" HPOS="343" VPOS="1265" WIDTH="12" HEIGHT="28" WC="0.92" CONTENT="$"/><SP WIDTH="17" VPOS="1265" HPOS="355"/>
							<String ID="string_236" HPOS="372" VPOS="1267" WIDTH="39" HEIGHT="20" WC="0.93" CONTENT="109"/><SP WIDTH="17" VPOS="1267" HPOS="411"/>
							<String ID="string_237" HPOS="428" VPOS="1268" WIDTH="111" HEIGHT="25" WC="0.91" CONTENT="upptagna"/><SP WIDTH="14" VPOS="1268" HPOS="539"/>
							<String ID="string_238" HPOS="553" VPOS="1266" WIDTH="203" HEIGHT="26" WC="0.92" CONTENT="fordringsanspräk"/><SP WIDTH="12" VPOS="1266" HPOS="756"/>
							<String ID="string_239" HPOS="768" VPOS="1266" WIDTH="64" HEIGHT="22" WC="0.92" CONTENT="hafva"/>
						</TextLine>
						<TextLine ID="line_31" HPOS="73" VPOS="1299" WIDTH="115" HEIGHT="22">
							<String ID="string_240" HPOS="73" VPOS="1299" WIDTH="115" HEIGHT="22" WC="0.92" CONTENT="företräde."/>
						</TextLine>
					</TextBlock>
					<TextBlock ID="block_8" HPOS="412" VPOS="1335" WIDTH="76" HEIGHT="27">
						<TextLine ID="line_32" HPOS="412" VPOS="1335" WIDTH="76" HEIGHT="27">
							<String ID="string_241" HPOS="412" VPOS="1335" WIDTH="11" HEIGHT="27" WC="0.91" CONTENT="8"/><SP WIDTH="17" VPOS="1335" HPOS="423"/>
							<String ID="string_242" HPOS="440" VPOS="1336" WIDTH="48" HEIGHT="20" WC="0.91" CONTENT="236."/>
						</TextLine>
					</TextBlock>
					<TextBlock ID="block_9" HPOS="74" VPOS="1375" WIDTH="757" HEIGHT="96">
						<TextLine ID="line_33" HPOS="142" VPOS="1375" WIDTH="689" HEIGHT="28">
							<String ID="string_243" HPOS="142" VPOS="1375" WIDTH="97" HEIGHT="27" WC="0.92" CONTENT="Uppstär"/><SP WIDTH="23" VPOS="1375" HPOS="239"/>
							<String ID="string_244" HPOS="262" VPOS="1376" WIDTH="52" HEIGHT="21" WC="0.91" CONTENT="tvist"/><SP WIDTH="22" VPOS="1376" HPOS="314"/>
							<String ID="string_245" HPOS="336" VPOS="1382" WIDTH="34" HEIGHT="15" WC="0.93" CONTENT="om"/><SP WIDTH="20" VPOS="1382" HPOS="370"/>
							<String ID="string_246" HPOS="390" VPOS="1375" WIDTH="81" HEIGHT="28" WC="0.93" CONTENT="fartygs"/><SP WIDTH="20" VPOS="1375" HPOS="471"/>
							<String ID="string_247" HPOS="491" VPOS="1376" WIDTH="112" HEIGHT="27" WC="0.96" CONTENT="byggande"/><SP WIDTH="17" VPOS="1376" HPOS="603"/>
							<String ID="string_248" HPOS="620" VPOS="1376" WIDTH="52" HEIGHT="21" WC="0.93" CONTENT="eller"/><SP WIDTH="15" VPOS="1376" HPOS="672"/>
							<String ID="string_249" HPOS="687" VPOS="1375" WIDTH="95" HEIGHT="27" WC="0.92" CONTENT="förande,"/><SP WIDTH="15" VPOS="1375" HPOS="782"/>
							<String ID="string_250" HPOS="797" VPOS="1382" WIDTH="34" HEIGHT="16" WC="0.93" CONTENT="re-"/>
						</TextLine>
						<TextLine ID="line_34" HPOS="75" VPOS="1409" WIDTH="756" HEIGHT="28">
							<String ID="string_251" HPOS="75" VPOS="1409" WIDTH="63" HEIGHT="22" WC="0.93" CONTENT="dares"/><SP WIDTH="20" VPOS="1409" HPOS="138"/>
							<String ID="string_252" HPOS="158" VPOS="1410" WIDTH="150" HEIGHT="27" WC="0.93" CONTENT="förbindelser,"/><SP WIDTH="15" VPOS="1410" HPOS="308"/>
							<String ID="string_253" HPOS="323" VPOS="1410" WIDTH="158" HEIGHT="22" WC="0.93" CONTENT="befälhafvares"/><SP WIDTH="16" VPOS="1410" HPOS="481"/>
							<String ID="string_254" HPOS="497" VPOS="1410" WIDTH="53" HEIGHT="22" WC="0.93" CONTENT="eller"/><SP WIDTH="16" VPOS="1410" HPOS="550"/>
							<String ID="string_255" HPOS="566" VPOS="1410" WIDTH="89" HEIGHT="27" WC="0.92" CONTENT="sjöfolks"/><SP WIDTH="16" VPOS="1410" HPOS="655"/>
							<String ID="string_256" HPOS="671" VPOS="1410" WIDTH="35" HEIGHT="22" WC="0.96" CONTENT="lön"/><SP WIDTH="17" VPOS="1410" HPOS="706"/>
							<String ID="string_257" HPOS="723" VPOS="1410" WIDTH="40" HEIGHT="21" WC="0.93" CONTENT="och"/><SP WIDTH="16" VPOS="1410" HPOS="763"/>
							<String ID="string_258" HPOS="779" VPOS="1410" WIDTH="52" HEIGHT="27" WC="0.93" CONTENT="älig-"/>
						</TextLine>
						<TextLine ID="line_35" HPOS="74" VPOS="1444" WIDTH="757" HEIGHT="27">
							<String ID="string_259" HPOS="74" VPOS="1444" WIDTH="92" HEIGHT="26" WC="0.92" CONTENT="ganden,"/><SP WIDTH="17" VPOS="1444" HPOS="166"/>
							<String ID="string_260" HPOS="183" VPOS="1444" WIDTH="143" HEIGHT="27" WC="0.92" CONTENT="befraktning,"/><SP WIDTH="17" VPOS="1444" HPOS="326"/>
							<String ID="string_261" HPOS="343" VPOS="1445" WIDTH="72" HEIGHT="21" WC="0.92" CONTENT="haveri"/><SP WIDTH="16" VPOS="1445" HPOS="415"/>
							<String ID="string_262" HPOS="431" VPOS="1445" WIDTH="53" HEIGHT="21" WC="0.93" CONTENT="eller"/><SP WIDTH="15" VPOS="1445" HPOS="484"/>
							<String ID="string_263" HPOS="499" VPOS="1445" WIDTH="127" HEIGHT="26" WC="0.92" CONTENT="försäkring,"/><SP WIDTH="18" VPOS="1445" HPOS="626"/>
							<String ID="string_264" HPOS="644" VPOS="1445" WIDTH="52" HEIGHT="21" WC="0.93" CONTENT="eller"/><SP WIDTH="15" VPOS="1445" HPOS="696"/>
							<String ID="string_265" HPOS="711" VPOS="1445" WIDTH="41" HEIGHT="21" WC="0.91" CONTENT="ock"/><SP WIDTH="10" VPOS="1445" HPOS="752"/>
							<String ID="string_266" HPOS="762" VPOS="1451" WIDTH="69" HEIGHT="16" WC="0.96" CONTENT="annan"/>
						</TextLine>
					</TextBlock>
				</ComposedBlock>
			</PrintSpace>
		</Page>
	</Layout>
</alto>
