1056 1725
312 135 20 23 U.
347 135 20 23 B.
383 148 28 3 —
427 135 56 29 Prop.
499 135 32 23 N:o
546 134 33 24 29.
778 136 26 22 15

70 200 178 27 myndigheterna
270 201 59 27 böra,
350 202 7 20 i
372 201 103 22 händelse
491 201 150 27 förändringar
656 201 135 22 beträffande
806 202 27 21 de

70 236 8 20 i
93 235 100 26 registret
214 234 84 22 införda
321 235 71 27 fartyg
410 235 47 21 icke
473 236 185 26 tillkännagifvits,
674 235 63 21 äfven
761 236 72 21 derom

71 269 126 27 gvartaliter
212 269 39 22 hos
266 269 80 22 Finans
361 270 158 27 Expeditionen
535 270 90 21 anmäla.

140 303 106 28 Slutligen
260 305 40 20 har
314 304 111 21 Utskottet
441 304 58 21 velat
515 305 76 25 erinra,
608 305 39 25 att,
662 303 47 22 ifall
719 304 114 27 kungörel-

71 345 39 15 sen
125 338 97 21 kommer
237 340 31 19 att
283 339 32 20 till
330 338 127 22 efterlefnad
478 338 103 27 utfärdas,
597 338 78 27 nådiga
690 339 142 26 kungörelsen

71 372 23 22 af
116 373 41 20 den
178 373 27 20 26
227 373 89 26 Augusti
333 373 61 26 1873,
411 372 111 27 angående
538 373 69 20 finska
623 373 80 27 fartygs
719 373 113 22 förseende

72 407 49 21 med
144 407 129 27 anteckning
293 407 12 21 å
320 407 76 21 aktern
412 407 23 21 af
449 407 104 26 fartygets
569 407 39 21 och
624 407 123 22 hemortens
761 414 71 20 namn,

71 441 28 22 då
114 441 97 27 fartygen
226 441 33 21 till
274 441 168 28 handelssjöfart
457 441 114 27 begagnas,
587 441 62 22 torde
664 442 53 21 böra
733 441 33 22 för
779 448 53 21 upp-

70 476 52 21 häfd
138 475 112 22 förklaras.

141 550 137 21 Beträffande
294 550 98 28 slutligen

279 586 40 24 5:0)
336 585 114 27 Förslaget
472 586 32 20 till
524 586 134 20 instruktion
675 586 38 26 för
733 586 99 26 register-

209 620 183 27 myndigheterna
406 621 61 20 samt
483 620 119 28 åtföljande
615 621 121 27 formulär,

72 683 80 21 hvilket
174 683 80 27 förslag
274 684 66 26 jemte
360 683 132 21 formulären
513 683 120 21 äfvenledes
653 683 102 27 förelagts
771 683 61 21 Stän-

72 718 66 21 derna
152 718 33 21 till
200 718 119 21 kännedom
335 718 39 21 och
389 718 107 26 yttrande,
512 718 39 21 har
566 717 111 22 Utskottet
692 718 47 21 icke
754 719 32 19 att
799 724 33 15 er-

71 752 48 22 inra
142 754 66 20 annat
230 754 27 19 än
280 754 32 19 att
335 752 106 21 särskilda
460 752 150 26 förändringar
630 752 61 21 torde
706 752 7 20 i
729 752 102 27 förslaget

72 787 40 21 och
126 786 130 22 formulären
272 786 66 22 blifva
356 786 141 27 erforderliga
512 787 6 20 i
533 786 108 26 händelse,
657 786 70 22 såsom
743 786 88 22 Utskot-

71 823 32 19 tet
125 821 103 26 förordat,
252 821 76 21 officiel
351 827 97 15 nummer
467 820 34 21 för
523 820 69 22 finska
607 820 70 27 fartyg
692 820 90 27 införes;
798 822 33 20 att

71 856 107 26 uttrycket
193 856 7 21 i
216 855 11 27 $
242 856 14 21 5
272 855 233 28 ,igenkänningsmätt*
521 856 68 25 torde,
605 854 28 28 pä
643 856 43 20 sätt
696 854 133 22 beträffande

71 889 12 28 8
97 890 14 21 5
127 891 6 20 i
149 889 242 28 registerförordningen
407 890 128 27 föreslagits,
551 889 54 22 böra
620 889 86 27 utbytas
718 892 45 19 mot
773 889 57 27 ,huf-

71 924 117 26 vudmätt*;
210 926 56 19 samt
281 926 32 19 att
328 925 120 20 kostnaden
463 924 34 21 för
513 923 147 22 anskaffandet
675 924 23 21 af
712 924 26 21 de
753 925 7 20 i
775 923 12 28 $
803 924 25 20 17

72 959 140 21 omförmälda
231 959 121 21 blanketter
378 959 61 21 torde
462 959 53 20 böra
539 958 68 26 bäras,
631 958 46 21 icke
693 958 22 21 af
729 958 101 21 vederbö-

71 993 67 21 rande
160 993 132 26 kommuner,
315 996 51 18 utan
389 993 22 21 af
425 993 136 26 statsverket,
577 993 86 21 hvartill
678 993 114 26 anledning
807 992 24 21 sä

72 1027 85 27 mycket
172 1027 67 22 hellre
250 1027 148 27 förekommer,
415 1034 46 15 som
476 1027 189 27 registeromrädet
679 1029 24 19 är
719 1027 70 22 afsedt
799 1029 31 19 att

71 1068 51 15 vara
136 1062 156 21 vidsträcktare
308 1064 26 19 än
350 1063 137 20 kommunen.

140 1130 84 22 Ytterst
242 1131 40 21 har
301 1131 113 21 Utskottet
432 1131 58 21 velat
505 1129 79 23 föreslä
599 1131 38 23 att,
653 1130 8 21 i
676 1130 106 22 anseende
797 1131 34 21 till

72 1165 26 21 de
114 1166 58 20 stora
187 1165 39 21 och
242 1166 68 20 delvis
320 1165 181 27 genomgripande
512 1165 149 26 förändringar
671 1165 32 21 uti
714 1164 116 22 bestäende

71 1198 155 28 förhällanden,
248 1206 45 15 som
313 1206 75 20 genom
407 1200 146 26 föreliggande
568 1198 117 28 lagförslag
699 1200 84 20 komme
799 1201 32 19 att

71 1240 39 20 ega
132 1240 54 20 rum,
209 1234 121 21 Ständerna
352 1234 66 21 mätte
442 1234 130 21 öfverlemna
592 1232 22 22 ät
633 1234 59 20 Hans
712 1233 118 27 Kejserliga

71 1268 101 26 Majestät
191 1270 31 20 att
238 1269 6 20 i
260 1269 66 21 näder
341 1269 118 21 bestämma
474 1269 135 26 tidpunkten,
625 1268 47 21 frän
687 1268 86 21 hvilken
788 1268 42 20 för-

70 1302 146 27 fattningarna
231 1304 61 20 skola
307 1304 85 20 komma
407 1305 32 19 att
455 1303 63 21 träda
533 1303 6 21 i
555 1302 168 27 verkställighet.

138 1410 31 22 Pä
188 1412 68 26 grund
277 1411 23 21 af
318 1412 56 20 hvad
389 1412 112 21 Utskottet
517 1411 46 21 haft
579 1414 50 19 äran
646 1410 81 27 anföra,
743 1410 32 22 fär
791 1410 38 22 Ut-

70 1445 81 22 skottet
166 1446 110 21 vördsamt
291 1446 88 21 föreslä:

138 1490 141 23 Lagutskottets
292 1491 116 18 betänkande
420 1496 31 13 n:o
463 1492 28 17 23.
