1056 1725
234 116 34 22 U.
287 117 41 21 B.
345 128 26 3 —
388 116 100 28 Prop.
503 116 58 22 N:o
577 116 50 23 41.

268 420 395 31 Värnepligtsutskottets
698 421 106 23 betän-

224 461 103 23 kande
357 460 46 24 N:o
430 461 22 27 2,
479 461 9 23 i
514 460 139 31 anledning
679 460 28 23 af
732 460 72 24 Hans

225 500 144 32 Kejserliga
387 501 134 31 Majestäts
538 500 94 31 nådiga
649 499 155 32 proposition

226 541 132 30 angående
388 540 109 36 ändring
526 540 29 23 af
581 539 128 25 särskilda
736 540 33 31 $$
795 539 9 24 i

228 580 242 32 Värnepligtslagen
496 580 28 24 af
540 581 50 23 den
611 580 32 24 27
664 580 139 24 December

226 620 66 24 1878.

122 689 43 19 Den
181 689 71 25 nådiga
267 689 143 25 propositionen
427 689 36 19 har
478 690 21 18 af
513 689 92 25 samtliga
620 689 57 19 stånd
693 689 31 19 för
740 690 62 18 förbe-

55 723 83 19 redande
154 723 118 25 behandling
288 724 137 19 öfverlemnats
441 724 31 18 till
488 724 231 25 Värnepligtsutskottet.

120 826 30 20 På
171 829 39 17 sätt
232 826 96 20 utskottet
350 826 109 20 framhållit
481 828 6 18 i
509 827 34 19 sitt
561 827 123 19 betänkande
703 827 99 25 angående

50 862 36 19 den
112 862 42 19 med
180 862 128 19 förevarande
335 861 70 26 nådiga
427 862 119 25 proposition
570 862 5 19 i
602 861 92 20 samband
721 862 78 19 stående

50 896 144 25 propositionen
220 896 38 19 N:o
284 895 32 26 39,
342 899 22 16 är
390 896 32 19 det
447 897 64 18 finska
537 896 118 19 kavalleriet
681 896 64 19 afsedt
769 898 29 17 att

50 931 122 24 organiseras
190 931 62 24 enligt
270 930 35 19 den
326 930 110 25 grundsats,
452 933 29 16 att
497 930 174 25 kompletteringen
688 930 31 19 till
737 931 63 24 krigs-

50 968 90 16 numerär
158 965 51 19 skall
228 964 35 19 ske
282 971 69 18 genom
369 965 113 19 inkallande
497 965 22 19 af
533 967 118 22 reservmän,
668 965 69 19 hvilka
752 965 45 18 fall-

50 999 53 25 gjort
120 999 56 19 aktiv
194 999 60 25 tjenst
273 999 33 18 vid
324 999 123 20 kavalleriet.
478 999 45 19 Med
542 999 91 20 afseende
653 999 11 19 &
679 999 36 19 den
729 999 69 25 jemfö-

50 1033 82 19 relsevis
158 1033 82 25 fätaliga
266 1039 72 19 reserv,
365 1039 40 13 som
431 1033 7 19 i
461 1033 48 26 följd
532 1033 58 20 häraf
610 1040 47 13 vore
680 1035 28 17 att
734 1033 64 25 tillgä,

49 1067 82 20 föresläs
151 1067 6 19 i
176 1067 36 20 den
232 1067 70 25 nädiga
321 1068 145 25 propositionen
486 1067 59 20 sädan
564 1068 83 24 ändring
662 1067 21 20 af
697 1067 26 19 86
739 1067 18 26 $.
774 1067 23 20 V.

47 1101 31 26 L.,
97 1104 29 17 att
145 1102 31 19 till
192 1102 118 19 kavalleriet
325 1102 63 19 skulle
405 1104 79 23 uttagas
500 1102 29 25 de,
541 1109 40 12 som
597 1101 80 20 erhällit
695 1101 23 19 de
736 1101 65 25 lägsta

49 1136 142 20 lottnumrorna
213 1136 36 20 och
273 1136 69 20 hvilka
365 1136 53 26 förty
441 1139 34 17 äro
499 1136 119 26 förpligtade
641 1138 28 18 att
691 1136 6 19 i
720 1136 81 20 främsta

49 1174 83 16 rummet
157 1170 76 20 inträda
260 1171 6 19 i
293 1170 56 20 aktiv
372 1171 66 25 tjenst,
458 1170 64 20 derest
541 1170 37 20 alls
597 1171 64 25 någon
679 1170 32 20 del
729 1170 22 20 af
764 1170 36 20 den

46 1205 170 25 reserv-ärsklass,
239 1205 30 19 till
293 1204 81 20 hvilken
397 1204 24 20 de
444 1204 54 26 höra,
518 1205 33 19 vid
573 1207 116 23 truppernas
707 1204 93 26 uppbrin-

46 1238 62 26 gande
128 1239 30 19 till
174 1239 146 25 krigsnumerär
338 1242 55 22 tages
409 1239 6 19 i
433 1239 92 25 anspråk.
548 1239 31 20 Då
590 1246 23 12 en
625 1239 56 25 dylik
693 1238 108 25 anordning

46 1280 58 18 synes
116 1280 48 13 vara
176 1274 6 18 i
195 1274 39 19 allo
245 1273 160 25 ändamålsenlig,
419 1273 31 19 får
462 1273 96 19 utskottet
570 1274 6 18 i
589 1273 63 19 denna
660 1273 31 19 del
698 1273 102 25 tillstyrka

47 1307 36 19 den
108 1308 116 19 förändrade
247 1308 83 26 lydelse,
352 1307 151 26 ifrågavarande
523 1308 13 25 &
555 1307 80 20 erhållit
654 1308 6 18 i
678 1307 35 19 den
729 1307 71 25 nådiga

48 1342 152 25 Propositionen.

115 1376 43 20 Den
178 1376 6 19 i
204 1376 146 20 slutmomentet
368 1376 22 19 af
407 1382 74 14 samma
495 1376 13 26 $
523 1376 112 25 föreslagna
650 1376 149 24 nedsättningen

46 1410 20 20 af
87 1410 135 26 värnepligtig
236 1411 5 19 i
258 1411 53 20 vissa
330 1410 36 20 fall
385 1410 147 20 tillkommande
552 1410 152 26 färdpennipgar
719 1410 35 20 har
769 1412 28 17 ut-

116 1444 195 22 Värnepligtsutskottets
324 1445 103 16 betänkande
439 1445 36 16 N:o
487 1444 16 17 2.

839 826 18 28 8.
872 826 31 21 86.
