1056 1725
262 112 14 21 8
447 111 69 24 Ständ.
533 111 31 24 $v.
579 124 28 4 —
623 112 55 30 Prop.
693 111 32 24 N:o
741 111 34 24 39.

235 178 97 26 godkänt
351 178 126 22 detsamma.
511 178 26 28 Ej
556 178 68 22 heller
644 178 64 22 hafva
727 177 120 23 Ständerna
861 177 70 22 funnit
946 178 47 21 skäl

234 212 36 22 till
285 213 166 27 anmärkningar
466 214 59 20 emot
543 212 42 22 den
603 212 79 28 nådiga
696 212 171 28 propositionens
881 212 112 28 uppskatt-

235 246 52 28 ning
302 246 23 22 af
339 247 61 22 dessa
415 246 126 28 tillgångars
557 247 78 27 belopp
650 247 35 22 vid
702 246 55 23 1888
772 247 35 21 års
821 246 86 28 utgång.

292 281 121 22 Ständerna
431 281 21 22 få
468 281 71 22 derför
553 282 7 21 i
576 281 171 28 underdånighet
761 282 94 21 anmäla:

441 347 32 20 att
495 345 122 23 Ständerna
635 345 77 28 bifallit
733 345 76 27 dertill,
831 347 32 20 att
885 345 108 22 militiebo-

372 380 155 22 ställskassans
542 380 115 28 tillgångar
671 380 36 22 vid
720 381 108 27 utgången
837 379 32 28 -af
882 381 25 20 är
922 381 69 26 1888,

373 415 118 22 beräknade
513 415 32 22 till
570 417 103 26 890,000
686 415 67 27 mark,
769 415 117 28 öfverföras
903 415 32 22 till
957 414 37 23 all-

372 451 81 20 männa
467 449 160 28 militiefonden.

303 507 33 21 En
358 507 112 28 sjelffallen
489 507 52 28 följd
561 507 24 21 af
603 507 70 22 denna
693 507 130 28 öfverföring
843 507 24 22 af
880 506 113 23 militiebo-

234 541 151 23 ställskassans
403 542 118 22 inkomster
541 541 40 22 och
600 541 82 28 kapital
700 542 34 21 till
749 541 108 22 allmänna
871 541 123 22 militiefon-

234 576 41 22 den
291 579 30 25 är,
337 578 33 20 att
389 576 62 22 äfven
475 576 256 23 militieboställskassans
755 575 88 29 utgifter
867 576 54 22 böra
935 575 60 28 päfö-

232 618 36 15 ras
290 612 133 21 sistnämnda
444 611 59 22 fond.
533 611 68 23 Dessa
623 612 88 27 utgifter
725 611 62 22 bestå
806 612 8 20 i
829 611 116 22 kostnader
959 611 34 21 för

234 646 161 22 militieverkets
417 646 148 27 boställsvärd,
591 646 72 22 hvilka
685 646 76 22 hittills
781 646 62 22 äfven
865 646 32 22 till
915 647 79 21 största

234 680 62 22 delen
318 681 70 28 utgätt
408 688 25 15 ur
457 681 154 22 militiefonden
633 681 40 22 och
697 681 34 22 för
750 681 84 22 hvilkas
856 680 137 22 bestridande

235 715 122 23 Ständerna
372 716 65 22 redan
453 716 92 27 anslagit
560 717 32 21 ett
605 716 78 28 belopp
699 716 23 22 af
736 716 80 27 88,200
830 716 61 21 mark
901 722 34 15 om
947 714 47 23 äret

234 750 69 22 under
318 750 143 28 nästföljande
484 750 151 28 finansperiod.
665 750 48 22 Den
733 749 28 29 pä
779 749 215 23 militieboställskas-

235 790 38 16 san
290 785 32 27 sig
336 785 119 28 belöpande
469 786 91 21 andelen
575 785 24 22 af
612 785 63 22 dessa
689 785 89 27 utgifter
792 785 64 21 hafva
869 784 124 27 Ständerna,

234 820 49 21 med
298 820 87 27 ledning
399 820 23 22 af
434 820 162 27 ifrägavarande
619 820 74 22 kassas
709 820 146 27 räkenskaper
869 819 34 22 för
919 819 26 21 de
960 825 33 15 se-

234 856 62 20 naste
311 854 57 28 ären,
384 856 72 21 ansett
471 854 72 23 kunna
557 854 106 23 beräknas
678 854 34 23 till
727 854 98 28 omkring
840 854 78 27 15,000
931 854 62 22 mark

235 888 89 29 årligen.

302 924 121 22 Ständerna
438 923 65 23 hafva
518 924 83 22 derföre
616 924 95 27 beslutit,

442 989 31 20 att
488 987 35 28 för
536 987 80 22 vården
631 988 27 27 af
668 987 153 22 militieverkets
837 986 108 27 boställen,
960 988 34 20 ut-

375 1021 56 28 öfver
454 1022 55 22 hvad
527 1022 10 21 i
551 1022 57 22 detta
623 1022 96 27 afseende
733 1021 67 22 redan
815 1021 100 28 beviljats,
931 1021 64 22 anslå

375 1058 84 26 15,000
474 1056 59 23 mark
548 1056 81 28 årligen
643 1056 66 23 under
724 1056 175 22 nästkommande
913 1056 80 27 finans-

372 1091 83 28 period,
466 1091 48 22 eller
529 1091 82 22 således
627 1091 140 22 tillsammans
782 1092 85 25 45,000
881 1091 60 22 mark
954 1097 39 15 un-

374 1126 37 22 der
425 1127 52 21 ären
491 1127 154 21 1889—1891.

305 1189 35 22 Då
355 1189 37 22 det
406 1189 125 27 emellertid,
547 1189 68 28 enligt
627 1190 57 21 hvad
698 1190 8 21 i
719 1190 42 21 den
775 1189 79 27 nådiga
867 1188 128 28 propositio-

236 1229 43 16 nen
294 1224 107 27 upplyses,
421 1224 46 21 icke
481 1224 42 22 blir
538 1224 23 22 af
574 1224 70 22 nöden
659 1225 33 21 att
707 1223 134 23 omedelbart
856 1223 55 22 efter
924 1223 71 22 förbe-

236 1258 66 22 rörda
317 1258 130 28 öfverföring
467 1258 101 22 realisera
591 1259 26 21 de
640 1258 149 28 obligationer,
807 1258 61 22 hvari
882 1257 113 23 militiebo-

236 1292 142 23 ställskassan
393 1293 34 22 för
448 1293 133 22 närvarande
602 1294 25 20 är
648 1292 107 28 placerad,
769 1292 87 22 komma
870 1292 62 22 äfven
946 1294 49 20 rän-

236 1328 64 21 torna
316 1327 13 22 &
344 1328 62 22 dessa
421 1328 68 21 under
504 1326 70 29 nägon
589 1327 32 22 tid
636 1328 32 21 att
686 1327 87 22 tillfalla
787 1326 109 22 allmänna
909 1326 86 23 militie-

236 1362 89 28 fonden;
342 1362 41 22 och
397 1362 64 22 hafva
485 1362 120 22 Ständerna
626 1363 54 21 trott
701 1362 33 27 sig
755 1362 74 22 kunna
843 1361 96 23 beräkna
954 1361 41 22 den

236 1396 102 28 inkomst,
354 1403 46 15 som
416 1397 124 27 derigenom
560 1397 96 21 kommer
675 1396 79 22 fonden
769 1396 34 22 till
817 1396 62 28 godo,
895 1396 34 21 till
943 1396 52 22 inal-

235 1431 32 20 les
283 1431 79 28 25.000
378 1432 69 23 mark.
477 1431 48 23 Den
543 1431 112 28 tillökning
670 1432 8 22 i
692 1431 168 23 militiofondons
875 1430 120 29 tillgångar,
