1056 1725
478 127 18 23 U.
513 126 20 24 B.
549 139 27 4 —
593 126 54 29 Prop.
664 127 21 22 N:
702 126 29 24 31.

648 190 14 20 $
676 191 21 19 8.

430 229 17 22 I
467 229 106 29 bergverk,
593 229 61 26 bruk,
675 229 83 28 fabrik
781 229 52 22 eller
855 236 76 15 annan
944 228 40 28 fa-

362 264 150 28 briksmässigt
527 264 87 28 drifven
629 264 134 28 handtering
778 265 36 20 mä
829 264 22 28 ej
865 264 54 21 barn
933 264 51 21 eller

362 306 58 21 unga
439 305 106 21 personer
567 300 137 27 sysselsättas
725 305 77 15 annan
817 299 34 21 tid
865 299 31 28 af
906 299 78 27 dygnet

362 335 30 19 än
399 333 92 22 emellan
503 333 92 22 klockan
605 335 14 20 5
627 334 56 27 före
695 333 39 21 och
743 333 94 22 klockan
845 335 14 19 9
867 333 54 27 efter
929 333 55 20 mid-

362 367 76 28 dagen,
461 367 22 27 ej
504 368 67 21 heller
590 368 42 21 den
647 368 92 27 dagliga
755 367 132 22 arbetstiden
898 367 45 27 för
957 367 27 20 de

356 401 65 27 förre
443 403 78 26 utgöra
543 409 44 14 mer
602 404 30 19 än
647 402 35 27 sju
699 401 38 22 och
747 402 46 27 för
808 402 27 21 de
849 408 76 15 senare
939 407 45 14 mer

362 438 30 19 än
407 439 78 18 tretton
501 437 94 26 timmar,
611 439 101 18 rasterna
723 436 156 21 inberäknade.

294 471 12 21 2
322 477 67 15 mom.
405 469 157 23 oförändradt.

647 521 14 28 $
677 522 20 20 9.

430 562 63 21 Barn
509 562 38 21 och
562 569 59 21 unga
633 568 113 22 personer,
762 561 74 22 hvilka
847 562 136 28 sysselsättas

362 598 8 20 i
386 597 157 27 handteringar
566 597 30 23 af
614 596 41 21 den
670 597 9 20 i
693 597 16 27 $
724 598 15 19 8
755 597 95 27 angifna
866 596 117 28 beskafen-

362 631 40 27 het,
418 631 61 21 skola
495 631 83 21 erhålla
593 630 149 29 regelbundna
757 633 72 19 raster
838 632 103 24 sålunda,
952 633 31 18 att

362 673 43 20 ung
418 672 81 20 person
513 665 70 21 under
598 665 41 21 den
654 666 9 20 i
677 666 99 20 nämnda
791 666 16 27 $
822 666 89 20 tillåtna
922 666 61 26 läng-

362 702 34 19 sta
419 700 131 20 arbetstiden
573 700 96 26 åtnjuter
692 700 94 27 ledighet
801 700 67 20 minst
883 700 35 20 två
934 700 49 20 tim-

362 741 49 14 mar
426 734 38 21 och
481 734 54 21 barn
550 735 66 19 minst
631 741 26 14 en
673 734 60 27 halft
749 735 79 25 timme,
843 736 57 19 samt
910 736 32 18 att
957 740 26 14 en

362 771 47 19 rast
425 768 37 21 bör
477 768 82 26 infalla
575 771 72 18 senast
657 768 58 28 fyra
731 769 39 21 och
786 776 26 14 en
828 775 75 15 annan
911 770 72 19 senast

362 804 35 20 nio
413 804 89 20 timmar
517 802 54 28 efter
586 802 91 22 arbetets
692 802 85 28 början.

435 837 72 21 Under
529 837 134 21 rasitiderna
683 838 36 20 mä
735 837 56 21 barn
807 837 39 21 och
861 844 59 20 unga
932 843 50 21 per-

362 879 62 14 soner
447 871 46 22 icke
515 872 84 21 tillåtas
622 871 74 22 arbeta
720 872 39 21 och
779 872 84 21 vistelse
878 873 9 20 i
903 871 80 21 arbdets-

362 913 97 14 rummen
480 906 122 27 medgifvas
625 906 47 21 dem
695 907 77 20 endast
789 913 33 14 om
838 906 26 21 de
879 906 62 21 delar
957 905 30 28 af

362 941 90 27 driften,
476 941 38 20 der
537 941 26 20 de
581 941 144 27 sysselsättas,
749 943 39 18 äro
804 941 43 20 helt
862 941 39 20 och
916 939 67 22 hället

362 975 105 26 instälda,
490 975 52 21 eller
564 975 38 20 ock
625 975 160 21 vederbörande
800 974 121 28 inspektörs
937 970 47 25 till-

362 1010 65 21 ständ
443 1009 74 21 dertill
532 1009 115 27 utverkats.

572 1072 13 28 &
602 1073 33 20 10.

296 1106 152 23 Oförändrad.

639 1158 15 27 $
669 1159 34 19 11.

429 1199 132 27 Ejftergifter
572 1198 58 27 från
645 1198 26 20 de
686 1198 8 20 i
709 1198 16 20 8
740 1198 39 20 och
795 1198 14 20 9
823 1198 31 26 $$
869 1200 113 25 upptagna

361 1233 136 28 stadganden
513 1233 74 21 kunna
602 1233 9 20 i
621 1232 110 28 följande
746 1232 67 20 mätto
829 1232 30 26 af
869 1232 113 20 Industri-

361 1268 103 28 styrelsen
480 1267 115 21 meddelas.

294 1295 140 29 Återstoden
450 1301 25 21 af
490 1301 37 28 &:n
543 1300 145 22 oförändrad.

635 1358 15 27 $
665 1360 34 19 12.

430 1399 63 21 Barn
518 1398 51 21 eller
593 1405 44 21 ung
659 1398 82 27 gvinna
765 1398 36 20 mä
817 1396 22 28 ej
853 1396 72 21 hållas
949 1396 34 20 till

362 1433 71 22 arbete
449 1434 8 20 i
471 1433 81 28 grufva
568 1433 51 20 eller
633 1432 104 21 stenbrott
752 1431 71 22 under
834 1430 61 28 jord,
911 1430 22 28 ej
940 1430 44 21 hel-

291 1473 201 18 Ekonomiutskottets
507 1472 119 18 betänkande
638 1471 35 18 N:o
688 1472 25 17 14.
