1056 1725
314 136 20 23 U.
350 136 20 22 B.
383 148 22 3 —
419 135 55 29 Prop.
490 135 33 23 N:o
539 135 34 24 39.
779 138 14 20 3

65 198 120 22 tiefonden
200 198 83 25 blefve,
292 200 34 20 att
342 197 69 22 äfven
427 197 277 23 militieboställskassans
723 198 99 29 utgifter

64 232 72 22 borde
158 232 92 29 påföras
273 232 145 22 sistnämnda
439 232 64 22 fond.
533 232 74 22 Dessa
621 232 98 29 utgifter
734 232 88 22 bestå
811 228 15 37 i

64 266 127 22 kostnader
206 266 36 22 för
257 266 177 22 militieverkets
450 266 161 28 boställsvård,
634 266 80 22 hvilka
737 266 85 22 hittills

65 301 71 22 äfven
158 301 37 22 till
218 303 85 20 största
322 301 68 22 delen
404 301 79 28 utgått
497 308 28 15 ur
540 301 171 22 militiefonden
727 301 44 22 och
785 301 37 22 för

65 335 92 22 hvilkas
172 335 148 22 bestridande
337 335 131 22 Ständerna
483 335 72 22 redan
570 335 102 29 anslagit
686 337 34 20 ett
737 335 84 30 belopp

65 370 27 21 af
104 371 78 24 88,200
198 370 65 21 mark
278 377 37 14 om
332 371 49 20 året
395 369 74 22 under
483 369 156 30 nästföljande
658 369 163 30 finansperiod.

64 404 53 21 Den
140 405 29 27 på
191 404 265 22 militieboställskassan
479 404 36 29 sig
537 403 130 30 belöpande
684 403 99 22 andelen
799 404 26 22 af

66 438 66 22 dessa
147 438 127 22 kostnader
288 439 42 22 har
344 439 129 28 Utskottet,
489 438 52 22 med
556 438 97 29 ledning
667 438 27 22 af
705 438 116 29 ifrågava-

65 473 73 22 rande
159 473 80 22 kassas
262 473 155 29 räkenskaper
439 473 36 22 för
498 473 29 22 de
549 475 91 20 senaste
663 473 61 28 åren,
745 475 77 20 ansett

66 507 80 22 kunna
160 507 114 22 beräknas
289 507 37 22 till
342 507 107 29 omkring
466 509 76 26 15,000
558 507 66 22 mark
639 507 96 29 årligen.

135 575 121 23 Utskottet
270 575 36 23 får
322 575 89 23 således
426 579 57 19 äran
497 575 95 23 föreslå:

273 682 33 19 att
328 680 125 21 Ständerna
476 680 50 21 ville
541 679 43 27 för
599 680 79 21 vården
693 679 30 27 af
734 680 88 21 militie-

204 714 80 22 verkets
307 714 111 28 boställen,
441 714 85 28 utöfver
548 714 57 21 hvad
623 714 9 21 i
647 714 58 21 detta
721 714 101 27 afseende

203 749 69 21 redan
288 748 105 28 beviljats,
409 749 64 21 anslå
489 748 81 28 15,000
586 748 62 22 mark
658 749 85 27 årligen
754 749 69 21 under

204 783 178 21 nästkommande
391 783 159 28 finansperiod,
567 784 52 20 eller
633 783 82 21 således
731 783 90 22 tillsam-

204 824 62 15 mans
280 819 84 27 45,000
380 818 62 21 mark
457 818 69 21 under
541 818 52 21 åren
609 818 153 22 1889—1891.

134 921 38 22 Då
194 921 39 21 det
256 921 134 26 emellertid,
413 921 76 28 enligt
510 920 62 22 hvad
587 920 9 21 i
611 920 45 22 den
670 920 87 29 nådiga
771 928 52 22 pro-

66 955 133 29 positionen
220 955 117 29 upplyses,
361 955 51 21 icke
434 955 47 22 blir
500 955 27 22 af
538 955 77 22 nöden
631 957 35 20 att
681 955 142 22 omedelbart

66 989 60 22 efter
148 989 133 22 förberörda
305 989 146 29 öfverföring
475 989 108 22 realisera
608 989 29 22 de
661 989 161 29 obligationer,

66 1024 67 21 hvari
155 1023 267 22 militieboställskassan
444 1023 37 22 för
503 1023 146 22 närvarande
667 1027 25 18 är
706 1023 116 29 placerad,

66 1059 93 21 komma
174 1058 70 22 äfven
259 1060 111 19 räntorna
386 1059 13 20 å
415 1058 67 21 dessa
497 1058 73 21 under
582 1058 81 29 någon
677 1057 34 22 tid
727 1059 35 21 att
776 1058 47 21 till-

66 1092 58 22 falla
139 1093 118 21 allmänna
272 1092 177 28 militiefonden;
466 1092 43 22 och
524 1092 42 22 har
581 1092 122 22 Utskottet
717 1094 58 20 trott
787 1092 37 29 sig

67 1127 79 21 kunna
169 1127 101 22 beräkna
292 1126 45 22 den
360 1127 109 27 inkomst,
493 1133 49 15 som
565 1126 133 29 derigenom
721 1126 103 22 kommer

66 1161 88 22 fonden
169 1161 37 22 till
221 1161 67 29 godo,
297 1161 37 21 till
350 1161 82 21 inalles
449 1162 78 25 25,000
542 1161 71 23 mark,
636 1161 51 21 Den
697 1160 128 30 tillökning

66 1196 9 21 i
90 1196 183 22 militiefondens
288 1196 135 28 tillgångar,
439 1203 49 14 som
504 1195 173 29 öfverföringen
690 1195 91 22 komme
789 1198 36 19 att

66 1230 105 22 medföra
186 1230 74 22 skulle
276 1230 104 27 sålunda,
396 1230 59 22 efter
470 1230 82 28 afdrag
567 1229 27 22 af
607 1229 172 23 ofvannämnda
788 1232 37 20 ut-

66 1264 148 30 giftssumma
228 1266 77 26 45,000
320 1264 73 26 mark,
408 1266 85 27 utgöra
509 1265 91 27 870,000
615 1264 72 22 mark,

135 1299 12 21 I
170 1299 45 22 den
233 1298 86 30 nådiga
334 1299 176 29 propositionen
525 1298 117 22 meddelas
657 1300 41 24 att,
713 1298 37 22 för
764 1298 59 22 mili-

67 1333 131 22 tiefondens
213 1333 137 29 ytterligare
366 1332 169 29 förstärkande,
552 1333 92 27 550,000
659 1332 66 22 mark
746 1332 79 22 kunde

66 1368 38 21 till
120 1368 76 21 denna
210 1367 58 22 fond
283 1367 154 22 öfverlemnas
453 1367 53 22 från
521 1366 151 23 statsverkets
695 1366 130 29 utlånings-

66 1402 58 22 fond
146 1402 76 22 såsom
244 1402 120 22 räntefritt
385 1402 161 27 låneförskott,
570 1401 67 22 hvars
660 1400 165 30 återgäldande

65 1436 78 23 kunde
159 1436 101 22 fördelas
275 1436 30 29 på
320 1443 30 15 en
365 1436 60 29 följd
435 1436 28 22 af
469 1436 32 22 år.
517 1436 36 22 Då
561 1435 97 22 sålunda
666 1434 159 30 nyssnämnda

135 1476 158 19 Statsutskottets
306 1476 121 19 betänkande
439 1476 37 19 N:o
489 1477 27 17 18.
