<?xml version="1.0" encoding="UTF-8"?>
<alto xmlns="http://www.loc.gov/standards/alto/ns-v3#" xmlns:xlink="http://www.w3.org/1999/xlink" xmlns:xsi="http://www.w3.org/2001/XMLSchema-instance" xsi:schemaLocation="http://www.loc.gov/standards/alto/ns-v3# http://www.loc.gov/alto/v3/alto-3-0.xsd">
	<Description>
		<MeasurementUnit>pixel</MeasurementUnit>
		<sourceImageInformation>
			<fileName>/tmp/tess_lqeicu31_input.PNG</fileName>
		</sourceImageInformation>
		<OCRProcessing ID="OCR_0">
			<ocrProcessingStep>
				<processingSoftware>
					<softwareName>tesseract 5.3.4</softwareName>
				</processingSoftware>
			</ocrProcessingStep>
		</OCRProcessing>
	</Description>
	<Layout>
		<Page WIDTH="1056" HEIGHT="1725" PHYSICAL_IMG_NR="0" ID="page_0">
			<PrintSpace HPOS="0" VPOS="0" WIDTH="1056" HEIGHT="1725">
				<ComposedBlock ID="cblock_0" HPOS="401" VPOS="138" WIDTH="395" HEIGHT="23">
					<TextBlock ID="block_0" HPOS="401" VPOS="138" WIDTH="395" HEIGHT="23">
						<TextLine ID="line_0" HPOS="401" VPOS="138" WIDTH="395" HEIGHT="23">
							<String ID="string_0" HPOS="401" VPOS="140" WIDTH="39" HEIGHT="21" WC="0.95" CONTENT="N:o"/><SP WIDTH="16" VPOS="140" HPOS="440"/>
							<String ID="string_1" HPOS="456" VPOS="138" WIDTH="35" HEIGHT="23" WC="0.96" CONTENT="29."/><SP WIDTH="280" VPOS="138" HPOS="491"/>
							<String ID="string_2" HPOS="771" VPOS="140" WIDTH="25" HEIGHT="20" WC="0.96" CONTENT="17"/>
						</TextLine>
					</TextBlock>
				</ComposedBlock>
				<ComposedBlock ID="cblock_1" HPOS="64" VPOS="203" WIDTH="765" HEIGHT="317">
					<TextBlock ID="block_1" HPOS="64" VPOS="203" WIDTH="763" HEIGHT="98">
						<TextLine ID="line_1" HPOS="65" VPOS="203" WIDTH="762" HEIGHT="30">
							<String ID="string_3" HPOS="65" VPOS="204" WIDTH="43" HEIGHT="27" WC="0.93" CONTENT="ket,"/><SP WIDTH="26" VPOS="204" HPOS="108"/>
							<String ID="string_4" HPOS="134" VPOS="205" WIDTH="70" HEIGHT="22" WC="0.92" CONTENT="såvidt"/><SP WIDTH="24" VPOS="205" HPOS="204"/>
							<String ID="string_5" HPOS="228" VPOS="206" WIDTH="83" HEIGHT="27" WC="0.96" CONTENT="möjligt"/><SP WIDTH="23" VPOS="206" HPOS="311"/>
							<String ID="string_6" HPOS="334" VPOS="207" WIDTH="30" HEIGHT="24" WC="0.96" CONTENT="är,"/><SP WIDTH="24" VPOS="207" HPOS="364"/>
							<String ID="string_7" HPOS="388" VPOS="205" WIDTH="35" HEIGHT="21" WC="0.93" CONTENT="vid"/><SP WIDTH="24" VPOS="205" HPOS="423"/>
							<String ID="string_8" HPOS="447" VPOS="204" WIDTH="130" HEIGHT="27" WC="0.91" CONTENT="ändringens"/><SP WIDTH="24" VPOS="204" HPOS="577"/>
							<String ID="string_9" HPOS="601" VPOS="203" WIDTH="127" HEIGHT="22" WC="0.92" CONTENT="anmälande"/><SP WIDTH="21" VPOS="203" HPOS="728"/>
							<String ID="string_10" HPOS="749" VPOS="204" WIDTH="78" HEIGHT="22" WC="0.96" CONTENT="samt"/><SP WIDTH="-14" VPOS="204" HPOS="827"/>
							<String ID="string_11" HPOS="813" VPOS="199" WIDTH="18" HEIGHT="38" WC="0.96" CONTENT="i"/>
						</TextLine>
						<TextLine ID="line_2" HPOS="64" VPOS="238" WIDTH="761" HEIGHT="29">
							<String ID="string_12" HPOS="64" VPOS="239" WIDTH="74" HEIGHT="27" WC="0.96" CONTENT="hvarje"/><SP WIDTH="23" VPOS="239" HPOS="138"/>
							<String ID="string_13" HPOS="161" VPOS="240" WIDTH="36" HEIGHT="21" WC="0.96" CONTENT="fall"/><SP WIDTH="25" VPOS="240" HPOS="197"/>
							<String ID="string_14" HPOS="222" VPOS="247" WIDTH="26" HEIGHT="15" WC="0.96" CONTENT="en"/><SP WIDTH="22" VPOS="247" HPOS="248"/>
							<String ID="string_15" HPOS="270" VPOS="240" WIDTH="57" HEIGHT="27" WC="0.95" CONTENT="gång"/><SP WIDTH="23" VPOS="240" HPOS="327"/>
							<String ID="string_16" HPOS="350" VPOS="246" WIDTH="35" HEIGHT="15" WC="0.96" CONTENT="om"/><SP WIDTH="22" VPOS="246" HPOS="385"/>
							<String ID="string_17" HPOS="407" VPOS="240" WIDTH="48" HEIGHT="21" WC="0.96" CONTENT="året"/><SP WIDTH="21" VPOS="240" HPOS="455"/>
							<String ID="string_18" HPOS="476" VPOS="239" WIDTH="40" HEIGHT="21" WC="0.96" CONTENT="bör"/><SP WIDTH="17" VPOS="239" HPOS="516"/>
							<String ID="string_19" HPOS="533" VPOS="238" WIDTH="33" HEIGHT="22" WC="0.93" CONTENT="för"/><SP WIDTH="15" VPOS="238" HPOS="566"/>
							<String ID="string_20" HPOS="581" VPOS="239" WIDTH="244" HEIGHT="27" WC="0.91" CONTENT="registermyndigheten"/>
						</TextLine>
						<TextLine ID="line_3" HPOS="64" VPOS="274" WIDTH="109" HEIGHT="27">
							<String ID="string_21" HPOS="64" VPOS="274" WIDTH="109" HEIGHT="27" WC="0.96" CONTENT="uppvisas."/>
						</TextLine>
					</TextBlock>
					<TextBlock ID="block_2" HPOS="67" VPOS="314" WIDTH="761" HEIGHT="91">
						<TextLine ID="line_4" HPOS="135" VPOS="314" WIDTH="692" HEIGHT="28">
							<String ID="string_22" HPOS="135" VPOS="315" WIDTH="48" HEIGHT="21" WC="0.96" CONTENT="Kan"/><SP WIDTH="22" VPOS="315" HPOS="183"/>
							<String ID="string_23" HPOS="205" VPOS="315" WIDTH="79" HEIGHT="21" WC="0.96" CONTENT="sådant"/><SP WIDTH="21" VPOS="315" HPOS="284"/>
							<String ID="string_24" HPOS="305" VPOS="315" WIDTH="17" HEIGHT="26" WC="0.96" CONTENT="ej"/><SP WIDTH="18" VPOS="315" HPOS="322"/>
							<String ID="string_25" HPOS="340" VPOS="314" WIDTH="103" HEIGHT="27" WC="0.93" CONTENT="fullgöras"/><SP WIDTH="17" VPOS="314" HPOS="443"/>
							<String ID="string_26" HPOS="460" VPOS="314" WIDTH="57" HEIGHT="27" WC="0.91" CONTENT="förty"/><SP WIDTH="16" VPOS="314" HPOS="517"/>
							<String ID="string_27" HPOS="533" VPOS="316" WIDTH="32" HEIGHT="19" WC="0.96" CONTENT="att"/><SP WIDTH="14" VPOS="316" HPOS="565"/>
							<String ID="string_28" HPOS="579" VPOS="314" WIDTH="94" HEIGHT="28" WC="0.96" CONTENT="fartyget"/><SP WIDTH="15" VPOS="314" HPOS="673"/>
							<String ID="string_29" HPOS="688" VPOS="316" WIDTH="24" HEIGHT="19" WC="0.96" CONTENT="är"/><SP WIDTH="15" VPOS="316" HPOS="712"/>
							<String ID="string_30" HPOS="727" VPOS="314" WIDTH="28" HEIGHT="27" WC="0.96" CONTENT="på"/><SP WIDTH="15" VPOS="314" HPOS="755"/>
							<String ID="string_31" HPOS="770" VPOS="321" WIDTH="57" HEIGHT="20" WC="0.96" CONTENT="resa,"/>
						</TextLine>
						<TextLine ID="line_5" HPOS="67" VPOS="348" WIDTH="761" HEIGHT="28">
							<String ID="string_32" HPOS="67" VPOS="348" WIDTH="40" HEIGHT="21" WC="0.95" CONTENT="bör"/><SP WIDTH="23" VPOS="348" HPOS="107"/>
							<String ID="string_33" HPOS="130" VPOS="349" WIDTH="130" HEIGHT="22" WC="0.93" CONTENT="certifikatet"/><SP WIDTH="24" VPOS="349" HPOS="260"/>
							<String ID="string_34" HPOS="284" VPOS="349" WIDTH="81" HEIGHT="22" WC="0.91" CONTENT="företes"/><SP WIDTH="25" VPOS="349" HPOS="365"/>
							<String ID="string_35" HPOS="390" VPOS="349" WIDTH="58" HEIGHT="21" WC="0.96" CONTENT="inom"/><SP WIDTH="23" VPOS="349" HPOS="448"/>
							<String ID="string_36" HPOS="471" VPOS="349" WIDTH="75" HEIGHT="21" WC="0.96" CONTENT="trettio"/><SP WIDTH="24" VPOS="349" HPOS="546"/>
							<String ID="string_37" HPOS="570" VPOS="349" WIDTH="66" HEIGHT="27" WC="0.96" CONTENT="dagar"/><SP WIDTH="16" VPOS="349" HPOS="636"/>
							<String ID="string_38" HPOS="652" VPOS="349" WIDTH="54" HEIGHT="21" WC="0.95" CONTENT="efter"/><SP WIDTH="17" VPOS="349" HPOS="706"/>
							<String ID="string_39" HPOS="723" VPOS="349" WIDTH="105" HEIGHT="27" WC="0.96" CONTENT="fartygets"/>
						</TextLine>
						<TextLine ID="line_6" HPOS="67" VPOS="383" WIDTH="129" HEIGHT="22">
							<String ID="string_40" HPOS="67" VPOS="383" WIDTH="129" HEIGHT="22" WC="0.95" CONTENT="hemkomst."/>
						</TextLine>
					</TextBlock>
					<TextBlock ID="block_3" HPOS="68" VPOS="423" WIDTH="761" HEIGHT="97">
						<TextLine ID="line_7" HPOS="137" VPOS="423" WIDTH="692" HEIGHT="28">
							<String ID="string_41" HPOS="137" VPOS="423" WIDTH="41" HEIGHT="22" WC="0.96" CONTENT="Vid"/><SP WIDTH="23" VPOS="423" HPOS="178"/>
							<String ID="string_42" HPOS="201" VPOS="424" WIDTH="99" HEIGHT="21" WC="0.96" CONTENT="anmälan"/><SP WIDTH="23" VPOS="424" HPOS="300"/>
							<String ID="string_43" HPOS="323" VPOS="426" WIDTH="33" HEIGHT="19" WC="0.96" CONTENT="att"/><SP WIDTH="23" VPOS="426" HPOS="356"/>
							<String ID="string_44" HPOS="379" VPOS="423" WIDTH="71" HEIGHT="28" WC="0.95" CONTENT="fartyg"/><SP WIDTH="23" VPOS="423" HPOS="450"/>
							<String ID="string_45" HPOS="473" VPOS="423" WIDTH="48" HEIGHT="27" WC="0.93" CONTENT="gått"/><SP WIDTH="20" VPOS="423" HPOS="521"/>
							<String ID="string_46" HPOS="541" VPOS="423" WIDTH="103" HEIGHT="22" WC="0.92" CONTENT="förloradt"/><SP WIDTH="20" VPOS="423" HPOS="644"/>
							<String ID="string_47" HPOS="664" VPOS="423" WIDTH="52" HEIGHT="22" WC="0.96" CONTENT="eller"/><SP WIDTH="18" VPOS="423" HPOS="716"/>
							<String ID="string_48" HPOS="734" VPOS="423" WIDTH="95" HEIGHT="27" WC="0.96" CONTENT="upphört"/>
						</TextLine>
						<TextLine ID="line_8" HPOS="69" VPOS="458" WIDTH="760" HEIGHT="27">
							<String ID="string_49" HPOS="69" VPOS="459" WIDTH="36" HEIGHT="19" WC="0.86" CONTENT="att"/><SP WIDTH="19" VPOS="459" HPOS="105"/>
							<String ID="string_50" HPOS="124" VPOS="464" WIDTH="52" HEIGHT="15" WC="0.95" CONTENT="vara"/><SP WIDTH="21" VPOS="464" HPOS="176"/>
							<String ID="string_51" HPOS="197" VPOS="458" WIDTH="71" HEIGHT="27" WC="0.96" CONTENT="finskt,"/><SP WIDTH="27" VPOS="458" HPOS="268"/>
							<String ID="string_52" HPOS="295" VPOS="459" WIDTH="55" HEIGHT="21" WC="0.95" CONTENT="skall"/><SP WIDTH="24" VPOS="459" HPOS="350"/>
							<String ID="string_53" HPOS="374" VPOS="458" WIDTH="133" HEIGHT="21" WC="0.95" CONTENT="certifikatet"/><SP WIDTH="22" VPOS="458" HPOS="507"/>
							<String ID="string_54" HPOS="529" VPOS="458" WIDTH="31" HEIGHT="21" WC="0.93" CONTENT="till"/><SP WIDTH="23" VPOS="458" HPOS="560"/>
							<String ID="string_55" HPOS="583" VPOS="458" WIDTH="246" HEIGHT="27" WC="0.92" CONTENT="registermyndigheten"/>
						</TextLine>
						<TextLine ID="line_9" HPOS="68" VPOS="492" WIDTH="761" HEIGHT="28">
							<String ID="string_56" HPOS="68" VPOS="492" WIDTH="132" HEIGHT="27" WC="0.96" CONTENT="återställas,"/><SP WIDTH="16" VPOS="492" HPOS="200"/>
							<String ID="string_57" HPOS="216" VPOS="493" WIDTH="38" HEIGHT="21" WC="0.96" CONTENT="der"/><SP WIDTH="18" VPOS="493" HPOS="254"/>
							<String ID="string_58" HPOS="272" VPOS="493" WIDTH="18" HEIGHT="27" WC="0.92" CONTENT="ej"/><SP WIDTH="12" VPOS="493" HPOS="290"/>
							<String ID="string_59" HPOS="302" VPOS="493" WIDTH="150" HEIGHT="26" WC="0.90" CONTENT="tillförlitligen"/><SP WIDTH="13" VPOS="493" HPOS="452"/>
							<String ID="string_60" HPOS="465" VPOS="493" WIDTH="88" HEIGHT="21" WC="0.92" CONTENT="utredes"/><SP WIDTH="12" VPOS="493" HPOS="553"/>
							<String ID="string_61" HPOS="565" VPOS="495" WIDTH="32" HEIGHT="18" WC="0.96" CONTENT="att"/><SP WIDTH="10" VPOS="495" HPOS="597"/>
							<String ID="string_62" HPOS="607" VPOS="493" WIDTH="78" HEIGHT="21" WC="0.96" CONTENT="sådant"/><SP WIDTH="10" VPOS="493" HPOS="685"/>
							<String ID="string_63" HPOS="695" VPOS="495" WIDTH="25" HEIGHT="18" WC="0.96" CONTENT="är"/><SP WIDTH="11" VPOS="495" HPOS="720"/>
							<String ID="string_64" HPOS="731" VPOS="493" WIDTH="98" HEIGHT="26" WC="0.96" CONTENT="ogörligt."/>
						</TextLine>
					</TextBlock>
				</ComposedBlock>
				<ComposedBlock ID="cblock_2" HPOS="73" VPOS="567" WIDTH="760" HEIGHT="251">
					<TextBlock ID="block_4" HPOS="73" VPOS="567" WIDTH="756" HEIGHT="108">
						<TextLine ID="line_10" HPOS="417" VPOS="567" WIDTH="63" HEIGHT="28">
							<String ID="string_65" HPOS="417" VPOS="567" WIDTH="12" HEIGHT="28" WC="0.91" CONTENT="$"/><SP WIDTH="19" VPOS="567" HPOS="429"/>
							<String ID="string_66" HPOS="448" VPOS="569" WIDTH="32" HEIGHT="21" WC="0.96" CONTENT="14."/>
						</TextLine>
						<TextLine ID="line_11" HPOS="139" VPOS="608" WIDTH="690" HEIGHT="34">
							<String ID="string_67" HPOS="139" VPOS="608" WIDTH="98" HEIGHT="32" WC="0.96" CONTENT="Ändring"/><SP WIDTH="23" VPOS="608" HPOS="237"/>
							<String ID="string_68" HPOS="260" VPOS="613" WIDTH="23" HEIGHT="21" WC="0.95" CONTENT="af"/><SP WIDTH="20" VPOS="613" HPOS="283"/>
							<String ID="string_69" HPOS="303" VPOS="614" WIDTH="81" HEIGHT="27" WC="0.96" CONTENT="fartygs"/><SP WIDTH="21" VPOS="614" HPOS="384"/>
							<String ID="string_70" HPOS="405" VPOS="614" WIDTH="86" HEIGHT="22" WC="0.96" CONTENT="hemort"/><SP WIDTH="20" VPOS="614" HPOS="491"/>
							<String ID="string_71" HPOS="511" VPOS="614" WIDTH="35" HEIGHT="21" WC="0.96" CONTENT="må"/><SP WIDTH="19" VPOS="614" HPOS="546"/>
							<String ID="string_72" HPOS="565" VPOS="615" WIDTH="18" HEIGHT="27" WC="0.96" CONTENT="ej"/><SP WIDTH="16" VPOS="615" HPOS="583"/>
							<String ID="string_73" HPOS="599" VPOS="614" WIDTH="80" HEIGHT="22" WC="0.96" CONTENT="införas"/><SP WIDTH="15" VPOS="614" HPOS="679"/>
							<String ID="string_74" HPOS="694" VPOS="614" WIDTH="7" HEIGHT="21" WC="0.93" CONTENT="i"/><SP WIDTH="14" VPOS="614" HPOS="701"/>
							<String ID="string_75" HPOS="715" VPOS="614" WIDTH="114" HEIGHT="27" WC="0.92" CONTENT="skeppsre-"/>
						</TextLine>
						<TextLine ID="line_12" HPOS="73" VPOS="646" WIDTH="648" HEIGHT="29">
							<String ID="string_76" HPOS="73" VPOS="646" WIDTH="78" HEIGHT="27" WC="0.92" CONTENT="gistret"/><SP WIDTH="16" VPOS="646" HPOS="151"/>
							<String ID="string_77" HPOS="167" VPOS="649" WIDTH="51" HEIGHT="19" WC="0.96" CONTENT="utan"/><SP WIDTH="16" VPOS="649" HPOS="218"/>
							<String ID="string_78" HPOS="234" VPOS="650" WIDTH="33" HEIGHT="19" WC="0.96" CONTENT="att"/><SP WIDTH="15" VPOS="650" HPOS="267"/>
							<String ID="string_79" HPOS="282" VPOS="648" WIDTH="110" HEIGHT="27" WC="0.96" CONTENT="samtidigt"/><SP WIDTH="15" VPOS="648" HPOS="392"/>
							<String ID="string_80" HPOS="407" VPOS="649" WIDTH="28" HEIGHT="26" WC="0.96" CONTENT="på"/><SP WIDTH="16" VPOS="649" HPOS="435"/>
							<String ID="string_81" HPOS="451" VPOS="648" WIDTH="131" HEIGHT="22" WC="0.96" CONTENT="certifikatet"/><SP WIDTH="16" VPOS="648" HPOS="582"/>
							<String ID="string_82" HPOS="598" VPOS="649" WIDTH="123" HEIGHT="21" WC="0.95" CONTENT="antecknas."/>
						</TextLine>
					</TextBlock>
					<TextBlock ID="block_5" HPOS="74" VPOS="683" WIDTH="759" HEIGHT="135">
						<TextLine ID="line_13" HPOS="178" VPOS="683" WIDTH="653" HEIGHT="35">
							<String ID="string_83" HPOS="178" VPOS="683" WIDTH="30" HEIGHT="25" WC="0.96" CONTENT="Är"/><SP WIDTH="20" VPOS="683" HPOS="208"/>
							<String ID="string_84" HPOS="228" VPOS="688" WIDTH="41" HEIGHT="21" WC="0.96" CONTENT="den"/><SP WIDTH="16" VPOS="688" HPOS="269"/>
							<String ID="string_85" HPOS="285" VPOS="694" WIDTH="41" HEIGHT="21" WC="0.96" CONTENT="nya"/><SP WIDTH="15" VPOS="694" HPOS="326"/>
							<String ID="string_86" HPOS="341" VPOS="688" WIDTH="112" HEIGHT="22" WC="0.96" CONTENT="hemorten"/><SP WIDTH="16" VPOS="688" HPOS="453"/>
							<String ID="string_87" HPOS="469" VPOS="689" WIDTH="92" HEIGHT="29" WC="0.96" CONTENT="belägen"/><SP WIDTH="16" VPOS="689" HPOS="561"/>
							<String ID="string_88" HPOS="577" VPOS="689" WIDTH="56" HEIGHT="21" WC="0.96" CONTENT="inom"/><SP WIDTH="16" VPOS="689" HPOS="633"/>
							<String ID="string_89" HPOS="649" VPOS="691" WIDTH="66" HEIGHT="19" WC="0.93" CONTENT="annat"/><SP WIDTH="14" VPOS="691" HPOS="715"/>
							<String ID="string_90" HPOS="729" VPOS="689" WIDTH="102" HEIGHT="26" WC="0.92" CONTENT="register-"/>
						</TextLine>
						<TextLine ID="line_14" HPOS="74" VPOS="721" WIDTH="758" HEIGHT="25">
							<String ID="string_91" HPOS="74" VPOS="721" WIDTH="94" HEIGHT="25" WC="0.96" CONTENT="område,"/><SP WIDTH="17" VPOS="721" HPOS="168"/>
							<String ID="string_92" HPOS="185" VPOS="722" WIDTH="54" HEIGHT="21" WC="0.96" CONTENT="skall"/><SP WIDTH="17" VPOS="722" HPOS="239"/>
							<String ID="string_93" HPOS="256" VPOS="722" WIDTH="130" HEIGHT="22" WC="0.96" CONTENT="certifikatet"/><SP WIDTH="14" VPOS="722" HPOS="386"/>
							<String ID="string_94" HPOS="400" VPOS="724" WIDTH="51" HEIGHT="20" WC="0.96" CONTENT="med"/><SP WIDTH="15" VPOS="724" HPOS="451"/>
							<String ID="string_95" HPOS="466" VPOS="724" WIDTH="98" HEIGHT="20" WC="0.95" CONTENT="anmälan"/><SP WIDTH="15" VPOS="724" HPOS="564"/>
							<String ID="string_96" HPOS="579" VPOS="723" WIDTH="75" HEIGHT="21" WC="0.96" CONTENT="härom"/><SP WIDTH="11" VPOS="723" HPOS="654"/>
							<String ID="string_97" HPOS="665" VPOS="723" WIDTH="123" HEIGHT="21" WC="0.95" CONTENT="återställas"/><SP WIDTH="11" VPOS="723" HPOS="788"/>
							<String ID="string_98" HPOS="799" VPOS="723" WIDTH="33" HEIGHT="21" WC="0.96" CONTENT="till"/>
						</TextLine>
						<TextLine ID="line_15" HPOS="75" VPOS="753" WIDTH="758" HEIGHT="31">
							<String ID="string_99" HPOS="75" VPOS="753" WIDTH="251" HEIGHT="30" WC="0.90" CONTENT="registermyndigheten,"/><SP WIDTH="22" VPOS="753" HPOS="326"/>
							<String ID="string_100" HPOS="348" VPOS="764" WIDTH="46" HEIGHT="14" WC="0.96" CONTENT="som"/><SP WIDTH="19" VPOS="764" HPOS="394"/>
							<String ID="string_101" HPOS="413" VPOS="764" WIDTH="52" HEIGHT="20" WC="0.96" CONTENT="eger"/><SP WIDTH="20" VPOS="764" HPOS="465"/>
							<String ID="string_102" HPOS="485" VPOS="757" WIDTH="93" HEIGHT="27" WC="0.96" CONTENT="fartyget"/><SP WIDTH="20" VPOS="757" HPOS="578"/>
							<String ID="string_103" HPOS="598" VPOS="764" WIDTH="25" HEIGHT="14" WC="0.95" CONTENT="ur"/><SP WIDTH="22" VPOS="764" HPOS="623"/>
							<String ID="string_104" HPOS="645" VPOS="758" WIDTH="103" HEIGHT="26" WC="0.93" CONTENT="registret"/><SP WIDTH="18" VPOS="758" HPOS="748"/>
							<String ID="string_105" HPOS="766" VPOS="756" WIDTH="67" HEIGHT="22" WC="0.92" CONTENT="afföra"/>
						</TextLine>
						<TextLine ID="line_16" HPOS="75" VPOS="789" WIDTH="756" HEIGHT="29">
							<String ID="string_106" HPOS="75" VPOS="792" WIDTH="56" HEIGHT="18" WC="0.95" CONTENT="samt"/><SP WIDTH="23" VPOS="792" HPOS="131"/>
							<String ID="string_107" HPOS="154" VPOS="789" WIDTH="32" HEIGHT="22" WC="0.92" CONTENT="till"/><SP WIDTH="18" VPOS="789" HPOS="186"/>
							<String ID="string_108" HPOS="204" VPOS="791" WIDTH="140" HEIGHT="27" WC="0.95" CONTENT="registrering"/><SP WIDTH="17" VPOS="791" HPOS="344"/>
							<String ID="string_109" HPOS="361" VPOS="792" WIDTH="7" HEIGHT="20" WC="0.96" CONTENT="i"/><SP WIDTH="21" VPOS="792" HPOS="368"/>
							<String ID="string_110" HPOS="389" VPOS="792" WIDTH="38" HEIGHT="21" WC="0.96" CONTENT="det"/><SP WIDTH="18" VPOS="792" HPOS="427"/>
							<String ID="string_111" HPOS="445" VPOS="792" WIDTH="67" HEIGHT="21" WC="0.96" CONTENT="andra"/><SP WIDTH="16" VPOS="792" HPOS="512"/>
							<String ID="string_112" HPOS="528" VPOS="792" WIDTH="97" HEIGHT="21" WC="0.96" CONTENT="området"/><SP WIDTH="15" VPOS="792" HPOS="625"/>
							<String ID="string_113" HPOS="640" VPOS="792" WIDTH="91" HEIGHT="25" WC="0.93" CONTENT="anmäla,"/><SP WIDTH="16" VPOS="792" HPOS="731"/>
							<String ID="string_114" HPOS="747" VPOS="792" WIDTH="84" HEIGHT="21" WC="0.92" CONTENT="hvaref-"/>
						</TextLine>
					</TextBlock>
				</ComposedBlock>
				<ComposedBlock ID="cblock_3" HPOS="72" VPOS="825" WIDTH="761" HEIGHT="55">
					<TextBlock ID="block_6" HPOS="72" VPOS="825" WIDTH="761" HEIGHT="55">
						<TextLine ID="line_17" HPOS="75" VPOS="825" WIDTH="758" HEIGHT="29">
							<String ID="string_115" HPOS="75" VPOS="826" WIDTH="34" HEIGHT="19" WC="0.95" CONTENT="ter"/><SP WIDTH="25" VPOS="826" HPOS="109"/>
							<String ID="string_116" HPOS="134" VPOS="826" WIDTH="47" HEIGHT="25" WC="0.96" CONTENT="nytt"/><SP WIDTH="25" VPOS="826" HPOS="181"/>
							<String ID="string_117" HPOS="206" VPOS="825" WIDTH="107" HEIGHT="21" WC="0.96" CONTENT="certifikat"/><SP WIDTH="18" VPOS="825" HPOS="313"/>
							<String ID="string_118" HPOS="331" VPOS="826" WIDTH="55" HEIGHT="21" WC="0.96" CONTENT="skall"/><SP WIDTH="20" VPOS="826" HPOS="386"/>
							<String ID="string_119" HPOS="406" VPOS="826" WIDTH="23" HEIGHT="21" WC="0.93" CONTENT="af"/><SP WIDTH="20" VPOS="826" HPOS="429"/>
							<String ID="string_120" HPOS="449" VPOS="826" WIDTH="246" HEIGHT="28" WC="0.92" CONTENT="registermyndigheten"/><SP WIDTH="24" VPOS="826" HPOS="695"/>
							<String ID="string_121" HPOS="719" VPOS="826" WIDTH="114" HEIGHT="22" WC="0.92" CONTENT="derstädes"/>
						</TextLine>
						<TextLine ID="line_18" HPOS="72" VPOS="858" WIDTH="104" HEIGHT="22">
							<String ID="string_122" HPOS="72" VPOS="858" WIDTH="104" HEIGHT="22" WC="0.96" CONTENT="utfärdas."/>
						</TextLine>
					</TextBlock>
				</ComposedBlock>
				<ComposedBlock ID="cblock_4" HPOS="76" VPOS="919" WIDTH="760" HEIGHT="251">
					<TextBlock ID="block_7" HPOS="419" VPOS="919" WIDTH="64" HEIGHT="26">
						<TextLine ID="line_19" HPOS="419" VPOS="919" WIDTH="64" HEIGHT="26">
							<String ID="string_123" HPOS="419" VPOS="919" WIDTH="13" HEIGHT="26" WC="0.94" CONTENT="8"/><SP WIDTH="19" VPOS="919" HPOS="432"/>
							<String ID="string_124" HPOS="451" VPOS="921" WIDTH="32" HEIGHT="19" WC="0.95" CONTENT="15."/>
						</TextLine>
					</TextBlock>
					<TextBlock ID="block_8" HPOS="76" VPOS="964" WIDTH="759" HEIGHT="131">
						<TextLine ID="line_20" HPOS="143" VPOS="964" WIDTH="692" HEIGHT="28">
							<String ID="string_125" HPOS="143" VPOS="964" WIDTH="153" HEIGHT="26" WC="0.92" CONTENT="Registreradt"/><SP WIDTH="22" VPOS="964" HPOS="296"/>
							<String ID="string_126" HPOS="318" VPOS="964" WIDTH="81" HEIGHT="27" WC="0.92" CONTENT="fartygs"/><SP WIDTH="22" VPOS="964" HPOS="399"/>
							<String ID="string_127" HPOS="421" VPOS="971" WIDTH="65" HEIGHT="15" WC="0.96" CONTENT="namn"/><SP WIDTH="24" VPOS="971" HPOS="486"/>
							<String ID="string_128" HPOS="510" VPOS="965" WIDTH="35" HEIGHT="21" WC="0.93" CONTENT="mä"/><SP WIDTH="21" VPOS="965" HPOS="545"/>
							<String ID="string_129" HPOS="566" VPOS="965" WIDTH="17" HEIGHT="27" WC="0.90" CONTENT="ej"/><SP WIDTH="17" VPOS="965" HPOS="583"/>
							<String ID="string_130" HPOS="600" VPOS="967" WIDTH="53" HEIGHT="19" WC="0.93" CONTENT="utan"/><SP WIDTH="15" VPOS="967" HPOS="653"/>
							<String ID="string_131" HPOS="668" VPOS="965" WIDTH="167" HEIGHT="26" WC="0.92" CONTENT="Finansexpedi-"/>
						</TextLine>
						<TextLine ID="line_21" HPOS="78" VPOS="997" WIDTH="757" HEIGHT="29">
							<String ID="string_132" HPOS="78" VPOS="997" WIDTH="84" HEIGHT="22" WC="0.92" CONTENT="tionens"/><SP WIDTH="17" VPOS="997" HPOS="162"/>
							<String ID="string_133" HPOS="179" VPOS="998" WIDTH="6" HEIGHT="21" WC="0.93" CONTENT="i"/><SP WIDTH="17" VPOS="998" HPOS="185"/>
							<String ID="string_134" HPOS="202" VPOS="998" WIDTH="92" HEIGHT="22" WC="0.93" CONTENT="Senaten"/><SP WIDTH="24" VPOS="998" HPOS="294"/>
							<String ID="string_135" HPOS="318" VPOS="999" WIDTH="97" HEIGHT="21" WC="0.90" CONTENT="tillständ"/><SP WIDTH="24" VPOS="999" HPOS="415"/>
							<String ID="string_136" HPOS="439" VPOS="999" WIDTH="86" HEIGHT="22" WC="0.96" CONTENT="ändras."/><SP WIDTH="31" VPOS="999" HPOS="525"/>
							<String ID="string_137" HPOS="556" VPOS="999" WIDTH="24" HEIGHT="27" WC="0.95" CONTENT="Ej"/><SP WIDTH="24" VPOS="999" HPOS="580"/>
							<String ID="string_138" HPOS="604" VPOS="999" WIDTH="67" HEIGHT="22" WC="0.95" CONTENT="heller"/><SP WIDTH="20" VPOS="999" HPOS="671"/>
							<String ID="string_139" HPOS="691" VPOS="999" WIDTH="35" HEIGHT="21" WC="0.93" CONTENT="mä"/><SP WIDTH="15" VPOS="999" HPOS="726"/>
							<String ID="string_140" HPOS="741" VPOS="999" WIDTH="94" HEIGHT="27" WC="0.92" CONTENT="fartyget"/>
						</TextLine>
						<TextLine ID="line_22" HPOS="76" VPOS="1028" WIDTH="759" HEIGHT="33">
							<String ID="string_141" HPOS="76" VPOS="1032" WIDTH="49" HEIGHT="21" WC="0.96" CONTENT="med"/><SP WIDTH="16" VPOS="1032" HPOS="125"/>
							<String ID="string_142" HPOS="141" VPOS="1034" WIDTH="48" HEIGHT="25" WC="0.96" CONTENT="nytt"/><SP WIDTH="15" VPOS="1034" HPOS="189"/>
							<String ID="string_143" HPOS="204" VPOS="1039" WIDTH="63" HEIGHT="15" WC="0.93" CONTENT="namn"/><SP WIDTH="16" VPOS="1039" HPOS="267"/>
							<String ID="string_144" HPOS="283" VPOS="1028" WIDTH="124" HEIGHT="32" WC="0.92" CONTENT="betecknas,"/><SP WIDTH="17" VPOS="1028" HPOS="407"/>
							<String ID="string_145" HPOS="424" VPOS="1034" WIDTH="64" HEIGHT="21" WC="0.92" CONTENT="innan"/><SP WIDTH="17" VPOS="1034" HPOS="488"/>
							<String ID="string_146" HPOS="505" VPOS="1034" WIDTH="116" HEIGHT="27" WC="0.93" CONTENT="ändringen"/><SP WIDTH="18" VPOS="1034" HPOS="621"/>
							<String ID="string_147" HPOS="639" VPOS="1033" WIDTH="67" HEIGHT="22" WC="0.92" CONTENT="blifvit"/><SP WIDTH="15" VPOS="1033" HPOS="706"/>
							<String ID="string_148" HPOS="721" VPOS="1033" WIDTH="7" HEIGHT="22" WC="0.93" CONTENT="i"/><SP WIDTH="17" VPOS="1033" HPOS="728"/>
							<String ID="string_149" HPOS="745" VPOS="1034" WIDTH="90" HEIGHT="27" WC="0.93" CONTENT="skepps-"/>
						</TextLine>
						<TextLine ID="line_23" HPOS="77" VPOS="1067" WIDTH="491" HEIGHT="28">
							<String ID="string_150" HPOS="77" VPOS="1067" WIDTH="103" HEIGHT="26" WC="0.96" CONTENT="registret"/><SP WIDTH="16" VPOS="1067" HPOS="180"/>
							<String ID="string_151" HPOS="196" VPOS="1067" WIDTH="40" HEIGHT="22" WC="0.96" CONTENT="och"/><SP WIDTH="15" VPOS="1067" HPOS="236"/>
							<String ID="string_152" HPOS="251" VPOS="1068" WIDTH="28" HEIGHT="27" WC="0.93" CONTENT="pä"/><SP WIDTH="16" VPOS="1068" HPOS="279"/>
							<String ID="string_153" HPOS="295" VPOS="1067" WIDTH="130" HEIGHT="22" WC="0.92" CONTENT="certifikatet"/><SP WIDTH="15" VPOS="1067" HPOS="425"/>
							<String ID="string_154" HPOS="440" VPOS="1068" WIDTH="128" HEIGHT="21" WC="0.91" CONTENT="antecknad."/>
						</TextLine>
					</TextBlock>
					<TextBlock ID="block_9" HPOS="79" VPOS="1107" WIDTH="757" HEIGHT="63">
						<TextLine ID="line_24" HPOS="144" VPOS="1107" WIDTH="692" HEIGHT="29">
							<String ID="string_155" HPOS="144" VPOS="1107" WIDTH="73" HEIGHT="22" WC="0.92" CONTENT="Jemte"/><SP WIDTH="17" VPOS="1107" HPOS="217"/>
							<String ID="string_156" HPOS="234" VPOS="1108" WIDTH="92" HEIGHT="28" WC="0.92" CONTENT="sälunda"/><SP WIDTH="15" VPOS="1108" HPOS="326"/>
							<String ID="string_157" HPOS="341" VPOS="1110" WIDTH="89" HEIGHT="25" WC="0.92" CONTENT="antaget"/><SP WIDTH="15" VPOS="1110" HPOS="430"/>
							<String ID="string_158" HPOS="445" VPOS="1111" WIDTH="48" HEIGHT="25" WC="0.96" CONTENT="nytt"/><SP WIDTH="16" VPOS="1111" HPOS="493"/>
							<String ID="string_159" HPOS="509" VPOS="1115" WIDTH="63" HEIGHT="14" WC="0.96" CONTENT="namn"/><SP WIDTH="17" VPOS="1115" HPOS="572"/>
							<String ID="string_160" HPOS="589" VPOS="1108" WIDTH="55" HEIGHT="21" WC="0.93" CONTENT="skall"/><SP WIDTH="16" VPOS="1108" HPOS="644"/>
							<String ID="string_161" HPOS="660" VPOS="1108" WIDTH="105" HEIGHT="27" WC="0.93" CONTENT="fartygets"/><SP WIDTH="13" VPOS="1108" HPOS="765"/>
							<String ID="string_162" HPOS="778" VPOS="1108" WIDTH="58" HEIGHT="21" WC="0.92" CONTENT="förra"/>
						</TextLine>
						<TextLine ID="line_25" HPOS="79" VPOS="1141" WIDTH="727" HEIGHT="29">
							<String ID="string_163" HPOS="79" VPOS="1141" WIDTH="130" HEIGHT="28" WC="0.91" CONTENT="benämning"/><SP WIDTH="16" VPOS="1141" HPOS="209"/>
							<String ID="string_164" HPOS="225" VPOS="1145" WIDTH="106" HEIGHT="25" WC="0.90" CONTENT="upptagas"/><SP WIDTH="16" VPOS="1145" HPOS="331"/>
							<String ID="string_165" HPOS="347" VPOS="1143" WIDTH="59" HEIGHT="21" WC="0.92" CONTENT="säväl"/><SP WIDTH="16" VPOS="1143" HPOS="406"/>
							<String ID="string_166" HPOS="422" VPOS="1143" WIDTH="7" HEIGHT="21" WC="0.96" CONTENT="i"/><SP WIDTH="16" VPOS="1143" HPOS="429"/>
							<String ID="string_167" HPOS="445" VPOS="1143" WIDTH="103" HEIGHT="27" WC="0.96" CONTENT="registret"/><SP WIDTH="15" VPOS="1143" HPOS="548"/>
							<String ID="string_168" HPOS="563" VPOS="1149" WIDTH="46" HEIGHT="16" WC="0.96" CONTENT="som"/><SP WIDTH="16" VPOS="1149" HPOS="609"/>
							<String ID="string_169" HPOS="625" VPOS="1143" WIDTH="28" HEIGHT="27" WC="0.93" CONTENT="pä"/><SP WIDTH="16" VPOS="1143" HPOS="653"/>
							<String ID="string_170" HPOS="669" VPOS="1142" WIDTH="137" HEIGHT="22" WC="0.91" CONTENT="certifikatet."/>
						</TextLine>
					</TextBlock>
				</ComposedBlock>
				<ComposedBlock ID="cblock_5" HPOS="80" VPOS="1218" WIDTH="759" HEIGHT="290">
					<TextBlock ID="block_10" HPOS="423" VPOS="1218" WIDTH="62" HEIGHT="28">
						<TextLine ID="line_26" HPOS="423" VPOS="1218" WIDTH="62" HEIGHT="28">
							<String ID="string_171" HPOS="423" VPOS="1218" WIDTH="10" HEIGHT="28" WC="0.92" CONTENT="8"/><SP WIDTH="18" VPOS="1218" HPOS="433"/>
							<String ID="string_172" HPOS="451" VPOS="1220" WIDTH="34" HEIGHT="20" WC="0.95" CONTENT="16."/>
						</TextLine>
					</TextBlock>
					<TextBlock ID="block_11" HPOS="81" VPOS="1264" WIDTH="756" HEIGHT="97">
						<TextLine ID="line_27" HPOS="148" VPOS="1264" WIDTH="689" HEIGHT="28">
							<String ID="string_173" HPOS="148" VPOS="1264" WIDTH="74" HEIGHT="22" WC="0.92" CONTENT="Under"/><SP WIDTH="17" VPOS="1264" HPOS="222"/>
							<String ID="string_174" HPOS="239" VPOS="1265" WIDTH="100" HEIGHT="27" WC="0.96" CONTENT="byggnad"/><SP WIDTH="15" VPOS="1265" HPOS="339"/>
							<String ID="string_175" HPOS="354" VPOS="1265" WIDTH="93" HEIGHT="21" WC="0.95" CONTENT="varande"/><SP WIDTH="16" VPOS="1265" HPOS="447"/>
							<String ID="string_176" HPOS="463" VPOS="1264" WIDTH="67" HEIGHT="22" WC="0.95" CONTENT="finskt"/><SP WIDTH="15" VPOS="1264" HPOS="530"/>
							<String ID="string_177" HPOS="545" VPOS="1264" WIDTH="70" HEIGHT="28" WC="0.96" CONTENT="fartyg"/><SP WIDTH="16" VPOS="1264" HPOS="615"/>
							<String ID="string_178" HPOS="631" VPOS="1264" WIDTH="22" HEIGHT="22" WC="0.96" CONTENT="af"/><SP WIDTH="14" VPOS="1264" HPOS="653"/>
							<String ID="string_179" HPOS="667" VPOS="1265" WIDTH="40" HEIGHT="21" WC="0.70" CONTENT="den"/><SP WIDTH="12" VPOS="1265" HPOS="707"/>
							<String ID="string_180" HPOS="719" VPOS="1264" WIDTH="28" HEIGHT="27" WC="0.86" CONTENT="i$"/><SP WIDTH="14" VPOS="1264" HPOS="747"/>
							<String ID="string_181" HPOS="761" VPOS="1266" WIDTH="8" HEIGHT="19" WC="0.93" CONTENT="1"/><SP WIDTH="15" VPOS="1266" HPOS="769"/>
							<String ID="string_182" HPOS="784" VPOS="1270" WIDTH="53" HEIGHT="21" WC="0.91" CONTENT="upp-"/>
						</TextLine>
						<TextLine ID="line_28" HPOS="83" VPOS="1297" WIDTH="754" HEIGHT="29">
							<String ID="string_183" HPOS="83" VPOS="1297" WIDTH="58" HEIGHT="28" WC="0.92" CONTENT="gifna"/><SP WIDTH="15" VPOS="1297" HPOS="141"/>
							<String ID="string_184" HPOS="156" VPOS="1298" WIDTH="150" HEIGHT="22" WC="0.92" CONTENT="beskaffenhet"/><SP WIDTH="15" VPOS="1298" HPOS="306"/>
							<String ID="string_185" HPOS="321" VPOS="1300" WIDTH="35" HEIGHT="20" WC="0.93" CONTENT="mä"/><SP WIDTH="15" VPOS="1300" HPOS="356"/>
							<String ID="string_186" HPOS="371" VPOS="1300" WIDTH="39" HEIGHT="20" WC="0.92" CONTENT="ock"/><SP WIDTH="14" VPOS="1300" HPOS="410"/>
							<String ID="string_187" HPOS="424" VPOS="1299" WIDTH="34" HEIGHT="21" WC="0.93" CONTENT="för"/><SP WIDTH="10" VPOS="1299" HPOS="458"/>
							<String ID="string_188" HPOS="468" VPOS="1299" WIDTH="135" HEIGHT="27" WC="0.91" CONTENT="intecknings"/><SP WIDTH="10" VPOS="1299" HPOS="603"/>
							<String ID="string_189" HPOS="613" VPOS="1299" WIDTH="106" HEIGHT="21" WC="0.93" CONTENT="vinnande"/><SP WIDTH="11" VPOS="1299" HPOS="719"/>
							<String ID="string_190" HPOS="730" VPOS="1299" WIDTH="6" HEIGHT="21" WC="0.93" CONTENT="i"/><SP WIDTH="11" VPOS="1299" HPOS="736"/>
							<String ID="string_191" HPOS="747" VPOS="1299" WIDTH="90" HEIGHT="27" WC="0.90" CONTENT="skepps-"/>
						</TextLine>
						<TextLine ID="line_29" HPOS="81" VPOS="1333" WIDTH="720" HEIGHT="28">
							<String ID="string_192" HPOS="81" VPOS="1333" WIDTH="92" HEIGHT="26" WC="0.93" CONTENT="register"/><SP WIDTH="15" VPOS="1333" HPOS="173"/>
							<String ID="string_193" HPOS="188" VPOS="1333" WIDTH="122" HEIGHT="27" WC="0.92" CONTENT="inskrifvas,"/><SP WIDTH="16" VPOS="1333" HPOS="310"/>
							<String ID="string_194" HPOS="326" VPOS="1340" WIDTH="34" HEIGHT="15" WC="0.93" CONTENT="om"/><SP WIDTH="17" VPOS="1340" HPOS="360"/>
							<String ID="string_195" HPOS="377" VPOS="1340" WIDTH="79" HEIGHT="21" WC="0.90" CONTENT="egaren"/><SP WIDTH="16" VPOS="1340" HPOS="456"/>
							<String ID="string_196" HPOS="472" VPOS="1334" WIDTH="52" HEIGHT="21" WC="0.93" CONTENT="eller"/><SP WIDTH="16" VPOS="1334" HPOS="524"/>
							<String ID="string_197" HPOS="540" VPOS="1340" WIDTH="92" HEIGHT="20" WC="0.91" CONTENT="egarene"/><SP WIDTH="16" VPOS="1340" HPOS="632"/>
							<String ID="string_198" HPOS="648" VPOS="1334" WIDTH="37" HEIGHT="21" WC="0.93" CONTENT="det"/><SP WIDTH="16" VPOS="1334" HPOS="685"/>
							<String ID="string_199" HPOS="701" VPOS="1333" WIDTH="100" HEIGHT="21" WC="0.92" CONTENT="ästunda."/>
						</TextLine>
					</TextBlock>
					<TextBlock ID="block_12" HPOS="80" VPOS="1378" WIDTH="759" HEIGHT="98">
						<TextLine ID="line_30" HPOS="148" VPOS="1378" WIDTH="691" HEIGHT="28">
							<String ID="string_200" HPOS="148" VPOS="1378" WIDTH="73" HEIGHT="22" WC="0.92" CONTENT="Sädan"/><SP WIDTH="17" VPOS="1378" HPOS="221"/>
							<String ID="string_201" HPOS="238" VPOS="1379" WIDTH="127" HEIGHT="27" WC="0.89" CONTENT="inskrifning"/><SP WIDTH="16" VPOS="1379" HPOS="365"/>
							<String ID="string_202" HPOS="381" VPOS="1380" WIDTH="71" HEIGHT="26" WC="0.92" CONTENT="sökes,"/><SP WIDTH="13" VPOS="1380" HPOS="452"/>
							<String ID="string_203" HPOS="465" VPOS="1380" WIDTH="68" HEIGHT="21" WC="0.92" CONTENT="under"/><SP WIDTH="10" VPOS="1380" HPOS="533"/>
							<String ID="string_204" HPOS="543" VPOS="1379" WIDTH="141" HEIGHT="27" WC="0.91" CONTENT="iakttagande"/><SP WIDTH="11" VPOS="1379" HPOS="684"/>
							<String ID="string_205" HPOS="695" VPOS="1379" WIDTH="4" HEIGHT="21" WC="0.93" CONTENT="i"/><SP WIDTH="11" VPOS="1379" HPOS="699"/>
							<String ID="string_206" HPOS="710" VPOS="1379" WIDTH="129" HEIGHT="27" WC="0.92" CONTENT="tillämpliga"/>
						</TextLine>
						<TextLine ID="line_31" HPOS="84" VPOS="1413" WIDTH="754" HEIGHT="29">
							<String ID="string_207" HPOS="84" VPOS="1414" WIDTH="60" HEIGHT="21" WC="0.94" CONTENT="delar"/><SP WIDTH="23" VPOS="1414" HPOS="144"/>
							<String ID="string_208" HPOS="167" VPOS="1414" WIDTH="23" HEIGHT="21" WC="0.93" CONTENT="af"/><SP WIDTH="19" VPOS="1414" HPOS="190"/>
							<String ID="string_209" HPOS="209" VPOS="1414" WIDTH="56" HEIGHT="21" WC="0.96" CONTENT="hvad"/><SP WIDTH="21" VPOS="1414" HPOS="265"/>
							<String ID="string_210" HPOS="286" VPOS="1414" WIDTH="23" HEIGHT="28" WC="0.52" CONTENT="$$"/><SP WIDTH="16" VPOS="1414" HPOS="309"/>
							<String ID="string_211" HPOS="325" VPOS="1416" WIDTH="11" HEIGHT="19" WC="0.96" CONTENT="6"/><SP WIDTH="18" VPOS="1416" HPOS="336"/>
							<String ID="string_212" HPOS="354" VPOS="1414" WIDTH="39" HEIGHT="22" WC="0.96" CONTENT="och"/><SP WIDTH="16" VPOS="1414" HPOS="393"/>
							<String ID="string_213" HPOS="409" VPOS="1416" WIDTH="12" HEIGHT="19" WC="0.95" CONTENT="7"/><SP WIDTH="17" VPOS="1416" HPOS="421"/>
							<String ID="string_214" HPOS="438" VPOS="1414" WIDTH="83" HEIGHT="27" WC="0.96" CONTENT="stadga,"/><SP WIDTH="17" VPOS="1414" HPOS="521"/>
							<String ID="string_215" HPOS="538" VPOS="1414" WIDTH="39" HEIGHT="21" WC="0.93" CONTENT="hos"/><SP WIDTH="16" VPOS="1414" HPOS="577"/>
							<String ID="string_216" HPOS="593" VPOS="1413" WIDTH="245" HEIGHT="28" WC="0.91" CONTENT="registermyndigheten"/>
						</TextLine>
						<TextLine ID="line_32" HPOS="80" VPOS="1448" WIDTH="612" HEIGHT="28">
							<String ID="string_217" HPOS="80" VPOS="1448" WIDTH="32" HEIGHT="21" WC="0.96" CONTENT="för"/><SP WIDTH="16" VPOS="1448" HPOS="112"/>
							<String ID="string_218" HPOS="128" VPOS="1449" WIDTH="38" HEIGHT="21" WC="0.93" CONTENT="det"/><SP WIDTH="16" VPOS="1449" HPOS="166"/>
							<String ID="string_219" HPOS="182" VPOS="1449" WIDTH="94" HEIGHT="27" WC="0.90" CONTENT="omräde,"/><SP WIDTH="16" VPOS="1449" HPOS="276"/>
							<String ID="string_220" HPOS="292" VPOS="1449" WIDTH="58" HEIGHT="21" WC="0.93" CONTENT="inom"/><SP WIDTH="15" VPOS="1449" HPOS="350"/>
							<String ID="string_221" HPOS="365" VPOS="1449" WIDTH="82" HEIGHT="21" WC="0.92" CONTENT="hvilket"/><SP WIDTH="16" VPOS="1449" HPOS="447"/>
							<String ID="string_222" HPOS="463" VPOS="1449" WIDTH="82" HEIGHT="21" WC="0.92" CONTENT="varfvet"/><SP WIDTH="16" VPOS="1449" HPOS="545"/>
							<String ID="string_223" HPOS="561" VPOS="1451" WIDTH="24" HEIGHT="19" WC="0.93" CONTENT="är"/><SP WIDTH="14" VPOS="1451" HPOS="585"/>
							<String ID="string_224" HPOS="599" VPOS="1449" WIDTH="93" HEIGHT="26" WC="0.92" CONTENT="beläget."/>
						</TextLine>
					</TextBlock>
					<TextBlock ID="block_13" HPOS="759" VPOS="1491" WIDTH="10" HEIGHT="17">
						<TextLine ID="line_33" HPOS="759" VPOS="1491" WIDTH="10" HEIGHT="17">
							<String ID="string_225" HPOS="759" VPOS="1491" WIDTH="10" HEIGHT="17" WC="0.96" CONTENT="2"/>
						</TextLine>
					</TextBlock>
				</ComposedBlock>
			</PrintSpace>
		</Page>
	</Layout>
</alto>
