1056 1725
344 122 20 20 U.
380 122 21 20 B.
418 134 27 4 —
461 123 58 26 Prop.
537 122 34 21 N:o
587 122 38 21 29.

360 321 197 28 Lagutskottets
572 322 96 27 förslag
684 322 41 21 till
742 327 122 16 samman-

312 356 155 27 jemkningaf
475 356 102 22 Ständens
583 356 118 27 skiljaktiga
709 356 78 22 beslut
782 352 9 36 i
795 356 69 21 anled-

313 388 47 31 ning
372 391 20 22 af
403 391 76 28 nädiga
488 391 159 28 propositionen,
655 391 108 28 anägende
772 391 92 21 ändrade

313 426 188 27 lagbestämningar
523 432 32 15 om
579 426 78 27 fartygs
678 426 127 21 nationalitet
825 426 38 21 och

313 461 132 27 registrering
461 461 54 22 samt
530 467 32 16 om
579 461 85 27 hypotek
680 461 5 21 i
701 461 73 27 fartyg.

174 594 29 22 Ur
225 594 149 27 Lagutskottet
397 593 49 22 frän
467 593 97 22 Ständen
579 593 188 23 tillhandakomna
784 596 76 26 proto-

104 629 133 27 kollsutdrag
259 629 40 21 har
314 629 108 21 Utskottet
441 629 113 26 inhemtat,
571 631 31 19 att
620 628 104 28 Ständen,
741 629 50 21 med
806 629 53 27 god-

104 664 117 21 kännande
240 663 24 22 af
276 664 120 21 Utskottets
416 664 140 21 betänkande
571 664 7 20 i
594 664 117 27 anledning
727 664 23 21 af
763 664 42 22 den
821 664 39 21 nä-

104 699 49 27 diga
168 699 164 27 propositionen
348 699 7 21 i
370 698 71 28 öfrigt,
458 698 75 22 afvikit
548 698 94 22 derifrän
656 699 5 21 i
673 698 94 28 följande
783 698 76 28 beslut,

102 734 110 27 nämligen
227 733 142 22 beträffande:

197 798 39 21 1:0.
265 799 109 25 Förslaget
388 798 35 20 till
439 798 132 26 förordning,
586 798 143 20 innefattande
745 800 35 18 än-

234 833 62 26 dring
312 833 24 20 af
349 833 105 20 särskilda
469 834 129 25 stadganden
613 833 8 20 i
636 833 104 26 sjölagen:

459 873 13 28 8
489 874 32 21 15.

170 913 159 28 Ridderskapet
351 913 36 21 och
411 913 74 22 Adelm
508 916 57 19 samt
583 913 186 28 Borgareständet
790 913 65 22 hafva

100 947 87 22 beslutit
209 950 32 20 att
260 949 68 21 orden
349 951 71 24 ,,samt
443 949 214 27 försäljningsortens
680 951 56 20 mest
754 949 102 27 spridda"

100 983 68 22 skulle
183 983 110 22 uteslutas.

168 1017 32 22 Då
216 1018 64 22 dessa
295 1018 39 21 ord
350 1018 79 27 tillagts
443 1017 24 22 af
476 1018 109 21 Utskottet
596 1018 30 21 till
637 1018 42 21 den
690 1019 87 27 lydelse,
789 1019 67 26 sagda

99 1052 104 27 paragraf
224 1053 83 22 erhällit
326 1053 8 20 i
350 1053 40 22 den
410 1053 82 27 nädiga
512 1053 171 27 propositionen,
707 1051 57 23 samt
787 1054 68 21 orden

100 1087 82 22 saknas
204 1087 82 28 jemväl
300 1087 7 21 i
323 1088 156 21 motsvarande
496 1088 121 27 stadgande
632 1088 31 21 uti
679 1088 103 27 sjölagen,
799 1088 56 21 före-

99 1122 44 21 släs
159 1122 119 22 vördsamt:

294 1187 34 21 att
348 1186 80 28 jemväl
449 1186 86 22 Preste-
557 1185 37 22 och
617 1186 170 22 Bondeständen
805 1186 50 22 ville

235 1220 96 22 utesluta
346 1220 146 28 omförmälda
507 1221 39 21 ord
561 1228 29 14 ur
604 1222 15 26 $
634 1220 32 22 15.

174 1285 40 21 2:0.
244 1286 109 26 Förslaget
367 1286 34 20 till
417 1286 128 26 förordning
560 1292 33 14 om
608 1286 173 26 skeppsregister:

445 1326 12 27 8
475 1325 32 22 14.

166 1365 185 29 Borgareständet
360 1366 38 21 har
409 1366 170 22 äterremitterat
590 1366 129 27 paragrafen
727 1366 30 21 till
766 1366 87 21 Utskot-

96 1402 36 24 ett,
149 1407 61 19 ,,som
226 1400 53 28 egde
295 1402 31 20 att
342 1400 6 21 i
364 1400 72 21 denna
452 1400 113 28 paragrafs
581 1401 62 21 ställe
658 1400 69 22 införa
743 1401 12 27 $
769 1401 24 21 19
805 1400 47 22 från

168 1446 76 23 Bihang
251 1446 29 17 till
285 1446 134 23 Lagutskottets
427 1445 33 19 bet.
469 1446 37 18 N:o
512 1447 31 17 23.
