1056 1725
311 134 71 21 Ständ.
397 134 33 21 Sv.
445 146 28 3 -—
489 135 60 26 Prop.
565 134 34 21 N:o
614 134 36 22 29.
824 134 13 21 9

245 198 99 24 sjöskada,
368 198 79 24 sålänge
469 198 87 25 fartyget
578 199 51 19 ännu
652 198 83 24 Vefinnes
750 198 12 20 å
777 198 35 20 den
827 200 37 21 ort,

246 232 33 20 der
295 232 65 20 sådan
375 232 85 20 kostnad
475 233 43 19 bort
533 233 101 24 erläggas;

314 268 42 25 2:0)
372 267 94 20 Ovetalda
482 268 53 24 lots-,
547 267 44 20 Våk-
602 268 33 19 och
646 268 159 25 hamnumgälder
815 270 51 18 samt

246 301 64 20 andra
332 301 101 20 enahanda
456 302 100 20 allmänna
579 302 88 25 afgifter,
683 303 43 19 med
742 303 39 19 lika
796 303 68 24 vilkor,

246 343 42 14 som
302 338 9 19 i
324 337 116 25 föregående
455 339 83 18 moment
551 337 81 20 nämndt
642 338 35 24 är;

314 372 42 26 3:0)
380 372 85 25 Ogulden
488 373 31 19 lön
537 372 33 20 och
585 372 48 25 hyra
649 372 30 20 till
693 372 98 25 fartygets
805 373 60 24 befäl-

245 407 83 24 hafvare
343 407 33 20 och
392 407 112 25 besättning,
513 407 86 20 räknadt
613 407 47 24 från
677 407 34 20 den
727 407 34 24 tid,
778 407 26 20 då
814 407 52 25 aftal

247 448 30 13 om
292 442 58 24 tjenst
365 443 66 18 senast
445 442 66 24 blifvit
525 441 100 26 ingånget;

314 476 44 27 4:0)
379 476 104 25 Fartygets
505 475 69 25 Vidrag
593 475 30 20 till
638 476 111 19 ersättande
764 476 25 24 af
801 476 67 19 haveri

247 511 33 19 och
302 511 106 24 lastegares
430 510 85 24 fordran
534 510 34 24 för
581 509 54 25 gods,
652 516 41 13 som
709 509 136 27 Vefälhafvare
860 511 8 18 i

246 544 76 25 nödfall
344 545 107 24 föryttrat;
474 545 100 24 äfvensom
597 544 118 20 Vodmerilän
734 545 60 24 jemte
808 546 59 18 ränta

247 579 32 19 och
291 579 75 24 premie
381 580 52 19 samt
442 585 65 13 annan
518 578 150 25 försträckning,
680 585 41 13 som
732 579 135 25 vefälhafvare

246 613 61 20 under
328 620 46 13 resa
396 614 33 19 och
451 613 34 25 för
507 613 88 25 mödfalls
613 613 51 20 skull
677 614 9 18 i
696 614 110 24 penningar
821 614 45 19 eller

246 654 60 14 varor
330 648 83 20 erhållit.
443 648 47 20 Alla
513 648 8 20 i
543 648 52 20 detta
616 649 82 19 moment
712 650 100 23 upptagna
826 648 41 24 for-

248 682 81 25 dringar
343 682 61 25 hafva
420 682 39 20 lika
470 683 49 24 rätt,
529 684 38 18 när
577 682 23 20 de
611 682 87 26 uppstått
707 683 9 19 i
725 689 75 13 samma
810 683 58 19 hamn

248 717 32 19 och
295 716 34 25 för
344 722 75 14 samma
435 717 74 24 olycka,
525 723 42 13 men
579 717 54 25 eljest
647 717 51 19 skall
707 723 69 14 senare
787 718 80 19 tillkom-

247 758 42 13 men
304 751 85 25 fordran
403 751 120 25 föredragas
539 752 88 24 framför
643 758 22 13 en
681 752 88 24 tidigare,
781 752 33 20 och
825 752 42 24 for-

248 786 50 20 dran
321 786 48 24 från
391 792 22 14 en
435 792 72 14 senare
529 792 45 14 resa
589 786 61 24 hafva
665 786 101 24 företräde
781 787 88 24 framför

249 822 40 22 den,
306 827 42 14 som
362 820 77 21 härledt
454 821 30 25 sig
499 821 47 24 från
561 827 22 13 en
599 820 94 26 tidigare;

316 855 42 28 5:o)
374 856 119 25 Lastegares
509 856 84 25 fordran
608 856 34 24 för
656 855 53 26 gods,
723 862 41 13 som
774 856 39 19 icke
822 856 45 25 vlif-

247 891 28 20 vit
297 891 99 24 behörigen
419 891 75 20 lastadt
515 891 34 20 och
564 891 81 23 lossadt,
669 891 46 19 eller
737 891 34 19 ock
786 891 81 23 befinnes

248 925 84 20 skadadt
349 931 66 19 genom
431 925 160 24 befälkafvarens
607 925 46 20 eller
668 925 142 24 besättningens
824 925 42 24 för-

247 960 95 23 vållande,
366 961 52 18 samt
432 959 87 25 fordran
533 960 34 24 för
581 959 69 24 skada,
667 965 41 14 som
723 959 65 24 blifvit
801 966 66 18 genom

248 995 173 24 sammanstötning
436 996 61 18 annat
512 994 67 25 fartyg
595 994 95 25 tillfogad,
708 994 87 24 såframt
809 994 57 20 dessa

247 1029 115 24 fordringar
376 1029 89 24 uppstått
479 1029 62 20 under
556 1030 66 18 senast
636 1027 105 28 fulländad
750 1035 57 18 resa;

315 1063 43 26 6:0)
380 1063 94 20 Fordran
497 1063 34 24 för
553 1063 184 24 Ufsförnödenheter
751 1063 48 19 eller
813 1063 8 20 i
835 1063 31 24 af-

248 1098 65 20 seende
337 1098 13 19 å
365 1097 96 25 fartygets
477 1098 110 24 utrustning
603 1097 32 20 och
651 1097 65 25 öfriga
732 1097 59 24 Vehof
802 1097 63 25 erfor-

248 1133 73 24 derliga
343 1132 66 24 medel,
430 1132 26 20 då
472 1132 23 20 de
510 1132 65 25 Vlifvit
589 1131 120 27 försträckta
724 1133 53 19 utom
791 1132 76 25 nödfall

248 1168 32 19 och
295 1168 86 24 fartyget
395 1168 52 19 ännu
462 1167 41 19 icke
517 1167 72 25 utlupit
603 1173 24 13 ur
647 1167 35 19 den
696 1167 64 23 hamn,
777 1166 34 20 der
825 1167 41 24 för-

247 1202 134 24 sträckningen
396 1201 65 25 blifvit
475 1202 72 25 gjord;

316 1237 41 25 7:o)
373 1236 99 23 Fordran,
489 1236 33 24 för
537 1235 72 20 hvilken
625 1235 86 24 fartyget
721 1234 30 25 på
765 1234 64 25 yrund
843 1235 26 24 af

246 1270 106 25 inteckning
366 1272 57 23 utgör
434 1271 58 23 pant,
509 1270 46 20 dock
563 1271 29 19 att
601 1269 153 25 förmånsrätten
764 1268 33 25 för
807 1270 58 18 ränta

248 1305 94 25 omfattar
365 1304 68 20 endast
453 1304 23 20 de
499 1306 76 18 senaste
597 1305 30 19 tre
646 1304 53 23 åren,
715 1303 34 19 der
765 1304 18 24 e
797 1303 23 19 så
835 1304 29 22 är,

248 1340 29 18 att
298 1339 83 25 tidigare
399 1338 96 25 förfallen
513 1340 60 18 ränta
588 1338 64 24 blifvit
667 1338 48 23 sökt,
731 1344 42 13 men
788 1338 18 24 ej
820 1338 45 19 kun-

247 1375 34 18 nat
295 1373 62 25 utfås.
387 1372 67 21 Bland
468 1373 48 24 flere
530 1372 132 25 inteckningar
676 1372 59 24 hafve
749 1372 56 19 äldre
816 1372 50 24 före-

248 1408 56 20 träde
326 1408 88 24 framför
435 1414 66 18 yngre.
532 1407 78 21 Samma
627 1407 37 25 dag
680 1407 98 19 tillkomna
793 1413 31 18 ege
839 1407 28 24 sig

248 1443 78 20 emellan
342 1443 39 19 lika
397 1443 52 24 rätt;
