1056 1725
408 129 45 23 N:o
463 128 36 22 29.
788 130 12 20 9

138 195 107 33 Panträtt,
267 201 46 17 som
333 201 78 21 genom
431 194 128 27 inteckning
583 194 92 26 vunnits,
698 194 85 27 upphör
798 196 33 20 att

70 229 63 27 gälla,
150 230 37 20 der
203 230 40 21 den
260 230 20 27 ej
294 230 60 21 inom,
366 229 43 23 fem
425 229 26 21 år
466 228 91 28 förnyas.

413 286 12 27 8
444 288 33 19 15.

138 327 80 22 Blifver
235 327 70 27 fartyg
324 327 169 27 utmätnvingsvis
516 326 93 21 försåldt
629 332 77 21 genom
723 325 106 28 offentligt

70 364 70 25 utrop,
165 362 83 27 upphör
270 362 28 21 all
320 361 59 22 förut
398 361 136 22 tillkommen
553 363 62 25 pant-
631 361 41 21 och
687 360 141 23 förmånsrätt

70 396 52 26 deri,
139 396 40 22 och
194 395 173 28 fordringsegare
383 395 64 22 hafve
463 395 7 22 i
482 395 74 22 stället
567 395 113 21 enahanda
690 395 61 21 rätt
745 391 14 36 i
762 395 67 28 köpe-

69 431 121 26 skillingen,
213 430 86 22 hvilken
323 431 18 26 ej
365 431 34 20 må
423 429 33 22 till
478 429 94 28 säljaren
589 430 116 25 utbetalas,
721 430 65 21 innan
803 437 25 14 en

68 465 79 22 månad
169 465 91 22 förflutit
276 464 54 23 efter
346 465 40 21 den
403 464 39 26 tid,
459 470 46 15 som
521 470 78 21 genom
614 464 131 27 kungörelse
761 465 7 20 i
783 465 45 21 lan-

70 499 47 22 dets
134 499 108 22 allmänna
256 499 108 28 tidningar
379 499 105 26 förelagts
501 499 83 21 okände
596 499 131 26 borgenärer
738 500 32 20 att
781 499 47 22 sina

69 534 94 27 anspråk
179 531 89 24 bevaka.

137 569 46 21 Har
204 569 70 27 fartyg
296 569 115 22 förklarats
433 568 50 22 icke
499 568 63 22 värdt
577 570 33 19 att
625 568 145 22 iståndsättas
787 569 40 21 och

68 604 76 22 blifver
160 604 93 22 derefter
268 604 63 26 såldt,
348 604 98 27 upphöre
459 604 81 26 jemväl
556 603 26 21 all
594 605 62 25 pant-
668 604 39 21 och
719 603 108 22 förmåns-

68 640 44 20 rätt
127 639 7 21 i
150 638 100 28 fartyget,
267 639 40 21 och
323 638 191 27 fordringsegaren
529 638 63 21 hafve
607 638 7 21 i
630 638 74 21 stället
715 638 112 21 enahanda

68 675 44 19 rätt
127 674 7 20 i
150 673 178 27 köpeskillingen,
345 673 71 21 såvidt
432 673 40 21 den
490 674 55 20 ännu
561 673 85 21 utestår
662 672 99 27 ogulden.

137 700 82 39 Tage$f'
223 707 71 28 fartyg
309 708 7 20 i
331 708 99 20 utlandet
446 707 6 21 i
469 709 45 19 mät
529 707 52 21 eller
591 707 122 27 förolyckas
725 707 36 21 det
774 707 52 21 eller

68 742 104 22 förklaras
188 742 48 22 icke
252 742 63 22 värdt
330 744 32 19 att
378 742 151 25 iståndsättas,
544 748 39 20 ege
601 741 224 27 inteckningshafvare

68 779 77 24 genast
165 776 61 28 njuta
246 776 110 27 betalning
371 776 33 21 för
423 776 34 21 sin
473 775 94 27 fordran,
585 776 84 21 ändock
684 778 33 19 att
733 776 39 21 den
789 782 36 15 an-

67 817 51 15 nars
134 811 18 26 ej
170 817 50 15 vore
238 810 107 27 förfallen;
368 810 40 22 och
431 810 82 27 åligger
529 810 59 21 såväl
603 810 76 21 redare
696 816 47 15 som
758 810 67 22 befäl-

67 845 88 22 hafvare
171 847 33 20 att
219 852 33 15 om
273 845 69 22 sådan
362 844 105 22 händelse
484 844 151 27 ofördröjligen
651 844 126 22 underrätta
793 845 32 21 in-

67 879 223 27 teckningshafvaren.
320 880 139 21 Försummas
484 879 42 26 det,
550 885 50 15 vare
619 879 35 27 lag
674 880 69 21 som
731 875 14 36 i
758 879 23 27 $$
799 881 24 20 11

68 915 40 20 och
124 916 26 19 50
167 911 70 46 säges.

414 965 11 27 8
445 967 32 20 16.

115 1005 3 2 *
136 1006 84 21 Redare
244 1007 24 20 är
288 1006 48 26 den,
348 1005 50 22 som
415 1011 52 22 eger
483 1005 40 22 och
539 1007 97 20 utrustar
651 1005 76 28 fartyg,
743 1006 82 21 hvilket

66 1041 32 21 till
114 1040 77 28 sjöfart
206 1041 115 26 begagnas.

417 1086 11 27 8
446 1088 33 19 17.

135 1127 85 20 Redare
243 1133 49 15 vare
317 1127 76 27 pligtig
417 1128 33 19 att
473 1126 135 28 personligen
629 1133 91 14 ansvara
735 1127 33 21 för
783 1127 42 22 alla

66 1161 26 21 de
108 1161 148 27 förbindelser,
278 1168 45 15 som
345 1162 55 26 angä
415 1161 96 27 fartyget
525 1162 40 20 och
581 1162 84 26 grunda
680 1162 33 26 sig
727 1162 28 26 pä
770 1162 53 21 hans

66 1198 50 24 eget
138 1196 58 26 aftal,
220 1197 110 26 samtycke
355 1196 52 22 eller
422 1196 105 25 vällande,
543 1196 25 21 sä
583 1196 40 22 ock
639 1196 32 21 för
687 1196 137 27 betalningen

65 1230 23 22 af
101 1230 36 22 lön
153 1230 23 21 ät
191 1230 145 22 befälhafvare
353 1231 40 21 och
409 1231 131 27 besättning.
572 1226 104 31 Öfvergär
691 1230 70 28 fartyg
772 1231 52 21 eller

64 1264 120 28 fartygsdel
205 1265 32 21 till
258 1272 76 19 annan,
351 1272 49 15 vare
417 1265 57 21 förre
491 1271 78 20 egaren
584 1265 47 21 icke
648 1265 122 27 derigenom
786 1266 37 20 be-

64 1299 54 22 friad
134 1299 46 21 från
195 1299 143 22 förbindelser
354 1300 22 21 af
390 1306 28 15 nu
435 1300 79 21 nämnd
529 1299 155 22 beskaffenhet.

133 1334 41 22 För
197 1334 139 26 bodmerilån,
352 1334 153 28 haveribidrag
528 1335 40 21 och
587 1336 53 19 utan
655 1334 102 22 redarens
774 1336 49 25 eget

64 1368 128 27 tillgörande
216 1368 116 22 åsamkade
354 1369 120 21 kostnader
496 1370 33 20 för
544 1369 109 27 bergning,
671 1370 56 20 samt
741 1368 34 22 för
790 1376 32 14 er-

64 1403 97 26 sättning
184 1402 23 22 af
228 1403 68 21 skada
318 1409 76 21 genom
419 1402 126 28 bristfälligt
567 1403 137 27 uppfyllande
721 1403 22 21 af
756 1403 67 21 frakt-

64 1436 52 23 aftal
140 1437 52 22 eller
207 1438 193 27 sammanstötning
416 1438 49 21 med
481 1440 65 19 annat
561 1437 76 28 fartyg,
654 1444 46 15 som
716 1437 105 22 befälhaf-
