1056 1725
308 128 20 24 U.
344 128 21 23 B.
382 140 25 3 —
424 128 55 28 Prop.
496 128 33 24 N:o
545 128 35 23 34.
767 132 26 19 69

61 190 42 27 Jag
118 196 63 16 anser
197 190 84 22 derföre
298 193 32 19 att
345 191 107 21 Karelska
467 191 82 21 banans
564 191 123 27 hamnplats
702 191 36 21 vid
748 192 75 22 hafvet

62 226 24 19 är
94 224 49 22 fullt
151 226 24 20 ut
186 225 44 21 lika
244 225 159 21 beaktansvärd
418 231 46 15 som
481 226 48 20 dess
544 225 123 27 hamnplats
681 225 37 21 vid
733 226 89 28 Ladoga

62 258 38 27 sjö,
124 258 66 22 ehuru
208 259 106 21 utskottet
329 259 7 21 i
353 259 38 21 sitt
405 259 138 21 betänkande
558 259 89 21 alldeles
663 259 100 22 förbisett
779 261 42 21 den

62 292 64 21 förra.

130 327 40 21 Om
193 327 67 28 begge
276 327 26 22 de
316 327 166 27 ifrågavarande
497 327 118 22 hamnarne
630 330 70 25 yttrar
715 328 33 27 sig
765 330 55 20 1885

62 361 34 21 ärs
109 361 185 28 jernvägsutskott
308 361 28 27 pä
352 361 95 28 följande
463 363 54 20 sätt:

129 395 253 22 Petitionsbetänkandet
396 402 65 15 mom.
479 398 22 19 9:

129 447 8 10 0
140 430 69 21 Bland
231 430 51 21 våra
302 429 235 28 jernvägsförbindelse
553 430 81 27 egande
650 431 72 20 städer
737 433 25 19 är
776 431 45 21 Wi-

62 464 53 27 borg
137 471 26 14 en
186 463 24 22 af
226 465 26 20 de
266 464 28 27 fä,
311 464 73 21 dervid
407 464 84 27 hänsyn
514 465 34 20 till
564 471 26 14 en
606 465 88 26 lämplig
709 465 112 22 kombina-

61 498 46 21 tion
122 498 25 21 af
161 499 41 26 sjö-
217 498 40 21 och
270 497 194 28 jernvägstrafiken
480 500 57 19 ännu
557 499 86 26 mycket
661 498 66 27 öfrigt
747 501 24 19 är
789 501 32 19 att

62 532 73 21 önska.
166 532 131 27 Visserligen
312 532 68 21 finnes
395 532 37 21 vid
447 532 151 22 Kirkkoniemi
614 533 55 20 udde
680 533 58 21 inom
747 533 74 21 Saima

62 566 64 21 kanal
149 565 95 22 farleden
268 573 26 15 en
314 567 189 27 jernvägsbrygga,
529 573 50 15 men
601 567 27 21 dä
651 567 123 21 densamma
797 569 24 19 är

61 600 86 27 mycket
168 600 69 28 träng,
260 601 49 21 med
332 600 216 22 otillfredsställande
563 601 132 27 vattendjup,
716 604 56 18 samt
787 603 34 19 ut-

61 640 82 21 rymme
165 634 7 22 i
195 634 103 22 närheten
313 635 19 27 ej
348 634 67 22 finnes
432 634 34 22 för
481 635 134 27 uppförande
631 635 23 21 af
667 636 110 26 varuskjul
791 642 28 14 m.

61 675 28 15 m.
112 670 120 20 motsvarar
257 670 124 20 densamma
406 669 41 21 alls
472 669 48 21 icke
545 669 108 21 behofvet.
694 669 33 21 Då
751 670 70 20 denna

62 704 81 26 brygga
158 703 109 21 dessutom
282 705 24 19 är
320 704 90 26 belägen
425 710 52 14 norr
492 710 35 14 om
538 698 47 26 Äbo
594 704 59 26 bron,
665 705 24 19 är
697 704 124 20 densamma

61 738 122 27 tillgänglig
198 738 76 21 endast
289 738 33 21 för
338 738 81 21 sädana
434 737 116 27 farkoster,
566 738 73 21 hvilka
653 738 73 20 kunna
733 744 88 20 passera

62 772 78 21 nämda
154 772 57 21 bro."

131 806 38 21 Uti
192 806 38 21 sitt
252 806 135 21 betänkande
409 806 7 20 i
437 806 76 27 frågan
530 812 34 15 om
581 806 102 21 Savolaks
698 806 70 21 banan
784 812 37 15 an-

62 840 34 21 för
118 846 83 15 samma
222 841 84 21 utskott
320 840 66 21 bland
401 842 76 19 annat:
494 853 40 14 ,—
547 852 30 2 —
591 852 28 3 —
633 852 29 3 —
676 840 43 21 kan
735 841 86 27 olägen-

62 875 63 20 heten
141 874 23 21 af
178 875 36 21 det
230 876 26 20 30
271 877 57 19 verst
344 875 73 27 längre
433 875 111 21 afståndet
559 875 34 21 till
603 875 72 21 Kotka
691 881 62 15 anses
767 881 53 21 upp-

61 908 53 21 häfd
130 908 24 21 af
168 909 26 20 de
209 909 99 26 fördelar,
328 915 44 15 som
387 909 74 21 Kotka
477 909 65 21 hamn
558 909 97 27 erbjuder
671 909 90 21 framför
776 909 45 21 Wi-

62 943 54 26 borg
138 943 7 20 i
170 943 98 27 billigare
293 943 178 27 hamnumgälder
496 945 56 19 samt
576 943 184 27 beqvämligheter
784 943 36 22 vid

61 976 123 28 lastningen
206 977 40 21 och
270 977 128 27 lossningen,
423 977 112 22 äfvensom
559 980 32 19 att
613 977 72 22 Kotka
708 977 64 21 hamn
797 979 24 20 är

62 1011 74 26 längre
151 1011 33 21 tid
199 1011 121 27 tillgänglig
336 1011 33 21 för
384 1011 123 27 sjöfarten.”

130 1045 11 20 I
156 1045 102 21 händelse
274 1045 40 21 den
329 1045 106 21 Karelska
451 1045 128 22 stambanan
602 1045 58 21 ledes
683 1045 33 22 till
731 1045 90 28 Wiborg

61 1079 42 21 blir
126 1079 84 21 derföre
233 1085 26 15 en
282 1079 129 22 förbindelse
435 1080 92 21 emellan
551 1080 101 27 Wiborgs
677 1079 79 21 station
781 1079 40 21 och

61 1113 66 21 hamn
142 1115 32 19 ett
189 1113 109 28 oafvisligt
312 1113 72 27 behof,
402 1113 40 22 och
459 1114 41 21 den
516 1114 74 21 härtill
605 1113 142 27 erforderliga
761 1113 60 21 kost-

62 1147 69 21 naden
153 1147 67 22 borde
243 1148 63 21 alltså
320 1148 115 27 rätteligen
451 1147 88 28 påföras
555 1148 40 21 den
611 1148 6 20 i
633 1147 88 27 Wiborg
736 1149 85 25 utmyn-

61 1182 70 20 nande
146 1182 106 21 Karelska
267 1182 75 21 banan.
373 1182 60 21 Dock
449 1182 41 21 bör
505 1182 76 21 härvid
596 1182 130 26 observeras,
742 1184 32 18 att
789 1182 32 20 äf-

61 1222 41 15 ven
118 1215 56 21 efter
188 1222 26 14 en
230 1216 60 27 dylik
305 1216 197 27 hamnanläggning
518 1216 37 22 det
570 1216 135 21 förhållande
716 1216 103 26 qvarstår,

62 1252 32 19 att
110 1249 76 22 endast
200 1250 151 27 grundgående
367 1250 108 21 farkoster
494 1250 73 21 kunna
589 1250 83 27 framgå
695 1250 7 20 i
725 1249 95 21 farleden

61 1284 34 21 till
110 1284 100 26 Wiborgs
226 1284 70 26 hamn,
312 1284 84 21 hvadan
412 1284 126 21 densamma
553 1284 47 21 icke
615 1284 43 21 kan
681 1284 89 26 erbjuda
788 1283 33 21 så-

62 1318 56 21 dana
133 1317 95 22 fördelar
244 1318 32 21 för
292 1318 97 26 trafiken,
406 1324 47 15 som
469 1318 93 21 hamnen
577 1318 36 21 vid
628 1318 79 21 Kotka.

132 1352 112 27 Slutligen,
263 1352 40 21 och
318 1352 28 21 då
361 1352 40 21 den
417 1358 79 21 genom
511 1352 93 21 Karelen
619 1352 121 21 utsträckta
755 1353 65 19 stam-

61 1386 71 21 banan
154 1386 39 20 har
216 1386 34 21 till
272 1386 168 27 hufvuduppgift
463 1388 34 20 att
519 1386 148 27 upprätthålla
685 1392 25 14 en
725 1385 41 21 lätt
781 1385 40 21 och

61 1420 101 27 tidsenlig
188 1420 130 21 förbindelse
342 1420 92 21 emellan
459 1420 60 22 detta
541 1427 76 21 genom
641 1420 126 27 vattendrag
789 1419 32 20 af-

62 1455 70 20 skilda
156 1454 104 27 landskap
284 1455 39 20 och
346 1455 84 20 landets
453 1454 132 22 hufvudstad
601 1456 55 19 samt
672 1453 69 28 öfriga
757 1455 64 24 orter,

130 1493 194 23 Jernvägsutskottets
337 1493 118 18 betänkande
469 1496 37 15 N:o
520 1495 15 16 1.
