1056 1725
265 296 190 29 Berättelse
474 305 40 20 om
527 296 157 39 fortgången
697 297 28 29 af
738 297 81 30 dona-

199 342 190 38 tionsgodsens
411 342 110 36 inlösen,
544 342 116 38 afgifven
683 343 28 29 af
726 343 93 30 Finans

201 388 185 38 Expeditionen
420 387 5 30 i
449 387 147 38 Kejserliga
618 388 134 31 Senatens
776 389 43 30 för

200 434 102 29 Finland
330 434 137 29 Ekonomie
490 434 195 38 Departement,
707 435 50 30 den
786 435 29 30 31

200 480 144 30 December
365 480 83 29 1887.

130 565 74 27 Enligt
226 566 41 20 den
288 565 23 21 af
324 565 79 21 Finans
419 565 160 27 Expeditionen
596 566 40 20 den
656 567 24 20 10
697 566 122 21 December

60 601 56 20 1884
139 600 81 27 afgifna
240 600 118 22 berättelse
376 606 33 15 om
425 600 130 27 fortgången
572 600 23 21 af
611 600 207 27 donationsgodsens

57 635 85 21 inlösen
157 635 55 20 hade
229 635 56 21 intill
301 635 94 20 nämnda
411 635 42 26 dag
465 635 242 26 donationslägenheter
718 641 34 15 om
764 635 53 21 inal-

57 669 31 21 les
106 670 40 20 863
156 670 26 26 7/3
198 670 71 26 gamla
284 670 82 20 mantal
382 669 40 21 och
433 676 26 14 en
471 670 91 26 egovidd
573 669 23 21 af
605 669 88 27 vidpass
704 670 114 26 2,003,000

58 704 106 20 tunnland
180 703 71 22 blifvit
267 710 76 20 genom
360 703 121 27 Styrelsens
498 704 129 26 förmedling
643 704 78 20 inlösta
737 704 33 20 för
786 705 32 19 ett

58 738 44 26 pris
124 738 22 20 af
161 738 193 20 sammanräknadt
371 738 127 26 15,871,094
514 738 63 20 mark
593 739 24 19 21
636 738 71 26 penni,
724 744 46 15 som
786 739 33 19 ut-

58 772 80 21 betalts
162 772 46 21 dels
231 779 26 14 ur
280 772 201 27 donationsfonden,
507 772 46 21 dels
576 778 27 14 ur
626 772 109 21 allmänna
755 774 64 19 stats-

58 806 87 22 fonden.

131 840 127 22 Sedermera
274 840 64 21 hafva
354 840 126 27 ytterligare
497 841 95 27 följande
608 842 170 26 donationsgods
789 841 30 21 el-

58 875 32 21 ler
107 876 60 20 delar
183 875 63 21 deraf
259 875 71 22 blifvit
345 875 97 27 inköpta,
458 876 120 26 nämligen:

130 909 186 22 Landtbrukaren
331 910 73 21 Johan
420 909 93 28 Hagans
529 911 81 26 egande
616 910 203 27 frälsedonations-

58 944 99 21 hemman
180 944 61 21 N:ris
265 946 19 24 1,
308 946 15 19 2
346 944 38 21 och
403 945 29 20 16
448 944 7 20 i
472 943 131 22 Kontiolaks
619 944 26 28 by
661 945 23 21 af
697 945 122 26 Leppälaks

58 979 73 26 kapell
148 979 40 20 och
203 979 109 20 Ruskeala
328 979 78 20 socken
423 985 34 14 om
474 979 143 21 tillsammans
633 979 36 27 5/,;
686 980 82 20 mantal
779 979 40 21 och

59 1014 41 20 538
116 1013 117 21 tunnlands
249 1013 97 27 egovidd,
362 1013 33 21 för
410 1013 75 21 hvilka
500 1013 133 27 lägenheter,
650 1013 27 21 de
693 1014 38 21 der
741 1013 78 22 bebru-

58 1047 40 22 kas
122 1047 68 21 under
212 1047 48 27 fyra
282 1047 141 27 landboskap,
448 1047 7 21 i
478 1047 147 27 köpeskilling
644 1048 81 26 erlagts
741 1048 78 21 inalles

59 1083 63 26 5,000
138 1082 69 21 mark.
237 1082 34 21 Då
287 1082 63 21 dessa
365 1082 126 26 lägenheter
506 1082 69 21 redan
591 1082 46 21 före
652 1082 82 21 inlösen
749 1081 71 22 blifvit

59 1116 140 21 storskiftade
219 1116 39 21 och
274 1123 90 14 numera
378 1117 80 26 jemväl
474 1117 117 26 undergått
607 1123 28 20 ny
651 1116 167 27 skattläggning,

58 1150 75 21 kunna
148 1151 120 21 skattebref
283 1151 23 21 åt
321 1151 133 21 landboarne
471 1151 66 21 innan
553 1151 50 21 kort
618 1150 106 22 utfärdas.

131 1184 87 28 Harjus
234 1186 169 27 donationsgods
418 1186 4 20 i
438 1185 123 21 Wederlaks
573 1185 82 26 socken,
666 1186 83 20 hvilket
759 1186 60 26 gods,

60 1226 34 14 om
116 1220 76 21 inalles
216 1220 48 26 91/5
289 1220 82 21 mantal
391 1220 39 21 och
449 1221 76 26 12,873
540 1220 118 21 tunnlands
674 1220 99 27 egovidd,
789 1220 31 21 in-

60 1254 63 27 köpts
142 1254 34 21 för
192 1256 32 20 ett
239 1255 45 26 pris
300 1255 23 21 af
337 1255 92 24 400,000
445 1254 69 21 mark.
545 1254 67 22 Detta
627 1255 60 27 gods,
704 1261 47 15 som
767 1260 54 21 upp-

60 1289 93 21 skattats
176 1289 33 21 till
232 1290 93 26 451,526
341 1289 62 21 mark
419 1289 39 21 och
474 1288 68 22 hvarä
557 1295 27 15 en
599 1288 126 28 befolkning
741 1288 23 22 af
779 1289 38 21 651

59 1329 102 21 personer
184 1325 24 19 är
231 1324 79 26 bosatt,
334 1324 107 21 bebrukas
458 1324 69 20 under
542 1324 28 20 42
585 1324 135 26 landboskap
738 1323 39 21 och
793 1329 27 15 en

60 1360 63 25 stom,
139 1357 88 22 hvilken
243 1358 140 27 sistnämnda,
396 1358 68 27 jemte
479 1358 7 21 i
502 1358 103 21 sambruk
621 1358 88 21 dermed
724 1357 95 22 varande

59 1392 133 27 lägenheter,
216 1392 6 21 i
246 1393 107 21 anseende
376 1392 34 22 till
433 1393 50 21 dess
499 1392 58 27 goda
571 1392 59 28 häfd,
647 1394 82 20 ansetts
745 1392 74 21 kunna

59 1426 25 22 af
97 1426 82 22 kronan
196 1426 124 28 öfvertagas
336 1426 33 22 för
384 1433 26 16 en
427 1428 71 20 större
515 1427 64 21 andel
595 1426 24 22 af
633 1427 37 21 det
679 1426 89 27 erlagda
778 1426 45 28 pri-
