1056 1725
238 128 13 20 4
545 129 34 21 N:o
595 128 36 22 32.

206 202 66 21 nyare
292 196 115 22 utländska
425 197 207 27 varumörkeslagar,
648 196 110 29 unptagits
774 197 63 19 hland
855 196 117 21 föremålen

208 230 34 22 för
258 230 98 28 skyddet.

278 266 74 20 Ehuru
375 266 69 21 såsom
463 266 69 21 vilkor
551 266 34 21 för
603 266 124 27 åtnjutande
742 266 23 21 af
779 266 68 27 skydd
862 266 33 21 för
911 272 61 15 varu-

209 300 75 21 märke
306 301 7 20 i
337 301 116 21 allmänhet
475 301 96 27 stadgats
589 303 32 20 att
641 301 138 28 registrering
798 301 23 21 af
835 301 83 21 märket
933 301 40 21 bör

207 335 45 26 ske,
271 335 40 21 har
326 335 109 27 undantag
450 335 67 28 gjorts
534 336 131 21 beträffande
682 335 79 22 sådana
777 335 71 22 såsom
863 337 108 19 varumär-

208 369 42 21 ken
266 370 96 21 använda
378 371 150 26 beteckningar
543 377 46 14 som
605 373 48 24 eget
668 377 69 20 namn,
754 370 61 21 firma
831 370 39 21 och
885 372 86 19 namnet

208 403 13 22 å
237 410 54 21 egen
305 404 155 27 jordlägenhet,
484 405 72 20 hvilka
573 405 163 27 beteckningars
751 405 139 26 begagnande
906 406 23 19 är
945 410 26 15 en

208 438 24 21 så
255 439 94 26 naturlig
372 441 43 19 rätt
438 441 33 19 att
494 440 71 26 lagens
584 439 69 28 skydd
672 442 44 19 mot
735 439 107 21 missbruk
858 438 61 22 deraf
933 439 38 20 bör

209 473 95 26 åtnjutas
320 475 52 19 utan
387 475 144 26 registrering.

279 508 96 21 Emedan
391 509 162 26 registreringen
568 509 23 20 af
605 509 127 21 varumärke
748 509 39 20 och
803 509 48 20 dess
867 508 104 27 offentlig-

209 542 95 27 görande
324 543 82 20 medför
421 543 121 26 kostnader,
558 543 40 22 har
613 550 26 14 en
654 544 43 20 viss
712 543 85 27 måttlig
813 543 62 26 afgift
891 545 80 19 ansetts

209 577 53 21 böra
278 577 73 21 härför
366 578 123 21 fastställas.

280 612 38 21 Ett
340 612 139 27 registreradt
501 612 126 21 varumärke
651 614 23 20 är
696 612 99 27 vanligen
818 612 23 21 så
860 614 51 18 nära
929 611 42 21 för-

209 646 81 21 bundet
312 646 50 21 med
385 647 40 21 den
448 648 85 25 rörelse,
559 647 32 21 vid
610 648 86 20 hvilken
711 647 85 21 märket
810 647 113 27 begagnas,
939 648 33 20 att

208 680 153 27 skyddsrätten
381 681 32 21 för
429 682 84 21 märket
528 682 6 20 i
549 682 118 21 allmänhet
682 682 39 21 bör
737 681 74 27 åtfölja
827 681 94 21 rörelsen
936 681 36 21 vid

210 715 136 21 densammas
364 716 115 27 öfvergång
493 717 34 21 till
542 723 68 14 annan
625 722 56 15 man.
712 716 75 27 Någon
803 716 120 26 skyldighet
939 717 32 19 att

208 749 40 21 hos
264 750 299 28 registreringsmyndigheten
579 751 84 21 anmäla
679 757 35 15 om
725 750 124 26 förändring
859 750 6 20 i
877 750 94 20 märkes-

208 786 72 19 rätten
303 784 39 21 har
365 785 70 21 derför
456 786 46 20 icke
521 787 80 19 ansetts
620 785 132 27 erforderlig:
785 784 50 22 Men
851 784 32 21 för
899 786 31 19 att
946 790 26 15 en

208 819 79 21 lättare
311 819 100 27 öfversigt
435 820 62 21 äfven
519 820 66 21 under
608 820 73 27 längre
703 820 32 20 tid
754 819 35 21 må
808 819 71 21 kunna
897 818 74 21 hafvas

209 852 61 22 öfver
288 854 148 27 varumärken,
457 854 33 21 för
508 854 72 22 hvilka
595 854 68 27 skydd
679 854 98 27 åtnjutes,
794 854 45 26 har,
856 854 7 20 i
879 853 93 27 enlighet

209 888 49 21 med
282 889 56 20 hvad
360 889 7 20 i
390 895 65 20 nyare
474 889 113 21 utländska
605 889 200 26 varumärkeslagar
821 888 92 26 stadgas,
929 888 42 20 viss

209 922 32 21 tid
258 922 106 28 angifvits,
385 924 56 21 inom
457 924 85 21 hvilken
557 924 137 27 registrering
709 924 40 20 bör
764 923 85 27 förnyas
865 922 33 21 för
913 922 58 21 bibe-

208 957 102 21 hållande
326 957 23 22 af
363 958 90 27 skyddet
468 958 32 21 för
516 959 132 20 varumärke.

281 993 32 20 De
331 993 32 20 uti
381 992 160 27 ifrågavarande
561 993 80 26 förslag
659 993 104 26 ingående
781 992 192 21 straffbestämnin-

210 1032 40 21 gar
266 1029 37 19 äro
320 1027 101 22 affattade
437 1028 48 21 med
500 1028 79 27 hänsyn
595 1028 34 21 till
644 1027 146 28 stadgandena
800 1027 7 21 i
819 1028 26 20 36
856 1027 54 26 Kap.
924 1027 48 26 13
962 1023 14 36 $

210 1061 41 20 och
268 1063 11 19 2
296 1061 54 27 Kap.
366 1065 14 18 4
394 1063 11 27 $
421 1062 7 21 i
444 1062 35 21 det
494 1063 33 20 till
543 1062 118 21 Ständerna
677 1061 158 22 öfverlemnade
850 1061 79 26 förslag
939 1061 34 20 till

212 1095 103 28 Strafflag
330 1096 34 21 för
378 1097 95 26 Finland,
497 1097 52 21 dock
567 1097 49 20 med
632 1097 40 20 den
688 1096 139 27 modifiering,
844 1101 46 15 som
905 1095 68 21 betin-

209 1132 49 25 gats
275 1131 23 21 af
312 1131 155 27 stadgandenas
483 1131 156 27 öfverflyttning
653 1132 33 20 till
697 1131 152 27 förordningen
860 1136 34 15 om
905 1129 69 28 skydd

209 1164 34 22 för
260 1166 147 21 varumärken.

280 1200 148 22 Förenämnda
443 1200 79 28 förslag
537 1203 24 19 är
577 1200 22 22 af
613 1200 93 27 följande
722 1200 91 27 lydelse:

419 1276 121 32 Förslag
563 1276 33 26 till
620 1275 138 32 förordning
781 1281 36 19 om
841 1274 75 32 skydd
935 1274 39 26 för

351 1317 164 26 varumärken.

570 1368 11 27 8
599 1370 18 18 1.

282 1410 59 21 Hvar
360 1415 46 15 som
421 1409 7 21 i
443 1408 89 22 Finland
547 1408 62 21 idkar
624 1407 98 26 fabriks-,
738 1406 77 21 bruks-
831 1406 52 20 eller
897 1405 78 22 handt-

210 1444 152 26 verksrörelse,
384 1443 110 28 jordbruk,
518 1443 77 21 handel
613 1443 53 20 eller
681 1448 71 15 annan
766 1441 81 27 näring,
864 1443 24 18 är
903 1440 72 22 berät-
