1056 1725
265 134 13 20 6

237 202 57 21 dock
317 202 23 21 af
362 202 32 26 de,
418 202 34 21 för
467 202 76 22 hvilka
558 202 175 28 köpeskillingen
749 202 112 22 allaredan
877 202 72 22 blifvit
964 202 34 22 till

236 236 54 21 fullo
306 237 86 27 gulden,
409 239 56 19 samt
479 237 88 26 Tervus,
585 237 114 26 Savimäki,
714 237 118 27 Niinisyrjä
844 238 39 20 och
897 237 101 26 Mälkölä,

236 270 35 21 för
294 271 74 21 hvilka
390 272 222 27 betalningsvilkoren
635 272 67 21 redan
725 272 58 21 förut
803 272 56 21 varit
874 272 123 27 lindrigare,

237 307 27 19 än
280 305 34 21 för
330 306 68 27 öfriga
414 306 177 27 donationsgods,
602 306 72 21 blifvit
684 307 121 26 uppgjorda
817 306 6 21 i
835 306 164 21 öfverensstäm-

238 341 66 20 melse
320 341 48 20 med
384 341 26 21 de
426 341 6 21 i
449 341 66 27 sagde
531 341 130 27 kungörelse
677 341 7 21 i
700 341 79 21 sådant
794 341 101 21 afseende
910 341 89 26 intagna

237 374 168 28 bestämningar.
436 376 131 26 Härigenom
582 376 65 20 hafva
663 375 154 22 annuiteterna
828 376 33 21 för
873 376 62 21 dessa
945 376 54 25 gods

237 409 72 21 blifvit
332 410 99 21 nedsatta
455 411 47 20 från
527 411 92 26 257,924
642 410 61 21 mark
727 411 26 20 72
777 411 65 26 penni
857 411 33 20 till
908 411 91 24 197,200

238 443 64 21 mark
324 445 25 20 61
374 445 64 26 penni
463 445 52 20 eller
534 445 48 20 med
599 445 90 26 ungefär
706 445 26 20 23
749 447 96 24 procent.
876 445 33 20 Då
925 444 74 21 härtill

238 477 105 22 kommer:
364 481 31 18 att
411 479 95 21 åboarne
523 481 12 19 å
551 479 100 27 samtliga
668 479 176 27 donationsgods,
856 479 6 20 i
873 479 67 20 likhet
950 479 49 20 med

238 512 58 21 hvad
319 513 34 20 för
376 513 25 21 de
424 516 86 19 senaste
534 515 33 19 tre
587 515 51 19 åren
656 513 55 21 varit
726 513 123 27 medgifvet,
865 513 134 21 fortfarande

239 548 37 19 äro
301 547 135 27 berättigade
461 549 32 20 att
516 548 91 21 afbörda
628 548 32 26 sig
677 547 59 21 såväl
752 548 185 21 landboräntorna
953 554 46 14 som

240 582 40 20 ock
304 582 151 21 annuiteterna
475 584 12 19 å
502 584 79 19 tvänne
598 582 111 26 terminer,
726 589 41 14 ena
782 582 83 21 hälften
882 589 35 14 om
934 582 66 21 våren

240 616 40 20 och
304 617 68 21 andra
395 617 84 21 hälften
501 623 34 15 om
558 617 89 26 hösten;
672 619 32 19 att
719 617 281 26 lägenhetsinnehafvarene

239 650 59 21 inom
317 651 126 27 Kexholms,
460 651 76 21 Salmis
552 652 39 20 och
608 652 140 26 Kronoborgs
765 652 92 20 härader
873 653 55 19 samt
943 652 58 20 Rau-

240 686 36 20 tus
300 685 79 21 socken
403 686 23 20 af
446 681 100 31 Äyräpää
570 686 75 25 härad,
663 686 87 20 hvarest
769 688 77 19 nästan
861 686 139 21 uteslutande

241 720 64 26 ryskt
325 722 59 25 mynt
399 720 125 26 cirkulerar,
540 727 91 15 numera
646 721 123 26 medgifvits
784 721 67 21 sådan
868 721 89 26 förmon,
969 722 32 19 att

243 754 183 27 kronoutskylder
450 755 109 21 äfvensom
579 755 153 21 annuiteterna
745 756 81 26 jemväl
842 755 21 21 få
880 756 97 26 erläggas
994 755 7 21 i

242 788 71 27 dylikt
336 791 59 25 mynt
419 789 54 21 efter
497 796 24 14 en
542 790 31 20 tid
589 790 54 20 efter
659 796 71 14 annan
747 790 110 20 fastställd
873 790 128 26 medelkurs,

242 826 58 18 samt
316 824 74 21 vidare
407 826 32 19 att
456 824 95 22 åboarne
567 826 13 19 å
596 825 26 21 de
638 825 81 21 inlösta
735 824 204 28 donationsgodsen,
949 824 53 27 jem-

242 858 41 21 likt
306 858 48 21 4:de
376 859 97 26 punkten
497 859 6 21 i
527 859 189 27 ofvanåberopade
739 859 81 27 nådiga
836 858 129 28 kungörelse
981 858 24 21 af

242 893 43 20 den
309 894 26 21 25
359 893 91 21 Januari
478 895 59 24 1886,
562 894 115 21 framdeles
693 894 62 21 skola
771 895 84 20 ersätta
871 893 132 21 statsverket

242 927 80 21 endast
337 928 72 21 halfva
424 928 101 27 beloppet
541 928 22 21 af
578 929 25 20 de
619 928 130 27 förskjutna,
765 930 57 19 ännu
839 928 92 26 oguldna
941 928 61 20 kost-

242 962 97 21 naderna
362 962 32 21 för
411 963 110 21 storskifte
544 963 39 21 och
605 963 170 26 skattläggning,
792 963 23 20 så
830 963 64 20 hafva
909 963 94 20 åboarne

242 995 94 22 sålunda
359 997 90 21 kommit
471 997 7 20 i
501 997 126 27 åtnjutande
651 997 24 21 af
693 997 47 21 icke
761 997 61 26 ringa
837 997 110 21 lättnader
962 997 40 20 och

243 1030 118 27 förmåner,
381 1031 73 21 hvilka
471 1032 158 26 otvifvelaktigt
645 1032 6 20 i
668 1032 121 26 väsendtlig
805 1038 48 14 mon
869 1031 86 22 komma
971 1033 33 19 att

243 1065 144 26 underhjelpa
403 1066 63 21 deras
483 1065 96 28 förmåga
595 1068 32 19 att
643 1066 94 26 fullgöra
753 1066 46 21 sina
816 1065 150 22 förbindelser.

317 1100 31 21 På
371 1102 44 19 sätt
435 1101 31 20 uti
482 1101 78 20 Finans
576 1101 171 26 Expeditionens
763 1100 143 21 härförinnan
923 1100 82 27 afgifna

243 1133 120 23 berättelse
380 1141 33 15 om
429 1135 194 27 donationsgodsen
640 1135 137 26 framhållits,
794 1135 64 21 hafva
874 1134 48 22 från
933 1135 26 20 de
972 1134 31 21 in-

244 1168 59 22 lösta
319 1170 174 27 donationsgods,
509 1170 86 21 hvarest
611 1170 155 26 skogsarealen
782 1170 7 20 i
805 1169 134 27 betydligare
955 1175 50 15 mon

244 1203 122 27 öfverstigit
389 1204 36 21 det
448 1204 83 27 belopp,
556 1210 45 15 som
625 1204 33 21 för
674 1204 167 27 lägenheternas
857 1203 92 21 bestånd
965 1203 41 21 och

244 1237 114 21 förkofran
374 1241 83 18 ansetts
473 1238 80 27 nödigt,
571 1240 70 19 större
657 1238 52 21 eller
721 1238 82 21 mindre
815 1238 191 26 skogskomplexer

245 1272 71 22 blifvit
340 1273 69 21 såsom
434 1273 169 27 öfverloppsjord
628 1274 104 20 utbrutna
747 1273 34 21 för
797 1275 33 19 att
845 1273 76 21 ställas
936 1272 71 21 under

244 1306 129 28 forstnärlig
388 1308 53 21 vård
457 1308 38 21 och
512 1308 137 26 förvaltning.
681 1308 66 20 Detta
763 1307 124 21 förfarande
897 1307 40 20 har
949 1306 58 26 åsyf-

245 1343 35 19 tat
303 1342 61 21 såväl
387 1344 32 19 att
438 1342 129 27 möjliggöra
582 1342 54 21 eller
651 1342 124 20 underlätta
791 1341 166 27 lägenheternas
975 1340 32 20 in-

245 1375 61 21 lösen
323 1376 23 21 af
355 1376 140 26 landboarne,
512 1376 6 21 i
535 1376 36 21 det
587 1376 109 26 nämligen
714 1376 41 20 den
772 1376 13 20 å
801 1376 26 20 de
843 1376 103 20 utbrutna
963 1380 44 15 om-

244 1410 84 21 rådena
354 1411 32 26 sig
410 1411 120 26 belöpande
547 1411 92 21 andelen
655 1410 23 21 af
693 1410 172 26 köpeskillingen
881 1409 34 21 för
931 1409 77 26 godset

244 1445 130 27 öfvertagits
397 1445 23 22 af
441 1446 136 27 statsverket,
601 1451 46 16 som
663 1445 41 21 ock
719 1448 34 18 att
768 1445 83 26 skydda
867 1446 80 25 skogen
963 1445 46 19 mot
