1056 1725
807 173 14 21 5

97 231 34 21 sin
157 231 57 27 plats
231 232 6 20 i
254 232 59 21 ledet
334 232 63 21 torde
418 231 85 22 derföre
523 231 22 22 få
561 238 64 15 anses
641 232 84 26 ganska
740 232 111 22 tvifvelak-

96 267 38 28 tig.
166 266 47 23 Den
238 267 35 21 del
296 267 24 21 af
342 273 101 16 reserven
465 268 53 27 åter,
540 273 46 15 som
606 267 57 21 varit
679 267 7 21 i
702 267 61 22 aktiv
784 268 67 27 tjenst

96 304 35 21 vid
156 304 228 26 kaderregementena,
407 303 78 26 skulle,
507 303 69 27 enligt
597 304 55 21 hvad
674 303 23 22 af
717 303 63 22 ofvan
797 310 53 21 upp-

96 339 60 28 gifna
180 339 73 22 siffror
276 339 101 28 framgår,
399 345 74 16 ensam
494 339 48 22 icke
564 339 67 22 förslå
652 339 33 22 till
707 340 64 21 deras
790 340 60 21 kom-

96 375 118 28 plettering
230 375 6 21 i
253 375 104 22 händelse
378 375 23 22 af
420 375 56 27 krig,
497 375 63 22 äfven
577 381 36 15 om
629 375 44 22 alla
689 376 64 21 dessa
768 381 82 16 reserv-

96 413 50 20 män
169 411 73 22 kunde
266 411 100 27 inkallas,
389 412 66 26 något
476 417 45 15 som
545 411 112 21 sannolikt
673 411 55 22 dock
745 411 18 27 ej
781 411 70 22 blefve

96 447 67 22 fallet.
195 447 30 26 Ty
250 447 33 27 då,
306 447 36 21 vid
366 446 130 22 inträffande
521 447 150 26 mobilisering
695 447 24 21 af
739 447 26 22 de
781 446 70 22 finska

97 482 260 27 infanteribataljonerna,
385 482 94 22 förutom
503 483 49 21 4:de
577 482 124 22 årsklassen
725 482 124 27 antagligen

96 518 78 21 endast
194 525 27 14 en
240 518 35 21 del
292 518 23 21 af
329 524 112 16 reservens
457 518 44 21 5:te
518 518 96 21 ärsklass
632 519 86 21 komme
735 520 33 20 att
783 517 67 23 erfor-

96 555 58 25 dras,
170 554 72 22 kunde
259 554 47 22 icke
322 554 70 22 heller
408 553 33 23 för
456 553 141 23 kavalleriets
615 553 106 23 ställande
738 555 28 26 pä
781 554 69 27 krigs-

96 590 33 20 fot
144 596 59 15 mera
219 592 27 19 än
263 590 152 21 motsvarande
432 590 35 21 del
477 590 24 21 af
510 590 51 21 dess
572 592 125 19 reservmän
708 590 48 21 frän
768 596 83 15 samma

96 625 121 22 årsklasser
240 626 115 27 päräknas.
388 626 42 21 Det
451 626 42 21 kan
516 626 93 21 sålunda
630 627 91 25 antagas
743 627 33 20 att
792 632 59 14 mera

96 663 27 19 än
140 667 26 15 en
182 661 106 26 fjerdedel
304 661 24 21 af
342 662 129 26 manskapet
488 662 6 21 i
511 662 106 21 hvardera
628 663 137 25 regementet
781 661 69 21 skulle

96 697 55 21 efter
174 697 68 21 skedd
264 697 150 27 mobilisering
436 697 63 22 bestä
515 697 24 21 af
552 699 131 25 reservmän,
700 703 46 15 som
763 703 84 21 genom-

95 734 48 25 gätt
164 733 78 21 endast
263 732 46 28 fyra
331 733 114 21 mänaders
462 733 140 27 öfningskurs
619 735 58 19 samt
692 733 69 21 under
777 733 71 21 denna

96 769 63 21 korta
179 768 32 21 tid
233 770 53 20 utan
302 769 74 21 tvifvel
392 768 56 22 blott
464 768 65 28 ytligt
545 769 108 21 inhemtat
669 769 26 21 de
711 768 136 28 mängsidiga

96 804 218 27 tjensteäligganden,
330 810 46 16 som
393 805 48 21 med
457 805 102 21 afseende
576 806 13 20 &
605 804 102 22 nutidens
723 804 125 27 krigskonst

96 842 37 19 äro
155 840 33 21 för
209 846 27 15 en
255 840 128 21 kavallerist
399 840 173 27 oundgängligen
589 840 86 27 nödiga.
708 840 33 21 Då
757 840 37 21 det
809 839 38 21 fin-

96 876 40 21 ska
156 876 128 21 kavalleriet
304 876 182 27 hufvudsakligen
507 877 62 21 torde
585 876 89 21 komma
690 878 33 19 att
739 876 108 21 användas

96 912 32 20 för
144 911 147 27 kunskapare-
303 912 39 21 och
354 912 197 27 ordonnanstjenst,
563 913 68 20 borde
643 911 121 22 emellertid
774 911 73 27 hvarje

96 953 49 15 man
168 953 52 15 vara
237 947 6 21 i
260 948 64 21 stånd
348 948 59 21 såväl
429 947 33 22 till
486 947 93 28 uthållig
604 947 44 22 ridt
671 947 62 22 äfven
758 948 28 26 pä
807 947 40 22 den

96 985 173 24 ogynsammaste
291 985 93 25 terräng,
405 989 46 16 som
472 983 40 22 ock
528 983 81 22 besitta
625 983 128 26 erforderlig
768 983 79 21 känne-

96 1020 49 20 dom
162 1019 6 20 i
184 1019 114 22 kavalleri-
320 1019 39 22 och
381 1019 171 27 infanteritjenst
573 1021 58 20 samt
651 1019 111 22 dessutom
784 1018 64 22 hafva

96 1054 87 21 erhällit
202 1055 68 20 sädan
287 1054 123 27 utbildning
426 1056 33 20 att
475 1055 42 21 han
535 1056 28 25 pä
579 1061 54 20 egen
650 1055 57 21 hand
724 1055 35 20 mä
775 1055 73 20 kunna

96 1090 51 21 reda
162 1090 34 27 sig
211 1091 70 20 under
297 1091 26 20 de
340 1090 121 22 olikartade
477 1090 152 22 förhällanden
646 1091 7 20 i
670 1090 73 21 hvilka
758 1090 43 21 han
812 1090 35 21 vid

96 1125 145 27 fullgörandet
252 1125 24 22 af
284 1127 149 26 kunskapare-
445 1126 39 21 och
495 1126 221 27 ordonnanstjensten
727 1126 43 21 kan
781 1125 67 22 blifva

95 1161 85 22 försatt.
212 1163 40 20 Att
273 1168 77 21 genom
370 1162 46 27 fyra
437 1163 115 21 mänaders
575 1162 100 27 öfningar
695 1162 56 22 helst
770 1162 78 26 nägor-

95 1197 66 21 lunda
182 1197 205 22 tillfredsställande
403 1198 73 21 kunna
492 1198 101 26 bibringa
609 1198 129 26 manskapet
753 1198 57 21 hvad
827 1197 23 21 af

95 1233 121 21 detsamma
236 1233 93 22 sälunda
348 1233 40 22 bör
403 1234 92 26 fordras,
511 1234 43 21 kan
571 1240 50 14 man
638 1233 47 22 icke
702 1233 89 27 hoppas,
808 1233 39 21 och

95 1268 55 21 hvad
171 1274 167 16 reservmannen
360 1269 68 21 under
449 1269 41 21 den
512 1270 64 20 korta
592 1269 108 21 lärotiden
717 1268 131 27 nödtorftigt

96 1304 111 27 inhemtat,
224 1304 105 27 glömmes
346 1306 46 20 åter
409 1304 33 22 till
459 1306 46 20 stor
522 1304 34 22 del
573 1305 70 21 under
659 1305 26 21 de
701 1306 32 20 ett
749 1304 12 22 å
777 1305 36 20 två
824 1305 24 20 är

94 1339 46 21 före
161 1339 177 28 mobiliseringen
358 1340 42 21 han
417 1340 56 21 varit
491 1340 5 21 i
513 1340 82 21 saknad
613 1340 24 22 af
651 1340 28 22 all
696 1340 75 26 öfning
787 1340 6 20 i
809 1340 38 20 ka-

94 1375 151 27 valleritjenst.
277 1375 139 22 Beträffande
425 1376 161 28 ”nästnämnda
611 1376 35 21 del
670 1376 23 21 af
715 1381 132 16 reservman-

94 1410 78 27 skapet
187 1411 39 21 har
242 1411 104 21 Komiten
363 1411 84 22 derföre
464 1411 47 22 icke
527 1412 85 20 kunnat
628 1412 87 20 komma
732 1410 33 22 till
777 1416 70 16 annan

95 1446 139 27 uppfattning
250 1449 27 19 än
294 1449 32 19 att
344 1448 63 21 dessa
423 1449 131 25 reservmän,
571 1448 27 21 dä
615 1448 26 21 de
657 1447 35 21 vid
709 1447 138 22 kavalleriets
