1056 1725
249 129 28 21 30
467 129 20 23 U.
503 128 20 23 B.
539 141 28 3 —
582 128 56 29 Prop.
654 128 33 24 H:o
704 129 35 23 34.

290 190 32 21 På
336 191 68 23 grund
419 191 25 21 af
458 191 37 21 det
511 191 66 27 sagda
592 190 33 22 får
640 192 109 19 utskottet
763 192 109 22 vördsamt
892 192 91 22 föreslå:

427 268 32 18 att
475 265 106 21 Savolaks
597 264 73 22 banan
682 266 119 27 fortsättes
813 266 60 27 från
881 266 102 21 Kouvola

358 300 81 20 station
461 300 14 20 å
498 299 185 21 Riihimäki—S:t
706 299 133 29 Petersburg
860 300 73 21 banan
948 301 35 20 till

358 333 74 22 Kotka
447 334 51 21 stad
513 333 39 22 och
567 336 32 18 att
615 336 28 19 ett
659 333 76 28 bispår
750 334 87 27 utföres
853 335 36 20 till
911 335 71 21 denna

358 368 60 21 stads
433 368 74 25 hamn,
522 369 9 20 i
542 368 140 28 fullständig
699 368 222 27 öfverensstämmelse
933 369 49 21 med

359 402 40 21 den
423 403 6 19 i
449 403 84 27 nådiga
553 403 168 27 propositionen
739 403 136 27 föreslagna
898 403 84 20 sträck-

358 437 79 27 ningen
449 436 45 28 för
510 437 73 20 denna
593 437 96 27 jernväg
706 436 39 21 och
762 437 7 20 i
785 437 94 28 enlighet
893 437 48 21 med
956 437 25 21 de

354 471 43 26 för
413 471 106 20 Savolaks
535 470 72 21 banan
623 473 100 26 antagna
740 471 105 28 grunder,
861 473 56 19 samt

425 507 32 19 att
487 505 124 21 Ständerna
640 505 35 21 till
701 505 112 28 byggande
837 505 31 28 af
887 506 94 27 jernväg

354 539 57 27 från
427 539 102 21 Kouvola
545 539 35 21 till
598 539 73 21 Kotka
686 539 51 21 ville
747 540 64 20 anslå
820 547 26 14 en
854 547 84 14 summa
953 539 32 28 af

356 575 119 24 2,147,000
502 573 69 26 mark,
601 573 87 22 hvilken
719 581 85 13 summa
826 574 49 21 med
903 574 77 28 tillägg

358 608 30 27 af
409 608 76 21 Kotka
511 608 61 21 stads
598 608 115 28 utfästade
739 608 78 28 bidrag
836 609 31 27 af
882 608 99 26 500,000

356 642 69 26 mark,
441 642 82 21 komme
538 644 32 19 att
584 645 111 18 motsvara
711 642 42 21 den
769 643 7 19 i
794 642 84 28 nådiga
898 650 83 20 propo-

357 676 92 21 sitionen
486 676 123 22 beräknade
646 676 271 29 anläggningskostnaden
953 677 31 27 af

356 712 62 24 2,647
431 712 43 24 000
489 711 70 21 mark.

286 882 43 22 Det
344 882 68 27 tredje
427 882 104 27 förslaget
545 882 34 21 till
592 883 240 28 jernvägsanläggning,
849 889 46 15 som
917 883 8 20 i
940 883 37 21 nä-

216 916 50 27 diga
281 917 162 27 propositionen
458 917 143 20 underställes
617 917 132 21 Ständernas
764 917 77 26 beslut,
858 917 68 27 gäller
943 919 34 19 ut-

215 950 102 22 förandet
332 951 24 21 af
370 953 31 19 ett
416 951 49 27 spär
480 951 34 21 till
529 951 149 22 Nikolaistads
685 951 98 27 packhus
803 951 68 27 jemte
887 953 31 20 ett
926 951 51 22 kort

214 985 75 26 bispär
305 985 33 21 till
354 985 41 21 den
409 987 54 19 nära
484 985 59 21 invid
561 985 91 27 belägna
675 992 15 15 s.
715 986 22 21 k.
762 985 96 22 Svenska
879 985 97 28 bryggan

215 1019 34 21 för
264 1026 27 14 en
307 1019 148 28 sammanlagd
469 1020 93 21 kostnad
577 1019 24 22 af
614 1021 78 25 51,000
708 1020 69 21 mark.

284 1065 68 21 Detta
367 1065 81 28 förslag
470 1065 40 21 har
533 1065 112 27 framlagts
669 1066 50 21 med
735 1065 116 27 anledning
866 1065 24 21 af
904 1067 73 20 senast

214 1098 131 23 församlade
362 1099 101 22 Ständers
479 1099 146 28 underdäniga
641 1106 48 14 svar
706 1099 29 28 pä
758 1106 26 14 en
807 1099 49 21 dem
879 1099 97 28 förelagd

213 1133 67 27 nädig
302 1134 134 26 proposition
459 1140 34 15 om
518 1134 153 21 utsträckande
693 1133 25 22 af
739 1133 66 22 Wasa
827 1134 91 27 jernväg
942 1134 34 21 till

213 1166 87 22 Brändö
322 1168 129 26 hamnplats,
475 1168 7 20 i
497 1168 82 21 hvilket
595 1174 48 15 svar
659 1168 121 21 Ständerna
795 1168 86 21 anhöllo
897 1174 34 15 om
948 1174 28 21 ny

212 1202 136 26 proposition
363 1202 34 21 till
413 1202 69 21 denna
497 1202 103 27 landtdag
615 1202 111 27 angående
743 1202 91 22 ledande
850 1202 23 21 af
895 1208 26 15 en
943 1202 32 22 bi-

212 1235 58 21 bana
286 1236 123 22 alternativt
425 1236 35 21 till
475 1236 85 22 Brändö
576 1236 53 21 eller
643 1236 101 22 Wasklot
759 1236 72 21 hamn.

282 1288 34 20 Dä
338 1288 36 20 det
397 1294 28 14 nu
445 1287 123 28 föreslagna
582 1288 181 26 packhus-späret
777 1290 64 25 utgör
857 1288 76 21 endast
949 1294 26 15 en

211 1322 86 20 mindre
314 1322 35 21 del
364 1322 24 20 af
401 1322 93 21 bibanan
510 1322 34 21 till
559 1322 105 26 Wasklot,
680 1322 40 22 har
735 1322 108 21 utskottet
859 1321 71 22 funnit
938 1322 37 21 det

211 1356 77 26 nödigt
304 1359 32 18 att
352 1356 33 21 för
400 1356 32 27 sig
447 1357 107 27 klargöra,
578 1356 107 22 huruvida
700 1356 181 27 packhus-späret
903 1356 72 21 kunde

211 1395 64 15 anses
297 1390 159 21 tillfredsställa
479 1391 36 21 det
538 1391 133 21 närvarande
693 1390 104 22 behofvet
819 1390 25 21 af
859 1390 116 27 hamnspär

210 1424 37 21 vid
270 1424 143 27 Nikolaistad,
437 1425 53 21 eller
513 1431 34 16 om
569 1424 116 28 anledning
700 1424 118 28 föreligger
833 1426 33 20 att
881 1424 93 22 omedel-

211 1458 49 21 bart
276 1458 72 21 utföra
363 1459 124 27 nägondera
505 1459 24 21 af
542 1459 137 21 merberörda
693 1459 99 22 bibanor.

280 1499 189 21 Jernvägsutskottets
483 1500 110 16 betänkande
605 1500 34 16 N:o
653 1500 15 15 1.
