1056 1725
256 117 13 21 4
479 115 19 23 U.
515 114 19 24 B.
545 127 28 4 -—
584 114 55 30 Prop.
655 115 34 23 N:o
705 114 32 25 39.

227 178 85 29 belopp
336 178 26 22 af
381 177 148 29 Regeringen
552 179 87 20 ansetts
662 178 80 22 kunna
757 178 36 22 för
808 186 29 14 en
853 178 34 22 tid
902 178 86 22 framåt

227 213 118 21 undvaras
360 212 9 22 i
384 212 151 22 statsverkets
550 212 179 28 utläningsfond
744 212 43 22 och
802 213 122 22 Utskottet
929 212 58 29 jom-

228 248 39 21 väl
282 247 65 21 delar
363 246 76 22 denna
453 246 160 29 uppfattning,
629 246 42 22 har
685 247 123 22 Utskottet
823 249 76 20 ansett
914 254 29 14 en
955 247 32 21 öf-

228 282 120 28 verföring
371 280 26 23 af
416 281 110 28 beloppet
547 280 53 22 frän
618 281 210 29 utläningsfonden
843 282 37 21 till
895 280 92 23 militie-

228 316 88 22 fonden
332 316 71 21 hafva
418 315 43 22 allt
476 315 50 22 skäl
541 315 36 22 för
593 315 42 29 sig.
665 315 52 22 Den
733 315 26 22 af
771 316 122 22 Utskottet
908 316 8 21 i
935 315 52 22 dess

229 349 202 30 ofvanäberopade
455 349 148 22 betänkande
625 350 43 22 N:o
689 351 25 21 17
730 351 132 28 uppgjorda
876 350 111 29 kalkylen

228 386 37 21 för
280 384 235 30 bevillningsmedlen
529 384 74 22 under
619 385 54 21 ären
689 380 147 38 1889—1891,
847 380 84 38 utvisar
942 385 45 22 vis-

229 420 101 29 serligen
353 419 40 23 vid
415 419 199 29 finansperiodens
636 419 91 29 utgång
749 427 29 14 en
802 419 137 30 behållning
963 420 27 21 af

230 455 113 26 2,292,199
366 454 66 21 mark
455 455 27 20 59
505 453 75 29 penni,
603 461 60 20 men,
683 454 76 21 säsom
774 453 27 23 af
813 454 174 21 nedanstäende

229 489 158 28 beräkningar
408 488 109 29 framgär,
540 488 103 21 kommer
663 488 76 22 denna
754 488 137 29 behällning
905 489 9 20 i
929 488 58 29 följd

230 523 28 22 af
271 523 129 29 utgifterna
414 522 37 22 för
465 522 138 22 kavalleriet
617 522 9 21 i
641 523 46 21 alla
702 523 43 21 fall
761 525 34 20 att
810 523 77 28 nedgä
905 523 82 21 ätmin-

230 559 67 21 stone
320 557 38 22 till
378 558 111 27 1,812,199
505 557 65 22 mark
586 558 26 22 59
628 557 81 29 penni;
726 557 43 22 och
785 565 67 14 anser
867 557 121 23 Utskottet

230 592 181 29 försigtigheten
425 591 72 29 bjuda
511 593 41 24 att,
568 598 38 15 om
621 591 99 29 möjligt,
736 591 117 23 bibehälla
868 592 64 22 detta
954 593 34 20 öf-

230 626 106 23 verskott
358 626 9 22 i
388 626 119 28 kalkylen,
523 629 61 23 enär,
599 626 31 28 pä
645 628 46 20 sätt
705 626 124 22 Utskottet
843 626 8 22 i
867 626 41 22 sitt
922 634 66 21 nyss-

230 660 103 22 nämnda
348 660 149 22 betänkande
511 660 135 26 framhållit,
661 660 185 29 kapitalvinsten
862 661 13 21 å
885 660 40 22 det
932 660 55 22 kon-

230 695 179 29 verteringslän,
426 694 130 22 Ständerna
579 694 152 30 bemyndigat
747 694 120 29 Styrelsen
882 696 35 21 att
931 702 57 22 upp-

230 733 64 26 taga,
301 730 79 22 kunde
388 730 93 22 komma
490 731 34 20 att
531 729 136 29 understiga
679 729 39 22 det
729 729 132 22 beräknade
873 730 114 28 beloppet.

300 764 163 22 Förenämnda
484 763 102 22 tillskott
605 763 52 22 frän
672 764 208 28 utläningsfonden
895 764 37 21 till
947 764 41 21 mi-

231 798 139 23 litiefonden
386 806 66 14 anser
466 798 123 23 Utskottet
604 798 59 22 dock
678 798 51 22 icke
746 798 55 22 böra
820 798 169 29 ifrägakomma

232 834 77 22 såsom
324 834 40 21 län
379 834 56 21 eller
449 832 161 27 läneförskott,
625 834 58 20 utan
698 833 76 21 såsom
790 840 29 14 en
834 832 107 22 definitiv
955 833 34 21 öf-

231 869 127 28 verföring.
399 868 81 22 Skulle
505 867 104 22 deremot
633 867 124 22 framdeles
781 867 208 29 utläningsfonden

231 903 76 22 blifva
322 903 8 21 i
346 903 73 22 behof
431 902 26 22 af
470 902 159 29 förstärkning
644 901 43 22 och
703 901 152 23 statsverkets
875 902 115 21 ordinarie

232 937 129 29 tillgängar
383 937 78 22 dertill
484 936 19 29 ej
527 936 78 26 förslä,
628 935 137 23 förutsätter
779 936 121 23 Utskottet
915 937 75 21 säsom

233 971 131 29 sjelffallet,
388 973 35 20 att
445 970 136 28 Ständerna,
598 970 77 22 derest
689 970 28 22 de
732 970 65 22 finna
812 978 29 14 en
856 971 72 21 sädan
943 970 47 23 för-

232 1006 125 28 stärkning
379 1005 78 29 nödig,
480 1005 51 22 icke
554 1005 65 22 skola
641 1005 154 28 undandraga
812 1005 37 28 sig
864 1007 34 20 att
912 1005 79 22 dertill

233 1040 87 29 bevilja
335 1040 82 28 medel,
433 1040 98 21 likasom
547 1039 36 22 till
599 1039 75 29 öfriga
689 1039 174 22 statsändamäl.

303 1074 81 23 Under
405 1073 168 29 förutsättning
596 1075 34 20 att
652 1073 131 22 Ständerna
805 1074 125 29 godkänna
949 1074 42 23 Ut-

233 1109 100 22 skottets
357 1108 156 29 ofvangjorda
535 1108 87 29 förslag
644 1108 119 22 äfvensom
784 1111 35 19 att
833 1109 158 28 nyssnämnda

234 1143 146 29 öfverföring
401 1143 52 22 från
477 1142 150 23 statsverkets
649 1142 178 30 utläningsfond
847 1143 37 22 till
899 1143 91 22 militie-

233 1178 89 22 fonden
338 1179 91 21 komme
444 1180 35 20 att
494 1185 43 21 ega
551 1184 57 20 rum,
624 1177 41 22 har
680 1177 123 23 Utskottet
817 1177 114 29 uppgjort
949 1178 43 22 föl-

231 1212 73 28 jande

306 1459 157 18 Statsutskottets
475 1459 120 18 betänkande
607 1459 35 18 N:o
655 1459 27 19 18.
