1056 1725
253 127 14 20 8
558 126 41 20 N:o
618 126 34 21 34.

228 195 84 27 sjönivå
335 194 36 20 vid
396 190 161 24 Ännikänniemi
581 194 43 25 vik,
649 196 51 15 ntan
725 194 40 20 ock
789 195 38 26 att,
842 194 49 21 med
907 194 83 21 mindre

224 236 51 14 man
292 229 52 21 derä
360 229 91 21 nedlade
469 228 204 28 oproportionerligt
689 230 61 19 stora
765 228 124 27 kostnader,
902 229 47 20 med
959 230 30 20 ett

226 264 74 27 bispär
316 264 85 20 komma
417 264 32 20 till
466 264 93 20 nämnda
575 264 42 25 vik,
627 264 65 20 linien
707 263 33 20 för
756 263 153 21 hufvudbanan
920 263 7 21 i
938 263 51 21 stäl-

226 299 32 20 let
274 299 82 26 dragits
372 299 23 20 sä
411 301 54 18 nära
481 298 100 27 följande,
598 299 103 20 Petolaks
720 299 119 20 benämnda
855 298 34 21 vik
897 294 21 36 af
920 298 69 21 ifrä-

227 334 124 26 gavarande
368 333 36 27 sjö,
422 335 32 19 att
475 333 48 21 dess
539 333 77 20 strand
633 333 48 20 med
699 335 31 18 ett
746 334 36 19 tvä
799 333 114 20 kilometer
929 333 60 26 längt

228 368 74 26 bispär
326 369 106 25 uppnåtts.
464 368 42 20 För
530 374 26 15 en
579 368 79 21 bibana
678 367 48 21 från
742 367 119 21 Sordavala
877 367 65 21 linien
957 367 32 20 till

228 402 96 21 Ristlaks
340 403 36 20 vik
392 402 22 21 af
428 402 115 27 Pyhäjärvi
559 403 32 26 sjö
609 402 55 21 hade
681 402 161 27 undersökning
857 402 46 21 icke
920 401 70 20 blifvit

229 437 92 25 anstäld,
346 437 45 20 dels
414 438 27 25 pä
465 437 68 26 grund
557 437 23 20 af
601 437 72 20 tidens
697 437 116 26 knapphet,
838 437 45 20 dels
900 436 89 21 emedan

229 471 94 21 nämnda
346 471 35 21 vik
398 471 93 21 hvarken
509 471 47 26 läge
573 472 134 25 väsentligen
723 473 98 19 närmare
837 471 154 20 hufvudbanan

230 506 53 21 eller
299 506 6 21 i
321 507 65 25 något
409 507 123 20 hänseende
556 506 88 26 erbjöde
669 506 95 20 fördelar
784 506 89 20 framför
889 505 102 21 Petolaks

230 541 42 25 vik,
290 541 39 20 och
346 541 185 26 kostnadsförslag
547 541 33 20 för
597 547 25 14 en
639 541 78 20 bibana
733 540 47 21 från
792 540 107 27 Paigjärvi
910 539 81 22 station

231 575 13 20 å
260 575 36 21 det
313 575 102 27 ostligare
431 575 134 21 alternativet
581 575 34 21 till
632 575 134 21 sistnämnda
782 575 41 25 vik,
836 575 5 21 i
853 575 53 27 följd
917 575 23 20 af
950 575 41 20 den

230 610 117 25 vestligare
370 610 163 20 hufvudbanans
558 610 93 21 ledande
675 611 27 25 på
718 616 50 20 nyss
785 610 118 21 beskrifvet
918 611 49 25 sätt,
983 609 8 20 i

232 644 44 20 alla
292 644 37 20 fall
345 644 70 21 kunde
432 646 113 25 uppgöras.

304 678 32 21 De
352 678 114 21 afvikelser
482 679 47 20 från
545 679 26 21 de
587 679 58 20 inom
663 678 95 21 komitén
773 678 122 26 föreslagna
909 678 82 21 sträck-

231 713 85 26 ningar,
333 719 45 15 som
393 714 7 20 i
416 713 65 26 öfrigt
497 713 130 21 förekomme
644 713 30 21 uti
692 713 25 20 de
733 713 35 21 vid
785 713 41 21 den
843 713 98 21 tekniska
953 719 38 14 un-

232 747 158 27 dersökningen
407 749 127 25 uppgångna
551 748 98 26 linierna,
665 754 52 14 vore
728 748 137 20 uteslutande
877 748 114 26 betingade

232 782 24 20 af
270 782 228 27 terrängsvårigheter.

306 817 102 25 Längden
431 817 24 21 af
474 818 38 20 och
529 818 41 20 den
586 817 125 21 beräknade
728 817 120 21 kostnaden
864 816 32 22 för
913 817 24 21 de
954 823 39 14 un-

233 846 87 38 dersökta
340 852 93 21 linierna
442 852 105 21 inhemtas
563 858 24 15 ur
603 852 161 21 nedanstående
780 852 139 21 tabellariska
935 858 56 15 sam-

233 887 160 26 manställning,
409 887 61 20 hvari
487 887 25 21 de
528 887 71 21 skilda
615 887 92 21 linierna
718 887 127 20 betecknats
853 887 49 21 med
911 893 81 14 samma

234 927 104 18 nummer,
356 927 43 15 som
417 922 25 20 de
459 922 150 21 motsvarande
626 922 34 20 vid
672 921 189 26 undersökningen
873 921 119 26 uppgjorda

234 955 223 27 kostnadsförslagen;
482 957 37 20 och
539 956 138 27 erforderligt
693 956 98 21 material
807 956 33 21 för
857 956 136 21 beräknande

233 989 24 21 af
278 990 27 21 de
328 990 105 21 särskilda
449 990 292 27 jernvägssträckningarnes
757 991 134 20 rentabilitet
907 991 86 20 återfin-

234 1031 40 14 nes
294 1025 31 20 uti
341 1025 106 20 komiténs
464 1025 61 21 ofvan
543 1025 117 21 omordade
676 1025 144 26 betänkande,
836 1025 82 21 hvilket
934 1025 59 20 kom-

234 1065 46 15 mer
296 1061 32 19 att
344 1060 32 20 till
392 1059 121 22 Ständerna
527 1060 93 21 utdelas.
