1056 1725
243 90 31 23 U.
290 91 38 22 B.
348 104 18 3 -
386 90 101 29 Prop.
503 90 54 23 N:o
573 90 51 23 83.

330 463 211 26 Statsutskottets
564 463 148 25 betänkande
731 463 30 25 N:o
779 464 12 24 9
807 463 7 24 i

263 498 100 30 anledning
384 498 21 25 af
425 498 52 25 Hans
500 497 105 32 Kejserliga
626 497 99 30 Majestäts
744 497 70 30 nådiga

264 533 116 30 proposition
401 533 97 30 angående
516 532 68 29 anslag
603 532 32 25 till
652 532 130 25 fullbordande
792 531 21 26 af

262 568 100 29 jornvägen
377 567 43 25 från
435 567 83 25 Kouvola
532 567 33 25 till
581 566 74 32 Kuopio.

126 641 52 23 Den
200 641 86 29 nädiga
308 642 175 30 propositionen
505 642 43 22 har
571 641 27 23 af
616 642 109 29 samtliga
746 641 69 23 ständ

58 672 79 39 blifvit
151 672 141 39 iremitterad
316 677 36 21 till
374 677 181 29 handläggning
580 676 27 22 af
629 676 185 26 Statsutskottet,

58 718 49 14 som
119 706 57 39 från
191 714 6 24 i
204 711 132 29 Kejserliga
358 712 103 22 Senaten
483 712 47 21 fått
553 713 116 27 emottaga
693 710 122 26 särskilda,

58 745 40 22 vid
120 745 173 29 behandlingen
317 746 26 22 af
362 746 79 29 frågor
463 746 100 22 rörande
585 746 109 22 arbetena
709 746 14 22 å
739 746 76 21 denna

58 779 183 30 bansträckning
266 780 123 22 tillkomna
415 780 143 30 handlingar
581 780 118 23 äfvensom
724 780 93 22 medde-

58 814 69 22 lande
149 814 85 28 derom,
259 816 34 20 att
315 816 78 28 någon
408 816 148 28 omröstning
573 815 41 22 vid
629 815 186 30 propositionens

58 849 128 29 beredning
201 850 8 21 i
225 849 101 22 Senaten
341 850 52 21 icke
407 850 120 22 förefallit.

127 884 36 22 Då
185 887 79 19 senast
284 884 139 23 församlade
447 885 102 22 Ständer
570 884 89 23 fattade
681 884 77 22 beslut
780 891 37 15 om

59 919 135 29 byggandet
209 919 27 22 af
248 926 28 15 en
289 919 100 30 jernväg
411 919 53 23 från
483 919 114 30 Kaipiais,
621 919 118 22 eventuelt
753 919 64 22 Kou-

59 953 55 22 vola
138 953 86 22 station
249 954 30 28 pä
303 954 192 22 Riihimäki-S:t
519 954 141 29 Petersburg
681 953 77 23 banan
781 954 36 21 till

60 987 101 30 Kuopio,
184 988 109 29 anslogos
316 988 36 22 för
374 989 65 22 detta
462 989 109 22 ändamäl
593 990 13 20 8
628 989 107 28 miljoner
752 989 65 21 mark

61 1022 73 21 under
156 1022 187 29 finansperioden
368 1025 147 20 1886—1888.
545 1023 43 22 Uti
607 1023 44 22 den
666 1023 86 28 nådiga
767 1030 52 22 pro-

61 1056 130 29 positionen
215 1057 125 29 uppgifves
365 1057 101 29 utgiften
493 1057 36 22 för
553 1057 177 29 ifrägavarande
757 1057 62 29 jern-

61 1091 170 29 vägsbyggnad
253 1091 74 22 under
349 1093 56 20 ären
431 1093 54 21 1886
504 1092 44 22 och
565 1093 53 21 1887
635 1091 70 23 hafva
719 1091 101 30 uppgätt

61 1125 37 22 till
114 1127 112 27 8,730,000
241 1126 73 28 mark,
332 1127 131 29 utgörande
482 1126 175 30 sammanlagda
672 1126 109 30 beloppet
796 1125 26 22 af

63 1160 28 22 de
106 1160 88 29 anslag,
210 1160 64 30 Kejs.
290 1161 102 22 Senaten
407 1162 37 21 för
460 1161 65 22 detta
541 1161 108 23 ändamål
664 1162 55 21 stält
735 1161 37 21 till
781 1156 39 26 Öf-

60 1195 168 29 verstyrelsens
244 1195 36 22 för
295 1200 55 24 väg-
362 1196 43 22 och
415 1196 250 29 vattenbyggnaderna
675 1195 143 29 förfogande.

62 1229 35 21 De
112 1229 8 21 i
136 1229 174 23 Statskontoret
332 1230 38 22 för
391 1230 98 22 berörda
505 1231 25 21 år
545 1238 95 14 numera
655 1230 114 22 afslutade
784 1233 35 18 rä-

61 1264 161 29 kenskaperna
244 1264 36 22 för
301 1264 304 22 kommunikatiousfonden
625 1265 76 22 utvisa
716 1264 103 22 emeller-

61 1298 42 28 tid,
121 1298 69 22 attaf
198 1299 66 21 dessa
275 1300 82 28 anslag
367 1300 74 21 under
451 1299 99 22 berörda
561 1300 26 21 är
597 1299 98 22 faktiskt
705 1298 114 23 användts

62 1334 115 24 8,444,000
198 1334 74 27 mark,
295 1341 29 14 en
343 1334 94 29 uppgift
453 1341 50 15 som
519 1334 70 22 äfven
605 1334 216 22 öfverensstämmer

61 1368 53 21 med
137 1368 29 21 de
188 1368 170 29 upplysningar
379 1368 122 23 Utskottet
524 1368 94 22 erhällit
635 1368 26 22 af
673 1368 146 22 kamreraren

61 1402 41 22 vid
132 1398 185 33 Öfverstyrelsen
347 1403 36 21 för
410 1407 56 25 väg-
496 1404 43 22 och
564 1403 255 29 vattenbyggnaderna,

62 1436 96 23 hvarför
183 1437 89 22 således
296 1437 38 22 för
359 1438 25 21 är
408 1439 54 22 1888
487 1438 86 22 återstå
593 1438 30 29 pä
638 1438 28 21 de
681 1438 26 22 af
719 1438 102 22 Senaten

132 1478 151 18 Statsutskotteis
296 1478 117 18 betänkande
426 1480 35 17 N:o
475 1479 16 17 9.
