1056 1725
421 110 40 22 N:o
477 111 34 20 41.
807 111 12 21 5

88 184 34 16 ses
144 179 48 21 med
215 178 169 27 färdpenningar
407 178 54 22 efter
484 178 121 27 beräkning
628 178 23 21 af
672 178 33 27 sju
727 179 64 26 penni
814 178 34 22 för

87 213 75 27 hvarje
177 213 121 27 kilometer,
306 213 104 21 hvarmed
426 213 76 21 färden
519 213 147 21 öfverskrider
676 213 95 21 nämnda
782 215 65 25 väga-

88 248 73 27 längd.

442 276 11 28 8
469 277 34 20 93.

155 317 110 27 Frivillige
288 319 91 24 antagas
402 317 75 26 hvarje
495 318 24 20 år
536 317 69 21 under
620 317 75 27 loppet
711 316 24 21 af
749 316 97 22 Oktober

88 351 40 22 och
151 351 120 22 November
290 352 111 20 månader.
430 351 70 22 Deras
516 351 112 27 tjenstetid
643 351 80 22 räknas
739 351 47 21 från
807 351 40 22 och

87 386 49 21 med
152 386 41 21 den
209 386 68 21 första
292 386 7 21 i
314 386 163 27 derpåföljande
493 385 86 22 månad.

426 443 11 27 8
455 444 47 20 121.

156 483 74 20 Under
252 483 90 21 fredstid
366 483 120 26 uppställer
509 483 212 21 Storfurstendömet
744 489 26 15 en
786 483 60 21 aktiv

87 517 142 27 truppstyrka
244 517 23 21 af
281 517 57 21 ända
354 517 32 21 till
402 520 102 19 sextusen
519 524 51 14 man
586 517 127 22 underbefäl
731 517 39 22 och
785 524 60 15 man-

87 552 60 27 skap,
170 551 111 22 fördelade
303 553 29 25 pä
354 552 59 21 olika
432 559 68 20 vapen
517 552 55 21 efter
588 552 66 21 behof
668 552 39 21 och
723 552 100 27 förlagda
838 553 7 21 i

86 587 64 21 länen
166 587 56 21 inom
238 587 82 21 landet.

154 622 175 26 Truppstyrkans
354 623 194 26 sammansättning
571 622 41 21 och
635 622 124 27 fördelning
773 622 28 26 pä
817 622 27 21 de

86 656 59 21 olika
167 662 83 21 vapnen
274 656 110 22 äfvensom
403 657 50 21 dess
474 657 131 21 dislokation
621 657 120 21 fastställas
757 657 23 21 af
793 656 51 28 Kej-

85 696 66 15 saren
166 691 40 21 och
222 690 134 22 Storfursten
372 692 28 26 pä
415 691 161 27 framställning
592 691 23 21 af
629 691 103 21 Senaten.

363 766 73 26 Enligt
458 766 59 21 Hans
539 766 120 26 Kejserliga
677 766 112 26 Majestäts
805 767 38 20 nä-

292 800 49 27 diga
361 799 122 28 befallning,
501 800 71 27 gifven
587 800 7 21 i
610 800 31 22 S:t
656 800 130 27 Petersburg
801 800 42 21 den

292 835 28 27 43
335 834 58 21 Mars
411 836 62 20 1888.

297 941 32 24 C.
349 942 283 24 EHRNROOTH.

559 1075 66 22 Alexis
641 1075 130 28 Gripenberg.

647 1114 31 19 f:d.
