1056 1725
400 122 35 20 N:o
451 121 34 21 37.
785 123 11 19 3

64 191 125 27 lägenheter
205 191 46 21 icke
267 190 110 21 afräknats
393 190 12 20 å
422 190 35 20 det
473 189 70 21 såsom
559 189 90 27 tillgång
664 190 7 20 i
682 190 78 21 fonden
774 190 51 21 bok-

64 225 62 21 förda
149 225 66 26 priset
237 224 34 22 för
293 224 78 21 inlösta
390 224 172 26 donationsgods,
579 226 24 18 är
619 224 110 21 föranledd
745 224 23 20 af
781 226 44 19 sär-

65 260 69 20 skilda
158 259 153 21 samverkande
332 259 94 26 orsaker,
445 258 69 21 såsom
531 258 125 22 förberörda
671 258 154 27 kapitalrabatt

66 296 92 25 558,764
173 294 67 26 mark,
256 294 49 20 med
321 293 51 21 derå
388 293 33 27 sig
435 293 118 27 belöpande
565 295 62 19 ränta
639 293 38 21 och
689 294 135 26 amortering,

64 329 90 27 utgifter
171 328 33 21 för
223 329 179 26 obligationernas
422 327 158 27 förfärdigande
601 328 40 21 och
661 328 115 21 kostnader
792 327 33 22 för

66 363 162 28 lägenheternas
244 363 128 26 förvaltning
388 363 67 20 under
470 362 59 21 tiden
541 363 91 20 emellan
643 362 90 27 godsens
743 363 82 20 inlösen

66 398 39 21 och
122 397 170 22 skattebrefvens
306 397 135 26 utfärdande,
458 397 87 20 hvartill
556 397 97 20 kommer
665 399 31 19 att
707 397 118 21 storskifts-

65 432 143 21 kostnaderna
226 431 33 22 för
274 431 51 22 flera
342 431 165 27 donationsgods
522 431 71 24 blifvit
609 431 136 21 förskottsvis
764 431 60 22 utbe-

64 466 60 22 talda
146 473 25 14 ur
194 465 196 26 donationsfonden,
415 465 85 21 hvilken
519 465 54 21 dock
591 465 97 21 kommer
703 467 32 20 att
751 465 74 22 härför

66 503 98 24 ersättas,
180 503 56 18 samt
252 502 32 19 att
299 500 26 21 de
341 499 115 27 inflytande
472 499 181 21 landboräntorna
668 499 32 21 för
710 500 52 20 flera
773 499 52 27 gods

65 535 46 20 icke
126 537 119 18 motsvarat
263 535 149 21 annuiteterna
427 533 13 22 å
455 534 170 26 köpeskillingen
644 534 38 20 och
698 533 46 22 från
759 533 66 28 några

65 569 52 27 gods
138 569 46 21 icke
204 575 36 15 ens
258 569 90 27 uppgått
372 569 33 21 till
425 568 34 21 dw
475 569 7 20 i
498 569 125 20 annuiteten
637 567 102 28 ingående
755 570 70 19 ränte-

65 603 100 27 beloppet
181 604 41 26 42/3
231 604 34 26 %/9.

137 638 10 20 I
170 638 51 26 följd
241 637 23 21 af
282 638 32 26 de,
330 637 28 27 på
374 638 67 26 grund
457 637 23 21 af
493 637 77 27 nådiga
586 637 140 27 kungörelsen
743 638 39 20 den
798 639 26 20 25

65 672 88 21 Januari
171 674 61 24 1886,
248 672 107 27 medgifna
366 672 109 21 lättnader
485 672 7 20 i
503 672 217 26 betalningsvilkoren
730 672 33 20 för
775 672 50 20 åbo-

65 712 50 15 arne
131 706 12 21 å
158 706 26 21 de
200 707 77 20 inlösta
292 706 80 27 godsen
385 706 96 21 kommer
493 706 120 20 emellertid
625 706 200 21 donationsfondens

65 741 100 27 ställning
180 743 32 19 att
227 741 124 27 ytterligare
367 740 106 28 betydligt
489 740 119 27 försvagas;
625 741 38 21 och
674 741 67 20 ehuru
751 741 74 26 belop-

66 777 36 25 pet
125 775 24 21 af
170 775 39 21 den
232 775 120 27 minskning
368 775 6 21 i
390 775 123 26 inkomster,
538 775 77 21 fonden
635 775 22 21 af
671 775 74 21 anförd
761 775 63 21 orsak

67 809 33 21 får
121 809 123 27 vidkännas,
263 810 46 20 icke
325 810 41 20 kan
382 809 49 21 med
446 809 100 21 säkerhet
562 810 104 20 beräknas
681 810 63 20 innan
760 812 64 18 samt-

65 844 43 27 liga
132 844 25 20 de
180 844 48 20 med
243 844 89 21 fondens
348 844 115 27 tillgångar
478 844 78 20 inlösta
572 844 123 27 lägenheter
709 844 116 27 undergått

65 878 109 21 storskifte
190 879 39 20 och
245 879 159 27 skattläggning
420 881 55 18 samt
491 878 125 27 fullständig
632 879 65 26 liqvid
707 878 33 21 för
751 879 73 26 hvarje

64 913 52 26 gods
132 912 70 21 blifvit
217 913 121 26 upprättad,
355 913 68 26 gifver
439 913 53 21 dock
505 919 26 14 en
541 913 119 27 ungefärlig
670 913 154 27 uppskattning

66 947 23 21 af
102 947 88 21 fondens
206 948 118 21 inkomster
339 947 35 21 vid
390 947 89 27 handen,
495 950 33 19 att
545 947 108 21 desamma
667 947 28 27 på
710 947 59 28 långt
786 949 38 19 när

64 982 46 20 icke
126 983 37 20 äro
179 982 129 27 tillräckliga
324 982 33 21 till
372 982 137 21 bestridande
525 981 23 22 af
562 983 148 20 annuiteterna
727 981 12 22 å
755 981 25 22 de
791 981 33 21 för

64 1016 82 21 inlösen
161 1016 23 21 af
198 1016 79 27 godsen
292 1018 110 25 upptagna
418 1016 97 21 statslån.

65 1062 153 21 Annuiteterna
234 1062 13 21 å
262 1062 176 21 donationslånen
453 1062 70 27 uppgå
539 1063 106 26 nemligen

106 1096 34 21 till
155 1096 91 21 inemot.
278 1113 4 4 .
313 1113 4 4 .
672 1098 98 26 550,000:
787 1109 28 2 —

63 1130 112 22 hvaremot
198 1130 70 22 säsom
291 1113 118 39 inkomster
422 1113 3 4 i
425 1131 6 21 i
447 1113 86 40 fönden
547 1114 43 39 kan
601 1114 40 45 på

107 1165 89 21 räknas:

63 1199 126 21 Annuiteter
204 1199 13 21 å
232 1200 170 27 köpeskillingen
421 1200 33 21 för
472 1200 34 22 till
525 1200 70 22 skatte
611 1200 31 21 in-

106 1233 56 21 lösta
178 1234 165 28 donationsgods
356 1234 55 22 efter
422 1235 159 21 annuiteternas
591 1234 51 22 ned-

106 1268 94 27 sättning
214 1268 28 28 på
257 1269 69 27 grund
338 1269 24 21 af
371 1269 126 55 n
501 1268 105 56 a
590 1269 51 21 kun-

105 1302 83 27 görelse
206 1319 4 4 .
241 1320 4 4 .
278 1320 4 4 .
673 1304 97 26 179,805:
788 1306 33 19 10.

61 1332 169 36 Landboräntor,
246 1320 161 39 arrendemedel
423 1344 27 15 m.
466 1344 27 15 m.
531 1354 3 4 .
566 1354 4 4 .
602 1354 4 4 .
638 1354 4 4 .
674 1339 97 25 129,787:
787 1339 34 21 75.

553 1384 87 21 Summa
670 1386 98 25 309,592:
785 1385 34 21 85.

62 1417 41 21 Till
121 1416 93 28 fyllande
234 1418 23 21 af
270 1418 198 22 läneannuiteterna
486 1418 107 22 erfordras
608 1418 33 22 sä-

104 1451 58 22 ledes
178 1454 31 19 ett
225 1452 65 27 årligt
304 1453 94 21 tillskott
413 1453 24 21 af
457 1470 1 4 .
490 1470 4 4 .
526 1470 4 4 .
563 1470 3 4 .
599 1470 4 4 .
635 1471 4 4 .
670 1455 98 26 240,407:
787 1455 33 21 15.
