1056 1725
461 127 23 23 U.
500 128 23 22 B.
544 140 17 3 —
582 128 63 27 Prop.
661 128 37 22 N:o
714 127 31 23 31.

433 191 44 27 1:0)
501 193 28 18 ett
551 190 30 21 af
598 190 204 28 industristyrelsen
817 190 118 28 utfärdodt
950 191 33 19 ut-

362 225 55 28 drag
439 231 28 15 ur
489 224 72 22 denna
579 224 141 28 förordning
739 224 67 28 jemte
829 224 26 21 de
874 223 61 29 yrket
949 224 35 20 rö-

362 260 68 20 rande
452 259 111 21 särskilda
587 258 169 28 bestämningar,
772 259 64 21 som
822 254 15 37 i
851 258 133 27 vederbörlig

363 294 94 27 ordning
473 294 134 25 tillkommit;

428 329 25 27 2)
475 329 90 27 uppgift
580 329 13 20 å
609 328 26 21 de
657 328 64 25 tider,
745 328 30 21 då
791 327 65 21 barns
871 327 39 21 och
925 333 59 22 unga

358 369 115 21 personers
496 363 70 20 arbete
587 363 107 27 begynner
710 362 39 21 och
765 362 96 28 afslutas
876 363 55 19 samt
946 361 37 21 de-

361 404 38 14 ras
413 399 71 19 raster
499 397 93 27 infalla;
607 396 44 21 och

429 432 24 25 3)
476 431 90 27 uppgift
589 431 13 20 å
623 430 215 28 yrkesinspektörens
860 436 67 15 namn
943 429 38 21 och

361 465 130 28 boningsort.

515 546 27 26 88
560 546 25 20 17
601 544 44 22 och
662 546 31 21 18.

298 590 165 22 Oförändrade.

634 670 15 27 $
665 671 34 20 19.

433 716 179 27 Yrkesinspektör
644 716 63 26 skall,
742 716 97 20 närhelst
873 715 43 21 han
946 715 35 20 det

361 750 72 25 äskar,
457 750 83 21 erhålla
563 750 97 21 tillträde
679 750 35 21 till
730 750 75 26 hvarje
820 750 59 20 inom
893 749 88 27 inspek-

362 784 155 22 tionsområdet
532 784 87 28 belägen
629 784 88 27 fabrik,
733 784 102 21 verkstad
849 784 52 21 eller
912 786 69 18 annat

362 818 139 21 arbetsställe.
533 818 52 21 Han
608 820 26 19 är
652 818 39 21 ock
711 818 122 28 berättigad
849 821 31 18 att
895 818 37 21 vid
947 817 34 21 be-

362 852 37 22 sök
415 853 14 20 å
444 852 79 21 sådant
539 852 62 21 ställe
617 852 30 25 af
657 852 77 27 hvarje
750 852 39 21 der
803 852 90 21 anstäld
900 858 81 21 person

360 887 85 21 erhålla
467 887 160 27 upplysningar
649 889 56 18 samt
726 887 9 20 i
753 887 68 28 öfrigt
832 887 107 27 företaga
955 887 26 20 de

361 921 194 28 undersökningar,
579 921 34 21 till
635 921 74 21 hvilka
732 921 56 21 hans
803 921 177 28 tjensteåliggan-

361 956 41 21 den
415 956 65 27 gifva
495 955 125 28 anledning.

637 1041 16 27 $
668 1042 35 20 20.

430 1087 83 20 Finnes
537 1086 116 21 industriel
675 1087 125 27 inrättning
825 1087 52 20 eller
899 1086 83 21 arbets-

361 1121 63 21 ställe
439 1121 47 20 icke
500 1123 108 19 motsvara
624 1121 154 28 stadgandena
793 1121 9 20 i
818 1122 57 20 1—5
889 1121 31 27 $$
930 1121 52 21 eller

362 1156 26 21 de
406 1156 155 28 föreskrifter,
583 1163 45 14 som
643 1156 68 28 enligt
726 1158 14 19 6
755 1156 16 28 $
785 1156 124 26 meddelats,
933 1163 49 21 eger

360 1190 137 28 inspektören
520 1190 127 28 skriftligen
657 1190 150 28 förständiga
823 1190 158 21 vederbörande

360 1224 140 28 yrkesidkare
523 1227 31 18 att
576 1225 58 20 inom
657 1225 43 21 viss
723 1227 69 18 utsatt
815 1225 33 21 tid
860 1225 33 27 på
908 1224 73 22 tillika

362 1259 98 27 angifvet
475 1261 43 18 sätt
533 1258 106 28 afhjelpa
653 1258 214 28 missförhållandet.

431 1292 86 22 Sådant
529 1293 192 27 förständigande
731 1293 45 21 kan
787 1293 32 27 af
824 1293 157 28 yrkesidkaren

360 1328 59 20 inom
435 1328 70 20 trettio
522 1327 71 27 dagar
607 1327 57 27 efter
677 1328 149 27 mottagandet
836 1328 146 21 underkastas

358 1362 111 27 pröfning
485 1362 29 27 af
524 1361 213 28 Industristyrelsen,
757 1362 62 27 öfver
833 1362 65 21 hvars
914 1362 68 21 beslut

362 1395 74 21 besvär
450 1396 9 20 i
473 1396 94 27 stadgad
583 1396 93 27 ordning
691 1396 76 21 kunna
783 1396 96 24 anföras
894 1397 9 20 i
913 1396 70 22 Sena-

361 1432 46 19 tens
422 1430 271 27 Ekonomiedepartement.

292 1470 200 19 Ekonomiutskottets
504 1470 121 19 betänkande
636 1470 35 18 N:o
685 1471 26 17 14.
