1056 1725
263 133 13 21 2
471 132 23 23 U.
509 132 23 23 B.
548 143 31 7 —
594 133 60 28 Prop.
671 133 36 23 N:o
723 132 27 24 31.

234 195 36 20 års
286 194 64 20 ålder
366 194 20 30 ei
401 194 63 30 finga
479 194 126 23 inskrifvas
620 195 9 22 i
643 195 202 23 handtvarkslärs,
867 196 13 21 I
895 195 28 23 de
938 195 55 22 åren

234 230 56 21 1739
313 228 44 22 och
380 230 55 21 1770
453 228 123 23 utfärdade
591 228 208 30 hallordningarne
813 229 130 23 bestämdes
958 229 35 22 in-

233 262 193 30 tagningsäldern
449 262 36 22 för
507 263 132 29 ,lärobarn*
662 264 38 21 till
724 265 27 21 10
767 264 56 22 eller
839 265 25 21 12
881 264 30 28 år,
927 266 66 19 hvar-

230 297 74 30 jemte
326 297 185 30 arbetsgifvaren
533 298 154 29 förpligtades
710 301 36 18 att
768 299 61 28 sörja
843 298 37 22 för
895 298 98 22 barnens

234 331 227 30 skolundervisning.
491 332 39 22 Uti
545 333 13 21 3
573 333 14 28 &
603 332 28 22 af
643 333 178 22 Instruktionen
842 332 36 22 för
899 332 94 29 provin-

234 366 153 22 sialläkarene
409 366 27 22 af
455 366 45 22 den
517 368 24 20 17
557 366 100 22 Januari
673 368 56 21 1832
745 367 77 22 älades
842 366 99 22 nämnde
960 366 33 21 lä-

233 401 57 21 kare
311 400 71 22 bland
405 403 72 19 annat
499 403 40 26 att,
563 408 29 15 en
611 401 58 21 hvar
684 401 65 21 inom
765 401 41 22 sitt
821 401 99 27 distrikt,
936 401 56 21 söka

234 437 84 19 utröna
340 435 63 22 hvad
421 442 48 14 som
484 435 41 21 vid
539 435 115 22 särskilda
669 435 155 29 näringsfäng
839 435 42 22 och
896 434 96 22 handte-

234 469 79 29 ringar
338 469 119 22 medförde
479 469 36 22 för
539 469 82 22 helsan
645 469 108 29 skadliga
775 469 84 30 följder
881 471 60 20 samt
956 469 37 21 till

232 503 193 22 förekommande
448 503 43 22 och
515 503 152 30 afhjelpande
691 504 27 21 af
731 504 67 21 dessa
813 503 156 30 olägenheter,
984 503 9 22 i

234 537 64 23 hvad
314 538 31 29 pä
359 538 86 21 honom
461 538 128 25 ankomme,
605 538 132 22 medverka.
768 539 67 20 Huru
850 537 142 30 lagstiftnin-

234 580 46 21 gen
295 573 31 29 pä
341 572 64 22 detta
421 572 92 22 omräde
529 573 79 21 vidare
619 573 122 21 utvecklat
751 573 42 29 sig,
804 573 102 29 framgär
915 580 28 14 ur
953 572 40 22 det

235 606 27 23 af
266 607 152 21 förenämnda
426 607 87 22 komitö
521 607 90 29 afgifna
618 607 156 28 betänkande,
783 607 84 22 hvaraf
872 607 121 27 utskottet,

234 641 54 22 med
299 649 29 13 en
338 642 101 28 rättelse,
450 642 87 21 tilläter
551 642 37 28 sig
603 644 36 19 att
653 641 82 22 anföra
751 642 113 28 följande:
881 640 112 28 ,Förord-

234 676 89 28 ningen
339 683 37 14 om
391 676 85 22 handel
491 676 43 22 och
548 676 112 29 näringar
676 676 26 21 af
715 676 46 22 den
777 677 27 21 24
815 676 112 21 Februari
938 676 55 21 1868

234 710 111 26 innehöll,
362 712 35 20 att
411 718 109 21 personer
535 710 74 22 under
625 712 26 20 18
667 710 25 22 är
708 710 20 29 ej
745 710 64 29 fingo
825 710 117 22 användas
956 710 37 21 till

234 744 133 22 nattarbete
381 745 9 21 i
404 744 86 22 fabrik-
505 744 56 22 eller
575 745 139 27 handtverk,
731 744 146 22 annorlunda
892 748 30 18 än
935 744 59 22 efter

235 778 111 22 särskildt
360 778 113 28 tillständ,
494 779 128 29 hvarjemte
638 779 144 22 arbetstiden
797 779 36 21 för
848 779 57 21 barn
920 778 73 22 under

236 814 27 22 12
279 814 25 20 år
320 813 129 22 bestämdes
468 814 37 21 till
519 814 70 28 högst
604 815 13 21 6
632 814 94 21 timmar
742 820 38 15 om
795 813 83 29 dagen.
907 812 86 23 Vidare

235 847 132 30 stadgades,
388 850 35 19 att
439 848 150 29 yrkesidkare
605 848 58 29 egde
678 848 63 22 vaka
756 847 113 26 deröfver,
886 849 35 20 att
935 847 58 22 hans

236 882 105 22 arbetare
364 882 87 22 erhöllo
474 882 72 29 nödig
567 882 171 29 undervisning
753 882 44 22 och
811 882 73 29 flitigt
898 881 95 22 besökte

235 917 168 28 söndagsskola
425 917 56 21 eller
502 924 76 14 annan
601 917 36 22 för
652 917 141 28 näringarne
809 916 80 22 afsedd
904 916 89 22 läroan-

236 951 63 26 stalt,
322 953 60 20 samt
404 953 35 20 att
460 951 41 22 vid
524 951 145 22 arbetarenes
688 951 183 28 sysselsättande
886 950 108 29 behörigt

235 985 110 23 afseende
368 985 70 22 borde
460 985 71 22 fästas
554 985 13 22 &
585 985 66 22 deras
665 985 67 22 helsa
747 985 43 22 och
806 985 187 28 arbetsförmåga.

234 1020 184 22 Minimi-äldern
433 1020 37 22 för
485 1019 130 30 antagande
631 1019 26 22 af
669 1020 58 21 barn
738 1020 37 21 till
786 1019 103 22 arbetare
899 1019 9 22 i
917 1019 77 22 fabrik

236 1054 57 22 eller
307 1054 132 22 handtverk
453 1054 130 21 bestämdes
598 1054 38 21 till
653 1056 26 20 12
695 1055 32 25 är,
743 1054 120 22 hvarifrän
873 1053 121 29 undantag

236 1089 60 22 dock
307 1089 77 21 kunde
393 1096 43 21 ega
443 1096 51 14 rum
503 1089 70 28 ,efter
580 1088 111 22 särskildt
699 1088 159 29 vederbörligt
865 1087 128 23 tillstånd".

235 1123 158 22 Nästberörda
415 1123 128 29 stadgande
555 1123 88 29 jemväl
665 1123 70 29 ingår
757 1123 8 21 i
785 1124 27 21 33
833 1124 12 28 &
868 1123 26 21 af
913 1122 81 30 nugäl-

236 1158 70 22 lande
328 1158 135 28 förordning
486 1165 37 15 om
545 1158 140 28 näringarne
709 1157 27 21 af
756 1157 45 21 den
817 1158 25 21 31
859 1158 62 21 Mars
939 1158 54 21 1897

236 1192 54 22 med
313 1192 45 22 den
372 1196 106 18 närmare
494 1192 153 28 bestämning,
663 1194 35 19 att
713 1192 37 21 för
765 1192 58 21 barn
837 1192 74 21 under
928 1193 25 20 12
969 1192 25 21 är

236 1227 161 22 mälsmannen
419 1227 42 21 bör
483 1226 51 22 med
549 1226 64 22 bevis
629 1226 26 22 af
668 1228 79 20 ortens
763 1226 78 21 läkare
857 1226 86 28 styrka,
960 1228 35 19 att

237 1261 85 22 sädant
343 1263 56 19 utan
421 1268 54 14 men
496 1260 36 22 för
551 1261 82 21 barnet
647 1260 47 22 kan
709 1260 96 22 tillätas.
835 1260 86 21 Tillika
935 1260 58 21 före-

238 1296 106 25 skrifves,
368 1297 35 19 att
424 1295 58 21 barn
497 1294 71 22 under
586 1296 25 21 15
628 1295 25 21 är
667 1295 53 21 icke
736 1294 25 22 få
775 1294 74 22 hållas
864 1294 37 21 till
915 1294 80 28 yrkes-

238 1330 78 22 arbete
338 1330 81 28 längre
437 1329 36 21 tid
488 1332 29 18 än
533 1330 12 20 8
560 1329 93 21 timmar
669 1336 37 14 om
723 1328 76 29 dagen
814 1328 53 22 med
882 1328 113 28 lämpliga

237 1364 147 27 mellanskof,
400 1363 43 22 och
459 1366 34 19 att
508 1363 50 27 den,
575 1370 49 14 som
639 1362 20 29 ej
675 1362 57 29 fyllt
748 1364 27 20 18
791 1363 31 27 är,
837 1363 51 21 icke
903 1362 36 22 fär
955 1370 40 14 an-

238 1399 89 21 vändas
343 1398 37 22 till
394 1398 79 22 arbete
488 1398 85 21 mellan
587 1397 100 21 klockan
701 1398 12 21 9
725 1404 38 14 om
773 1397 95 22 aftonen
879 1396 43 22 och
932 1396 63 22 kloc-

237 1433 48 22 kan
308 1434 12 21 5
342 1433 31 29 pä
394 1439 133 22 morgonen,
549 1434 56 19 utan
621 1431 51 22 dess
687 1432 128 21 mälsmans
830 1431 107 22 tillständ
952 1431 43 22 och

308 1473 201 18 Ekonomiutskottets
522 1471 119 19 betänkande
653 1477 30 12 n:o
697 1473 27 16 14.
