1056 1725
343 118 19 21 U.
379 118 22 21 B.
418 130 27 4 —-
461 118 58 28 Prop.
536 118 35 22 N:o
587 118 36 22 36.
806 121 26 20 27

243 180 9 22 i
267 180 39 22 det
321 180 76 29 skick,
420 188 51 15 som
489 181 170 23 samfärdselns
674 182 114 28 behöriga
803 190 60 21 upp-

243 214 162 23 rätthållande
419 214 100 24 kräfver.

287 248 27 31 Ej
327 249 39 22 må
374 249 92 23 banans
475 249 58 23 eller
539 250 239 30 jernvägsfordonens
787 250 77 29 bygg-

244 282 97 24 nadsart
355 286 59 20 utan
429 283 115 23 Senatens
560 284 110 23 tillstånd
685 284 92 23 ändras.

524 353 24 21 17
565 353 19 26 8.

288 385 99 23 Person-
402 386 44 23 och
462 386 186 29 godsbefordran
656 389 31 26 på
695 389 94 27 jernväg
800 387 65 23 skall

244 420 176 29 upprätthållas
437 422 8 21 i
461 421 45 22 den
529 421 168 29 utsträckning
713 422 44 23 och
772 423 9 22 i
795 422 70 28 öfrigt

244 455 32 29 på
298 455 85 23 sådant
405 457 52 28 sätt,
480 463 51 16 som
554 456 123 23 allmänna
697 457 168 22 samfärdselns

244 490 74 23 behof
330 490 116 29 påkallar.

522 544 25 21 18
563 544 19 25 8.

289 575 23 29 Å
336 582 102 23 Senaten
461 582 139 23 ankommer
623 585 34 20 att
680 590 86 21 genom
791 582 74 28 regle-

246 619 79 20 mente
340 616 109 23 meddela
465 617 28 22 de
509 618 108 22 närmare
632 617 178 28 bestämningar
824 624 41 15 an-

246 651 92 28 gående
354 652 79 22 banan
449 651 44 23 och
507 651 227 31 jernvägsfordonen
745 654 61 20 samt
815 658 51 20 per-

246 692 55 16 son-
324 686 44 22 och
392 686 193 29 godsbefordran,
609 694 50 15 som
683 686 34 23 för
732 686 133 23 åstadkom-

247 720 87 23 mande
350 720 25 23 af
387 720 47 28 god
450 720 102 29 ordning
568 721 44 22 och
628 721 111 23 säkerhet
754 720 41 23 vid
803 722 63 28 jern-

247 756 90 27 vägens
353 755 157 28 begagnande
525 755 79 23 finnas
621 755 92 28 nödiga.

528 819 26 21 19
570 820 19 26 8.

292 852 116 23 Vilkoren
431 852 43 23 och
498 852 125 29 afgifterna
645 852 34 23 för
701 852 124 23 befordran
845 852 26 22 af

248 894 111 21 personer
374 887 44 23 och
433 888 60 27 gods
509 888 13 21 å
538 887 97 23 enskild
651 888 100 29 jernväg
766 887 103 22 faststäl-

249 921 43 30 las,
314 921 76 23 under
412 921 156 29 iakttagande
591 921 25 23 af
636 921 65 23 hvad
716 922 8 22 i
739 923 28 20 20
782 921 44 23 och
841 921 26 22 21

248 957 29 25 88
292 955 103 29 stadgas,
418 963 86 21 genom
527 955 216 29 trafikreglemente
765 956 44 22 och
824 958 46 20 tra-

250 989 98 27 fiktaxa,
364 998 50 15 som
430 991 29 28 på
469 991 213 29 jernvägsegarens
693 990 178 28 framställning

250 1023 26 24 af
296 1025 103 22 Senaten
421 1024 110 23 utfärdas.
563 1025 60 21 Dock
638 1025 35 20 må
691 1025 128 27 föreslagen
835 1025 35 27 af-

248 1059 44 27 gift
316 1059 44 21 icke
382 1060 70 27 höjas,
476 1061 19 26 ej
518 1060 67 20 heller
607 1061 113 20 nedsättas
738 1059 69 22 under
823 1059 48 31 den,

249 1101 46 14 som
312 1093 36 24 för
364 1093 117 21 enahanda
493 1093 120 27 befordran
627 1093 34 20 vid
669 1094 202 27 statsjernvägarne

249 1129 78 27 gäller,
344 1127 70 22 tillökt
431 1127 46 21 med
493 1134 26 15 en
535 1127 74 21 tionde
625 1127 38 22 del.

294 1162 28 30 Ej
339 1162 39 22 må
398 1161 264 31 jernvägsförvaltning
684 1162 73 27 vägra
775 1163 34 20 att
824 1162 49 20 mot

250 1196 125 24 faststälda
393 1196 94 28 afgifter
502 1196 44 22 och
562 1196 75 22 under
653 1196 28 22 de
697 1196 8 22 i
720 1195 153 29 reglementet

250 1230 115 30 stadgade
388 1230 79 23 vilkor
489 1237 85 22 person
599 1229 56 23 eller
670 1229 60 29 gods
745 1229 38 23 till
798 1229 75 22 befor-

252 1266 59 23 dran
326 1268 111 25 mottaga.

527 1318 29 20 20
571 1318 19 25 8.

321 1352 155 23 Förkommer
499 1351 58 22 eller
579 1350 88 23 skadas
690 1349 67 29 gods,
782 1356 51 16 som
849 1350 25 20 är

253 1387 40 23 till
308 1386 125 24 befordran
449 1386 14 22 å
476 1386 101 30 jernväg
600 1387 120 25 mottaget,
743 1390 56 16 vare
810 1384 64 29 jern-

186 1432 135 25 Lagutskottets
332 1432 109 18 betänkande
454 1433 35 16 N:o
502 1432 28 17 12.
