1056 1725
249 182 29 20 92

219 240 81 28 Bilaga
317 240 41 22 N:o
374 241 19 21 9.

400 462 84 28 Förslag
501 462 29 22 till
547 461 60 29 nädig
623 462 132 29 förordning,
770 462 107 29 angäende
889 464 78 22 ändrad

364 497 79 28 lydelse
462 498 26 22 af
503 498 38 27 86,
559 498 30 22 93
606 498 39 23 och
663 499 29 22 121
709 499 27 26 $$
753 499 4 22 i
773 499 192 28 Värnepligtslagen

363 533 36 22 för
417 533 204 23 Storfurstendömet
640 534 83 23 Finland
740 535 26 22 af
779 535 38 22 den
833 535 29 22 27
879 535 87 23 Decem-

364 570 37 22 ber
418 569 61 23 1878.

280 623 131 27 Härigenom
436 623 112 22 förordnas
572 626 32 19 att
626 624 166 22 nedannämnda
813 626 23 26 88
858 626 5 20 i
885 626 84 20 Värne-

219 659 132 27 pligtslagen
367 659 24 21 af
405 660 41 20 den
462 659 27 21 27
506 660 118 21 December
636 660 57 21 1878
704 660 62 21 skola
777 661 83 21 erhälla
872 660 94 27 följande

220 695 132 21 förändrade
368 695 91 26 lydelse:

566 732 11 23 8
593 732 35 20 86.

280 772 32 22 De
333 772 33 21 till
386 772 58 22 aktiv
466 773 66 26 tjenst
548 773 91 21 utsedde
656 773 157 27 värnepligtige
829 774 94 21 fördelas
942 776 27 24 på

220 809 26 20 de
262 808 75 21 aktiva
353 811 118 24 trupperna
487 808 98 28 sålunda,
603 810 31 20 att

282 844 31 21 1:o
330 844 33 21 för
378 844 202 27 gardesbataljonen
597 844 68 27 väljas
677 845 73 22 dertill
762 845 73 27 villiga
847 846 38 21 och
897 846 71 26 lämp-

219 879 45 27 liga
281 886 103 20 personer
400 882 52 19 utan
469 881 100 20 afseende
585 881 12 20 å
615 881 62 21 deras
693 881 96 27 hemort;

281 916 34 21 2:0
337 916 33 21 för
391 916 223 27 kavalleritrupperna
633 919 87 24 uttagas
743 917 33 26 de,
794 917 71 21 hvilka
882 917 87 21 erhållit

219 951 73 26 lägsta
308 952 159 21 lottnumrorna
484 952 39 21 och
539 954 37 19 äro
593 951 33 22 till
643 953 150 26 ryttaretjenst
806 953 95 26 tjenlige,
913 955 55 19 samt

281 988 33 21 3:o
336 988 124 21 återstoden
482 988 59 21 delas
562 987 92 22 emellan
676 988 69 27 öfriga
767 991 96 24 trupper,
879 989 89 20 hvarvid

220 1023 110 27 iakttages
346 1026 34 19 att
395 1024 80 21 enhvar
491 1023 70 22 såvidt
577 1023 85 27 möjligt
678 1024 71 21 kallas
765 1024 33 21 till
815 1025 67 20 sådan
897 1027 72 24 trupp,

219 1059 66 21 hvars
307 1059 127 22 stationsort
455 1060 68 21 under
539 1059 92 22 fredstid
649 1059 46 22 icke
712 1062 23 19 är
752 1060 46 21 från
815 1060 54 21 hans
886 1060 83 21 hemort

220 1094 102 27 aflägsen.

280 1127 31 25 Är
332 1131 109 21 afständet
462 1131 77 21 mellan
560 1131 158 27 värnepligtigs
740 1131 85 22 hemort
845 1131 40 21 och
907 1134 61 18 orten

220 1167 32 21 dit
280 1168 41 20 han
349 1167 70 21 blifvit
445 1166 100 22 anbefald
569 1169 34 19 att
627 1167 32 21 till
682 1167 61 21 aktiv
767 1167 144 27 tjenstgöring
935 1167 32 26 sig

220 1202 94 28 begifva,
336 1203 73 25 längre
430 1205 26 19 än
478 1202 74 22 femtio
573 1202 122 27 kilometer,
718 1203 54 21 skall
789 1203 42 21 han
848 1203 23 21 af
885 1203 82 20 kronan

220 1238 70 22 förses
312 1239 48 21 med
376 1238 167 27 färdpenningar
559 1238 55 22 efter
630 1238 120 27 beräkning
766 1238 23 21 af
803 1238 33 27 sju
853 1238 63 26 penni
935 1238 33 21 för

219 1274 76 26 hvarje
311 1274 114 22 kilometer
441 1274 100 21 hvarmed
553 1274 75 21 färden
641 1274 145 22 öfverskrider
797 1274 94 21 nämnda
902 1276 63 24 väga-

220 1310 73 26 längd.

566 1348 11 24 s
593 1346 34 20 93.

281 1387 111 26 Trivillige
413 1390 89 24 antagas
523 1387 73 26 hvarje
617 1388 24 20 är
657 1387 69 21 under
742 1387 74 27 loppet
832 1386 22 22 af
869 1386 96 21 Oktober

221 1423 86 21 mänad.
340 1423 67 21 Deras
428 1422 113 25 tjenstetid
562 1423 79 21 räknas
658 1422 47 22 frän
723 1423 38 21 och
779 1423 48 21 med
845 1422 39 22 den
901 1422 68 21 första

220 1458 164 27 derpäföljande
400 1457 126 22 November.
