1056 1725
461 113 67 25 Ständ.
544 115 31 23 Sv.
591 127 27 3 —
634 114 54 30 Prop.
705 115 32 24 N:o
753 114 33 24 38.

454 180 189 28 Fastighetsboken
661 182 57 26 föres
737 182 28 26 af
779 182 39 20 den
837 179 96 27 domstol,
949 180 37 21 hva

385 215 67 22 under
461 216 118 26 jernvägen
595 216 63 28 enligt
672 217 31 20 24
717 215 16 28 $
748 215 63 29 lyder.

670 272 16 29 $
700 274 22 20 2.

455 318 15 22 I
485 318 179 29 fastighetsboken
682 319 54 22 skall
754 319 37 22 vid
802 319 105 27 jernvägs
923 317 67 27 inskri

386 353 51 27 ning
452 355 121 25 upptagas:

454 388 23 26 1)
489 387 129 28 jernvägens
633 394 64 15 namn
709 387 36 22 och
756 387 140 28 ändpunkter,
907 387 34 28 för
953 387 39 21 hve

387 421 99 22 tillstånd
506 422 32 21 till
557 422 49 21 dess
626 422 129 27 anläggning
770 421 117 22 meddelats
901 424 56 19 samt
972 421 21 22 de

385 463 40 20 gen
445 456 29 21 då
489 456 81 21 sådant
584 456 75 22 skedde
676 457 36 21 och
727 457 40 20 den
781 457 30 21 då
821 457 130 26 jernvägens
967 463 27 14 on

386 490 52 21 råde
454 490 27 27 af
493 489 91 23 Senaten
600 491 129 26 bestämdes;

454 525 23 25 2)
493 525 86 27 uppgift
601 525 15 21 å
639 525 24 21 de
680 525 145 28 jordstycken,
851 525 30 22 till
903 525 51 21 vidd
973 531 22 14 oc

387 559 162 27 ordningsföljd,
573 559 26 27 af
616 559 69 22 hvilka
702 559 201 28 jernvägsområdet
925 559 72 22 bildat:

386 596 56 19 sami
457 594 15 20 ä
483 594 25 20 de
519 594 118 26 lägenheter
648 594 37 21 och
695 596 80 25 tomter,
786 601 27 15 ur
823 594 69 22 hvilka
903 594 95 22 desamm.

386 628 68 27 blifvit
467 628 113 26 utbrutna;

457 664 24 23 3)
501 663 116 27 jernvägen
633 663 155 22 tillkommande
804 663 37 21 och
857 664 14 20 å
887 663 113 22 densamme

386 696 97 23 hvilande
497 697 121 27 servituter;

455 730 23 26 4)
496 732 190 27 jernvägsegarens
704 739 65 15 namn
789 732 38 21 och
844 732 87 22 hemvist
946 734 56 19 samt

386 766 9 20 i
409 765 100 22 händelse
524 766 158 26 exproprieradt
692 766 191 28 jernvägsomräde
898 766 27 27 af
937 772 66 16 annan

387 800 114 27 anläggare
525 800 31 22 till
576 800 76 22 honom
672 802 125 26 öfverlätits,
818 802 42 20 när
880 801 37 21 och
934 808 71 20 genom

386 834 75 22 hvilket
475 835 54 27 fång
544 835 79 21 sådant
637 836 65 26 skett;

456 871 23 23 5)
495 869 66 28 dagen
577 870 29 21 då
621 870 156 27 inskrifningen
793 869 135 22 verkstäldes.

670 927 15 28 $
696 911 26 49 3.

456 973 121 28 Anläggare
595 974 28 27 af
632 974 90 27 jernväg
743 974 82 27 åligger
841 976 31 19 att
887 973 122 22 densamma

386 1008 31 21 till
432 1007 128 28 inskrifning
576 1008 91 21 anmäla.

455 1042 82 21 Dervid
555 1042 65 27 skola,
638 1043 93 26 förutom
745 1042 96 27 skriftlig
856 1042 105 27 anmälan,
979 1042 32 21 till

386 1077 116 22 domstolen
517 1077 103 27 ingifvas:

456 1112 22 23 1)
493 1111 134 22 urkunderna
643 1112 109 27 angående
769 1111 99 22 tillstånd
883 1111 31 21 till
923 1111 86 27 jernvä-

385 1152 52 20 gens
456 1145 131 28 anläggande
606 1145 37 22 och
657 1145 140 28 fastställelse
813 1145 26 27 af
850 1145 48 22 dess
915 1145 96 26 område;

455 1182 23 23 2)
500 1180 60 22 karta
576 1180 56 27 öfver
651 1180 34 22 det
703 1180 120 27 faststälda
843 1180 94 21 området
947 1180 64 27 jemte

386 1214 155 27 handlingarna
559 1214 90 22 rörande
672 1215 49 21 dess
743 1214 136 28 afskiljande,
892 1214 119 22 besannade

387 1248 36 22 och
437 1248 114 28 godkända
566 1249 27 27 af
603 1249 208 21 länelandtmätaren
827 1250 56 20 samt
895 1248 116 22 utredande

386 1282 25 22 de
427 1283 8 21 i
449 1284 16 20 2
479 1282 22 28 $,
516 1284 16 20 2
548 1283 35 21 och
600 1284 15 20 3
626 1283 128 27 punkterna,
773 1283 90 27 anförda
880 1283 130 27 omständig-

386 1317 55 21 heter
445 1323 8 21 ;
468 1319 56 20 samt

457 1353 20 24 3)
498 1352 55 21 bevis
573 1352 27 27 af
609 1354 130 25 guvernören
756 1354 32 19 att
804 1352 27 21 all
847 1352 8 21 i
863 1352 148 27 jernvägsom-

386 1386 62 21 rådet
462 1386 103 27 ingående
579 1387 59 21 mark
653 1387 68 27 blifvit
737 1386 34 22 till
781 1386 129 28 anläggaren
921 1386 90 28 lagligen

386 1421 141 28 öfverlemnad
545 1423 55 20 samt
620 1422 149 27 ersättningen
788 1421 34 27 för
841 1421 122 22 densamma
980 1421 31 22 till
