1056 1725
338 120 20 21 U.
375 120 20 21 B.
413 131 26 4 —
456 120 58 27 Prop.
532 120 34 22 N:o
582 120 37 22 36.
818 121 13 21 9

101 182 132 28 Styrelsens
250 184 48 19 rätt
313 183 35 19 att
366 182 37 21 för
418 182 152 20 statsverkets
591 182 100 28 räkning
707 182 76 22 inlösa
799 183 62 28 jern-

100 219 46 25 väg
164 216 115 28 vidtager.

170 250 44 21 Att
228 250 173 28 författningen
417 250 75 21 skulle
512 250 59 22 bäde
587 250 36 21 för
637 250 93 28 menige
746 258 55 14 man
816 250 44 22 och

101 285 37 21 för
160 284 188 29 lagtillämparen
371 284 71 22 hafva
457 284 86 22 vunnit
557 284 8 22 i
581 284 108 29 praktisk
704 284 156 30 äskädlighet,

101 327 37 14 om
154 319 46 22 alla
215 319 68 21 dessa
292 319 38 21 till
340 319 295 28 anläggningstillständet
644 319 103 22 hörande
758 319 102 29 punkter

101 354 75 22 skulle
192 354 72 22 hafva
279 353 187 22 sammanfattats
477 353 63 22 inom
552 361 79 14 ramen
643 354 25 21 af
677 361 28 14 en
713 355 146 28 paragraf
841 349 23 38 —

101 390 70 27 84—
183 389 53 21 med
250 388 88 28 nödiga
349 387 171 29 hänvisningar
530 388 38 21 till
579 388 56 21 eller
645 388 52 22 frän
707 389 76 28 öfriga
793 396 66 21 para-

101 423 84 28 grafer,
202 427 26 18 är
243 423 25 22 sä
283 422 95 29 mycket
393 422 150 29 naturligare,
555 430 55 18 som,
622 425 65 19 utom
699 423 84 28 sjelfva
794 423 65 22 detta

100 457 110 22 tillständ
226 457 44 22 och
285 457 45 22 den
346 456 127 22 detsamma
489 457 142 28 föregäende
647 457 111 28 ansökan,
767 458 92 21 författ-

100 491 90 29 ningen
214 492 75 21 säsom
312 491 64 28 regel
398 491 138 21 förutsätter
557 491 53 21 icke
626 491 89 22 mindre
732 495 29 18 än
777 494 82 19 trenne

101 526 74 21 andra
191 525 115 22 särskilda
317 525 201 28 framställningar
529 525 53 22 frän
591 525 268 30 jernvägsanläggarens

102 560 50 22 sida
168 560 42 22 hos
228 560 126 28 Styrelsen,
370 559 117 29 nemligen
499 559 45 22 den
555 560 8 21 i
576 561 8 25 $
595 561 13 21 6
619 559 108 27 nämnda,
738 560 120 29 angående

101 595 190 28 anläggningens
307 594 105 28 detaljer,
428 594 44 21 den
488 594 8 21 i
519 596 6 26 $
542 596 11 20 7
571 601 36 15 om
623 594 122 22 inlösande
759 595 26 21 af
793 595 66 21 mark

101 629 37 21 för
161 629 141 29 jernvägens
325 628 75 22 behof
420 628 44 22 och
487 628 44 22 den
547 629 8 21 i
574 630 9 25 8
606 630 25 20 19
646 629 52 21 med
718 629 89 28 förslag
821 629 38 21 till

100 664 143 28 reglemente
258 663 44 21 och
313 665 55 19 taxa
378 663 35 21 för
423 662 108 22 trafiken.
541 676 23 2 —
576 663 55 21 Men
642 663 73 21 ehuru
727 665 67 19 dessa
805 671 54 20 syn-

101 698 103 28 punkter
218 700 108 26 nogsamt
341 697 101 28 förtjena
462 697 140 27 beaktande,
620 697 41 21 har
676 698 121 21 Utskottet
813 698 45 20 lik-

100 732 40 21 väl
150 732 52 22 icke
214 734 77 20 ansett
301 732 51 21 dem
364 731 121 24 föranleda
497 739 29 14 en
535 732 162 28 omarbetning
706 732 26 21 af
738 732 120 28 förslaget,

101 770 55 18 enär
179 766 149 29 egenskapen
351 766 42 21 hos
416 773 29 14 en
467 766 87 21 allmän
572 766 143 29 författning
730 769 35 19 att
779 766 79 22 tillika

101 803 84 26 utgöra
210 809 30 13 en
264 800 107 29 praktisk
393 800 126 28 anvisning
547 801 36 21 för
609 801 249 25 koncessionsökande,

101 836 60 20 huru
184 835 41 22 vid
249 835 72 21 sädan
344 835 104 21 ansökan
471 835 42 21 bör
532 835 107 27 förfaras,
655 836 43 20 och
714 843 29 13 en
759 835 100 22 instruk-

101 870 51 21 tion
174 870 36 21 för
233 869 172 22 vederbörande
427 869 99 22 embets-
542 870 43 21 och
605 870 145 28 tjenstemän,
767 870 92 21 hurule-

101 904 39 21 des
171 904 79 27 dylikt
279 903 85 22 ärende
395 903 60 22 skall
486 904 135 27 behandlas,
645 907 66 25 synts
736 905 123 22 Utskottet

100 945 56 14 vara
172 939 26 20 af
209 938 169 29 jemförelsevis
394 938 166 21 underordnad
575 939 58 28 vigt,
649 939 8 20 i
670 939 122 28 jembredd
805 938 53 23 med

100 980 30 14 en
152 973 138 28 principielt
307 973 75 28 riktig
397 972 44 22 och
457 973 43 21 och
519 973 151 28 systematisk
685 973 132 28 anordning
834 973 26 21 af

100 1007 183 28 författningens
298 1007 111 21 innehåll.
444 1007 12 21 I
471 1007 66 21 detta
554 1007 109 22 afseende
677 1007 66 22 torde
754 1015 32 14 nu
799 1007 58 22 före-

101 1041 112 29 liggande
236 1041 88 28 förslag
345 1041 60 28 fylla
421 1035 46 27 alla
482 1041 84 28 billiga
581 1042 108 28 anspråk.
720 1042 77 21 Sedan
813 1041 42 22 för-

100 1076 75 28 slaget
198 1076 7 21 i
224 1077 26 26 88
276 1079 9 18 1
309 1075 38 22 till
372 1077 25 20 13
419 1075 130 22 behandlat
564 1076 80 28 frågor
659 1083 37 14 om
711 1075 147 29 anläggande

100 1111 25 20 af
146 1110 94 21 enskild
260 1111 107 28 jernväg,
390 1110 131 21 innehåller
541 1111 114 28 förslaget
669 1111 8 20 i
693 1112 27 26 $$
736 1112 27 20 14
778 1110 37 21 till
830 1111 27 21 29

99 1145 147 21 föreskrifter
268 1152 37 14 om
328 1145 28 21 de
371 1145 52 21 med
439 1145 100 21 trafiken
555 1146 13 21 å
584 1145 73 22 sådan
672 1145 61 21 bana
747 1144 111 23 förenade

100 1179 206 29 omständigheter,
330 1180 118 21 hvarefter
464 1180 7 20 i
487 1181 28 26 $$
530 1181 28 21 30
574 1180 37 21 till
633 1180 28 22 35
676 1175 57 33 följa
749 1180 109 28 stadgan-

100 1214 45 21 den
161 1214 8 21 i
186 1214 124 26 särskilda,
326 1214 51 22 med
391 1214 206 29 jernvägsföretag
612 1215 8 20 i
635 1214 111 22 samband
762 1214 96 22 stående

99 1252 92 24 ämnen,
206 1248 82 22 hvilka
304 1248 60 22 dock
379 1248 52 22 icke
447 1248 76 22 under
538 1249 29 21 de
583 1251 86 19 tvenne
686 1248 173 22 ofvannämnda

98 1282 141 22 rubrikerna
254 1283 80 21 kunna
350 1282 116 22 hänföras.
496 1283 37 21 Då
547 1283 124 22 Utskottet
690 1285 76 20 ansett
781 1283 77 21 denna

98 1316 134 30 anordning
255 1318 25 20 af
301 1320 79 18 ämnet
401 1324 57 14 vara
474 1317 8 21 i
497 1318 137 28 principielt
655 1317 131 22 hänseende
801 1317 56 21 fullt

97 1352 75 28 riktig
187 1352 44 21 och
246 1351 225 27 tillfredsställande,
488 1352 47 22 kan
551 1352 134 21 förberörda
701 1352 156 28 anmärkning

97 1388 49 20 mot
170 1386 277 28 författningsförslagets
467 1386 129 29 affattning
611 1387 8 21 i
635 1386 126 22 allmänhet
777 1386 26 22 af
816 1386 41 22 Ut-

98 1422 89 21 skottet
202 1420 53 23 icke
271 1420 162 22 understödas.

166 1462 134 32 Lagutskottets
312 1455 109 29 betänkande
433 1466 37 18 N:o
483 1467 30 18 12.
