1056 1725
287 169 23 23 U.
327 170 23 22 B.
366 181 28 6 —
411 171 59 27 Prop.
487 170 37 22 N:o
541 170 34 23 37.
763 171 12 20 5

48 232 155 28 obligationer
227 232 43 22 och
298 232 188 29 räntekuponger
512 232 51 22 icke
591 240 54 21 eger
667 234 62 20 rum"
754 233 51 21 icke

48 267 76 22 blefve
147 267 40 22 vid
210 266 40 22 det
268 274 48 21 nya
331 266 63 22 lånet
409 266 139 29 tillämpadt.
579 266 170 22 Erfarenheten
764 267 42 21 har

47 302 61 21 visat
124 303 34 20 att
169 300 152 23 innehafvare
332 300 26 22 af
366 301 85 22 sådana
466 301 339 29 donationslåneobligationer,

48 336 80 22 hvilka
144 336 112 28 antingen
271 335 41 22 vid
327 335 110 22 eldsvåda
460 335 55 22 eller
538 335 72 22 andra
629 335 177 29 olyckshändel-

48 378 36 14 ser
118 370 128 28 bevisligen
284 370 52 28 gått
368 369 121 29 förlorade,
525 377 84 22 genom
635 370 172 22 ofvananförda

49 405 129 29 stadgande
200 404 105 21 hindrats
332 406 35 19 att
389 404 50 22 utfå
459 405 131 28 ersättning
612 405 37 21 för
665 405 80 28 dylika
761 405 45 21 för-

48 439 78 28 luster,
149 446 49 15 som
214 438 49 22 helt
278 438 44 22 och
337 438 72 22 hållet
425 441 58 20 utan
500 439 73 29 något
591 439 142 29 tillgörande
751 439 56 22 eller

48 473 175 22 uraktlåtenhet
242 473 52 21 från
310 473 66 21 deras
392 473 49 22 sida
461 473 97 22 drabbat
573 473 59 28 dem,
655 473 152 29 hvarigenom

49 507 140 23 statsverket
222 507 151 29 naturligtvis
403 507 151 29 tillskyndats
585 515 28 14 en
643 508 164 22 motsvarande

50 542 90 29 oskälig
162 542 70 22 vinst.
261 541 88 29 Dylika
372 542 124 22 orättvisor
518 542 42 21 har
584 542 121 22 Utskottet
731 544 77 20 ansett

49 577 79 21 kunna
143 577 8 21 i
166 576 132 29 möjligaste
320 577 73 21 måtto
409 576 156 22 förekommas
581 584 84 21 genom
680 577 127 29 intagande

50 614 5 18 i
71 611 204 29 bestämningarne
298 610 120 30 angående
441 611 40 21 det
495 618 47 22 nya
561 611 244 29 konverteringslånet

50 646 26 21 af
89 645 121 22 enahanda
225 645 153 29 stadganden,
395 653 49 14 som
459 646 8 20 i
483 645 65 21 detta
563 645 108 21 afseende
687 645 69 22 äfven
771 646 36 21 för

50 680 75 29 öfriga
140 680 98 22 statslån
254 683 39 18 äro
308 680 116 28 gällande,
440 680 57 22 eller
505 682 35 20 att
551 680 160 28 obligationer,
727 680 81 22 hvilka

50 715 52 28 gått
124 714 121 28 förlorade,
269 714 65 22 skola
356 714 80 22 kunna
459 714 72 22 dödas
551 714 44 22 och
611 716 96 20 ersättas
723 722 84 21 genom

52 749 72 22 andra
134 749 86 29 dylika.

119 784 35 21 På
168 783 76 29 grund
260 782 26 22 af
299 782 39 22 det
354 782 71 22 ofvan
441 782 98 22 anförda
554 782 36 22 får
605 782 121 22 Utskottet
741 783 67 22 vörd-

52 822 60 18 samt
126 818 95 22 föreslå:

257 900 32 19 att
306 898 126 21 Ständerna
448 898 49 21 ville
513 898 128 28 bemyndiga
653 898 109 28 Styrelsen
770 901 38 24 att,

184 933 45 27 för
244 933 114 20 inlösande
373 933 32 27 af
417 933 122 20 återstoden
550 933 56 27 utaf
618 933 25 20 de
658 933 86 28 4!/,9/,
755 933 54 21 obli-

186 967 106 28 gationer,
308 973 45 15 som
369 967 116 27 utfärdats
497 967 44 28 för
555 967 68 27 inköp
639 968 31 27 af
681 968 128 21 donations-

186 1002 62 27 gods,
263 1002 59 21 inom
337 1001 74 22 landet
428 1002 14 20 å
457 1002 107 27 lämpliga
580 1002 56 21 tider
652 1005 97 25 upptaga
757 1005 28 18 ett
803 1003 6 20 i

188 1037 67 20 serier
266 1036 120 28 fördeladt
401 1037 40 20 lån
457 1037 34 20 till
507 1036 142 28 erforderligt
665 1036 81 28 belopp,
762 1037 48 21 med

188 1079 26 13 en
230 1073 108 19 räntesats
353 1071 46 21 icke
415 1071 164 28 öfverstigande
594 1073 14 18 4
623 1071 38 28 *|o,
677 1071 78 21 hvilket
771 1072 38 21 lån

189 1106 81 21 komme
285 1108 31 18 att
333 1105 7 21 i
354 1106 53 20 mån
422 1106 33 27 af
468 1105 142 21 Statsverkets
621 1106 122 27 tillgångar
753 1106 57 27 efter

189 1140 139 28 uppsägning
351 1140 88 21 serievis
463 1141 83 21 inlösas
568 1143 73 18 senast
663 1141 58 21 inom
740 1142 29 20 30
785 1141 25 20 år

189 1175 56 27 efter
260 1175 70 21 lånets
344 1175 151 27 upptagande;
511 1175 114 27 äfvensom

258 1211 32 19 att
305 1209 124 21 Ständerna
449 1210 51 20 ville
515 1210 72 20 såsom
603 1212 27 18 ett
646 1209 164 28 önskningsmål

189 1244 77 25 uttala,
290 1246 32 18 att
345 1243 110 28 Styrelsen
474 1244 65 20 måtte
554 1244 72 20 såvidt
641 1244 84 27 möjligt
741 1244 70 20 under

190 1278 41 21 den
254 1278 32 21 tid
308 1278 58 20 lånet
390 1278 39 20 bör
452 1280 121 18 amorteras
595 1278 137 28 regelbundet
750 1278 61 21 verk-

190 1313 67 21 ställa
272 1312 169 28 afbetalningar
458 1312 14 21 å
489 1312 125 22 detsamma.

121 1479 159 18 Statsutskottets
293 1478 121 19 betänkande
426 1478 37 18 N:o
479 1479 27 19 10,
