1056 1725
243 131 34 25 U.
293 131 43 23 B.
352 142 30 6 —
396 130 105 30 Prop.
517 130 54 24 N:o
587 131 54 23 34.

338 506 263 28 Jernvägsutskottets
621 507 148 22 hetänkände
791 507 32 22 N:o

271 541 11 21 4
298 541 6 20 i
320 541 99 27 anledning
433 541 22 21 af
468 541 49 21 Hans
531 541 106 28 Kejserliga
651 541 96 28 Majestäts
757 541 67 28 nådiga

269 575 121 29 proposition,
417 574 94 29 angående
531 575 64 23 vidare
607 576 196 28 jernvägsbyggnader
817 576 6 21 i

270 610 68 21 landet.

132 712 61 22 Efter
208 712 37 22 det
260 712 98 27 samtliga
372 712 63 21 stånd
451 711 140 23 öfverlemnat
607 712 69 22 denna
688 712 77 28 nådiga
775 719 49 21 pro-

62 746 93 28 position
177 746 33 22 till
232 746 221 27 Jernvägsutskottets
477 746 166 28 handläggning,
665 746 39 22 har
719 747 105 22 utskottet

62 780 42 22 fått
120 782 108 26 emottaga
243 781 26 21 de
289 780 132 27 handlingar,
441 780 73 22 hvilka
528 780 8 22 i
551 781 88 21 ärendet
654 780 121 23 tillkommit
790 782 34 21 så-

62 815 35 21 väl
120 815 49 21 med
191 814 114 28 anledning
325 814 21 22 af
360 814 131 22 Ständernas
506 814 35 22 vid
559 815 53 21 1885
628 816 35 21 års
677 815 102 27 landtdag
794 815 29 22 af-

63 848 59 23 låtna
144 848 146 28 underdåniga
312 848 115 28 petitioner
449 855 35 15 om
497 848 108 28 jernvägs-
621 848 39 23 och
675 849 149 28 kanalanlägg-

63 883 76 27 ningar
161 889 46 16 som
230 883 34 22 vid
280 883 151 22 utarbetandet
446 883 22 21 af
482 889 29 15 nu
526 883 145 27 föreliggande
685 884 138 27 proposition,

63 919 56 20 samt
141 917 109 27 protokoll
272 917 58 22 öfver
354 917 39 22 den
415 917 8 21 i
441 917 120 27 Kejserliga
575 917 93 22 Senaten
683 917 73 22 dervid
771 917 53 22 före-

63 951 65 22 fallna
143 951 138 27 omröstning.

132 985 158 27 Ridderskapet
312 985 40 21 och
375 985 74 24 Adeln,
473 985 86 21 Presta-
581 984 40 22 och
639 985 186 27 Borgarestånden

63 1019 63 22 hafva
148 1019 49 22 låtit
212 1019 160 27 propositionen
387 1018 84 27 åtföljas
487 1018 23 22 af
523 1018 196 28 protokollsutdrag
733 1019 91 22 rörande

64 1053 41 22 den
120 1053 36 21 vid
170 1053 102 22 remissen
288 1052 110 28 förelupna
413 1053 154 22 diskussionen.

133 1087 59 21 Enär
206 1086 7 21 i
229 1087 40 21 den
284 1087 78 27 nådiga
376 1087 160 26 propositionen
551 1087 62 27 ingår
628 1093 26 15 en
666 1087 86 27 utförlig
761 1087 63 22 fram-

63 1121 101 26 ställning
182 1120 22 22 af
222 1121 27 21 de
264 1121 106 26 åtgärder,
391 1127 45 15 som
451 1121 102 26 vidtagits
568 1121 7 21 i
589 1120 53 28 följd
656 1120 23 22 af
694 1121 130 22 Ständernas

64 1155 156 22 ofvanberörda
242 1155 146 27 underdåniga
410 1155 123 27 petitioner,
558 1154 108 22 äfvensom
689 1155 26 21 de
730 1154 96 23 förbere-

64 1190 69 21 dande
156 1189 89 22 arbeten
268 1190 40 20 och
330 1189 131 26 utlåtanden,
478 1195 47 15 som
540 1189 57 27 legat
612 1189 33 21 till
661 1189 68 27 grund
745 1189 32 22 för
792 1191 33 20 ut-

64 1223 128 22 arbetandet
214 1223 22 21 af
256 1223 73 27 sjelfva
351 1222 166 28 propositionen,
539 1225 24 19 är
577 1229 26 15 en
620 1223 108 27 upprepad
743 1224 82 26 utlägg-

64 1257 50 27 ning
128 1256 63 22 häraf
204 1257 48 21 icke
266 1257 69 27 nödig.
352 1256 41 22 Vid
408 1256 157 28 behandlingen
581 1257 22 21 af
617 1257 26 21 de
656 1257 104 22 särskilda
767 1258 58 26 jern-

64 1291 158 27 vägsförslagen
244 1291 36 21 vill
302 1291 105 21 utskottet
430 1291 55 21 dock
507 1298 26 14 ur
547 1291 138 21 merberörda
699 1291 128 27 handlingar

64 1328 114 19 omnämna
194 1325 40 22 och
249 1325 91 22 relatera
356 1325 26 21 de
397 1331 59 15 mera
471 1325 8 21 i
495 1325 64 27 detalj
575 1325 81 27 gående
671 1324 155 22 sakförhållan-

64 1360 48 25 den,
136 1359 74 22 hvilka
227 1360 106 22 utskottet
349 1361 70 20 ansett
433 1359 73 22 kunna
521 1360 88 21 inverka
623 1360 28 27 på
666 1359 109 27 frågornas
790 1359 36 23 be-

64 1394 134 22 dömmande.

132 1428 43 21 Vid
194 1428 118 27 Kejserliga
328 1428 101 22 Senatens
446 1427 161 28 öfverläggning
621 1428 7 21 i
645 1428 88 22 ärendet
747 1434 38 16 var
800 1434 27 16 en

64 1461 95 22 ledamot
174 1462 23 21 af
210 1462 66 22 sådan
292 1462 111 22 afvikande
419 1462 93 27 mening,
528 1463 33 20 att
575 1462 65 27 nådig
649 1462 132 27 proposition
792 1469 35 15 om

131 1502 187 22 Jernvägsutskottets
332 1502 111 17 betänkande
456 1503 41 16 N:o
509 1501 17 18 1.
