1056 1725
212 112 28 21 28

423 112 20 20 U.
460 112 21 20 B.
499 122 25 4 —
541 112 58 26 Prop.
616 112 35 21 N:o
666 111 37 22 36.

326 174 89 27 vägens
431 180 69 21 egare
515 173 100 29 skyldig
631 176 34 20 att
680 174 86 22 ersätta
781 173 113 23 förlusten
911 173 33 23 el-

324 207 34 23 ler
373 207 100 30 skadan,
488 208 27 22 så
529 208 72 22 framt
619 208 47 22 den
681 207 53 23 icke
748 207 143 23 tillkommit
903 214 42 22 ge-

324 248 56 16 nom
404 242 158 28 öfvermäktig
589 241 149 29 tilldragelse
766 241 57 23 eller
849 241 96 29 godsets

324 282 60 22 egen
398 276 166 23 beskaffenhet
579 276 59 23 eller
653 283 87 21 genom
755 276 189 29 bristfällighet
932 272 15 37 i

324 310 179 29 inpackningen
514 310 57 23 eller
582 313 74 20 annat
665 310 153 23 afsändarens
826 310 119 23 vållande.

366 344 123 30 Fördröjes
508 346 95 27 godsets
622 344 125 23 befordran
763 345 90 22 utöfver
868 345 76 22 betin-

324 378 47 28 gad
393 378 57 23 eller
469 379 56 28 öflig
541 379 42 30 tid,
599 379 71 28 gälde
683 380 201 29 jernvägsegaren
899 379 44 22 ock

324 413 99 29 skadan,
439 413 97 23 såframt
551 413 54 23 icke
620 413 137 28 dröjsmålet
771 413 106 22 inträffat
886 416 58 19 utan

321 447 304 29 jernvägsförvaltningens
660 447 57 23 eller
747 447 54 23 dess
830 447 115 30 betjentes

324 481 79 23 skuld.

367 515 75 23 Talan
465 523 38 15 om
527 517 138 28 ersättning,
689 523 50 15 som
759 523 32 15 nu
808 517 25 20 är
847 514 98 30 nämnd,

324 549 64 23 skall
411 553 68 25 göras
498 550 114 28 gällande
627 551 66 22 inom
708 557 42 15 sex
765 549 113 23 månader
892 549 52 23 från

324 584 39 22 det
378 584 83 29 godset
475 584 40 23 till
531 584 126 24 befordran
671 588 109 25 mottogs.

602 626 26 21 21
646 626 19 26 8.

366 658 149 23 Beträffande
530 658 125 23 befordran
667 659 25 22 af
701 658 110 23 lefvande
826 658 53 30 djur
888 658 58 23 eller

324 692 25 22 af
362 692 65 31 gods,
443 700 51 15 som
510 694 8 21 i
533 693 56 30 följd
608 693 25 23 af
646 694 37 21 sin
699 692 166 24 beskaffenhet
875 694 25 21 är
907 695 37 20 ut-

325 730 47 19 satt
386 727 33 23 för
435 727 103 23 särskild
553 728 50 22 fara
619 730 34 20 att
663 728 109 22 förstöras
783 727 57 23 eller
850 726 95 30 skadas,

325 761 58 23 eller
397 768 51 16 som
463 761 119 23 inlämnas
592 762 40 22 till
642 762 143 22 befordran
774 757 13 37 i
796 764 76 26 öppen
880 768 64 21 vagn

326 795 57 23 eller
403 795 54 23 med
481 795 128 31 ätföljande
624 796 99 22 värdare
739 796 64 29 eller,
819 796 74 28 enligt
907 798 38 20 ut-

324 830 105 28 trycklig
451 830 139 29 förklaring,
613 832 57 20 utan
693 830 138 28 erforderlig
846 830 99 28 inpack-

325 865 65 30 ning,
405 864 49 23 kan
467 866 201 28 jernvägsegaren
681 864 144 23 förbehällas
837 871 108 16 ansvars-

324 898 71 23 frihet
410 899 34 22 för
459 899 33 22 all
509 899 82 30 skada,
611 906 50 15 som
677 899 53 22 icke
746 899 25 22 af
783 899 89 22 honom
887 898 58 23 eller

322 934 143 28 jernvägens
480 935 143 28 tjenstemän
639 933 57 22 eller
711 933 104 30 betjente
830 933 93 23 vällats.

603 975 27 20 22
646 975 19 25 8.

367 1007 77 28 Egare
463 1008 24 22 af
505 1009 102 28 jernväg
622 1007 93 29 åligger
731 1009 33 20 att
779 1007 14 22 å
808 1007 138 23 densamma

325 1044 49 19 mot
389 1043 130 27 ersättning
534 1041 109 24 befordra
658 1044 53 27 post
721 1041 44 23 och
775 1041 86 28 fängar
871 1041 76 28 enligt

326 1075 28 23 de
369 1077 107 21 närmare
490 1076 144 23 föreskrifter
644 1077 104 22 Senaten
759 1075 126 24 meddelar.
903 1075 42 23 Er-

327 1111 149 27 sättningens
499 1111 87 29 belopp
610 1111 150 29 bestämmes,
779 1110 40 23 der
835 1111 20 29 ej
871 1109 75 23 öfver-

326 1144 173 24 enskommelse
522 1145 49 23 kan
593 1145 89 29 träffas,
705 1145 25 23 af
750 1144 61 29 gode
833 1145 63 29 män,
921 1144 30 26 af

327 1179 72 21 hvilka
422 1180 159 21 vederbörande
607 1180 123 28 expedition
754 1180 8 20 i
784 1179 95 21 Senaten
901 1178 44 23 och

324 1214 198 28 jernvägsegaren
541 1214 116 22 hvardera
676 1216 51 20 utse
743 1220 29 16 en
788 1216 62 20 samt
865 1212 29 23 de
909 1213 37 22 sä-

326 1247 75 23 lunda
416 1247 70 23 valde
501 1251 148 25 gemensamt
665 1248 46 22 den
726 1248 80 30 tredje.

368 1282 150 23 Beträffande
547 1282 171 23 fortskaffande
740 1282 25 22 af
787 1281 90 23 militär
901 1281 45 23 och

327 1316 186 23 militäreffekter
539 1317 122 23 äfvensom
687 1317 162 27 ersättningen
871 1315 76 23 derför

326 1350 64 28 gälle
405 1350 65 23 hvad
485 1350 80 24 derom
581 1353 26 21 är
620 1351 57 23 eller
687 1350 85 23 varder
782 1350 34 23 för
827 1352 120 28 statsjern-

327 1386 103 27 vägarne
445 1385 116 29 stadgadt.

256 1430 135 25 Lagutskottets
402 1430 108 18 betänkande
523 1432 37 16 N:o
574 1431 27 17 12.
