<?xml version="1.0" encoding="UTF-8"?>
<alto xmlns="http://www.loc.gov/standards/alto/ns-v3#" xmlns:xlink="http://www.w3.org/1999/xlink" xmlns:xsi="http://www.w3.org/2001/XMLSchema-instance" xsi:schemaLocation="http://www.loc.gov/standards/alto/ns-v3# http://www.loc.gov/alto/v3/alto-3-0.xsd">
	<Description>
		<MeasurementUnit>pixel</MeasurementUnit>
		<sourceImageInformation>
			<fileName>/tmp/tess_n22hp6ou_input.PNG</fileName>
		</sourceImageInformation>
		<OCRProcessing ID="OCR_0">
			<ocrProcessingStep>
				<processingSoftware>
					<softwareName>tesseract 5.3.4</softwareName>
				</processingSoftware>
			</ocrProcessingStep>
		</OCRProcessing>
	</Description>
	<Layout>
		<Page WIDTH="1056" HEIGHT="1725" PHYSICAL_IMG_NR="0" ID="page_0">
			<PrintSpace HPOS="0" VPOS="0" WIDTH="1056" HEIGHT="1725">
				<ComposedBlock ID="cblock_0" HPOS="297" VPOS="128" WIDTH="489" HEIGHT="28">
					<TextBlock ID="block_0" HPOS="297" VPOS="128" WIDTH="489" HEIGHT="28">
						<TextLine ID="line_0" HPOS="297" VPOS="128" WIDTH="489" HEIGHT="28">
							<String ID="string_0" HPOS="297" VPOS="128" WIDTH="23" HEIGHT="22" WC="0.88" CONTENT="U."/><SP WIDTH="17" VPOS="128" HPOS="320"/>
							<String ID="string_1" HPOS="337" VPOS="128" WIDTH="22" HEIGHT="22" WC="0.91" CONTENT="B."/><SP WIDTH="32" VPOS="128" HPOS="359"/>
							<String ID="string_2" HPOS="391" VPOS="129" WIDTH="58" HEIGHT="27" WC="0.92" CONTENT="Prop."/><SP WIDTH="18" VPOS="129" HPOS="449"/>
							<String ID="string_3" HPOS="467" VPOS="130" WIDTH="36" HEIGHT="21" WC="0.96" CONTENT="N:o"/><SP WIDTH="16" VPOS="130" HPOS="503"/>
							<String ID="string_4" HPOS="519" VPOS="129" WIDTH="36" HEIGHT="23" WC="0.95" CONTENT="34."/><SP WIDTH="206" VPOS="129" HPOS="555"/>
							<String ID="string_5" HPOS="761" VPOS="133" WIDTH="25" HEIGHT="19" WC="0.96" CONTENT="19"/>
						</TextLine>
					</TextBlock>
				</ComposedBlock>
				<ComposedBlock ID="cblock_1" HPOS="49" VPOS="190" WIDTH="766" HEIGHT="1328">
					<TextBlock ID="block_1" HPOS="51" VPOS="190" WIDTH="764" HEIGHT="713">
						<TextLine ID="line_1" HPOS="53" VPOS="190" WIDTH="762" HEIGHT="29">
							<String ID="string_6" HPOS="53" VPOS="190" WIDTH="51" HEIGHT="21" WC="0.91" CONTENT="linie"/><SP WIDTH="15" VPOS="190" HPOS="104"/>
							<String ID="string_7" HPOS="119" VPOS="190" WIDTH="62" HEIGHT="22" WC="0.96" CONTENT="äfven"/><SP WIDTH="16" VPOS="190" HPOS="181"/>
							<String ID="string_8" HPOS="197" VPOS="191" WIDTH="96" HEIGHT="21" WC="0.96" CONTENT="tekniskt"/><SP WIDTH="15" VPOS="191" HPOS="293"/>
							<String ID="string_9" HPOS="308" VPOS="191" WIDTH="129" HEIGHT="21" WC="0.96" CONTENT="undersökts"/><SP WIDTH="15" VPOS="191" HPOS="437"/>
							<String ID="string_10" HPOS="452" VPOS="191" WIDTH="40" HEIGHT="21" WC="0.96" CONTENT="och"/><SP WIDTH="15" VPOS="191" HPOS="492"/>
							<String ID="string_11" HPOS="507" VPOS="192" WIDTH="41" HEIGHT="20" WC="0.96" CONTENT="har"/><SP WIDTH="15" VPOS="192" HPOS="548"/>
							<String ID="string_12" HPOS="563" VPOS="198" WIDTH="26" HEIGHT="14" WC="0.96" CONTENT="en"/><SP WIDTH="16" VPOS="198" HPOS="589"/>
							<String ID="string_13" HPOS="605" VPOS="192" WIDTH="65" HEIGHT="27" WC="0.96" CONTENT="längd"/><SP WIDTH="15" VPOS="192" HPOS="670"/>
							<String ID="string_14" HPOS="685" VPOS="192" WIDTH="24" HEIGHT="22" WC="0.96" CONTENT="af"/><SP WIDTH="16" VPOS="192" HPOS="709"/>
							<String ID="string_15" HPOS="725" VPOS="195" WIDTH="39" HEIGHT="20" WC="0.93" CONTENT="137"/><SP WIDTH="18" VPOS="195" HPOS="764"/>
							<String ID="string_16" HPOS="782" VPOS="194" WIDTH="33" HEIGHT="21" WC="0.92" CONTENT="ki-"/>
						</TextLine>
						<TextLine ID="line_2" HPOS="53" VPOS="224" WIDTH="762" HEIGHT="28">
							<String ID="string_17" HPOS="53" VPOS="224" WIDTH="95" HEIGHT="27" WC="0.91" CONTENT="lometer,"/><SP WIDTH="27" VPOS="224" HPOS="148"/>
							<String ID="string_18" HPOS="175" VPOS="227" WIDTH="56" HEIGHT="19" WC="0.95" CONTENT="samt"/><SP WIDTH="25" VPOS="227" HPOS="231"/>
							<String ID="string_19" HPOS="256" VPOS="225" WIDTH="115" HEIGHT="21" WC="0.93" CONTENT="beräknats"/><SP WIDTH="27" VPOS="225" HPOS="371"/>
							<String ID="string_20" HPOS="398" VPOS="225" WIDTH="71" HEIGHT="27" WC="0.89" CONTENT="kostaj"/><SP WIDTH="19" VPOS="225" HPOS="469"/>
							<String ID="string_21" HPOS="488" VPOS="226" WIDTH="115" HEIGHT="26" WC="0.92" CONTENT="8,905,000"/><SP WIDTH="27" VPOS="226" HPOS="603"/>
							<String ID="string_22" HPOS="630" VPOS="227" WIDTH="68" HEIGHT="21" WC="0.92" CONTENT="mark."/><SP WIDTH="41" VPOS="227" HPOS="698"/>
							<String ID="string_23" HPOS="739" VPOS="228" WIDTH="76" HEIGHT="21" WC="0.82" CONTENT="Denna"/>
						</TextLine>
						<TextLine ID="line_3" HPOS="54" VPOS="259" WIDTH="761" HEIGHT="30">
							<String ID="string_24" HPOS="54" VPOS="259" WIDTH="122" HEIGHT="27" WC="0.95" CONTENT="sträckning"/><SP WIDTH="25" VPOS="259" HPOS="176"/>
							<String ID="string_25" HPOS="201" VPOS="259" WIDTH="39" HEIGHT="21" WC="0.92" CONTENT="har"/><SP WIDTH="25" VPOS="259" HPOS="240"/>
							<String ID="string_26" HPOS="265" VPOS="259" WIDTH="107" HEIGHT="21" WC="0.91" CONTENT="förordats"/><SP WIDTH="23" VPOS="259" HPOS="372"/>
							<String ID="string_27" HPOS="395" VPOS="259" WIDTH="24" HEIGHT="21" WC="0.96" CONTENT="af"/><SP WIDTH="20" VPOS="259" HPOS="419"/>
							<String ID="string_28" HPOS="439" VPOS="260" WIDTH="96" HEIGHT="21" WC="0.96" CONTENT="Joensuu"/><SP WIDTH="25" VPOS="260" HPOS="535"/>
							<String ID="string_29" HPOS="560" VPOS="260" WIDTH="204" HEIGHT="28" WC="0.96" CONTENT="stadsfullmäktige,"/><SP WIDTH="23" VPOS="260" HPOS="764"/>
							<String ID="string_30" HPOS="787" VPOS="262" WIDTH="28" HEIGHT="27" WC="0.96" CONTENT="på"/>
						</TextLine>
						<TextLine ID="line_4" HPOS="52" VPOS="293" WIDTH="763" HEIGHT="30">
							<String ID="string_31" HPOS="52" VPOS="293" WIDTH="69" HEIGHT="26" WC="0.96" CONTENT="grund"/><SP WIDTH="23" VPOS="293" HPOS="121"/>
							<String ID="string_32" HPOS="144" VPOS="293" WIDTH="24" HEIGHT="21" WC="0.96" CONTENT="af"/><SP WIDTH="22" VPOS="293" HPOS="168"/>
							<String ID="string_33" HPOS="190" VPOS="296" WIDTH="31" HEIGHT="19" WC="0.96" CONTENT="ett"/><SP WIDTH="22" VPOS="296" HPOS="221"/>
							<String ID="string_34" HPOS="243" VPOS="294" WIDTH="112" HEIGHT="21" WC="0.96" CONTENT="utlåtande"/><SP WIDTH="15" VPOS="294" HPOS="355"/>
							<String ID="string_35" HPOS="370" VPOS="293" WIDTH="24" HEIGHT="21" WC="0.95" CONTENT="af"/><SP WIDTH="14" VPOS="293" HPOS="394"/>
							<String ID="string_36" HPOS="408" VPOS="300" WIDTH="26" HEIGHT="15" WC="0.96" CONTENT="en"/><SP WIDTH="15" VPOS="300" HPOS="434"/>
							<String ID="string_37" HPOS="449" VPOS="293" WIDTH="35" HEIGHT="22" WC="0.96" CONTENT="för"/><SP WIDTH="16" VPOS="293" HPOS="484"/>
							<String ID="string_38" HPOS="500" VPOS="294" WIDTH="88" HEIGHT="27" WC="0.96" CONTENT="frågans"/><SP WIDTH="16" VPOS="294" HPOS="588"/>
							<String ID="string_39" HPOS="604" VPOS="295" WIDTH="118" HEIGHT="28" WC="0.96" CONTENT="beredning"/><SP WIDTH="15" VPOS="295" HPOS="722"/>
							<String ID="string_40" HPOS="737" VPOS="296" WIDTH="78" HEIGHT="22" WC="0.96" CONTENT="tillsatt"/>
						</TextLine>
						<TextLine ID="line_5" HPOS="54" VPOS="327" WIDTH="761" HEIGHT="30">
							<String ID="string_41" HPOS="54" VPOS="327" WIDTH="127" HEIGHT="27" WC="0.90" CONTENT="delegation."/><SP WIDTH="31" VPOS="327" HPOS="181"/>
							<String ID="string_42" HPOS="212" VPOS="328" WIDTH="201" HEIGHT="27" WC="0.77" CONTENT="Jernvägskomitén"/><SP WIDTH="22" VPOS="328" HPOS="413"/>
							<String ID="string_43" HPOS="435" VPOS="328" WIDTH="40" HEIGHT="21" WC="0.96" CONTENT="och"/><SP WIDTH="24" VPOS="328" HPOS="475"/>
							<String ID="string_44" HPOS="499" VPOS="329" WIDTH="96" HEIGHT="21" WC="0.95" CONTENT="Joensuu"/><SP WIDTH="24" VPOS="329" HPOS="595"/>
							<String ID="string_45" HPOS="619" VPOS="329" WIDTH="196" HEIGHT="28" WC="0.96" CONTENT="stadsfullmäktige"/>
						</TextLine>
						<TextLine ID="line_6" HPOS="52" VPOS="361" WIDTH="762" HEIGHT="30">
							<String ID="string_46" HPOS="52" VPOS="361" WIDTH="66" HEIGHT="22" WC="0.96" CONTENT="hafva"/><SP WIDTH="22" VPOS="361" HPOS="118"/>
							<String ID="string_47" HPOS="140" VPOS="362" WIDTH="34" HEIGHT="21" WC="0.96" CONTENT="till"/><SP WIDTH="23" VPOS="362" HPOS="174"/>
							<String ID="string_48" HPOS="197" VPOS="362" WIDTH="84" HEIGHT="22" WC="0.96" CONTENT="förmån"/><SP WIDTH="23" VPOS="362" HPOS="281"/>
							<String ID="string_49" HPOS="304" VPOS="362" WIDTH="33" HEIGHT="21" WC="0.95" CONTENT="för"/><SP WIDTH="23" VPOS="362" HPOS="337"/>
							<String ID="string_50" HPOS="360" VPOS="363" WIDTH="69" HEIGHT="20" WC="0.93" CONTENT="denna"/><SP WIDTH="15" VPOS="363" HPOS="429"/>
							<String ID="string_51" HPOS="444" VPOS="363" WIDTH="52" HEIGHT="20" WC="0.92" CONTENT="linie"/><SP WIDTH="16" VPOS="363" HPOS="496"/>
							<String ID="string_52" HPOS="512" VPOS="363" WIDTH="79" HEIGHT="26" WC="0.96" CONTENT="anfört,"/><SP WIDTH="18" VPOS="363" HPOS="591"/>
							<String ID="string_53" HPOS="609" VPOS="365" WIDTH="32" HEIGHT="20" WC="0.96" CONTENT="att"/><SP WIDTH="16" VPOS="365" HPOS="641"/>
							<String ID="string_54" HPOS="657" VPOS="364" WIDTH="41" HEIGHT="21" WC="0.96" CONTENT="den"/><SP WIDTH="14" VPOS="364" HPOS="698"/>
							<String ID="string_55" HPOS="712" VPOS="364" WIDTH="39" HEIGHT="27" WC="0.93" CONTENT="går"/><SP WIDTH="16" VPOS="364" HPOS="751"/>
							<String ID="string_56" HPOS="767" VPOS="371" WIDTH="47" HEIGHT="14" WC="0.92" CONTENT="cen-"/>
						</TextLine>
						<TextLine ID="line_7" HPOS="53" VPOS="396" WIDTH="761" HEIGHT="28">
							<String ID="string_57" HPOS="53" VPOS="396" WIDTH="52" HEIGHT="21" WC="0.92" CONTENT="tralt"/><SP WIDTH="21" VPOS="396" HPOS="105"/>
							<String ID="string_58" HPOS="126" VPOS="403" WIDTH="78" HEIGHT="20" WC="0.95" CONTENT="genom"/><SP WIDTH="22" VPOS="403" HPOS="204"/>
							<String ID="string_59" HPOS="226" VPOS="397" WIDTH="110" HEIGHT="21" WC="0.95" CONTENT="mellersta"/><SP WIDTH="22" VPOS="397" HPOS="336"/>
							<String ID="string_60" HPOS="358" VPOS="397" WIDTH="40" HEIGHT="21" WC="0.95" CONTENT="och"/><SP WIDTH="15" VPOS="397" HPOS="398"/>
							<String ID="string_61" HPOS="413" VPOS="397" WIDTH="100" HEIGHT="27" WC="0.95" CONTENT="nordliga"/><SP WIDTH="14" VPOS="397" HPOS="513"/>
							<String ID="string_62" HPOS="527" VPOS="397" WIDTH="102" HEIGHT="27" WC="0.96" CONTENT="Karelen,"/><SP WIDTH="16" VPOS="397" HPOS="629"/>
							<String ID="string_63" HPOS="645" VPOS="398" WIDTH="121" HEIGHT="22" WC="0.93" CONTENT="beredande"/><SP WIDTH="15" VPOS="398" HPOS="766"/>
							<String ID="string_64" HPOS="781" VPOS="398" WIDTH="33" HEIGHT="22" WC="0.93" CONTENT="så-"/>
						</TextLine>
						<TextLine ID="line_8" HPOS="53" VPOS="429" WIDTH="762" HEIGHT="29">
							<String ID="string_65" HPOS="53" VPOS="429" WIDTH="66" HEIGHT="22" WC="0.91" CONTENT="lunda"/><SP WIDTH="23" VPOS="429" HPOS="119"/>
							<String ID="string_66" HPOS="142" VPOS="431" WIDTH="131" HEIGHT="21" WC="0.96" CONTENT="förbindelse"/><SP WIDTH="21" VPOS="431" HPOS="273"/>
							<String ID="string_67" HPOS="294" VPOS="431" WIDTH="50" HEIGHT="21" WC="0.95" CONTENT="med"/><SP WIDTH="16" VPOS="431" HPOS="344"/>
							<String ID="string_68" HPOS="360" VPOS="431" WIDTH="35" HEIGHT="21" WC="0.96" CONTENT="det"/><SP WIDTH="16" VPOS="431" HPOS="395"/>
							<String ID="string_69" HPOS="411" VPOS="430" WIDTH="71" HEIGHT="28" WC="0.96" CONTENT="öfriga"/><SP WIDTH="22" VPOS="430" HPOS="482"/>
							<String ID="string_70" HPOS="504" VPOS="431" WIDTH="75" HEIGHT="22" WC="0.96" CONTENT="landet"/><SP WIDTH="23" VPOS="431" HPOS="579"/>
							<String ID="string_71" HPOS="602" VPOS="432" WIDTH="23" HEIGHT="21" WC="0.96" CONTENT="åt"/><SP WIDTH="22" VPOS="432" HPOS="625"/>
							<String ID="string_72" HPOS="647" VPOS="439" WIDTH="26" HEIGHT="14" WC="0.96" CONTENT="en"/><SP WIDTH="21" VPOS="439" HPOS="673"/>
							<String ID="string_73" HPOS="694" VPOS="433" WIDTH="121" HEIGHT="21" WC="0.96" CONTENT="vidsträckt"/>
						</TextLine>
						<TextLine ID="line_9" HPOS="53" VPOS="464" WIDTH="761" HEIGHT="28">
							<String ID="string_74" HPOS="53" VPOS="464" WIDTH="104" HEIGHT="27" WC="0.95" CONTENT="landsdel,"/><SP WIDTH="25" VPOS="464" HPOS="157"/>
							<String ID="string_75" HPOS="182" VPOS="471" WIDTH="45" HEIGHT="15" WC="0.96" CONTENT="som"/><SP WIDTH="23" VPOS="471" HPOS="227"/>
							<String ID="string_76" HPOS="250" VPOS="465" WIDTH="110" HEIGHT="21" WC="0.94" CONTENT="utmärker"/><SP WIDTH="22" VPOS="465" HPOS="360"/>
							<String ID="string_77" HPOS="382" VPOS="465" WIDTH="33" HEIGHT="27" WC="0.96" CONTENT="sig"/><SP WIDTH="22" VPOS="465" HPOS="415"/>
							<String ID="string_78" HPOS="437" VPOS="471" WIDTH="78" HEIGHT="21" WC="0.92" CONTENT="genom"/><SP WIDTH="15" VPOS="471" HPOS="515"/>
							<String ID="string_79" HPOS="530" VPOS="466" WIDTH="190" HEIGHT="21" WC="0.91" CONTENT="mineralrikedom"/><SP WIDTH="16" VPOS="466" HPOS="720"/>
							<String ID="string_80" HPOS="736" VPOS="467" WIDTH="78" HEIGHT="21" WC="0.96" CONTENT="samt"/><SP WIDTH="-14" VPOS="467" HPOS="814"/>
							<String ID="string_81" HPOS="800" VPOS="460" WIDTH="17" HEIGHT="36" WC="0.96" CONTENT="i"/>
						</TextLine>
						<TextLine ID="line_10" HPOS="53" VPOS="498" WIDTH="761" HEIGHT="30">
							<String ID="string_82" HPOS="53" VPOS="498" WIDTH="101" HEIGHT="22" WC="0.93" CONTENT="afseende"/><SP WIDTH="15" VPOS="498" HPOS="154"/>
							<String ID="string_83" HPOS="169" VPOS="499" WIDTH="13" HEIGHT="21" WC="0.93" CONTENT="å"/><SP WIDTH="16" VPOS="499" HPOS="182"/>
							<String ID="string_84" HPOS="198" VPOS="499" WIDTH="78" HEIGHT="27" WC="0.95" CONTENT="odling,"/><SP WIDTH="17" VPOS="499" HPOS="276"/>
							<String ID="string_85" HPOS="293" VPOS="499" WIDTH="125" HEIGHT="27" WC="0.95" CONTENT="folkmängd"/><SP WIDTH="15" VPOS="499" HPOS="418"/>
							<String ID="string_86" HPOS="433" VPOS="499" WIDTH="40" HEIGHT="21" WC="0.96" CONTENT="och"/><SP WIDTH="16" VPOS="499" HPOS="473"/>
							<String ID="string_87" HPOS="489" VPOS="499" WIDTH="113" HEIGHT="28" WC="0.95" CONTENT="möjlighet"/><SP WIDTH="15" VPOS="499" HPOS="602"/>
							<String ID="string_88" HPOS="617" VPOS="500" WIDTH="34" HEIGHT="21" WC="0.96" CONTENT="till"/><SP WIDTH="16" VPOS="500" HPOS="651"/>
							<String ID="string_89" HPOS="667" VPOS="501" WIDTH="72" HEIGHT="27" WC="0.92" CONTENT="odling"/><SP WIDTH="15" VPOS="501" HPOS="739"/>
							<String ID="string_90" HPOS="754" VPOS="501" WIDTH="60" HEIGHT="27" WC="0.92" CONTENT="inga-"/>
						</TextLine>
						<TextLine ID="line_11" HPOS="53" VPOS="533" WIDTH="761" HEIGHT="28">
							<String ID="string_91" HPOS="53" VPOS="533" WIDTH="65" HEIGHT="20" WC="0.91" CONTENT="lunda"/><SP WIDTH="16" VPOS="533" HPOS="118"/>
							<String ID="string_92" HPOS="134" VPOS="533" WIDTH="44" HEIGHT="21" WC="0.96" CONTENT="står"/><SP WIDTH="16" VPOS="533" HPOS="178"/>
							<String ID="string_93" HPOS="194" VPOS="533" WIDTH="55" HEIGHT="21" WC="0.96" CONTENT="efter"/><SP WIDTH="16" VPOS="533" HPOS="249"/>
							<String ID="string_94" HPOS="265" VPOS="533" WIDTH="25" HEIGHT="21" WC="0.96" CONTENT="de"/><SP WIDTH="16" VPOS="533" HPOS="290"/>
							<String ID="string_95" HPOS="306" VPOS="534" WIDTH="88" HEIGHT="25" WC="0.96" CONTENT="trakter,"/><SP WIDTH="17" VPOS="534" HPOS="394"/>
							<String ID="string_96" HPOS="411" VPOS="539" WIDTH="46" HEIGHT="16" WC="0.96" CONTENT="som"/><SP WIDTH="11" VPOS="539" HPOS="457"/>
							<String ID="string_97" HPOS="468" VPOS="534" WIDTH="59" HEIGHT="27" WC="0.96" CONTENT="ligga"/><SP WIDTH="10" VPOS="534" HPOS="527"/>
							<String ID="string_98" HPOS="537" VPOS="536" WIDTH="100" HEIGHT="19" WC="0.96" CONTENT="närmare"/><SP WIDTH="11" VPOS="536" HPOS="637"/>
							<String ID="string_99" HPOS="648" VPOS="534" WIDTH="72" HEIGHT="21" WC="0.93" CONTENT="Saima"/><SP WIDTH="10" VPOS="534" HPOS="720"/>
							<String ID="string_100" HPOS="730" VPOS="537" WIDTH="84" HEIGHT="19" WC="0.91" CONTENT="vatten-"/>
						</TextLine>
						<TextLine ID="line_12" HPOS="54" VPOS="567" WIDTH="759" HEIGHT="28">
							<String ID="string_101" HPOS="54" VPOS="568" WIDTH="84" HEIGHT="26" WC="0.96" CONTENT="system."/><SP WIDTH="24" VPOS="568" HPOS="138"/>
							<String ID="string_102" HPOS="162" VPOS="567" WIDTH="76" HEIGHT="21" WC="0.91" CONTENT="Denna"/><SP WIDTH="14" VPOS="567" HPOS="238"/>
							<String ID="string_103" HPOS="252" VPOS="567" WIDTH="51" HEIGHT="21" WC="0.91" CONTENT="linie"/><SP WIDTH="15" VPOS="567" HPOS="303"/>
							<String ID="string_104" HPOS="318" VPOS="574" WIDTH="99" HEIGHT="21" WC="0.96" CONTENT="passerar"/><SP WIDTH="14" VPOS="574" HPOS="417"/>
							<String ID="string_105" HPOS="431" VPOS="574" WIDTH="78" HEIGHT="21" WC="0.96" CONTENT="genom"/><SP WIDTH="11" VPOS="574" HPOS="509"/>
							<String ID="string_106" HPOS="520" VPOS="568" WIDTH="103" HEIGHT="22" WC="0.96" CONTENT="Wärtsilä"/><SP WIDTH="17" VPOS="568" HPOS="623"/>
							<String ID="string_107" HPOS="640" VPOS="569" WIDTH="55" HEIGHT="21" WC="0.96" CONTENT="bruk"/><SP WIDTH="8" VPOS="569" HPOS="695"/>
							<String ID="string_108" HPOS="703" VPOS="569" WIDTH="40" HEIGHT="21" WC="0.93" CONTENT="och"/><SP WIDTH="10" VPOS="569" HPOS="743"/>
							<String ID="string_109" HPOS="753" VPOS="569" WIDTH="60" HEIGHT="21" WC="0.91" CONTENT="kom-"/>
						</TextLine>
						<TextLine ID="line_13" HPOS="53" VPOS="602" WIDTH="760" HEIGHT="28">
							<String ID="string_110" HPOS="53" VPOS="608" WIDTH="45" HEIGHT="14" WC="0.91" CONTENT="mer"/><SP WIDTH="23" VPOS="608" HPOS="98"/>
							<String ID="string_111" HPOS="121" VPOS="602" WIDTH="110" HEIGHT="21" WC="0.91" CONTENT="derstädes"/><SP WIDTH="23" VPOS="602" HPOS="231"/>
							<String ID="string_112" HPOS="254" VPOS="602" WIDTH="35" HEIGHT="21" WC="0.93" CONTENT="vid"/><SP WIDTH="19" VPOS="602" HPOS="289"/>
							<String ID="string_113" HPOS="308" VPOS="602" WIDTH="143" HEIGHT="27" WC="0.92" CONTENT="öfvergången"/><SP WIDTH="16" VPOS="602" HPOS="451"/>
							<String ID="string_114" HPOS="467" VPOS="602" WIDTH="25" HEIGHT="21" WC="0.93" CONTENT="af"/><SP WIDTH="13" VPOS="602" HPOS="492"/>
							<String ID="string_115" HPOS="505" VPOS="603" WIDTH="107" HEIGHT="27" WC="0.91" CONTENT="Jänisjoki"/><SP WIDTH="15" VPOS="603" HPOS="612"/>
							<String ID="string_116" HPOS="627" VPOS="603" WIDTH="7" HEIGHT="21" WC="0.96" CONTENT="i"/><SP WIDTH="15" VPOS="603" HPOS="634"/>
							<String ID="string_117" HPOS="649" VPOS="604" WIDTH="100" HEIGHT="26" WC="0.96" CONTENT="beröring"/><SP WIDTH="15" VPOS="604" HPOS="749"/>
							<String ID="string_118" HPOS="764" VPOS="604" WIDTH="49" HEIGHT="20" WC="0.96" CONTENT="med"/>
						</TextLine>
						<TextLine ID="line_14" HPOS="54" VPOS="636" WIDTH="759" HEIGHT="28">
							<String ID="string_119" HPOS="54" VPOS="642" WIDTH="26" HEIGHT="14" WC="0.93" CONTENT="en"/><SP WIDTH="16" VPOS="642" HPOS="80"/>
							<String ID="string_120" HPOS="96" VPOS="636" WIDTH="98" HEIGHT="27" WC="0.92" CONTENT="segelbar"/><SP WIDTH="16" VPOS="636" HPOS="194"/>
							<String ID="string_121" HPOS="210" VPOS="636" WIDTH="74" HEIGHT="27" WC="0.96" CONTENT="farled,"/><SP WIDTH="16" VPOS="636" HPOS="284"/>
							<String ID="string_122" HPOS="300" VPOS="642" WIDTH="46" HEIGHT="16" WC="0.96" CONTENT="som"/><SP WIDTH="16" VPOS="642" HPOS="346"/>
							<String ID="string_123" HPOS="362" VPOS="637" WIDTH="60" HEIGHT="26" WC="0.96" CONTENT="längs"/><SP WIDTH="16" VPOS="637" HPOS="422"/>
							<String ID="string_124" HPOS="438" VPOS="636" WIDTH="71" HEIGHT="22" WC="0.97" CONTENT="denna"/><SP WIDTH="15" VPOS="636" HPOS="509"/>
							<String ID="string_125" HPOS="524" VPOS="636" WIDTH="44" HEIGHT="22" WC="0.96" CONTENT="flod"/><SP WIDTH="11" VPOS="636" HPOS="568"/>
							<String ID="string_126" HPOS="579" VPOS="638" WIDTH="96" HEIGHT="20" WC="0.96" CONTENT="sträcker"/><SP WIDTH="11" VPOS="638" HPOS="675"/>
							<String ID="string_127" HPOS="686" VPOS="638" WIDTH="33" HEIGHT="26" WC="0.96" CONTENT="sig"/><SP WIDTH="9" VPOS="638" HPOS="719"/>
							<String ID="string_128" HPOS="728" VPOS="638" WIDTH="34" HEIGHT="21" WC="0.96" CONTENT="till"/><SP WIDTH="11" VPOS="638" HPOS="762"/>
							<String ID="string_129" HPOS="773" VPOS="638" WIDTH="40" HEIGHT="21" WC="0.96" CONTENT="och"/>
						</TextLine>
						<TextLine ID="line_15" HPOS="54" VPOS="669" WIDTH="759" HEIGHT="30">
							<String ID="string_130" HPOS="54" VPOS="669" WIDTH="59" HEIGHT="22" WC="0.92" CONTENT="öfver"/><SP WIDTH="21" VPOS="669" HPOS="113"/>
							<String ID="string_131" HPOS="134" VPOS="670" WIDTH="122" HEIGHT="28" WC="0.92" CONTENT="Jänisjärvi,"/><SP WIDTH="23" VPOS="670" HPOS="256"/>
							<String ID="string_132" HPOS="279" VPOS="671" WIDTH="87" HEIGHT="21" WC="0.96" CONTENT="hvilken"/><SP WIDTH="16" VPOS="671" HPOS="366"/>
							<String ID="string_133" HPOS="382" VPOS="670" WIDTH="69" HEIGHT="22" WC="0.96" CONTENT="farled"/><SP WIDTH="14" VPOS="670" HPOS="451"/>
							<String ID="string_134" HPOS="465" VPOS="671" WIDTH="68" HEIGHT="21" WC="0.96" CONTENT="redan"/><SP WIDTH="15" VPOS="671" HPOS="533"/>
							<String ID="string_135" HPOS="548" VPOS="678" WIDTH="28" HEIGHT="14" WC="0.96" CONTENT="nu"/><SP WIDTH="16" VPOS="678" HPOS="576"/>
							<String ID="string_136" HPOS="592" VPOS="671" WIDTH="113" HEIGHT="21" WC="0.96" CONTENT="trafikeras"/><SP WIDTH="19" VPOS="671" HPOS="705"/>
							<String ID="string_137" HPOS="724" VPOS="672" WIDTH="24" HEIGHT="20" WC="0.93" CONTENT="af"/><SP WIDTH="13" VPOS="672" HPOS="748"/>
							<String ID="string_138" HPOS="761" VPOS="672" WIDTH="52" HEIGHT="27" WC="0.92" CONTENT="ång-"/>
						</TextLine>
						<TextLine ID="line_16" HPOS="53" VPOS="704" WIDTH="760" HEIGHT="29">
							<String ID="string_139" HPOS="53" VPOS="704" WIDTH="43" HEIGHT="22" WC="0.93" CONTENT="båt."/><SP WIDTH="30" VPOS="704" HPOS="96"/>
							<String ID="string_140" HPOS="126" VPOS="704" WIDTH="88" HEIGHT="22" WC="0.90" CONTENT="Liniens"/><SP WIDTH="20" VPOS="704" HPOS="214"/>
							<String ID="string_141" HPOS="234" VPOS="704" WIDTH="139" HEIGHT="28" WC="0.95" CONTENT="fortsättning"/><SP WIDTH="19" VPOS="704" HPOS="373"/>
							<String ID="string_142" HPOS="392" VPOS="704" WIDTH="47" HEIGHT="22" WC="0.96" CONTENT="från"/><SP WIDTH="15" VPOS="704" HPOS="439"/>
							<String ID="string_143" HPOS="454" VPOS="705" WIDTH="105" HEIGHT="21" WC="0.96" CONTENT="Wärtsilä"/><SP WIDTH="14" VPOS="705" HPOS="559"/>
							<String ID="string_144" HPOS="573" VPOS="708" WIDTH="76" HEIGHT="18" WC="0.96" CONTENT="norrut"/><SP WIDTH="14" VPOS="708" HPOS="649"/>
							<String ID="string_145" HPOS="663" VPOS="712" WIDTH="99" HEIGHT="20" WC="0.93" CONTENT="passerar"/><SP WIDTH="15" VPOS="712" HPOS="762"/>
							<String ID="string_146" HPOS="777" VPOS="712" WIDTH="36" HEIGHT="21" WC="0.91" CONTENT="ge-"/>
						</TextLine>
						<TextLine ID="line_17" HPOS="51" VPOS="739" WIDTH="762" HEIGHT="28">
							<String ID="string_147" HPOS="51" VPOS="744" WIDTH="50" HEIGHT="16" WC="0.92" CONTENT="nom"/><SP WIDTH="22" VPOS="744" HPOS="101"/>
							<String ID="string_148" HPOS="123" VPOS="739" WIDTH="81" HEIGHT="27" WC="0.87" CONTENT="byarne"/><SP WIDTH="21" VPOS="739" HPOS="204"/>
							<String ID="string_149" HPOS="225" VPOS="740" WIDTH="157" HEIGHT="26" WC="0.91" CONTENT="Kutsunvaara,"/><SP WIDTH="23" VPOS="740" HPOS="382"/>
							<String ID="string_150" HPOS="405" VPOS="739" WIDTH="124" HEIGHT="28" WC="0.92" CONTENT="Uskaljärvi"/><SP WIDTH="24" VPOS="739" HPOS="529"/>
							<String ID="string_151" HPOS="553" VPOS="740" WIDTH="40" HEIGHT="21" WC="0.96" CONTENT="och"/><SP WIDTH="23" VPOS="740" HPOS="593"/>
							<String ID="string_152" HPOS="616" VPOS="740" WIDTH="142" HEIGHT="26" WC="0.95" CONTENT="Huhtilampi,"/><SP WIDTH="19" VPOS="740" HPOS="758"/>
							<String ID="string_153" HPOS="777" VPOS="740" WIDTH="36" HEIGHT="21" WC="0.96" CONTENT="vid"/>
						</TextLine>
						<TextLine ID="line_18" HPOS="52" VPOS="773" WIDTH="761" HEIGHT="28">
							<String ID="string_154" HPOS="52" VPOS="773" WIDTH="86" HEIGHT="21" WC="0.96" CONTENT="hvilken"/><SP WIDTH="24" VPOS="773" HPOS="138"/>
							<String ID="string_155" HPOS="162" VPOS="774" WIDTH="118" HEIGHT="21" WC="0.96" CONTENT="sistnämda"/><SP WIDTH="21" VPOS="774" HPOS="280"/>
							<String ID="string_156" HPOS="301" VPOS="774" WIDTH="69" HEIGHT="27" WC="0.96" CONTENT="punkt"/><SP WIDTH="22" VPOS="774" HPOS="370"/>
							<String ID="string_157" HPOS="392" VPOS="774" WIDTH="41" HEIGHT="20" WC="0.96" CONTENT="den"/><SP WIDTH="23" VPOS="774" HPOS="433"/>
							<String ID="string_158" HPOS="456" VPOS="774" WIDTH="51" HEIGHT="21" WC="0.93" CONTENT="skär"/><SP WIDTH="23" VPOS="774" HPOS="507"/>
							<String ID="string_159" HPOS="530" VPOS="774" WIDTH="132" HEIGHT="27" WC="0.95" CONTENT="landsvägen"/><SP WIDTH="22" VPOS="774" HPOS="662"/>
							<String ID="string_160" HPOS="684" VPOS="774" WIDTH="129" HEIGHT="21" WC="0.96" CONTENT="kommande"/>
						</TextLine>
						<TextLine ID="line_19" HPOS="52" VPOS="807" WIDTH="761" HEIGHT="23">
							<String ID="string_161" HPOS="52" VPOS="807" WIDTH="47" HEIGHT="21" WC="0.93" CONTENT="från"/><SP WIDTH="20" VPOS="807" HPOS="99"/>
							<String ID="string_162" HPOS="119" VPOS="808" WIDTH="105" HEIGHT="21" WC="0.94" CONTENT="Ilomants"/><SP WIDTH="15" VPOS="808" HPOS="224"/>
							<String ID="string_163" HPOS="239" VPOS="808" WIDTH="134" HEIGHT="21" WC="0.95" CONTENT="vidsträckta"/><SP WIDTH="15" VPOS="808" HPOS="373"/>
							<String ID="string_164" HPOS="388" VPOS="808" WIDTH="85" HEIGHT="21" WC="0.93" CONTENT="socken."/><SP WIDTH="31" VPOS="808" HPOS="473"/>
							<String ID="string_165" HPOS="504" VPOS="808" WIDTH="163" HEIGHT="21" WC="0.91" CONTENT="Lokaltrafiken"/><SP WIDTH="20" VPOS="808" HPOS="667"/>
							<String ID="string_166" HPOS="687" VPOS="808" WIDTH="48" HEIGHT="21" WC="0.96" CONTENT="från"/><SP WIDTH="16" VPOS="808" HPOS="735"/>
							<String ID="string_167" HPOS="751" VPOS="809" WIDTH="62" HEIGHT="21" WC="0.96" CONTENT="dessa"/>
						</TextLine>
						<TextLine ID="line_20" HPOS="52" VPOS="842" WIDTH="761" HEIGHT="28">
							<String ID="string_168" HPOS="52" VPOS="842" WIDTH="82" HEIGHT="21" WC="0.96" CONTENT="trakter"/><SP WIDTH="22" VPOS="842" HPOS="134"/>
							<String ID="string_169" HPOS="156" VPOS="842" WIDTH="29" HEIGHT="27" WC="0.96" CONTENT="på"/><SP WIDTH="17" VPOS="842" HPOS="185"/>
							<String ID="string_170" HPOS="202" VPOS="842" WIDTH="96" HEIGHT="21" WC="0.96" CONTENT="Joensuu"/><SP WIDTH="18" VPOS="842" HPOS="298"/>
							<String ID="string_171" HPOS="316" VPOS="842" WIDTH="71" HEIGHT="21" WC="0.96" CONTENT="kunde"/><SP WIDTH="18" VPOS="842" HPOS="387"/>
							<String ID="string_172" HPOS="405" VPOS="842" WIDTH="28" HEIGHT="27" WC="0.96" CONTENT="på"/><SP WIDTH="15" VPOS="842" HPOS="433"/>
							<String ID="string_173" HPOS="448" VPOS="843" WIDTH="70" HEIGHT="27" WC="0.96" CONTENT="grund"/><SP WIDTH="13" VPOS="843" HPOS="518"/>
							<String ID="string_174" HPOS="531" VPOS="842" WIDTH="66" HEIGHT="21" WC="0.96" CONTENT="häraf"/><SP WIDTH="14" VPOS="842" HPOS="597"/>
							<String ID="string_175" HPOS="611" VPOS="842" WIDTH="68" HEIGHT="22" WC="0.96" CONTENT="blifva"/><SP WIDTH="15" VPOS="842" HPOS="679"/>
							<String ID="string_176" HPOS="694" VPOS="842" WIDTH="24" HEIGHT="21" WC="0.96" CONTENT="af"/><SP WIDTH="13" VPOS="842" HPOS="718"/>
							<String ID="string_177" HPOS="731" VPOS="843" WIDTH="82" HEIGHT="27" WC="0.96" CONTENT="ganska"/>
						</TextLine>
						<TextLine ID="line_21" HPOS="52" VPOS="877" WIDTH="176" HEIGHT="26">
							<String ID="string_178" HPOS="52" VPOS="879" WIDTH="44" HEIGHT="18" WC="0.96" CONTENT="stor"/><SP WIDTH="15" VPOS="879" HPOS="96"/>
							<String ID="string_179" HPOS="111" VPOS="877" WIDTH="117" HEIGHT="26" WC="0.96" CONTENT="betydelse."/>
						</TextLine>
					</TextBlock>
					<TextBlock ID="block_2" HPOS="49" VPOS="911" WIDTH="764" HEIGHT="233">
						<TextLine ID="line_22" HPOS="129" VPOS="911" WIDTH="684" HEIGHT="28">
							<String ID="string_180" HPOS="129" VPOS="911" WIDTH="47" HEIGHT="20" WC="0.96" CONTENT="Den"/><SP WIDTH="25" VPOS="911" HPOS="176"/>
							<String ID="string_181" HPOS="201" VPOS="911" WIDTH="7" HEIGHT="20" WC="0.96" CONTENT="i"/><SP WIDTH="23" VPOS="911" HPOS="208"/>
							<String ID="string_182" HPOS="231" VPOS="911" WIDTH="79" HEIGHT="27" WC="0.95" CONTENT="nådiga"/><SP WIDTH="21" VPOS="911" HPOS="310"/>
							<String ID="string_183" HPOS="331" VPOS="911" WIDTH="162" HEIGHT="27" WC="0.95" CONTENT="propositionen"/><SP WIDTH="23" VPOS="911" HPOS="493"/>
							<String ID="string_184" HPOS="516" VPOS="911" WIDTH="123" HEIGHT="28" WC="0.96" CONTENT="föreslagna"/><SP WIDTH="22" VPOS="911" HPOS="639"/>
							<String ID="string_185" HPOS="661" VPOS="911" WIDTH="152" HEIGHT="27" WC="0.96" CONTENT="sträckningen"/>
						</TextLine>
						<TextLine ID="line_23" HPOS="52" VPOS="945" WIDTH="761" HEIGHT="27">
							<String ID="string_186" HPOS="52" VPOS="945" WIDTH="160" HEIGHT="21" WC="0.96" CONTENT="sammanfaller"/><SP WIDTH="22" VPOS="945" HPOS="212"/>
							<String ID="string_187" HPOS="234" VPOS="945" WIDTH="7" HEIGHT="21" WC="0.96" CONTENT="i"/><SP WIDTH="23" VPOS="945" HPOS="241"/>
							<String ID="string_188" HPOS="264" VPOS="946" WIDTH="48" HEIGHT="20" WC="0.96" CONTENT="dess"/><SP WIDTH="16" VPOS="946" HPOS="312"/>
							<String ID="string_189" HPOS="328" VPOS="945" WIDTH="83" HEIGHT="27" WC="0.96" CONTENT="sydliga"/><SP WIDTH="15" VPOS="945" HPOS="411"/>
							<String ID="string_190" HPOS="426" VPOS="945" WIDTH="35" HEIGHT="21" WC="0.96" CONTENT="del"/><SP WIDTH="16" VPOS="945" HPOS="461"/>
							<String ID="string_191" HPOS="477" VPOS="945" WIDTH="47" HEIGHT="21" WC="0.93" CONTENT="från"/><SP WIDTH="17" VPOS="945" HPOS="524"/>
							<String ID="string_192" HPOS="541" VPOS="945" WIDTH="118" HEIGHT="22" WC="0.92" CONTENT="Sordavala"/><SP WIDTH="14" VPOS="945" HPOS="659"/>
							<String ID="string_193" HPOS="673" VPOS="947" WIDTH="76" HEIGHT="19" WC="0.96" CONTENT="norrut"/><SP WIDTH="14" VPOS="947" HPOS="749"/>
							<String ID="string_194" HPOS="763" VPOS="946" WIDTH="50" HEIGHT="21" WC="0.96" CONTENT="med"/>
						</TextLine>
						<TextLine ID="line_24" HPOS="52" VPOS="979" WIDTH="761" HEIGHT="28">
							<String ID="string_195" HPOS="52" VPOS="979" WIDTH="64" HEIGHT="22" WC="0.92" CONTENT="ofvan"/><SP WIDTH="22" VPOS="979" HPOS="116"/>
							<String ID="string_196" HPOS="138" VPOS="979" WIDTH="111" HEIGHT="22" WC="0.92" CONTENT="beskrifna"/><SP WIDTH="15" VPOS="979" HPOS="249"/>
							<String ID="string_197" HPOS="264" VPOS="979" WIDTH="111" HEIGHT="28" WC="0.91" CONTENT="ostligaste"/><SP WIDTH="15" VPOS="979" HPOS="375"/>
							<String ID="string_198" HPOS="390" VPOS="979" WIDTH="58" HEIGHT="26" WC="0.91" CONTENT="linie,"/><SP WIDTH="15" VPOS="979" HPOS="448"/>
							<String ID="string_199" HPOS="463" VPOS="986" WIDTH="51" HEIGHT="14" WC="0.95" CONTENT="men"/><SP WIDTH="16" VPOS="986" HPOS="514"/>
							<String ID="string_200" HPOS="530" VPOS="979" WIDTH="74" HEIGHT="27" WC="0.96" CONTENT="skiljer"/><SP WIDTH="16" VPOS="979" HPOS="604"/>
							<String ID="string_201" HPOS="620" VPOS="979" WIDTH="32" HEIGHT="28" WC="0.93" CONTENT="sig"/><SP WIDTH="16" VPOS="979" HPOS="652"/>
							<String ID="string_202" HPOS="668" VPOS="979" WIDTH="93" HEIGHT="21" WC="0.92" CONTENT="derifrån"/><SP WIDTH="15" VPOS="979" HPOS="761"/>
							<String ID="string_203" HPOS="776" VPOS="980" WIDTH="37" HEIGHT="20" WC="0.96" CONTENT="vid"/>
						</TextLine>
						<TextLine ID="line_25" HPOS="52" VPOS="1013" WIDTH="761" HEIGHT="28">
							<String ID="string_204" HPOS="52" VPOS="1013" WIDTH="78" HEIGHT="28" WC="0.96" CONTENT="höjden"/><SP WIDTH="14" VPOS="1013" HPOS="130"/>
							<String ID="string_205" HPOS="144" VPOS="1013" WIDTH="25" HEIGHT="21" WC="0.96" CONTENT="af"/><SP WIDTH="13" VPOS="1013" HPOS="169"/>
							<String ID="string_206" HPOS="182" VPOS="1014" WIDTH="109" HEIGHT="26" WC="0.93" CONTENT="Wärtsilä,"/><SP WIDTH="16" VPOS="1014" HPOS="291"/>
							<String ID="string_207" HPOS="307" VPOS="1014" WIDTH="113" HEIGHT="21" WC="0.91" CONTENT="lemnande"/><SP WIDTH="15" VPOS="1014" HPOS="420"/>
							<String ID="string_208" HPOS="435" VPOS="1013" WIDTH="62" HEIGHT="22" WC="0.96" CONTENT="detta"/><SP WIDTH="14" VPOS="1013" HPOS="497"/>
							<String ID="string_209" HPOS="511" VPOS="1014" WIDTH="55" HEIGHT="21" WC="0.96" CONTENT="bruk"/><SP WIDTH="15" VPOS="1014" HPOS="566"/>
							<String ID="string_210" HPOS="581" VPOS="1014" WIDTH="28" HEIGHT="27" WC="0.96" CONTENT="på"/><SP WIDTH="16" VPOS="1014" HPOS="609"/>
							<String ID="string_211" HPOS="625" VPOS="1016" WIDTH="12" HEIGHT="18" WC="0.96" CONTENT="4"/><SP WIDTH="9" VPOS="1016" HPOS="637"/>
							<String ID="string_212" HPOS="646" VPOS="1014" WIDTH="124" HEIGHT="21" WC="0.93" CONTENT="kilometers"/><SP WIDTH="11" VPOS="1014" HPOS="770"/>
							<String ID="string_213" HPOS="781" VPOS="1013" WIDTH="32" HEIGHT="21" WC="0.91" CONTENT="af-"/>
						</TextLine>
						<TextLine ID="line_26" HPOS="52" VPOS="1047" WIDTH="761" HEIGHT="28">
							<String ID="string_214" HPOS="52" VPOS="1048" WIDTH="63" HEIGHT="21" WC="0.95" CONTENT="stånd"/><SP WIDTH="22" VPOS="1048" HPOS="115"/>
							<String ID="string_215" HPOS="137" VPOS="1048" WIDTH="34" HEIGHT="21" WC="0.95" CONTENT="till"/><SP WIDTH="23" VPOS="1048" HPOS="171"/>
							<String ID="string_216" HPOS="194" VPOS="1048" WIDTH="73" HEIGHT="27" WC="0.96" CONTENT="höger,"/><SP WIDTH="19" VPOS="1048" HPOS="267"/>
							<String ID="string_217" HPOS="286" VPOS="1047" WIDTH="34" HEIGHT="22" WC="0.96" CONTENT="för"/><SP WIDTH="15" VPOS="1047" HPOS="320"/>
							<String ID="string_218" HPOS="335" VPOS="1049" WIDTH="33" HEIGHT="20" WC="0.96" CONTENT="att"/><SP WIDTH="14" VPOS="1049" HPOS="368"/>
							<String ID="string_219" HPOS="382" VPOS="1048" WIDTH="71" HEIGHT="21" WC="0.96" CONTENT="vända"/><SP WIDTH="16" VPOS="1048" HPOS="453"/>
							<String ID="string_220" HPOS="469" VPOS="1048" WIDTH="32" HEIGHT="27" WC="0.96" CONTENT="sig"/><SP WIDTH="15" VPOS="1048" HPOS="501"/>
							<String ID="string_221" HPOS="516" VPOS="1048" WIDTH="34" HEIGHT="21" WC="0.93" CONTENT="till"/><SP WIDTH="15" VPOS="1048" HPOS="550"/>
							<String ID="string_222" HPOS="565" VPOS="1048" WIDTH="76" HEIGHT="21" WC="0.91" CONTENT="Kemie"/><SP WIDTH="15" VPOS="1048" HPOS="641"/>
							<String ID="string_223" HPOS="656" VPOS="1048" WIDTH="27" HEIGHT="27" WC="0.96" CONTENT="by"/><SP WIDTH="16" VPOS="1048" HPOS="683"/>
							<String ID="string_224" HPOS="699" VPOS="1048" WIDTH="7" HEIGHT="20" WC="0.93" CONTENT="i"/><SP WIDTH="15" VPOS="1048" HPOS="706"/>
							<String ID="string_225" HPOS="721" VPOS="1048" WIDTH="92" HEIGHT="21" WC="0.91" CONTENT="Tohma-"/>
						</TextLine>
						<TextLine ID="line_27" HPOS="49" VPOS="1082" WIDTH="764" HEIGHT="27">
							<String ID="string_226" HPOS="49" VPOS="1082" WIDTH="55" HEIGHT="27" WC="0.96" CONTENT="järvi"/><SP WIDTH="19" VPOS="1082" HPOS="104"/>
							<String ID="string_227" HPOS="123" VPOS="1082" WIDTH="40" HEIGHT="21" WC="0.96" CONTENT="och"/><SP WIDTH="17" VPOS="1082" HPOS="163"/>
							<String ID="string_228" HPOS="180" VPOS="1083" WIDTH="64" HEIGHT="20" WC="0.96" CONTENT="sedan"/><SP WIDTH="16" VPOS="1083" HPOS="244"/>
							<String ID="string_229" HPOS="260" VPOS="1083" WIDTH="36" HEIGHT="20" WC="0.93" CONTENT="vid"/><SP WIDTH="15" VPOS="1083" HPOS="296"/>
							<String ID="string_230" HPOS="311" VPOS="1082" WIDTH="174" HEIGHT="21" WC="0.90" CONTENT="Tikkalanvaara"/><SP WIDTH="14" VPOS="1082" HPOS="485"/>
							<String ID="string_231" HPOS="499" VPOS="1083" WIDTH="28" HEIGHT="26" WC="0.97" CONTENT="by"/><SP WIDTH="16" VPOS="1083" HPOS="527"/>
							<String ID="string_232" HPOS="543" VPOS="1082" WIDTH="150" HEIGHT="21" WC="0.96" CONTENT="sammanfalla"/><SP WIDTH="14" VPOS="1082" HPOS="693"/>
							<String ID="string_233" HPOS="707" VPOS="1082" WIDTH="49" HEIGHT="21" WC="0.96" CONTENT="med"/><SP WIDTH="16" VPOS="1082" HPOS="756"/>
							<String ID="string_234" HPOS="772" VPOS="1082" WIDTH="41" HEIGHT="21" WC="0.96" CONTENT="den"/>
						</TextLine>
						<TextLine ID="line_28" HPOS="52" VPOS="1116" WIDTH="701" HEIGHT="28">
							<String ID="string_235" HPOS="52" VPOS="1116" WIDTH="121" HEIGHT="27" WC="0.92" CONTENT="föreslagna"/><SP WIDTH="14" VPOS="1116" HPOS="173"/>
							<String ID="string_236" HPOS="187" VPOS="1117" WIDTH="92" HEIGHT="27" WC="0.91" CONTENT="vestliga"/><SP WIDTH="16" VPOS="1117" HPOS="279"/>
							<String ID="string_237" HPOS="295" VPOS="1117" WIDTH="149" HEIGHT="26" WC="0.96" CONTENT="sträckningen"/><SP WIDTH="16" VPOS="1117" HPOS="444"/>
							<String ID="string_238" HPOS="460" VPOS="1118" WIDTH="97" HEIGHT="19" WC="0.96" CONTENT="närmast"/><SP WIDTH="15" VPOS="1118" HPOS="557"/>
							<String ID="string_239" HPOS="572" VPOS="1117" WIDTH="73" HEIGHT="21" WC="0.96" CONTENT="Saima"/><SP WIDTH="14" VPOS="1117" HPOS="645"/>
							<String ID="string_240" HPOS="659" VPOS="1118" WIDTH="94" HEIGHT="19" WC="0.96" CONTENT="vattnen."/>
						</TextLine>
					</TextBlock>
					<TextBlock ID="block_3" HPOS="51" VPOS="1150" WIDTH="764" HEIGHT="339">
						<TextLine ID="line_29" HPOS="122" VPOS="1150" WIDTH="691" HEIGHT="28">
							<String ID="string_241" HPOS="122" VPOS="1151" WIDTH="47" HEIGHT="21" WC="0.96" CONTENT="Den"/><SP WIDTH="17" VPOS="1151" HPOS="169"/>
							<String ID="string_242" HPOS="186" VPOS="1152" WIDTH="33" HEIGHT="20" WC="0.96" CONTENT="del"/><SP WIDTH="16" VPOS="1152" HPOS="219"/>
							<String ID="string_243" HPOS="235" VPOS="1151" WIDTH="24" HEIGHT="21" WC="0.96" CONTENT="af"/><SP WIDTH="13" VPOS="1151" HPOS="259"/>
							<String ID="string_244" HPOS="272" VPOS="1152" WIDTH="70" HEIGHT="20" WC="0.93" CONTENT="denna"/><SP WIDTH="14" VPOS="1152" HPOS="342"/>
							<String ID="string_245" HPOS="356" VPOS="1151" WIDTH="57" HEIGHT="27" WC="0.92" CONTENT="linie,"/><SP WIDTH="17" VPOS="1151" HPOS="413"/>
							<String ID="string_246" HPOS="430" VPOS="1157" WIDTH="47" HEIGHT="15" WC="0.96" CONTENT="som"/><SP WIDTH="16" VPOS="1157" HPOS="477"/>
							<String ID="string_247" HPOS="493" VPOS="1151" WIDTH="68" HEIGHT="27" WC="0.96" CONTENT="ligger"/><SP WIDTH="10" VPOS="1151" HPOS="561"/>
							<String ID="string_248" HPOS="571" VPOS="1152" WIDTH="78" HEIGHT="20" WC="0.96" CONTENT="mellan"/><SP WIDTH="11" VPOS="1152" HPOS="649"/>
							<String ID="string_249" HPOS="660" VPOS="1151" WIDTH="102" HEIGHT="21" WC="0.96" CONTENT="Wärtsilä"/><SP WIDTH="11" VPOS="1151" HPOS="762"/>
							<String ID="string_250" HPOS="773" VPOS="1150" WIDTH="40" HEIGHT="21" WC="0.96" CONTENT="och"/>
						</TextLine>
						<TextLine ID="line_30" HPOS="51" VPOS="1184" WIDTH="762" HEIGHT="29">
							<String ID="string_251" HPOS="51" VPOS="1186" WIDTH="171" HEIGHT="21" WC="0.92" CONTENT="Tikkalanvaara"/><SP WIDTH="22" VPOS="1186" HPOS="222"/>
							<String ID="string_252" HPOS="244" VPOS="1186" WIDTH="34" HEIGHT="27" WC="0.96" CONTENT="by,"/><SP WIDTH="24" VPOS="1186" HPOS="278"/>
							<String ID="string_253" HPOS="302" VPOS="1188" WIDTH="24" HEIGHT="19" WC="0.96" CONTENT="är"/><SP WIDTH="22" VPOS="1188" HPOS="326"/>
							<String ID="string_254" HPOS="348" VPOS="1186" WIDTH="47" HEIGHT="21" WC="0.96" CONTENT="icke"/><SP WIDTH="15" VPOS="1186" HPOS="395"/>
							<String ID="string_255" HPOS="410" VPOS="1186" WIDTH="98" HEIGHT="21" WC="0.96" CONTENT="tekniskt"/><SP WIDTH="14" VPOS="1186" HPOS="508"/>
							<String ID="string_256" HPOS="522" VPOS="1186" WIDTH="124" HEIGHT="26" WC="0.96" CONTENT="undersökt,"/><SP WIDTH="16" VPOS="1186" HPOS="646"/>
							<String ID="string_257" HPOS="662" VPOS="1192" WIDTH="49" HEIGHT="14" WC="0.96" CONTENT="men"/><SP WIDTH="15" VPOS="1192" HPOS="711"/>
							<String ID="string_258" HPOS="726" VPOS="1185" WIDTH="40" HEIGHT="21" WC="0.93" CONTENT="har"/><SP WIDTH="15" VPOS="1185" HPOS="766"/>
							<String ID="string_259" HPOS="781" VPOS="1184" WIDTH="32" HEIGHT="21" WC="0.92" CONTENT="öf-"/>
						</TextLine>
						<TextLine ID="line_31" HPOS="51" VPOS="1219" WIDTH="762" HEIGHT="29">
							<String ID="string_260" HPOS="51" VPOS="1220" WIDTH="163" HEIGHT="28" WC="0.91" CONTENT="veringeniören"/><SP WIDTH="22" VPOS="1220" HPOS="214"/>
							<String ID="string_261" HPOS="236" VPOS="1220" WIDTH="38" HEIGHT="21" WC="0.93" CONTENT="Th."/><SP WIDTH="20" VPOS="1220" HPOS="274"/>
							<String ID="string_262" HPOS="294" VPOS="1220" WIDTH="105" HEIGHT="26" WC="0.92" CONTENT="Tallqvist"/><SP WIDTH="21" VPOS="1220" HPOS="399"/>
							<String ID="string_263" HPOS="420" VPOS="1222" WIDTH="73" HEIGHT="19" WC="0.96" CONTENT="ansett"/><SP WIDTH="22" VPOS="1222" HPOS="493"/>
							<String ID="string_264" HPOS="515" VPOS="1220" WIDTH="33" HEIGHT="27" WC="0.96" CONTENT="sig"/><SP WIDTH="23" VPOS="1220" HPOS="548"/>
							<String ID="string_265" HPOS="571" VPOS="1220" WIDTH="29" HEIGHT="26" WC="0.96" CONTENT="på"/><SP WIDTH="15" VPOS="1220" HPOS="600"/>
							<String ID="string_266" HPOS="615" VPOS="1220" WIDTH="69" HEIGHT="26" WC="0.96" CONTENT="grund"/><SP WIDTH="15" VPOS="1220" HPOS="684"/>
							<String ID="string_267" HPOS="699" VPOS="1219" WIDTH="24" HEIGHT="21" WC="0.92" CONTENT="af"/><SP WIDTH="14" VPOS="1219" HPOS="723"/>
							<String ID="string_268" HPOS="737" VPOS="1219" WIDTH="76" HEIGHT="21" WC="0.92" CONTENT="okulär"/>
						</TextLine>
						<TextLine ID="line_32" HPOS="51" VPOS="1253" WIDTH="761" HEIGHT="29">
							<String ID="string_269" HPOS="51" VPOS="1255" WIDTH="122" HEIGHT="27" WC="0.91" CONTENT="besigtning"/><SP WIDTH="22" VPOS="1255" HPOS="173"/>
							<String ID="string_270" HPOS="195" VPOS="1255" WIDTH="73" HEIGHT="21" WC="0.96" CONTENT="kunna"/><SP WIDTH="18" VPOS="1255" HPOS="268"/>
							<String ID="string_271" HPOS="286" VPOS="1255" WIDTH="95" HEIGHT="21" WC="0.95" CONTENT="beräkna"/><SP WIDTH="14" VPOS="1255" HPOS="381"/>
							<String ID="string_272" HPOS="395" VPOS="1254" WIDTH="148" HEIGHT="21" WC="0.96" CONTENT="kostnaderna"/><SP WIDTH="15" VPOS="1254" HPOS="543"/>
							<String ID="string_273" HPOS="558" VPOS="1254" WIDTH="63" HEIGHT="21" WC="0.96" CONTENT="äfven"/><SP WIDTH="16" VPOS="1254" HPOS="621"/>
							<String ID="string_274" HPOS="637" VPOS="1254" WIDTH="33" HEIGHT="21" WC="0.96" CONTENT="för"/><SP WIDTH="16" VPOS="1254" HPOS="670"/>
							<String ID="string_275" HPOS="686" VPOS="1254" WIDTH="70" HEIGHT="20" WC="0.95" CONTENT="denna"/><SP WIDTH="15" VPOS="1254" HPOS="756"/>
							<String ID="string_276" HPOS="771" VPOS="1253" WIDTH="41" HEIGHT="21" WC="0.94" CONTENT="del."/>
						</TextLine>
						<TextLine ID="line_33" HPOS="51" VPOS="1288" WIDTH="762" HEIGHT="28">
							<String ID="string_277" HPOS="51" VPOS="1290" WIDTH="56" HEIGHT="20" WC="0.96" CONTENT="Hela"/><SP WIDTH="27" VPOS="1290" HPOS="107"/>
							<String ID="string_278" HPOS="134" VPOS="1290" WIDTH="92" HEIGHT="26" WC="0.95" CONTENT="längden"/><SP WIDTH="30" VPOS="1290" HPOS="226"/>
							<String ID="string_279" HPOS="256" VPOS="1289" WIDTH="24" HEIGHT="21" WC="0.93" CONTENT="af"/><SP WIDTH="20" VPOS="1289" HPOS="280"/>
							<String ID="string_280" HPOS="300" VPOS="1289" WIDTH="66" HEIGHT="21" WC="0.91" CONTENT="linien"/><SP WIDTH="23" VPOS="1289" HPOS="366"/>
							<String ID="string_281" HPOS="389" VPOS="1288" WIDTH="47" HEIGHT="22" WC="0.93" CONTENT="från"/><SP WIDTH="24" VPOS="1288" HPOS="436"/>
							<String ID="string_282" HPOS="460" VPOS="1288" WIDTH="120" HEIGHT="22" WC="0.91" CONTENT="Sordavala"/><SP WIDTH="23" VPOS="1288" HPOS="580"/>
							<String ID="string_283" HPOS="603" VPOS="1288" WIDTH="34" HEIGHT="21" WC="0.96" CONTENT="till"/><SP WIDTH="22" VPOS="1288" HPOS="637"/>
							<String ID="string_284" HPOS="659" VPOS="1288" WIDTH="95" HEIGHT="21" WC="0.93" CONTENT="Joensuu"/><SP WIDTH="25" VPOS="1288" HPOS="754"/>
							<String ID="string_285" HPOS="779" VPOS="1288" WIDTH="34" HEIGHT="19" WC="0.88" CONTENT="ut-"/>
						</TextLine>
						<TextLine ID="line_34" HPOS="52" VPOS="1320" WIDTH="763" HEIGHT="31">
							<String ID="string_286" HPOS="52" VPOS="1326" WIDTH="38" HEIGHT="25" WC="0.96" CONTENT="gör"/><SP WIDTH="22" VPOS="1326" HPOS="90"/>
							<String ID="string_287" HPOS="112" VPOS="1325" WIDTH="57" HEIGHT="25" WC="0.85" CONTENT="128,5"/><SP WIDTH="19" VPOS="1325" HPOS="169"/>
							<String ID="string_288" HPOS="188" VPOS="1324" WIDTH="114" HEIGHT="20" WC="0.96" CONTENT="kilometer"/><SP WIDTH="21" VPOS="1324" HPOS="302"/>
							<String ID="string_289" HPOS="323" VPOS="1323" WIDTH="50" HEIGHT="21" WC="0.96" CONTENT="med"/><SP WIDTH="15" VPOS="1323" HPOS="373"/>
							<String ID="string_290" HPOS="388" VPOS="1329" WIDTH="27" HEIGHT="15" WC="0.96" CONTENT="en"/><SP WIDTH="15" VPOS="1329" HPOS="415"/>
							<String ID="string_291" HPOS="430" VPOS="1324" WIDTH="94" HEIGHT="26" WC="0.93" CONTENT="antagen"/><SP WIDTH="17" VPOS="1324" HPOS="524"/>
							<String ID="string_292" HPOS="541" VPOS="1320" WIDTH="235" HEIGHT="29" WC="0.92" CONTENT="anläggningskostnad"/><SP WIDTH="15" VPOS="1320" HPOS="776"/>
							<String ID="string_293" HPOS="791" VPOS="1320" WIDTH="24" HEIGHT="20" WC="0.96" CONTENT="af"/>
						</TextLine>
						<TextLine ID="line_35" HPOS="52" VPOS="1354" WIDTH="762" HEIGHT="30">
							<String ID="string_294" HPOS="52" VPOS="1359" WIDTH="114" HEIGHT="25" WC="0.79" CONTENT="7,840,000"/><SP WIDTH="22" VPOS="1359" HPOS="166"/>
							<String ID="string_295" HPOS="188" VPOS="1358" WIDTH="68" HEIGHT="26" WC="0.93" CONTENT="mark,"/><SP WIDTH="23" VPOS="1358" HPOS="256"/>
							<String ID="string_296" HPOS="279" VPOS="1357" WIDTH="87" HEIGHT="21" WC="0.92" CONTENT="hvartill"/><SP WIDTH="22" VPOS="1357" HPOS="366"/>
							<String ID="string_297" HPOS="388" VPOS="1357" WIDTH="99" HEIGHT="21" WC="0.93" CONTENT="kommer"/><SP WIDTH="22" VPOS="1357" HPOS="487"/>
							<String ID="string_298" HPOS="509" VPOS="1356" WIDTH="94" HEIGHT="28" WC="0.95" CONTENT="längden"/><SP WIDTH="22" VPOS="1356" HPOS="603"/>
							<String ID="string_299" HPOS="625" VPOS="1356" WIDTH="24" HEIGHT="21" WC="0.93" CONTENT="af"/><SP WIDTH="21" VPOS="1356" HPOS="649"/>
							<String ID="string_300" HPOS="670" VPOS="1356" WIDTH="94" HEIGHT="21" WC="0.95" CONTENT="bibanan"/><SP WIDTH="15" VPOS="1356" HPOS="764"/>
							<String ID="string_301" HPOS="779" VPOS="1354" WIDTH="35" HEIGHT="22" WC="0.96" CONTENT="till"/>
						</TextLine>
						<TextLine ID="line_36" HPOS="51" VPOS="1390" WIDTH="762" HEIGHT="28">
							<String ID="string_302" HPOS="51" VPOS="1392" WIDTH="103" HEIGHT="22" WC="0.95" CONTENT="Wärtsilä"/><SP WIDTH="15" VPOS="1392" HPOS="154"/>
							<String ID="string_303" HPOS="169" VPOS="1392" WIDTH="25" HEIGHT="21" WC="0.96" CONTENT="af"/><SP WIDTH="13" VPOS="1392" HPOS="194"/>
							<String ID="string_304" HPOS="207" VPOS="1394" WIDTH="12" HEIGHT="19" WC="0.96" CONTENT="4"/><SP WIDTH="11" VPOS="1394" HPOS="219"/>
							<String ID="string_305" HPOS="230" VPOS="1392" WIDTH="114" HEIGHT="21" WC="0.96" CONTENT="kilometer"/><SP WIDTH="10" VPOS="1392" HPOS="344"/>
							<String ID="string_306" HPOS="354" VPOS="1392" WIDTH="49" HEIGHT="20" WC="0.96" CONTENT="med"/><SP WIDTH="8" VPOS="1392" HPOS="403"/>
							<String ID="string_307" HPOS="411" VPOS="1397" WIDTH="26" HEIGHT="15" WC="0.92" CONTENT="en"/><SP WIDTH="9" VPOS="1397" HPOS="437"/>
							<String ID="string_308" HPOS="446" VPOS="1390" WIDTH="235" HEIGHT="28" WC="0.91" CONTENT="anläggningskostnad"/><SP WIDTH="9" VPOS="1390" HPOS="681"/>
							<String ID="string_309" HPOS="690" VPOS="1390" WIDTH="24" HEIGHT="20" WC="0.93" CONTENT="af"/><SP WIDTH="7" VPOS="1390" HPOS="714"/>
							<String ID="string_310" HPOS="721" VPOS="1390" WIDTH="92" HEIGHT="25" WC="0.92" CONTENT="300,000"/>
						</TextLine>
						<TextLine ID="line_37" HPOS="51" VPOS="1424" WIDTH="762" HEIGHT="29">
							<String ID="string_311" HPOS="51" VPOS="1428" WIDTH="68" HEIGHT="21" WC="0.96" CONTENT="mark."/><SP WIDTH="19" VPOS="1428" HPOS="119"/>
							<String ID="string_312" HPOS="138" VPOS="1427" WIDTH="68" HEIGHT="21" WC="0.96" CONTENT="Dessa"/><SP WIDTH="15" VPOS="1427" HPOS="206"/>
							<String ID="string_313" HPOS="221" VPOS="1426" WIDTH="37" HEIGHT="27" WC="0.93" CONTENT="tal,"/><SP WIDTH="17" VPOS="1426" HPOS="258"/>
							<String ID="string_314" HPOS="275" VPOS="1426" WIDTH="70" HEIGHT="21" WC="0.92" CONTENT="stälda"/><SP WIDTH="16" VPOS="1426" HPOS="345"/>
							<String ID="string_315" HPOS="361" VPOS="1427" WIDTH="110" HEIGHT="26" WC="0.96" CONTENT="gentemot"/><SP WIDTH="16" VPOS="1427" HPOS="471"/>
							<String ID="string_316" HPOS="487" VPOS="1426" WIDTH="111" HEIGHT="21" WC="0.96" CONTENT="desamma"/><SP WIDTH="15" VPOS="1426" HPOS="598"/>
							<String ID="string_317" HPOS="613" VPOS="1424" WIDTH="33" HEIGHT="22" WC="0.93" CONTENT="för"/><SP WIDTH="16" VPOS="1424" HPOS="646"/>
							<String ID="string_318" HPOS="662" VPOS="1424" WIDTH="151" HEIGHT="27" WC="0.96" CONTENT="sträckningen"/>
						</TextLine>
						<TextLine ID="line_38" HPOS="51" VPOS="1458" WIDTH="763" HEIGHT="31">
							<String ID="string_319" HPOS="51" VPOS="1468" WIDTH="77" HEIGHT="21" WC="0.96" CONTENT="genom"/><SP WIDTH="15" VPOS="1468" HPOS="128"/>
							<String ID="string_320" HPOS="143" VPOS="1461" WIDTH="104" HEIGHT="21" WC="0.96" CONTENT="Wärtsilä"/><SP WIDTH="15" VPOS="1461" HPOS="247"/>
							<String ID="string_321" HPOS="262" VPOS="1461" WIDTH="39" HEIGHT="21" WC="0.96" CONTENT="och"/><SP WIDTH="10" VPOS="1461" HPOS="301"/>
							<String ID="string_322" HPOS="311" VPOS="1461" WIDTH="175" HEIGHT="26" WC="0.93" CONTENT="Kiihtelysvaara"/><SP WIDTH="10" VPOS="1461" HPOS="486"/>
							<String ID="string_323" HPOS="496" VPOS="1460" WIDTH="104" HEIGHT="27" WC="0.92" CONTENT="kyrkoby,"/><SP WIDTH="12" VPOS="1460" HPOS="600"/>
							<String ID="string_324" HPOS="612" VPOS="1459" WIDTH="71" HEIGHT="22" WC="0.93" CONTENT="utvisa"/><SP WIDTH="11" VPOS="1459" HPOS="683"/>
							<String ID="string_325" HPOS="694" VPOS="1465" WIDTH="25" HEIGHT="14" WC="0.96" CONTENT="en"/><SP WIDTH="11" VPOS="1465" HPOS="719"/>
							<String ID="string_326" HPOS="730" VPOS="1458" WIDTH="84" HEIGHT="21" WC="0.96" CONTENT="mindre"/>
						</TextLine>
					</TextBlock>
					<TextBlock ID="block_4" HPOS="119" VPOS="1494" WIDTH="398" HEIGHT="24">
						<TextLine ID="line_39" HPOS="119" VPOS="1494" WIDTH="398" HEIGHT="24">
							<String ID="string_327" HPOS="119" VPOS="1495" WIDTH="190" HEIGHT="23" WC="0.88" CONTENT="Jernvägsutskottets"/><SP WIDTH="14" VPOS="1495" HPOS="309"/>
							<String ID="string_328" HPOS="323" VPOS="1494" WIDTH="116" HEIGHT="17" WC="0.96" CONTENT="betänkande"/><SP WIDTH="13" VPOS="1494" HPOS="439"/>
							<String ID="string_329" HPOS="452" VPOS="1495" WIDTH="37" HEIGHT="16" WC="0.80" CONTENT="N:o"/><SP WIDTH="13" VPOS="1495" HPOS="489"/>
							<String ID="string_330" HPOS="502" VPOS="1495" WIDTH="15" HEIGHT="16" WC="0.96" CONTENT="1."/>
						</TextLine>
					</TextBlock>
				</ComposedBlock>
			</PrintSpace>
		</Page>
	</Layout>
</alto>
