1056 1725
256 118 14 22 4
443 117 66 25 Ständ.
525 116 30 25 $v.
571 129 28 4 —
615 116 54 32 Prop.
686 117 32 24 W:o
733 116 30 24 41.

228 184 96 22 komitén
340 184 121 28 föreslagna
475 187 150 25 regementena
651 185 34 23 till
700 184 77 24 endast
791 182 46 28 fyra
852 182 52 23 eller
919 182 32 21 ett
965 180 24 22 så

226 220 63 27 ringa
304 219 67 27 antal,
387 220 33 21 att
434 219 63 22 deras
519 220 159 28 undervisning,
694 219 63 23 äfven
772 225 35 15 om
821 218 27 22 de
862 216 86 22 inträda
961 214 28 28 på

225 254 59 22 olika
298 254 64 27 tider,
377 254 47 22 icke
438 254 68 22 borde
528 254 73 22 kunna
622 254 57 23 vålla
696 253 131 23 nämnvärda
848 250 140 30 svårigheter,

226 295 36 15 om
276 291 28 20 än
320 288 99 28 öfningar
434 289 40 21 och
489 289 141 28 tjenstgöring
651 290 36 21 vid
705 296 26 15 en
747 288 66 23 sådan
829 289 64 26 trupp
911 290 37 21 äro
967 287 24 22 af

226 323 155 28 jemförelsevis
395 324 113 22 invecklad
523 324 156 23 beskaffenhet.
705 323 120 23 Ständerna
839 323 63 21 hafva
918 321 71 22 derför

228 358 48 22 icke
290 358 84 22 kunnat
389 359 6 21 i
411 359 61 21 detta
491 358 100 23 afseende
610 359 115 28 godkänna
746 358 41 22 den
801 358 78 27 nådiga
894 357 95 28 proposi-

228 393 80 27 tionen,
324 393 41 22 och
378 393 40 22 har
432 393 57 28 förty
503 393 12 28 $
530 393 47 22 från
592 400 29 15 nu
636 393 163 28 ifrågavarande
809 391 181 29 författningsför-

229 427 47 28 slag
290 427 136 30 utelemnats.

300 461 167 28 Uppställandet
481 461 24 22 af
518 461 65 23 finskt
604 462 103 22 kavalleri
722 462 103 28 påkallar,
841 461 71 23 såsom
927 461 62 22 äfven

232 497 8 21 i
256 496 41 22 den
314 495 78 28 nådiga
414 496 160 27 propositionen
599 497 128 27 framhålles,
746 503 27 15 en
791 496 79 27 ökning
889 495 23 23 af
925 496 42 21 den
982 496 7 21 i

232 531 40 21 121
289 529 12 28 $
316 530 26 22 V.
357 530 25 21 L.
396 530 113 23 faststälda
524 531 72 22 aktiva
611 531 192 22 fredsnumerären.

301 565 11 21 I
328 565 42 22 den
386 565 117 28 skrifvelse,
519 565 122 23 Ständerna
659 566 35 22 vid
714 565 141 23 1877—1878
871 565 34 22 ärs
920 565 70 22 landt-

232 600 42 27 dag
289 599 65 23 afläto
370 599 70 23 säsom
456 606 49 16 svar
519 600 28 28 pä
565 600 79 29 nädiga
658 601 162 27 propositionen
835 600 108 28 angäende
959 600 31 20 in-

232 634 90 22 förande
338 634 24 22 af
375 634 79 22 allmän
469 635 124 28 värnepligt,
610 635 125 23 förutsättes
750 635 130 27 visserligen,
891 636 32 20 att
933 634 57 22 inom

232 669 95 22 nämnda
341 669 159 22 fredsnumerär
519 669 24 22 af
559 670 58 22 5000
637 676 50 16 man
706 670 69 21 skulle
789 669 72 22 kunna
876 669 115 27 inrymmas

233 703 65 23 äfven
312 704 149 27 specialvapen
476 704 102 22 särskildt
596 705 129 27 derigenom,
741 705 38 26 att,
795 704 69 22 säsom
880 704 65 21 orden
960 704 31 26 ly-

234 738 34 28 da,
284 738 270 28 yinfanteribataljonernas
576 739 159 22 fredsnumerär
753 738 100 28 möjligen
867 738 72 22 kunde
954 738 37 22 nä-

233 774 39 26 got
286 773 114 22 reduceras
415 772 34 22 för
463 774 33 21 att
513 774 71 21 lemna
604 774 67 27 nägra
692 774 84 21 hundra
791 779 49 16 man
855 772 33 22 till
903 773 88 27 special-

234 807 136 28 trupperna.*
400 807 51 22 Men
465 807 118 23 Ständerna
605 808 64 22 hafva
691 808 55 22 dock
765 808 46 22 icke
830 814 29 15 nu
874 808 70 21 ansett
959 808 32 27 sig

234 842 56 22 böra
303 842 108 28 tillstyrka
421 848 27 16 en
457 842 122 29 minskning
589 842 22 22 af
618 842 295 29 skarpskyttebataljonernas
924 842 68 22 freds-

234 878 110 21 numerär.
388 877 10 21 I
422 876 142 23 betraktande
590 877 62 22 deraf
676 879 33 20 att
733 877 150 27 bataljonerna
907 877 36 22 vid
965 884 26 15 en

234 911 148 28 mobilisering
396 912 33 21 till
447 913 46 20 stor
511 912 34 21 del
567 913 85 21 komme
675 913 32 21 att
726 912 153 27 kompletteras
895 911 49 22 med
959 918 33 15 re-

235 948 105 25 servmän,
357 953 45 15 som
417 946 76 22 endast
507 947 62 22 nittio
586 947 67 27 dagar
667 947 69 22 öfvats
751 947 8 21 i
773 946 152 27 militärtjenst,
941 953 52 15 anse

235 981 123 22 Ständerna
372 981 107 27 nämligen
494 987 26 16 en
536 981 113 22 reduktion
668 981 23 22 af
703 981 187 22 fredsnumerären
905 981 88 22 betänk-

235 1016 37 27 lig,
288 1016 113 21 hvarutom
417 1015 102 28 ätgärden
534 1017 47 22 icke
596 1022 51 17 vore
663 1017 69 27 egnad
748 1018 32 20 att
794 1016 8 21 i
816 1016 118 22 nämnvärd
943 1022 50 15 mon

235 1051 120 27 nedbringa
369 1051 152 22 kostnaderna.

306 1085 70 27 Längt
391 1085 150 28 förmonligare
558 1085 48 22 frän
624 1086 135 22 uteslutande
774 1085 97 22 finansiel
887 1085 107 27 synpunkt

236 1127 52 15 vore
304 1121 36 21 det
356 1121 96 21 deremot
467 1121 31 21 att
513 1120 46 22 helt
573 1120 40 22 och
628 1120 67 22 hället
709 1121 90 27 indraga
813 1127 27 16 en
848 1121 146 27 skarpskytte-

237 1155 104 27 bataljon.
372 1154 51 23 Men
441 1155 48 22 med
508 1156 31 21 ett
554 1155 77 22 sådant
645 1155 122 22 förfarande
783 1156 68 22 skulle
865 1156 84 21 landets
963 1156 31 22 äf-

236 1197 42 15 ven
292 1190 52 27 eljes
360 1196 43 21 nog
417 1189 89 28 fätaliga
520 1189 175 28 infanteristyrka
710 1190 116 28 försvagas,
834 1190 114 22 hvarutom
959 1191 36 21 det

237 1225 49 22 icke
300 1230 64 22 synes
378 1224 35 22 väl
427 1224 90 22 betänkt
532 1226 31 20 att
577 1224 8 22 i
600 1231 27 15 en
642 1225 24 21 sä
680 1225 120 27 väsendtlig
815 1225 34 21 del
864 1225 69 22 rubba
947 1226 48 22 dess

238 1262 58 20 ännu
312 1259 48 22 icke
375 1265 37 16 ens
427 1259 30 21 tio
473 1259 24 22 är
510 1259 71 27 gamla
595 1260 232 27 militärorganisation.

308 1294 31 22 Pä
354 1294 63 22 dessa
431 1294 47 22 skäl
492 1294 63 22 hafva
574 1294 119 22 Ständerna
708 1294 72 22 derför
794 1294 88 22 beslutit
896 1296 32 21 att
943 1295 51 22 lem-

237 1336 28 15 na
280 1330 69 26 begge
365 1329 27 21 de
406 1329 93 21 nämnda
513 1330 117 26 utvägarne
647 1329 33 21 för
695 1328 87 28 frägans
797 1329 84 28 lösning
895 1331 53 21 utan
963 1330 31 22 af-

238 1364 79 22 seende
332 1365 56 20 samt
403 1365 31 20 att
448 1364 8 21 i
471 1364 72 22 stället
556 1370 77 20 genom
649 1364 90 27 ändring
754 1363 23 21 af
793 1364 39 21 121
841 1359 13 37 &
848 1364 47 27 V.
906 1364 24 22 L.
942 1364 51 28 möj-

237 1399 83 27 liggöra
335 1398 160 28 uppställandet
509 1398 23 22 af
545 1398 65 22 finskt
625 1398 109 27 kavalleri,
749 1400 54 20 utan
817 1400 33 20 att
865 1405 27 15 en
901 1400 92 22 motsva-

238 1433 67 23 rande
320 1432 115 24 reduktion
450 1432 23 24 af
486 1432 122 25 infantoriot
623 1432 91 24 bohöfde
727 1433 104 29 vidtagas.
