1056 1725
245 117 12 17 6
472 116 22 19 U.
507 117 22 19 B.
543 128 21 2 —
577 117 62 24 Prop.
652 118 37 18 N:o
701 118 32 19 39.

717 176 107 26 Transport
840 176 98 25 610,310:
953 188 29 4 —

481 225 45 22 För
541 226 37 21 2:a
593 228 134 25 regementet:

224 266 20 26 a)
260 266 234 26 Undervisningskursen
510 267 31 19 för
555 268 70 18 under-

294 301 52 19 befäl
369 301 44 20 från
435 302 9 18 1
466 302 98 25 April—1
587 302 39 19 No-

292 336 81 19 vember
391 335 51 20 1891
476 351 3 4 .
511 351 4 4 .
547 351 4 4 .
583 351 4 4 .
621 351 3 4 .
658 336 97 25 116,000:
770 348 29 3 —

223 369 21 26 b)
261 369 29 20 Af
308 369 63 20 första
386 370 182 25 uppsättningsäret
583 371 44 19 med

293 403 147 26 värnepligtige
455 404 43 19 frän
519 405 4 18 1
541 405 84 19 Novem-

294 438 90 19 ber—31
402 438 109 19 December
529 438 49 19 1891
625 454 3 3 ..
662 439 138 31 139,555:
788 435 17 39 —
840 445 97 24 —255,555:
954 456 27 3 —

223 475 46 22 För
284 477 175 27 brigadstyrelsen
474 477 67 21 under
553 479 26 19 ett
587 478 40 20 år
616 471 14 37 .
854 479 84 25 25,820:
954 490 27 3 —

238 527 12 10 »
282 511 195 28 kasernbyggnader
513 527 4 4 .
549 528 3 4 .
585 529 4 4 .
621 528 4 4 .
790 542 3 1 =
819 513 118 30 1,000,000:
957 525 23 3 —

425 557 3 2 i
751 538 53 47 Fay
817 542 120 37 1,891,685:
954 565 26 3 —

294 593 70 19 Denna
386 594 31 19 del
437 594 22 18 af
477 594 113 25 Kejserliga
609 593 94 19 Senatens
720 593 77 25 förslag
811 593 104 27 återfinnes
931 594 50 19 dock

221 627 46 19 icke
290 628 6 18 i
319 627 36 19 den
378 628 72 25 nådiga
472 628 153 25 propositionen,
645 627 36 20 och
700 628 25 18 dä
743 628 6 18 i
767 628 110 19 densamma
896 630 85 17 tvärtom

222 661 123 25 framhälles,
362 664 29 17 att
403 662 216 25 kavalleritruppernas
629 662 102 19 blifvande
743 662 180 24 sammansättning,
934 668 47 13 vare

223 695 32 25 sig
273 696 7 18 i
300 696 92 20 afseende
411 696 11 19 &
440 696 74 20 antalet
529 696 22 19 af
565 696 24 28 de
604 696 89 19 taktiska
709 696 106 20 enheterna
834 696 49 19 eller
898 696 11 19 &
925 696 56 19 deras

223 730 78 25 styrka,
317 733 51 16 ännu
384 730 43 20 icke
444 730 74 20 kunnat
533 733 89 17 närmare
637 731 124 24 bestämmas,
777 730 37 19 har
829 730 97 19 utskottet
937 730 44 19 icke

221 764 8 18 i
246 764 37 19 den
298 764 72 25 nådiga
386 765 145 25 propositionen
544 764 44 20 haft
599 764 110 26 tillräcklig
721 764 80 26 ledning
812 764 31 20 för
853 764 129 20 bedömandet

222 797 22 19 af
262 798 24 19 de
302 798 112 25 kostnader,
433 805 41 13 som
495 798 30 20 för
544 799 151 25 ifrågavarande
711 798 89 20 ändamål
816 805 46 13 vore
878 798 21 20 af
912 798 67 20 behof-

222 834 36 17 vet
273 832 113 25 påkallade.
420 832 68 20 Under
503 834 85 18 arbetets
599 833 94 25 fortgång
708 833 36 19 har
760 833 95 19 utskottet
871 833 64 19 likväl
951 839 29 13 er-

221 866 61 20 hållit
302 867 109 20 kännedom
429 867 73 25 derom,
521 869 30 18 att
566 874 23 13 en
605 868 22 19 af
641 868 157 25 krigsministern
814 867 72 20 tillsatt
901 868 79 25 komité,

218 901 64 25 jemte
305 901 33 19 det
359 901 36 19 den
415 901 120 20 beträffande
555 901 128 20 kavalleriets
701 901 133 26 organisation
853 904 50 17 samt
921 904 60 17 sättet

221 935 33 20 för
274 935 44 20 dess
338 935 153 26 komplettering
510 936 31 19 till
560 936 147 25 krigsnumerär
722 936 82 19 anslutit
820 935 31 26 sig
866 935 31 19 till
913 936 33 19 det
961 936 21 19 af

222 969 115 26 Kejserliga
360 969 84 20 Senaten
467 970 105 20 omfattade
595 970 103 26 förslaget,
717 970 50 19 dock
787 971 7 18 i
813 970 67 19 stället
899 970 30 21 för
946 971 35 19 två

221 1007 126 22 regementen
374 1005 12 18 å
409 1005 12 18 4
447 1004 120 26 sgvadroner
589 1005 44 19 med
660 1004 11 19 9
695 1007 54 17 rotar
764 1005 7 18 i
785 1005 92 24 plutonen
893 1005 88 19 förordat

221 1039 29 18 ett
274 1041 112 22 regemente
401 1040 12 17 å
429 1038 11 20 6
457 1039 119 25 sqvadroner
595 1038 36 20 och
650 1039 24 19 12
690 1041 54 17 rotar
759 1039 7 18 i
781 1039 100 25 plutonen,
900 1038 81 20 afsedda

221 1074 30 17 att
266 1073 7 18 i
290 1073 86 24 krigstid
391 1073 120 25 uppbringas
526 1073 31 18 till
577 1073 24 19 16
617 1075 60 24 rotar,
693 1073 6 19 i
715 1073 79 20 hvilket
809 1073 36 19 fall
861 1073 118 20 fredsnume-

221 1109 59 16 rären
296 1107 76 19 komme
388 1109 29 17 att
431 1107 67 25 uppgå
512 1107 31 19 till
559 1107 90 26 omkring
665 1107 41 19 800
722 1113 44 14 man
781 1107 96 20 beväradt
888 1107 36 20 och
935 1107 44 20 obe-

221 1141 73 19 väradt
309 1141 116 19 underbefäl
441 1141 35 19 och
492 1141 101 26 manskap.

291 1238 40 20 Till
346 1238 64 26 grund
425 1238 31 20 för
471 1239 42 19 sina
527 1239 133 25 beräkningar
675 1240 22 18 af
711 1239 23 19 de
750 1239 43 19 med
808 1238 138 26 uppställande
961 1239 20 19 af

221 1275 29 17 ett
269 1273 61 19 finskt
349 1272 97 20 kavalleri
468 1273 91 19 förenade
581 1273 131 20 kostnaderna
727 1273 37 20 har
779 1273 96 19 utskottet
890 1273 43 25 lagt
948 1273 33 19 det

220 1307 123 20 sistnämnda
358 1306 102 26 förslaget,
477 1307 77 19 hvilket
569 1307 97 20 utskottet
681 1310 64 17 ansett
761 1314 48 13 vara
825 1309 29 17 att
868 1307 111 25 föredraga,

221 1341 25 20 då
270 1342 63 24 enligt
356 1341 107 20 detsamma
486 1341 74 20 antalet
579 1342 76 19 beridet
674 1342 95 25 manskap
788 1341 67 19 blefve
873 1341 42 20 lika
930 1344 50 17 stort

220 1382 42 13 som
282 1376 63 25 enligt
364 1375 33 20 det
415 1376 21 18 af
453 1376 183 19 kavallerikomitén
653 1376 111 26 uppgjorda
780 1375 36 20 och
831 1376 22 19 af
867 1375 113 26 Kejserliga

220 1409 87 21 Senaten
326 1410 107 20 omfattade
451 1410 103 25 förslaget,
572 1416 44 14 men
631 1410 86 20 deremot
733 1410 247 20 underhällakostnaderna

294 1450 198 22 Värnepligtsutskottets
502 1450 104 18 betänkande
619 1450 34 16 N:o
666 1450 16 16 1.
