1056 1725
324 118 19 21 U.
362 118 22 20 B.
399 129 27 3 —
444 118 59 26 Prop.
521 118 34 20 N:o
571 117 36 21 36.
796 118 25 21 13

156 179 53 22 Den
224 180 196 28 halft-offentliga
435 179 194 22 beskaffenheten
641 180 26 21 af
676 180 104 22 enskildt
788 180 63 29 jern-

93 214 151 28 vägsföretag
265 217 43 25 gör
330 214 40 21 det
392 214 149 28 nödvändigt
561 216 36 18 att
612 214 24 21 åt
651 214 150 28 Regeringen
817 214 32 22 öf-

92 248 118 22 verlemna
232 250 35 20 att
287 248 106 22 meddela
417 248 28 21 de
469 248 142 28 detaljerade
640 248 149 22 föreskrifter
812 256 39 14 an-

90 282 89 29 gående
201 282 89 23 banans
312 286 107 19 närmare
445 282 146 29 sträckning,
616 282 52 22 dess
687 282 110 23 tekniska
813 283 38 22 be-

90 317 130 22 skaffenhet
235 325 28 14 m.
279 325 37 20 m.,
332 325 49 14 som
395 317 8 21 i
415 319 10 26 $
436 319 13 20 6
461 317 155 25 omförmälas,
628 320 59 19 samt
697 320 48 19 rätt
755 320 35 19 att
801 318 50 21 der-

89 351 41 22 vid
145 351 62 22 fästa
229 352 108 31 afseende
352 352 41 21 vid
409 351 48 27 allt,
481 359 50 14 som
547 351 40 22 det
603 351 122 29 offentliga
741 352 110 21 intresset

90 385 46 22 kan
151 386 88 27 fordra;
255 386 43 21 och
314 386 42 22 har
371 386 126 22 Utskottet
512 387 31 28 pä
558 386 73 22 sädan
642 386 76 28 grund
729 386 77 29 afböjt
817 389 34 18 ett

90 421 64 20 inom
176 420 122 22 Utskottet
322 421 71 21 väckt
418 421 89 28 förslag
524 423 35 18 att
574 420 128 22 inskränka
718 421 133 28 Styrelsens

88 454 125 22 omordade
222 455 223 22 bestämmanderätt
453 455 37 21 till
499 455 145 28 befogenhet
654 455 83 21 endast
747 458 35 19 att
795 455 55 22 fast-

90 488 75 27 ställa,
182 489 61 22 hvad
259 489 122 28 hänsynen
392 489 38 21 till
442 489 168 22 samfärdselns
621 489 114 28 behöriga
745 492 106 26 upprätt-

91 523 109 21 hållande
216 523 9 22 i
240 523 66 22 dessa
323 523 126 22 afseenden
465 523 100 22 krätver.

159 553 79 26 Äfven
260 558 59 22 efter
342 558 40 22 det
403 558 100 28 jernväg
519 558 73 22 redan
607 558 81 22 blifvit
703 558 87 28 anlagd
806 557 44 23 och

92 595 101 25 öppnats
208 592 36 22 för
258 592 106 22 trafiken,
384 592 46 22 kan
445 592 178 29 expropriation
639 593 37 21 för
686 592 53 22 dess
749 592 103 28 räkning

90 626 76 22 blifva
180 627 147 29 erforderlig;
344 627 44 21 och
403 626 30 22 dä
449 630 11 23 $
477 629 11 20 7
505 627 162 28 tilläfventyrs
683 627 51 21 icke
747 626 53 22 med
811 629 40 19 nö-

93 661 41 29 dig
148 661 120 29 tydlighet
282 661 221 29 vidhandengifver,
525 664 35 18 att
575 661 175 29 expropriation
763 661 89 29 jemväl

93 696 8 20 i
116 695 73 22 sädan
211 696 110 21 händelse
344 696 38 21 mä
403 703 44 21 ega
463 703 58 20 rum,
538 696 41 21 har
594 695 123 23 Utskottet
732 696 75 21 säsom
823 702 28 14 en

92 730 134 28 antydning
240 730 78 21 derom
333 730 83 28 utbytt
431 730 73 22 orden
523 730 7 21 i
547 730 73 22 andra
635 737 66 14 mom.
718 730 26 21 af
757 730 94 28 sagda
837 726 16 37 $

91 764 50 27 yför
162 764 188 29 anläggningen"
376 767 49 19 mot
441 765 50 25 ,för
505 765 143 28 jernvägens
665 764 90 22 behof'*.
773 777 25 3 —
816 764 35 21 Då

92 799 41 21 det
154 799 80 21 vidare
256 798 47 22 kan
327 798 102 26 inträffa,
446 799 43 21 och
503 799 89 29 jemväl
607 799 8 21 i
631 798 12 29 &
662 800 24 20 10
701 799 101 21 förutses
819 799 33 20 sä-

94 840 50 15 som
166 833 99 29 möjligt,
290 835 34 19 att
345 833 143 29 jernvägens
507 834 127 28 anläggare
650 833 77 21 tillika
743 837 25 17 är
782 840 69 21 egare

96 868 26 21 af
132 867 60 29 jord,
209 875 49 14 som
272 868 38 21 till
323 868 130 28 jernvägen
470 868 124 25 erfordras,
609 875 54 14 men
678 867 174 29 expropriation

92 902 26 21 af
130 901 102 25 marken,
248 902 74 28 enligt
338 902 147 21 sistnämnda
500 904 20 25 $,
536 903 8 20 i
560 902 82 28 hvarje
658 902 41 21 fall
711 902 42 21 bör
764 902 41 21 ske
816 902 36 21 för

91 936 109 21 markens
215 936 140 29 afskiljande
374 939 60 18 samt
449 936 136 29 frigörande
597 937 52 20 frän
659 936 140 28 inteckning
809 936 43 21 och

93 978 77 14 annan
194 971 55 21 derä
271 971 109 21 hvilande
403 973 55 22 rätt,
481 971 42 21 har
541 971 130 26 Utskottet,
693 971 96 21 emedan
813 970 37 21 be-

93 1005 119 28 stämning
235 1005 83 21 saknas
334 1005 85 25 derom,
436 1005 63 22 huru
515 1005 8 21 i
539 1005 73 21 sädan
628 1004 111 22 händelse
754 1005 97 20 förfares

92 1039 42 22 vid
149 1039 65 21 valet
229 1040 26 21 af
267 1039 200 28 värderingsmän,
483 1039 112 29 upptagit
610 1039 87 28 nödiga
705 1039 147 21 föreskrifter

93 1073 81 22 härom
197 1074 7 21 i
227 1081 66 14 mom.
310 1075 12 20 2
338 1074 25 21 af
377 1075 13 25 $
406 1075 19 20 7.
456 1074 12 21 I
483 1081 88 14 samma
589 1081 66 14 mom.
673 1073 41 22 har
728 1073 124 22 Utskottet

93 1107 88 29 jemväl
196 1108 72 21 infört
291 1108 126 28 anvisning
433 1108 88 23 derom,
541 1110 42 21 att,
597 1112 44 17 när
653 1107 122 29 jordegare
790 1107 61 22 tred-

95 1142 53 22 skas
164 1144 35 20 att
215 1143 62 28 välja
291 1143 200 27 värderingsmän,
516 1145 147 26 guvernören
679 1143 8 20 i
702 1142 58 22 hans
784 1141 67 22 ställe

94 1177 43 21 bör
151 1178 31 28 pä
196 1177 107 22 anmälan
321 1180 52 18 utse
385 1177 94 26 sädana,
494 1180 27 25 ty
532 1177 75 21 ehuru
617 1176 162 22 motsvarande
791 1176 62 21 stad-

94 1212 93 28 ganden
202 1212 142 21 förekomma
360 1212 69 20 äfven
445 1211 8 21 i
469 1211 172 29 förordningen
656 1211 45 21 den
713 1212 26 21 12
756 1211 96 21 Decem-

94 1246 42 21 ber
159 1246 56 22 1864
238 1254 36 13 om
295 1246 64 28 jords
380 1245 146 29 upplätande
549 1246 36 21 för
601 1246 97 21 allmänt
713 1245 76 25 behof,
805 1244 48 22 kan

96 1280 60 21 dock
179 1280 53 22 med
255 1280 51 22 skäl
320 1281 159 27 ifrägasättas,
499 1280 118 21 huruvida
639 1280 52 21 icke
705 1282 148 26 guvernören

95 1314 8 21 i
119 1314 29 22 de
163 1315 36 21 uti
214 1315 72 29 sagda
302 1315 139 28 förordning
456 1315 128 21 förutsatta
599 1314 43 22 fall
656 1314 93 21 utöfvar
758 1314 35 20 sin
805 1312 48 22 val-

95 1350 48 20 rätt
166 1350 75 20 säsom
264 1350 86 21 ombud
372 1349 36 21 för
430 1348 283 29 sakegaren-statsverket
735 1348 43 22 och
800 1347 53 29 eji

95 1384 118 28 egenskap
236 1384 26 21 af
281 1384 108 28 offentlig
411 1384 150 28 myndighet;
586 1383 93 21 hvadan
701 1384 114 20 utevaron
830 1382 23 20 at

164 1429 135 24 Lagutskottetis
311 1429 108 18 betänkande
432 1429 36 18 N:o
482 1430 28 17 12.

897 183 12 23 $
920 177 23 36 6.

899 559 11 25 $
926 558 20 20 7.
