1056 1725
252 101 12 20 4
453 98 23 23 U.
493 98 23 23 B.
534 111 24 3 —
575 99 59 28 Prop.
651 99 37 23 M:o
704 99 35 23 35.

361 168 53 26 lopp,
439 174 46 14 som
507 170 125 18 motsvarar
652 174 25 14 en
703 168 98 20 annuitet
823 170 31 24 af
867 169 116 26 1,628,000

359 202 69 25 mark,
451 203 114 26 äfvensom
579 204 33 18 att
625 202 15 20 ä
655 202 59 21 detta
729 202 39 20 län
782 202 121 28 inflytande
917 202 70 22 medel

354 237 87 27 främst
463 236 61 20 skola
546 236 114 20 anväudas
683 236 36 21 till
741 236 88 26 inlösen,
856 239 57 26 efter
935 241 48 23 upp-

360 270 99 27 sägning,
483 271 30 26 of
532 270 121 21 utestäende
671 270 146 27 obligationer,
833 271 96 22 hörande
951 271 36 21 till

360 304 57 28 1874
443 305 38 20 och
505 305 58 20 1881
587 305 37 20 års
645 305 100 25 statslän,
770 309 61 17 samt
845 306 138 27 öfverskottet

360 339 52 27 ingå
427 339 9 20 i
449 339 277 27 kommunikationsfonden.

291 407 80 22 Under
386 407 177 28 förutsättning;
579 408 34 20 att
628 406 131 23 Ständerna
779 407 128 29 godkänna
925 415 59 22 upp-

224 441 115 29 tagandet
354 441 26 22 af
393 441 65 22 detta
473 441 219 29 konverteringslän
713 441 44 22 har
779 441 182 23 Statsutskottet
975 442 9 22 i

224 476 42 21 sitt
282 475 153 22 'betänkande
457 475 44 22 N:o
527 477 25 20 17
575 475 120 29 angäende
719 476 112 29 samtliga
850 477 41 22 vid
907 476 76 23 denna

224 510 113 29 landtdag
352 509 85 23 äskade
453 509 83 30 anslag
550 510 119 25 beräknat,
685 512 36 20 att
735 510 75 22 under
825 511 159 22 instundande

224 544 156 29 finansperiod
397 545 140 21 1889—1891
555 544 26 21 af
593 544 28 22 de
637 544 82 27 medel,
735 545 66 22 öfver
816 545 83 22 hvilka
917 545 67 22 Stän-

226 580 72 21 derna
313 579 129 29 disponera,
458 581 35 19 ett
506 579 85 29 belopp
607 579 26 21 af
645 579 110 29 omkring
773 580 128 25 15,000,000
918 580 66 22 mark

225 614 47 21 kan
288 613 117 22 användas
421 613 37 22 för
469 621 46 20 nya
525 613 256 29 jernvägsbyggnader,
791 614 96 22 utöfver
898 614 40 22 det
947 614 37 22 för

225 648 148 22 fullbordane
395 647 27 22 af
435 648 232 28 Kouvola—-Kuopio
694 648 101 28 jernväg
817 648 73 23 redan
910 648 74 22 bevil-

222 682 57 29 jade
294 682 105 29 anslaget
415 682 26 22 af
455 683 114 26 1,600,780
583 682 72 22 mark.

294 717 38 21 Då
359 716 62 22 ifrån
449 716 155 29 nyssanförda
628 724 96 18 summa,
755 717 128 27 15,000,000
913 717 72 25 mark,

226 751 83 22 främst
317 751 65 22 torde
392 751 56 21 böra
458 752 58 28 utgä
531 751 155 22 kostnaderna
701 751 38 22 för
749 750 106 30 följande
862 752 123 29 jernvägs-

227 786 144 28 byggnader,
386 785 129 29 nämligen:

227 844 37 22 för
279 844 218 22 Kouvola-Kotka
508 844 115 29 jernväg.
653 860 5 6 .
690 860 4 4 .
725 860 5 5 .
763 860 4 4 +.
783 844 115 27 2,147,000
914 843 72 26 mark,

228 879 36 21 för
286 879 149 28 hamnspäret
456 879 9 20 i
482 878 147 21 Nikolaistad
655 895 2 5 .
691 895 4 4 .
727 894 4 4 .
764 894 3 4 .
823 880 78 26 50,000
946 895 11 9 ,

243 929 10 12 n
356 930 11 9 »”
455 913 9 21 i
478 913 99 28 Wiborg
621 929 4 4 -.
657 929 4 4 .
692 928 5 5 .
729 921 4 11 :
765 929 4 4 .
808 914 93 27 205,000
947 930 10 9 »

229 949 61 20 samt
304 947 41 22 det
360 947 87 28 anslag,
464 954 49 15 som
524 949 87 19 ansetts
627 946 73 22 under
715 947 55 20 åren

260 983 54 22 1889
329 983 84 21 —1891
431 981 114 22 erfordras
560 981 37 22 för
616 980 155 22 Tammerfors

258 1016 251 29 —Björneborgbanan
549 1033 5 4 =.
585 1031 4 5 .
620 1032 4 4 .
655 1032 5 4 .
692 1032 4 4 .
728 1031 5 5 .
765 1031 4 4 .
793 1016 112 27 1,600,000

950 1032 9 9 ”

681 1061 96 22 Summa
792 1062 115 26 4,002,000
915 1061 73 25 mark,

231 1119 100 21 återstår
360 1118 37 22 för
421 1119 110 21 arbetena
556 1119 14 20 å
595 1117 304 29 Wiborg—Sordavala—
901 1125 88 15 Joensuu

227 1153 225 29 jernvägsbyggnad
467 1153 9 21 i
491 1152 40 22 det
546 1153 57 21 allra
622 1155 117 19 närmaste
764 1153 127 25 11,000,000
914 1153 75 27 mark;

232 1188 44 21 och
292 1188 42 21 har
349 1188 122 22 Utskottet
493 1189 58 19 trott
569 1187 36 29 sig
619 1187 79 21 kunna
714 1186 127 28 tillstyrka,
857 1189 36 20 att
917 1187 74 21 under

234 1222 195 22 nästkommande
454 1221 156 29 finansperiod
635 1221 76 22 denna
734 1228 91 14 summa
847 1222 92 22 komme
958 1224 35 19 att

232 1257 78 21 ansläs
326 1256 36 22 för
388 1256 95 22 arbeten
505 1256 14 21 &
537 1256 44 21 den
603 1256 116 21 Karelska
744 1255 84 21 banan.
858 1256 47 22 För
929 1256 64 22 detta

232 1291 42 21 sitt
284 1290 88 29 förslag
390 1290 41 22 har
446 1290 122 22 Utskottet
583 1290 78 22 funnit
671 1290 36 28 sig
723 1297 44 21 ega
779 1290 25 21 sä
814 1290 95 28 mycket
919 1292 74 20 större

234 1325 58 28 skäl,
309 1332 48 15 som
368 1324 53 22 hela
432 1324 178 29 ifrägavarande
625 1324 66 26 bana,
707 1324 98 22 hvilken
821 1328 25 17 är
861 1324 81 22 afsedd
957 1327 36 19 att

232 1360 113 28 beläggas
361 1359 52 21 med
429 1359 78 22 arbete
523 1358 59 22 först
597 1358 57 22 efter
670 1358 204 22 Savolaksbanans
897 1358 96 22 fullbor-

233 1394 77 21 dande
326 1394 56 21 eller
390 1396 78 19 senast
483 1394 25 21 är
520 1395 62 25 1890,
594 1393 73 28 enligt
677 1392 63 23 hvad
748 1400 28 14 ur
786 1392 207 30 Jernvägsutskot-

303 1434 158 18 Statsutskottets
473 1433 121 19 betänkande
605 1433 36 18 N:o
654 1433 27 19 16.
