1056 1725
278 112 66 23 Ständ.
358 112 32 23 Sv.
406 124 25 3 —
449 111 54 30 Prop.
519 111 32 24 N:o
567 111 34 24 36.
777 113 14 21 9

200 176 150 33 öfverstigande
371 168 76 41 hälften
471 180 25 25 af
515 180 39 20 den
578 180 135 25 erforderliga
734 180 85 25 anlägg-

200 214 181 25 ningskostnaden.

269 248 75 20 Såsom
361 248 64 26 finskt
443 254 61 14 anses
524 248 119 26 aktiebolag,
659 249 64 19 hvars
737 248 83 26 styrelse

200 283 41 20 har
256 283 33 20 sitt
304 284 42 19 säte
360 283 8 20 i
382 282 70 21 landet
466 283 34 20 och
517 282 29 21 till
560 288 46 15 mer
621 284 28 19 än
664 283 79 26 hälften
754 282 66 21 består

200 318 26 25 af
237 318 8 19 i
259 317 71 20 landet
343 317 74 20 bosatte
431 318 65 25 finske
512 317 141 25 medborgare.

270 351 81 21 Sådant
372 351 91 21 tillstånd
484 351 37 21 må
539 353 51 20 dock
609 352 42 21 icke
665 352 104 21 meddelas
784 351 36 21 nå-

200 392 41 19 gon
262 388 76 19 statens
354 386 130 26 embetsman,
500 386 29 20 till
544 386 64 20 hvars
624 385 195 26 tjensteåligganden

200 421 39 20 hör
258 422 30 19 att
302 421 121 24 handlägga
438 421 76 19 ärende
529 419 108 26 angående
652 421 131 25 anläggning
797 421 26 26 af

201 455 79 21 enskild
298 455 92 25 jernväg
413 455 47 20 eller
479 455 112 25 öfvervaka
606 455 46 20 dess
665 455 122 26 utförande;
802 455 18 26 ej

201 489 61 20 heller
276 495 50 14 vare
340 488 69 21 sådan
427 489 125 20 embetsman
567 488 71 21 tillåtet
652 490 30 19 att
695 490 8 19 i
719 491 101 24 egenskap

201 525 26 24 af
245 524 87 20 medlem
354 524 8 20 i
383 524 97 25 styrelsen
501 524 35 25 för
559 523 113 26 aktiebolag
690 524 47 20 eller
751 523 70 22 såsom

202 558 74 21 ombud
290 558 48 21 med
352 559 66 25 dylikt
431 559 77 20 ärende
523 560 50 24 taga
588 559 118 25 befattning.

487 646 13 22 $
515 645 20 21 3.

272 696 101 20 Ansökan
400 702 33 14 om
455 696 92 21 tillstånd
569 698 30 18 att
620 696 92 26 anlägga
729 696 92 26 jernväg

202 731 53 21 skall
269 731 91 25 ingifvas
375 731 29 19 till
419 731 88 20 Senaten
523 732 36 19 och
573 730 85 26 åtföljas
673 731 25 25 af
710 731 63 20 karta
784 731 36 19 och

202 766 112 25 ritningar,
340 765 108 20 utvisande
472 766 39 19 den
533 766 107 19 tillernade
666 765 81 20 banans
769 765 50 20 änd-

198 800 98 25 punkter,
324 800 161 24 hufvudsakliga
509 800 122 24 sträckning
653 800 36 20 och
711 799 110 20 allmänna

202 834 148 26 byggnadsart,
373 835 55 19 somt
449 834 116 25 beräkning
587 834 26 25 af
629 834 192 25 anläggningskost-

202 869 68 20 naden
290 869 36 20 och
344 869 40 19 den
395 874 84 19 person-
494 869 36 20 och
544 869 169 25 godsbefordran,
729 874 44 15 som
786 869 35 24 för

197 904 118 25 jernvägen
329 903 44 20 kan
384 902 118 26 päräknas.

485 989 48 24 84.

270 1035 20 26 Å
312 1040 103 26 Kejsaren
439 1041 35 20 och
500 1041 138 25 Storfurstens
659 1041 103 25 pröfning
783 1046 38 15 an-

202 1075 99 26 kommer,
324 1075 105 20 huruvida
451 1075 45 20 sökt
517 1074 92 21 tillstånd
629 1069 29 26 il
667 1075 103 26 jernvägs
785 1081 36 14 an-

202 1109 104 26 läggande
325 1109 37 20 mä
376 1109 83 26 beviljas
475 1109 46 20 eller
535 1109 49 26 icke,
600 1111 56 18 samt
669 1110 8 19 i
689 1109 62 26 förra
763 1109 59 25 fallet

202 1149 33 15 om
255 1144 35 20 och
310 1144 30 20 till
356 1144 56 20 hvad
427 1143 69 26 belopp
511 1144 95 20 säkerhet
619 1144 8 20 i
638 1144 121 25 penningar
774 1144 47 20 eller

201 1179 143 25 värdepapper
364 1179 35 25 för
417 1178 237 26 jernvägsbyggnadens
673 1178 97 25 behöriga
785 1179 36 20 och

202 1213 120 25 ofördröjäa
336 1213 110 25 utförande
461 1212 36 20 bör
511 1213 26 25 af
549 1212 106 21 sökanden
669 1213 78 20 ställas.

485 1299 13 23 8
511 1295 22 37 5.

270 1350 49 20 Har
345 1349 234 26 anläggningstillstänä
600 1350 91 26 beviljats
717 1350 104 20 tillernaat

201 1385 119 25 aktiebolag,
343 1385 58 20 skola
418 1385 88 25 stadgar
518 1385 35 25 för
569 1384 78 26 bolaget
659 1385 58 19 inom
733 1386 29 19 tre
776 1384 43 21 mä-

200 1420 67 19 nader
288 1419 87 25 derefter
397 1419 30 20 till
450 1419 99 20 Senatens
567 1419 127 26 stadfästelse
708 1419 111 26 inlemnas,
