<?xml version="1.0" encoding="UTF-8"?>
<alto xmlns="http://www.loc.gov/standards/alto/ns-v3#" xmlns:xlink="http://www.w3.org/1999/xlink" xmlns:xsi="http://www.w3.org/2001/XMLSchema-instance" xsi:schemaLocation="http://www.loc.gov/standards/alto/ns-v3# http://www.loc.gov/alto/v3/alto-3-0.xsd">
	<Description>
		<MeasurementUnit>pixel</MeasurementUnit>
		<sourceImageInformation>
			<fileName>/tmp/tess_dlfzc9qh_input.PNG</fileName>
		</sourceImageInformation>
		<OCRProcessing ID="OCR_0">
			<ocrProcessingStep>
				<processingSoftware>
					<softwareName>tesseract 5.3.4</softwareName>
				</processingSoftware>
			</ocrProcessingStep>
		</OCRProcessing>
	</Description>
	<Layout>
		<Page WIDTH="1056" HEIGHT="1725" PHYSICAL_IMG_NR="0" ID="page_0">
			<PrintSpace HPOS="0" VPOS="0" WIDTH="1056" HEIGHT="1725">
				<ComposedBlock ID="cblock_0" HPOS="792" VPOS="163" WIDTH="27" HEIGHT="21">
					<TextBlock ID="block_0" HPOS="792" VPOS="163" WIDTH="27" HEIGHT="21">
						<TextLine ID="line_0" HPOS="792" VPOS="163" WIDTH="27" HEIGHT="21">
							<String ID="string_0" HPOS="792" VPOS="163" WIDTH="27" HEIGHT="21" WC="0.96" CONTENT="19"/>
						</TextLine>
					</TextBlock>
				</ComposedBlock>
				<ComposedBlock ID="cblock_1" HPOS="100" VPOS="222" WIDTH="756" HEIGHT="1244">
					<TextBlock ID="block_1" HPOS="100" VPOS="222" WIDTH="756" HEIGHT="1244">
						<TextLine ID="line_1" HPOS="102" VPOS="222" WIDTH="747" HEIGHT="22">
							<String ID="string_1" HPOS="102" VPOS="223" WIDTH="77" HEIGHT="21" WC="0.96" CONTENT="kurser"/><SP WIDTH="21" VPOS="223" HPOS="179"/>
							<String ID="string_2" HPOS="200" VPOS="222" WIDTH="34" HEIGHT="22" WC="0.96" CONTENT="för"/><SP WIDTH="19" VPOS="222" HPOS="234"/>
							<String ID="string_3" HPOS="253" VPOS="222" WIDTH="127" HEIGHT="21" WC="0.96" CONTENT="utbildande"/><SP WIDTH="21" VPOS="222" HPOS="380"/>
							<String ID="string_4" HPOS="401" VPOS="222" WIDTH="24" HEIGHT="21" WC="0.93" CONTENT="af"/><SP WIDTH="18" VPOS="222" HPOS="425"/>
							<String ID="string_5" HPOS="443" VPOS="222" WIDTH="128" HEIGHT="21" WC="0.91" CONTENT="underbefäl"/><SP WIDTH="18" VPOS="222" HPOS="571"/>
							<String ID="string_6" HPOS="589" VPOS="222" WIDTH="36" HEIGHT="21" WC="0.96" CONTENT="vid"/><SP WIDTH="16" VPOS="222" HPOS="625"/>
							<String ID="string_7" HPOS="641" VPOS="222" WIDTH="127" HEIGHT="22" WC="0.96" CONTENT="kavalleriet"/><SP WIDTH="15" VPOS="222" HPOS="768"/>
							<String ID="string_8" HPOS="783" VPOS="223" WIDTH="66" HEIGHT="21" WC="0.96" CONTENT="borde"/>
						</TextLine>
						<TextLine ID="line_2" HPOS="102" VPOS="257" WIDTH="748" HEIGHT="28">
							<String ID="string_9" HPOS="102" VPOS="259" WIDTH="114" HEIGHT="21" WC="0.92" CONTENT="anordnas."/><SP WIDTH="31" VPOS="259" HPOS="216"/>
							<String ID="string_10" HPOS="247" VPOS="257" WIDTH="103" HEIGHT="22" WC="0.88" CONTENT="Komitén"/><SP WIDTH="20" VPOS="257" HPOS="350"/>
							<String ID="string_11" HPOS="370" VPOS="258" WIDTH="39" HEIGHT="21" WC="0.93" CONTENT="har"/><SP WIDTH="20" VPOS="258" HPOS="409"/>
							<String ID="string_12" HPOS="429" VPOS="258" WIDTH="86" HEIGHT="21" WC="0.92" CONTENT="derföre"/><SP WIDTH="21" VPOS="258" HPOS="515"/>
							<String ID="string_13" HPOS="536" VPOS="258" WIDTH="105" HEIGHT="26" WC="0.96" CONTENT="uppgjort"/><SP WIDTH="14" VPOS="258" HPOS="641"/>
							<String ID="string_14" HPOS="655" VPOS="258" WIDTH="120" HEIGHT="27" WC="0.96" CONTENT="beräkning"/><SP WIDTH="16" VPOS="258" HPOS="775"/>
							<String ID="string_15" HPOS="791" VPOS="258" WIDTH="59" HEIGHT="22" WC="0.96" CONTENT="öfver"/>
						</TextLine>
						<TextLine ID="line_3" HPOS="100" VPOS="293" WIDTH="749" HEIGHT="29">
							<String ID="string_16" HPOS="100" VPOS="295" WIDTH="147" HEIGHT="22" WC="0.91" CONTENT="kostnaderne"/><SP WIDTH="16" VPOS="295" HPOS="247"/>
							<String ID="string_17" HPOS="263" VPOS="294" WIDTH="33" HEIGHT="21" WC="0.96" CONTENT="för"/><SP WIDTH="16" VPOS="294" HPOS="296"/>
							<String ID="string_18" HPOS="312" VPOS="300" WIDTH="25" HEIGHT="15" WC="0.96" CONTENT="en"/><SP WIDTH="17" VPOS="300" HPOS="337"/>
							<String ID="string_19" HPOS="354" VPOS="294" WIDTH="68" HEIGHT="21" WC="0.96" CONTENT="sådan"/><SP WIDTH="15" VPOS="294" HPOS="422"/>
							<String ID="string_20" HPOS="437" VPOS="294" WIDTH="54" HEIGHT="21" WC="0.96" CONTENT="kurs"/><SP WIDTH="15" VPOS="294" HPOS="491"/>
							<String ID="string_21" HPOS="506" VPOS="293" WIDTH="96" HEIGHT="29" WC="0.96" CONTENT="(bilagan"/><SP WIDTH="17" VPOS="293" HPOS="602"/>
							<String ID="string_22" HPOS="619" VPOS="294" WIDTH="40" HEIGHT="21" WC="0.95" CONTENT="N:o"/><SP WIDTH="12" VPOS="294" HPOS="659"/>
							<String ID="string_23" HPOS="671" VPOS="295" WIDTH="28" HEIGHT="26" WC="0.96" CONTENT="8),"/><SP WIDTH="12" VPOS="295" HPOS="699"/>
							<String ID="string_24" HPOS="711" VPOS="295" WIDTH="138" HEIGHT="26" WC="0.96" CONTENT="upptagande"/>
						</TextLine>
						<TextLine ID="line_4" HPOS="102" VPOS="329" WIDTH="748" HEIGHT="28">
							<String ID="string_25" HPOS="102" VPOS="331" WIDTH="27" HEIGHT="21" WC="0.95" CONTENT="de"/><SP WIDTH="25" VPOS="331" HPOS="129"/>
							<String ID="string_26" HPOS="154" VPOS="330" WIDTH="111" HEIGHT="22" WC="0.95" CONTENT="officerare"/><SP WIDTH="24" VPOS="330" HPOS="265"/>
							<String ID="string_27" HPOS="289" VPOS="330" WIDTH="40" HEIGHT="21" WC="0.96" CONTENT="och"/><SP WIDTH="21" VPOS="330" HPOS="329"/>
							<String ID="string_28" HPOS="350" VPOS="329" WIDTH="63" HEIGHT="22" WC="0.93" CONTENT="civila"/><SP WIDTH="20" VPOS="329" HPOS="413"/>
							<String ID="string_29" HPOS="433" VPOS="330" WIDTH="132" HEIGHT="27" WC="0.91" CONTENT="tjenstemän"/><SP WIDTH="20" VPOS="330" HPOS="565"/>
							<String ID="string_30" HPOS="585" VPOS="331" WIDTH="58" HEIGHT="20" WC="0.93" CONTENT="samt"/><SP WIDTH="21" VPOS="331" HPOS="643"/>
							<String ID="string_31" HPOS="664" VPOS="330" WIDTH="126" HEIGHT="21" WC="0.91" CONTENT="underbefäl"/><SP WIDTH="21" VPOS="330" HPOS="790"/>
							<String ID="string_32" HPOS="811" VPOS="331" WIDTH="39" HEIGHT="20" WC="0.96" CONTENT="och"/>
						</TextLine>
						<TextLine ID="line_5" HPOS="106" VPOS="365" WIDTH="743" HEIGHT="28">
							<String ID="string_33" HPOS="106" VPOS="367" WIDTH="113" HEIGHT="26" WC="0.96" CONTENT="manskap,"/><SP WIDTH="22" VPOS="367" HPOS="219"/>
							<String ID="string_34" HPOS="241" VPOS="371" WIDTH="46" HEIGHT="16" WC="0.96" CONTENT="som"/><SP WIDTH="21" VPOS="371" HPOS="287"/>
							<String ID="string_35" HPOS="308" VPOS="365" WIDTH="34" HEIGHT="22" WC="0.96" CONTENT="för"/><SP WIDTH="15" VPOS="365" HPOS="342"/>
							<String ID="string_36" HPOS="357" VPOS="365" WIDTH="78" HEIGHT="22" WC="0.96" CONTENT="sådant"/><SP WIDTH="15" VPOS="365" HPOS="435"/>
							<String ID="string_37" HPOS="450" VPOS="365" WIDTH="108" HEIGHT="27" WC="0.96" CONTENT="ändamål,"/><SP WIDTH="16" VPOS="365" HPOS="558"/>
							<String ID="string_38" HPOS="574" VPOS="365" WIDTH="69" HEIGHT="27" WC="0.93" CONTENT="enligt"/><SP WIDTH="14" VPOS="365" HPOS="643"/>
							<String ID="string_39" HPOS="657" VPOS="365" WIDTH="114" HEIGHT="22" WC="0.92" CONTENT="Komiténs"/><SP WIDTH="15" VPOS="365" HPOS="771"/>
							<String ID="string_40" HPOS="786" VPOS="366" WIDTH="63" HEIGHT="27" WC="0.92" CONTENT="åsigt,"/>
						</TextLine>
						<TextLine ID="line_6" HPOS="101" VPOS="401" WIDTH="749" HEIGHT="23">
							<String ID="string_41" HPOS="101" VPOS="403" WIDTH="67" HEIGHT="21" WC="0.96" CONTENT="borde"/><SP WIDTH="16" VPOS="403" HPOS="168"/>
							<String ID="string_42" HPOS="184" VPOS="401" WIDTH="112" HEIGHT="22" WC="0.96" CONTENT="anställas."/><SP WIDTH="30" VPOS="401" HPOS="296"/>
							<String ID="string_43" HPOS="326" VPOS="401" WIDTH="74" HEIGHT="21" WC="0.95" CONTENT="Såsom"/><SP WIDTH="16" VPOS="401" HPOS="400"/>
							<String ID="string_44" HPOS="416" VPOS="401" WIDTH="71" HEIGHT="21" WC="0.96" CONTENT="elever"/><SP WIDTH="16" VPOS="401" HPOS="487"/>
							<String ID="string_45" HPOS="503" VPOS="401" WIDTH="35" HEIGHT="21" WC="0.96" CONTENT="vid"/><SP WIDTH="17" VPOS="401" HPOS="538"/>
							<String ID="string_46" HPOS="555" VPOS="401" WIDTH="64" HEIGHT="21" WC="0.96" CONTENT="dessa"/><SP WIDTH="15" VPOS="401" HPOS="619"/>
							<String ID="string_47" HPOS="634" VPOS="401" WIDTH="77" HEIGHT="22" WC="0.96" CONTENT="kurser"/><SP WIDTH="15" VPOS="401" HPOS="711"/>
							<String ID="string_48" HPOS="726" VPOS="402" WIDTH="71" HEIGHT="21" WC="0.91" CONTENT="skulle"/><SP WIDTH="16" VPOS="402" HPOS="797"/>
							<String ID="string_49" HPOS="813" VPOS="408" WIDTH="37" HEIGHT="15" WC="0.91" CONTENT="an-"/>
						</TextLine>
						<TextLine ID="line_7" HPOS="102" VPOS="437" WIDTH="748" HEIGHT="28">
							<String ID="string_50" HPOS="102" VPOS="440" WIDTH="62" HEIGHT="25" WC="0.96" CONTENT="tagas"/><SP WIDTH="21" VPOS="440" HPOS="164"/>
							<String ID="string_51" HPOS="185" VPOS="443" WIDTH="111" HEIGHT="21" WC="0.96" CONTENT="personer,"/><SP WIDTH="19" VPOS="443" HPOS="296"/>
							<String ID="string_52" HPOS="315" VPOS="437" WIDTH="73" HEIGHT="21" WC="0.96" CONTENT="hvilka"/><SP WIDTH="15" VPOS="437" HPOS="388"/>
							<String ID="string_53" HPOS="403" VPOS="437" WIDTH="78" HEIGHT="21" WC="0.93" CONTENT="vunnit"/><SP WIDTH="15" VPOS="437" HPOS="481"/>
							<String ID="string_54" HPOS="496" VPOS="437" WIDTH="207" HEIGHT="27" WC="0.91" CONTENT="underofficersgrad"/><SP WIDTH="16" VPOS="437" HPOS="703"/>
							<String ID="string_55" HPOS="719" VPOS="437" WIDTH="36" HEIGHT="22" WC="0.96" CONTENT="vid"/><SP WIDTH="16" VPOS="437" HPOS="755"/>
							<String ID="string_56" HPOS="771" VPOS="438" WIDTH="26" HEIGHT="21" WC="0.93" CONTENT="de"/><SP WIDTH="15" VPOS="438" HPOS="797"/>
							<String ID="string_57" HPOS="812" VPOS="437" WIDTH="38" HEIGHT="22" WC="0.92" CONTENT="fin-"/>
						</TextLine>
						<TextLine ID="line_8" HPOS="101" VPOS="473" WIDTH="749" HEIGHT="27">
							<String ID="string_58" HPOS="101" VPOS="474" WIDTH="41" HEIGHT="21" WC="0.93" CONTENT="ska"/><SP WIDTH="16" VPOS="474" HPOS="142"/>
							<String ID="string_59" HPOS="158" VPOS="473" WIDTH="295" HEIGHT="27" WC="0.92" CONTENT="skarpskyttebataljonerna,"/><SP WIDTH="16" VPOS="473" HPOS="453"/>
							<String ID="string_60" HPOS="469" VPOS="473" WIDTH="154" HEIGHT="21" WC="0.96" CONTENT="företrädesvis"/><SP WIDTH="16" VPOS="473" HPOS="623"/>
							<String ID="string_61" HPOS="639" VPOS="473" WIDTH="88" HEIGHT="27" WC="0.96" CONTENT="sådana,"/><SP WIDTH="16" VPOS="473" HPOS="727"/>
							<String ID="string_62" HPOS="743" VPOS="480" WIDTH="46" HEIGHT="15" WC="0.93" CONTENT="som"/><SP WIDTH="12" VPOS="480" HPOS="789"/>
							<String ID="string_63" HPOS="801" VPOS="473" WIDTH="49" HEIGHT="22" WC="0.91" CONTENT="blif-"/>
						</TextLine>
						<TextLine ID="line_9" HPOS="104" VPOS="508" WIDTH="746" HEIGHT="28">
							<String ID="string_64" HPOS="104" VPOS="509" WIDTH="32" HEIGHT="21" WC="0.93" CONTENT="vit"/><SP WIDTH="21" VPOS="509" HPOS="136"/>
							<String ID="string_65" HPOS="157" VPOS="509" WIDTH="123" HEIGHT="21" WC="0.92" CONTENT="öfverförda"/><SP WIDTH="21" VPOS="509" HPOS="280"/>
							<String ID="string_66" HPOS="301" VPOS="508" WIDTH="34" HEIGHT="21" WC="0.95" CONTENT="till"/><SP WIDTH="20" VPOS="508" HPOS="335"/>
							<String ID="string_67" HPOS="355" VPOS="515" WIDTH="100" HEIGHT="15" WC="0.96" CONTENT="reserven"/><SP WIDTH="21" VPOS="515" HPOS="455"/>
							<String ID="string_68" HPOS="476" VPOS="509" WIDTH="53" HEIGHT="21" WC="0.93" CONTENT="eller"/><SP WIDTH="20" VPOS="509" HPOS="529"/>
							<String ID="string_69" HPOS="549" VPOS="509" WIDTH="148" HEIGHT="27" WC="0.90" CONTENT="landtvärnet,"/><SP WIDTH="22" VPOS="509" HPOS="697"/>
							<String ID="string_70" HPOS="719" VPOS="516" WIDTH="49" HEIGHT="15" WC="0.96" CONTENT="men"/><SP WIDTH="20" VPOS="516" HPOS="768"/>
							<String ID="string_71" HPOS="788" VPOS="509" WIDTH="62" HEIGHT="22" WC="0.96" CONTENT="äfven"/>
						</TextLine>
						<TextLine ID="line_10" HPOS="103" VPOS="544" WIDTH="747" HEIGHT="27">
							<String ID="string_72" HPOS="103" VPOS="547" WIDTH="34" HEIGHT="19" WC="0.96" CONTENT="ett"/><SP WIDTH="22" VPOS="547" HPOS="137"/>
							<String ID="string_73" HPOS="159" VPOS="545" WIDTH="84" HEIGHT="21" WC="0.96" CONTENT="mindre"/><SP WIDTH="21" VPOS="545" HPOS="243"/>
							<String ID="string_74" HPOS="264" VPOS="544" WIDTH="60" HEIGHT="21" WC="0.96" CONTENT="antal"/><SP WIDTH="22" VPOS="544" HPOS="324"/>
							<String ID="string_75" HPOS="346" VPOS="546" WIDTH="58" HEIGHT="19" WC="0.96" CONTENT="ännu"/><SP WIDTH="20" VPOS="546" HPOS="404"/>
							<String ID="string_76" HPOS="424" VPOS="544" WIDTH="6" HEIGHT="21" WC="0.96" CONTENT="i"/><SP WIDTH="16" VPOS="544" HPOS="430"/>
							<String ID="string_77" HPOS="446" VPOS="544" WIDTH="60" HEIGHT="21" WC="0.93" CONTENT="aktiv"/><SP WIDTH="16" VPOS="544" HPOS="506"/>
							<String ID="string_78" HPOS="522" VPOS="545" WIDTH="67" HEIGHT="26" WC="0.91" CONTENT="tjenst"/><SP WIDTH="15" VPOS="545" HPOS="589"/>
							<String ID="string_79" HPOS="604" VPOS="545" WIDTH="89" HEIGHT="21" WC="0.93" CONTENT="stående"/><SP WIDTH="16" VPOS="545" HPOS="693"/>
							<String ID="string_80" HPOS="709" VPOS="544" WIDTH="141" HEIGHT="23" WC="0.92" CONTENT="underoffice-"/>
						</TextLine>
						<TextLine ID="line_11" HPOS="104" VPOS="580" WIDTH="747" HEIGHT="28">
							<String ID="string_81" HPOS="104" VPOS="588" WIDTH="56" HEIGHT="20" WC="0.95" CONTENT="rare,"/><SP WIDTH="17" VPOS="588" HPOS="160"/>
							<String ID="string_82" HPOS="177" VPOS="581" WIDTH="73" HEIGHT="21" WC="0.93" CONTENT="hvilka"/><SP WIDTH="16" VPOS="581" HPOS="250"/>
							<String ID="string_83" HPOS="266" VPOS="580" WIDTH="144" HEIGHT="27" WC="0.92" CONTENT="tilläfventyrs"/><SP WIDTH="15" VPOS="580" HPOS="410"/>
							<String ID="string_84" HPOS="425" VPOS="580" WIDTH="87" HEIGHT="22" WC="0.91" CONTENT="anhölle"/><SP WIDTH="16" VPOS="580" HPOS="512"/>
							<String ID="string_85" HPOS="528" VPOS="582" WIDTH="33" HEIGHT="20" WC="0.93" CONTENT="att"/><SP WIDTH="16" VPOS="582" HPOS="561"/>
							<String ID="string_86" HPOS="577" VPOS="580" WIDTH="118" HEIGHT="22" WC="0.92" CONTENT="öfverföras"/><SP WIDTH="14" VPOS="580" HPOS="695"/>
							<String ID="string_87" HPOS="709" VPOS="582" WIDTH="34" HEIGHT="20" WC="0.93" CONTENT="till"/><SP WIDTH="17" VPOS="582" HPOS="743"/>
							<String ID="string_88" HPOS="760" VPOS="582" WIDTH="91" HEIGHT="26" WC="0.91" CONTENT="dragon-"/>
						</TextLine>
						<TextLine ID="line_12" HPOS="103" VPOS="616" WIDTH="748" HEIGHT="28">
							<String ID="string_89" HPOS="103" VPOS="618" WIDTH="153" HEIGHT="26" WC="0.96" CONTENT="regementena"/><SP WIDTH="12" VPOS="618" HPOS="256"/>
							<String ID="string_90" HPOS="268" VPOS="616" WIDTH="33" HEIGHT="22" WC="0.96" CONTENT="för"/><SP WIDTH="11" VPOS="616" HPOS="301"/>
							<String ID="string_91" HPOS="312" VPOS="616" WIDTH="128" HEIGHT="27" WC="0.96" CONTENT="deltagande"/><SP WIDTH="11" VPOS="616" HPOS="440"/>
							<String ID="string_92" HPOS="451" VPOS="616" WIDTH="7" HEIGHT="21" WC="0.93" CONTENT="i"/><SP WIDTH="11" VPOS="616" HPOS="458"/>
							<String ID="string_93" HPOS="469" VPOS="617" WIDTH="95" HEIGHT="27" WC="0.92" CONTENT="antydda"/><SP WIDTH="11" VPOS="617" HPOS="564"/>
							<String ID="string_94" HPOS="575" VPOS="617" WIDTH="84" HEIGHT="21" WC="0.96" CONTENT="kurser."/><SP WIDTH="26" VPOS="617" HPOS="659"/>
							<String ID="string_95" HPOS="685" VPOS="617" WIDTH="41" HEIGHT="21" WC="0.96" CONTENT="Vid"/><SP WIDTH="15" VPOS="617" HPOS="726"/>
							<String ID="string_96" HPOS="741" VPOS="618" WIDTH="110" HEIGHT="21" WC="0.95" CONTENT="desamma"/>
						</TextLine>
						<TextLine ID="line_13" HPOS="104" VPOS="652" WIDTH="746" HEIGHT="27">
							<String ID="string_97" HPOS="104" VPOS="653" WIDTH="70" HEIGHT="21" WC="0.96" CONTENT="skulle"/><SP WIDTH="22" VPOS="653" HPOS="174"/>
							<String ID="string_98" HPOS="196" VPOS="654" WIDTH="72" HEIGHT="20" WC="0.95" CONTENT="såsom"/><SP WIDTH="21" VPOS="654" HPOS="268"/>
							<String ID="string_99" HPOS="289" VPOS="652" WIDTH="71" HEIGHT="22" WC="0.95" CONTENT="lärare"/><SP WIDTH="15" VPOS="652" HPOS="360"/>
							<String ID="string_100" HPOS="375" VPOS="652" WIDTH="59" HEIGHT="27" WC="0.93" CONTENT="tjena"/><SP WIDTH="16" VPOS="652" HPOS="434"/>
							<String ID="string_101" HPOS="450" VPOS="652" WIDTH="207" HEIGHT="27" WC="0.92" CONTENT="sqvadronsbefälet,"/><SP WIDTH="17" VPOS="652" HPOS="657"/>
							<String ID="string_102" HPOS="674" VPOS="653" WIDTH="41" HEIGHT="21" WC="0.96" CONTENT="den"/><SP WIDTH="15" VPOS="653" HPOS="715"/>
							<String ID="string_103" HPOS="730" VPOS="653" WIDTH="33" HEIGHT="21" WC="0.96" CONTENT="uti"/><SP WIDTH="16" VPOS="653" HPOS="763"/>
							<String ID="string_104" HPOS="779" VPOS="655" WIDTH="71" HEIGHT="19" WC="0.96" CONTENT="staten"/>
						</TextLine>
						<TextLine ID="line_14" HPOS="103" VPOS="688" WIDTH="748" HEIGHT="28">
							<String ID="string_105" HPOS="103" VPOS="691" WIDTH="113" HEIGHT="25" WC="0.93" CONTENT="upptagna"/><SP WIDTH="18" VPOS="691" HPOS="216"/>
							<String ID="string_106" HPOS="234" VPOS="688" WIDTH="170" HEIGHT="22" WC="0.92" CONTENT="underberidare"/><SP WIDTH="15" VPOS="688" HPOS="404"/>
							<String ID="string_107" HPOS="419" VPOS="690" WIDTH="58" HEIGHT="20" WC="0.96" CONTENT="samt"/><SP WIDTH="16" VPOS="690" HPOS="477"/>
							<String ID="string_108" HPOS="493" VPOS="689" WIDTH="110" HEIGHT="21" WC="0.96" CONTENT="dessutom"/><SP WIDTH="17" VPOS="689" HPOS="603"/>
							<String ID="string_109" HPOS="620" VPOS="688" WIDTH="35" HEIGHT="22" WC="0.96" CONTENT="vid"/><SP WIDTH="17" VPOS="688" HPOS="655"/>
							<String ID="string_110" HPOS="672" VPOS="689" WIDTH="105" HEIGHT="21" WC="0.93" CONTENT="hvardera"/><SP WIDTH="15" VPOS="689" HPOS="777"/>
							<String ID="string_111" HPOS="792" VPOS="696" WIDTH="59" HEIGHT="20" WC="0.91" CONTENT="rege-"/>
						</TextLine>
						<TextLine ID="line_15" HPOS="102" VPOS="724" WIDTH="749" HEIGHT="28">
							<String ID="string_112" HPOS="102" VPOS="726" WIDTH="84" HEIGHT="20" WC="0.96" CONTENT="mentet"/><SP WIDTH="23" VPOS="726" HPOS="186"/>
							<String ID="string_113" HPOS="209" VPOS="724" WIDTH="47" HEIGHT="27" WC="0.96" CONTENT="fyra"/><SP WIDTH="25" VPOS="724" HPOS="256"/>
							<String ID="string_114" HPOS="281" VPOS="724" WIDTH="146" HEIGHT="21" WC="0.96" CONTENT="instruktörer"/><SP WIDTH="20" VPOS="724" HPOS="427"/>
							<String ID="string_115" HPOS="447" VPOS="724" WIDTH="7" HEIGHT="21" WC="0.93" CONTENT="i"/><SP WIDTH="21" VPOS="724" HPOS="454"/>
							<String ID="string_116" HPOS="475" VPOS="724" WIDTH="50" HEIGHT="28" WC="0.92" CONTENT="ridt,"/><SP WIDTH="21" VPOS="724" HPOS="525"/>
							<String ID="string_117" HPOS="546" VPOS="724" WIDTH="74" HEIGHT="22" WC="0.96" CONTENT="hvilka"/><SP WIDTH="20" VPOS="724" HPOS="620"/>
							<String ID="string_118" HPOS="640" VPOS="724" WIDTH="72" HEIGHT="22" WC="0.93" CONTENT="kunde"/><SP WIDTH="20" VPOS="724" HPOS="712"/>
							<String ID="string_119" HPOS="732" VPOS="727" WIDTH="91" HEIGHT="25" WC="0.91" CONTENT="antagas"/><SP WIDTH="22" VPOS="727" HPOS="823"/>
							<String ID="string_120" HPOS="845" VPOS="725" WIDTH="6" HEIGHT="20" WC="0.96" CONTENT="i"/>
						</TextLine>
						<TextLine ID="line_16" HPOS="104" VPOS="760" WIDTH="747" HEIGHT="26">
							<String ID="string_121" HPOS="104" VPOS="760" WIDTH="68" HEIGHT="26" WC="0.92" CONTENT="tjenst"/><SP WIDTH="21" VPOS="760" HPOS="172"/>
							<String ID="string_122" HPOS="193" VPOS="760" WIDTH="34" HEIGHT="21" WC="0.96" CONTENT="för"/><SP WIDTH="20" VPOS="760" HPOS="227"/>
							<String ID="string_123" HPOS="247" VPOS="761" WIDTH="68" HEIGHT="25" WC="0.96" CONTENT="några"/><SP WIDTH="20" VPOS="761" HPOS="315"/>
							<String ID="string_124" HPOS="335" VPOS="760" WIDTH="24" HEIGHT="20" WC="0.95" CONTENT="år"/><SP WIDTH="21" VPOS="760" HPOS="359"/>
							<String ID="string_125" HPOS="380" VPOS="761" WIDTH="58" HEIGHT="20" WC="0.96" CONTENT="emot"/><SP WIDTH="20" VPOS="761" HPOS="438"/>
							<String ID="string_126" HPOS="458" VPOS="766" WIDTH="83" HEIGHT="15" WC="0.96" CONTENT="samma"/><SP WIDTH="20" VPOS="766" HPOS="541"/>
							<String ID="string_127" HPOS="561" VPOS="760" WIDTH="80" HEIGHT="21" WC="0.96" CONTENT="arvode"/><SP WIDTH="20" VPOS="760" HPOS="641"/>
							<String ID="string_128" HPOS="661" VPOS="766" WIDTH="46" HEIGHT="15" WC="0.93" CONTENT="som"/><SP WIDTH="18" VPOS="766" HPOS="707"/>
							<String ID="string_129" HPOS="725" VPOS="760" WIDTH="126" HEIGHT="22" WC="0.92" CONTENT="underberi-"/>
						</TextLine>
						<TextLine ID="line_17" HPOS="105" VPOS="796" WIDTH="745" HEIGHT="27">
							<String ID="string_130" HPOS="105" VPOS="796" WIDTH="59" HEIGHT="21" WC="0.93" CONTENT="dare."/><SP WIDTH="31" VPOS="796" HPOS="164"/>
							<String ID="string_131" HPOS="195" VPOS="796" WIDTH="33" HEIGHT="20" WC="0.96" CONTENT="En"/><SP WIDTH="16" VPOS="796" HPOS="228"/>
							<String ID="string_132" HPOS="244" VPOS="796" WIDTH="67" HEIGHT="21" WC="0.96" CONTENT="sådan"/><SP WIDTH="16" VPOS="796" HPOS="311"/>
							<String ID="string_133" HPOS="327" VPOS="796" WIDTH="121" HEIGHT="26" WC="0.96" CONTENT="anordning"/><SP WIDTH="15" VPOS="796" HPOS="448"/>
							<String ID="string_134" HPOS="463" VPOS="796" WIDTH="93" HEIGHT="26" WC="0.96" CONTENT="komme,"/><SP WIDTH="16" VPOS="796" HPOS="556"/>
							<String ID="string_135" HPOS="572" VPOS="796" WIDTH="69" HEIGHT="26" WC="0.92" CONTENT="enligt"/><SP WIDTH="13" VPOS="796" HPOS="641"/>
							<String ID="string_136" HPOS="654" VPOS="796" WIDTH="113" HEIGHT="21" WC="0.92" CONTENT="Komiténs"/><SP WIDTH="11" VPOS="796" HPOS="767"/>
							<String ID="string_137" HPOS="778" VPOS="796" WIDTH="72" HEIGHT="27" WC="0.96" CONTENT="tanke,"/>
						</TextLine>
						<TextLine ID="line_18" HPOS="105" VPOS="831" WIDTH="746" HEIGHT="27">
							<String ID="string_138" HPOS="105" VPOS="833" WIDTH="34" HEIGHT="19" WC="0.95" CONTENT="att"/><SP WIDTH="20" VPOS="833" HPOS="139"/>
							<String ID="string_139" HPOS="159" VPOS="831" WIDTH="58" HEIGHT="27" WC="0.96" CONTENT="gifva"/><SP WIDTH="21" VPOS="831" HPOS="217"/>
							<String ID="string_140" HPOS="238" VPOS="832" WIDTH="26" HEIGHT="20" WC="0.96" CONTENT="de"/><SP WIDTH="14" VPOS="832" HPOS="264"/>
							<String ID="string_141" HPOS="278" VPOS="831" WIDTH="70" HEIGHT="25" WC="0.96" CONTENT="bästa"/><SP WIDTH="17" VPOS="831" HPOS="348"/>
							<String ID="string_142" HPOS="365" VPOS="831" WIDTH="110" HEIGHT="27" WC="0.96" CONTENT="garantier"/><SP WIDTH="15" VPOS="831" HPOS="475"/>
							<String ID="string_143" HPOS="490" VPOS="831" WIDTH="33" HEIGHT="21" WC="0.96" CONTENT="för"/><SP WIDTH="16" VPOS="831" HPOS="523"/>
							<String ID="string_144" HPOS="539" VPOS="831" WIDTH="127" HEIGHT="22" WC="0.96" CONTENT="utbildande"/><SP WIDTH="17" VPOS="831" HPOS="666"/>
							<String ID="string_145" HPOS="683" VPOS="832" WIDTH="23" HEIGHT="20" WC="0.96" CONTENT="af"/><SP WIDTH="13" VPOS="832" HPOS="706"/>
							<String ID="string_146" HPOS="719" VPOS="834" WIDTH="33" HEIGHT="19" WC="0.93" CONTENT="ett"/><SP WIDTH="15" VPOS="834" HPOS="752"/>
							<String ID="string_147" HPOS="767" VPOS="832" WIDTH="84" HEIGHT="26" WC="0.91" CONTENT="dugligt"/>
						</TextLine>
						<TextLine ID="line_19" HPOS="105" VPOS="867" WIDTH="745" HEIGHT="28">
							<String ID="string_148" HPOS="105" VPOS="867" WIDTH="105" HEIGHT="22" WC="0.93" CONTENT="kavalleri"/><SP WIDTH="20" VPOS="867" HPOS="210"/>
							<String ID="string_149" HPOS="230" VPOS="867" WIDTH="133" HEIGHT="26" WC="0.88" CONTENT="underbefäl,"/><SP WIDTH="21" VPOS="867" HPOS="363"/>
							<String ID="string_150" HPOS="384" VPOS="867" WIDTH="91" HEIGHT="22" WC="0.96" CONTENT="emedan"/><SP WIDTH="20" VPOS="867" HPOS="475"/>
							<String ID="string_151" HPOS="495" VPOS="867" WIDTH="27" HEIGHT="22" WC="0.96" CONTENT="de"/><SP WIDTH="15" VPOS="867" HPOS="522"/>
							<String ID="string_152" HPOS="537" VPOS="867" WIDTH="35" HEIGHT="21" WC="0.96" CONTENT="till"/><SP WIDTH="15" VPOS="867" HPOS="572"/>
							<String ID="string_153" HPOS="587" VPOS="867" WIDTH="106" HEIGHT="22" WC="0.96" CONTENT="kurserna"/><SP WIDTH="15" VPOS="867" HPOS="693"/>
							<String ID="string_154" HPOS="708" VPOS="869" WIDTH="95" HEIGHT="26" WC="0.92" CONTENT="antagna"/><SP WIDTH="15" VPOS="869" HPOS="803"/>
							<String ID="string_155" HPOS="818" VPOS="868" WIDTH="32" HEIGHT="21" WC="0.91" CONTENT="in-"/>
						</TextLine>
						<TextLine ID="line_20" HPOS="105" VPOS="903" WIDTH="747" HEIGHT="27">
							<String ID="string_156" HPOS="105" VPOS="903" WIDTH="79" HEIGHT="22" WC="0.92" CONTENT="fanteri"/><SP WIDTH="16" VPOS="903" HPOS="184"/>
							<String ID="string_157" HPOS="200" VPOS="903" WIDTH="210" HEIGHT="22" WC="0.91" CONTENT="underofficerarene"/><SP WIDTH="16" VPOS="903" HPOS="410"/>
							<String ID="string_158" HPOS="426" VPOS="903" WIDTH="66" HEIGHT="22" WC="0.96" CONTENT="redan"/><SP WIDTH="11" VPOS="903" HPOS="492"/>
							<String ID="string_159" HPOS="503" VPOS="909" WIDTH="51" HEIGHT="15" WC="0.95" CONTENT="vore"/><SP WIDTH="13" VPOS="909" HPOS="554"/>
							<String ID="string_160" HPOS="567" VPOS="903" WIDTH="51" HEIGHT="21" WC="0.96" CONTENT="fullt"/><SP WIDTH="10" VPOS="903" HPOS="618"/>
							<String ID="string_161" HPOS="628" VPOS="903" WIDTH="111" HEIGHT="27" WC="0.96" CONTENT="förtrogna"/><SP WIDTH="10" VPOS="903" HPOS="739"/>
							<String ID="string_162" HPOS="749" VPOS="904" WIDTH="50" HEIGHT="21" WC="0.93" CONTENT="med"/><SP WIDTH="10" VPOS="904" HPOS="799"/>
							<String ID="string_163" HPOS="809" VPOS="904" WIDTH="43" HEIGHT="21" WC="0.90" CONTENT="sol-"/>
						</TextLine>
						<TextLine ID="line_21" HPOS="108" VPOS="939" WIDTH="744" HEIGHT="27">
							<String ID="string_164" HPOS="108" VPOS="939" WIDTH="78" HEIGHT="22" WC="0.91" CONTENT="datens"/><SP WIDTH="20" VPOS="939" HPOS="186"/>
							<String ID="string_165" HPOS="206" VPOS="939" WIDTH="110" HEIGHT="21" WC="0.96" CONTENT="allmänna"/><SP WIDTH="16" VPOS="939" HPOS="316"/>
							<String ID="string_166" HPOS="332" VPOS="939" WIDTH="154" HEIGHT="27" WC="0.96" CONTENT="skyldigheter,"/><SP WIDTH="15" VPOS="939" HPOS="486"/>
							<String ID="string_167" HPOS="501" VPOS="939" WIDTH="74" HEIGHT="21" WC="0.95" CONTENT="hvilka"/><SP WIDTH="15" VPOS="939" HPOS="575"/>
							<String ID="string_168" HPOS="590" VPOS="941" WIDTH="38" HEIGHT="19" WC="0.96" CONTENT="äro"/><SP WIDTH="15" VPOS="941" HPOS="628"/>
							<String ID="string_169" HPOS="643" VPOS="945" WIDTH="160" HEIGHT="21" WC="0.96" CONTENT="gemensamma"/><SP WIDTH="16" VPOS="945" HPOS="803"/>
							<String ID="string_170" HPOS="819" VPOS="939" WIDTH="33" HEIGHT="21" WC="0.96" CONTENT="för"/>
						</TextLine>
						<TextLine ID="line_22" HPOS="105" VPOS="975" WIDTH="746" HEIGHT="27">
							<String ID="string_171" HPOS="105" VPOS="977" WIDTH="91" HEIGHT="25" WC="0.95" CONTENT="trupper"/><SP WIDTH="20" VPOS="977" HPOS="196"/>
							<String ID="string_172" HPOS="216" VPOS="975" WIDTH="24" HEIGHT="21" WC="0.95" CONTENT="af"/><SP WIDTH="18" VPOS="975" HPOS="240"/>
							<String ID="string_173" HPOS="258" VPOS="975" WIDTH="72" HEIGHT="21" WC="0.92" CONTENT="skilda"/><SP WIDTH="14" VPOS="975" HPOS="330"/>
							<String ID="string_174" HPOS="344" VPOS="975" WIDTH="125" HEIGHT="27" WC="0.92" CONTENT="vapenslag,"/><SP WIDTH="21" VPOS="975" HPOS="469"/>
							<String ID="string_175" HPOS="490" VPOS="977" WIDTH="57" HEIGHT="19" WC="0.96" CONTENT="samt"/><SP WIDTH="16" VPOS="977" HPOS="547"/>
							<String ID="string_176" HPOS="563" VPOS="975" WIDTH="111" HEIGHT="21" WC="0.96" CONTENT="dessutom"/><SP WIDTH="15" VPOS="975" HPOS="674"/>
							<String ID="string_177" HPOS="689" VPOS="975" WIDTH="77" HEIGHT="22" WC="0.96" CONTENT="vunnit"/><SP WIDTH="15" VPOS="975" HPOS="766"/>
							<String ID="string_178" HPOS="781" VPOS="977" WIDTH="70" HEIGHT="25" WC="0.95" CONTENT="någon"/>
						</TextLine>
						<TextLine ID="line_23" HPOS="107" VPOS="1011" WIDTH="745" HEIGHT="22">
							<String ID="string_179" HPOS="107" VPOS="1017" WIDTH="55" HEIGHT="15" WC="0.95" CONTENT="vana"/><SP WIDTH="25" VPOS="1017" HPOS="162"/>
							<String ID="string_180" HPOS="187" VPOS="1012" WIDTH="72" HEIGHT="21" WC="0.92" CONTENT="såsom"/><SP WIDTH="25" VPOS="1012" HPOS="259"/>
							<String ID="string_181" HPOS="284" VPOS="1011" WIDTH="84" HEIGHT="21" WC="0.92" CONTENT="förmän"/><SP WIDTH="21" VPOS="1011" HPOS="368"/>
							<String ID="string_182" HPOS="389" VPOS="1011" WIDTH="40" HEIGHT="21" WC="0.95" CONTENT="och"/><SP WIDTH="20" VPOS="1011" HPOS="429"/>
							<String ID="string_183" HPOS="449" VPOS="1011" WIDTH="77" HEIGHT="22" WC="0.93" CONTENT="lärare."/><SP WIDTH="30" VPOS="1011" HPOS="526"/>
							<String ID="string_184" HPOS="556" VPOS="1011" WIDTH="172" HEIGHT="21" WC="0.92" CONTENT="Vidkommande"/><SP WIDTH="20" VPOS="1011" HPOS="728"/>
							<String ID="string_185" HPOS="748" VPOS="1012" WIDTH="47" HEIGHT="20" WC="0.93" CONTENT="åter"/><SP WIDTH="20" VPOS="1012" HPOS="795"/>
							<String ID="string_186" HPOS="815" VPOS="1011" WIDTH="37" HEIGHT="21" WC="0.91" CONTENT="ka-"/>
						</TextLine>
						<TextLine ID="line_24" HPOS="103" VPOS="1046" WIDTH="749" HEIGHT="27">
							<String ID="string_187" HPOS="103" VPOS="1047" WIDTH="184" HEIGHT="26" WC="0.90" CONTENT="valleritjenstens"/><SP WIDTH="19" VPOS="1047" HPOS="287"/>
							<String ID="string_188" HPOS="306" VPOS="1046" WIDTH="94" HEIGHT="27" WC="0.91" CONTENT="speciela"/><SP WIDTH="17" VPOS="1046" HPOS="400"/>
							<String ID="string_189" HPOS="417" VPOS="1046" WIDTH="131" HEIGHT="27" WC="0.96" CONTENT="fordringar,"/><SP WIDTH="15" VPOS="1046" HPOS="548"/>
							<String ID="string_190" HPOS="563" VPOS="1046" WIDTH="68" HEIGHT="22" WC="0.96" CONTENT="borde"/><SP WIDTH="16" VPOS="1046" HPOS="631"/>
							<String ID="string_191" HPOS="647" VPOS="1053" WIDTH="26" HEIGHT="15" WC="0.97" CONTENT="en"/><SP WIDTH="16" VPOS="1053" HPOS="673"/>
							<String ID="string_192" HPOS="689" VPOS="1047" WIDTH="34" HEIGHT="26" WC="0.96" CONTENT="sju"/><SP WIDTH="15" VPOS="1047" HPOS="723"/>
							<String ID="string_193" HPOS="738" VPOS="1047" WIDTH="114" HEIGHT="21" WC="0.96" CONTENT="månaders"/>
						</TextLine>
						<TextLine ID="line_25" HPOS="108" VPOS="1081" WIDTH="744" HEIGHT="28">
							<String ID="string_194" HPOS="108" VPOS="1082" WIDTH="54" HEIGHT="21" WC="0.96" CONTENT="kurs"/><SP WIDTH="20" VPOS="1082" HPOS="162"/>
							<String ID="string_195" HPOS="182" VPOS="1082" WIDTH="59" HEIGHT="27" WC="0.96" CONTENT="gifva"/><SP WIDTH="21" VPOS="1082" HPOS="241"/>
							<String ID="string_196" HPOS="262" VPOS="1082" WIDTH="48" HEIGHT="21" WC="0.96" CONTENT="dem"/><SP WIDTH="21" VPOS="1082" HPOS="310"/>
							<String ID="string_197" HPOS="331" VPOS="1081" WIDTH="87" HEIGHT="22" WC="0.96" CONTENT="tillfälle"/><SP WIDTH="20" VPOS="1081" HPOS="418"/>
							<String ID="string_198" HPOS="438" VPOS="1084" WIDTH="34" HEIGHT="19" WC="0.96" CONTENT="att"/><SP WIDTH="19" VPOS="1084" HPOS="472"/>
							<String ID="string_199" HPOS="491" VPOS="1082" WIDTH="68" HEIGHT="21" WC="0.93" CONTENT="blifva"/><SP WIDTH="15" VPOS="1082" HPOS="559"/>
							<String ID="string_200" HPOS="574" VPOS="1081" WIDTH="110" HEIGHT="28" WC="0.91" CONTENT="förtrogne"/><SP WIDTH="16" VPOS="1081" HPOS="684"/>
							<String ID="string_201" HPOS="700" VPOS="1083" WIDTH="49" HEIGHT="20" WC="0.96" CONTENT="med"/><SP WIDTH="15" VPOS="1083" HPOS="749"/>
							<String ID="string_202" HPOS="764" VPOS="1083" WIDTH="88" HEIGHT="21" WC="0.96" CONTENT="hästens"/>
						</TextLine>
						<TextLine ID="line_26" HPOS="106" VPOS="1117" WIDTH="747" HEIGHT="28">
							<String ID="string_203" HPOS="106" VPOS="1118" WIDTH="83" HEIGHT="21" WC="0.96" CONTENT="skötsel"/><SP WIDTH="16" VPOS="1118" HPOS="189"/>
							<String ID="string_204" HPOS="205" VPOS="1118" WIDTH="40" HEIGHT="21" WC="0.96" CONTENT="och"/><SP WIDTH="16" VPOS="1118" HPOS="245"/>
							<String ID="string_205" HPOS="261" VPOS="1118" WIDTH="52" HEIGHT="21" WC="0.96" CONTENT="vård"/><SP WIDTH="17" VPOS="1118" HPOS="313"/>
							<String ID="string_206" HPOS="330" VPOS="1119" WIDTH="58" HEIGHT="20" WC="0.96" CONTENT="samt"/><SP WIDTH="14" VPOS="1119" HPOS="388"/>
							<String ID="string_207" HPOS="402" VPOS="1117" WIDTH="72" HEIGHT="22" WC="0.96" CONTENT="tillika"/><SP WIDTH="15" VPOS="1117" HPOS="474"/>
							<String ID="string_208" HPOS="489" VPOS="1117" WIDTH="100" HEIGHT="28" WC="0.96" CONTENT="bibringa"/><SP WIDTH="16" VPOS="1117" HPOS="589"/>
							<String ID="string_209" HPOS="605" VPOS="1118" WIDTH="48" HEIGHT="21" WC="0.96" CONTENT="dem"/><SP WIDTH="17" VPOS="1118" HPOS="653"/>
							<String ID="string_210" HPOS="670" VPOS="1118" WIDTH="65" HEIGHT="27" WC="0.96" CONTENT="nödig"/><SP WIDTH="10" VPOS="1118" HPOS="735"/>
							<String ID="string_211" HPOS="745" VPOS="1118" WIDTH="108" HEIGHT="27" WC="0.96" CONTENT="färdighet"/>
						</TextLine>
						<TextLine ID="line_27" HPOS="106" VPOS="1154" WIDTH="746" HEIGHT="26">
							<String ID="string_212" HPOS="106" VPOS="1154" WIDTH="6" HEIGHT="20" WC="0.93" CONTENT="i"/><SP WIDTH="18" VPOS="1154" HPOS="112"/>
							<String ID="string_213" HPOS="130" VPOS="1154" WIDTH="51" HEIGHT="26" WC="0.92" CONTENT="ridt,"/><SP WIDTH="16" VPOS="1154" HPOS="181"/>
							<String ID="string_214" HPOS="197" VPOS="1155" WIDTH="27" HEIGHT="25" WC="0.96" CONTENT="på"/><SP WIDTH="16" VPOS="1155" HPOS="224"/>
							<String ID="string_215" HPOS="240" VPOS="1154" WIDTH="87" HEIGHT="20" WC="0.96" CONTENT="hvilken"/><SP WIDTH="15" VPOS="1154" HPOS="327"/>
							<String ID="string_216" HPOS="342" VPOS="1154" WIDTH="153" HEIGHT="26" WC="0.96" CONTENT="fordringarna"/><SP WIDTH="15" VPOS="1154" HPOS="495"/>
							<String ID="string_217" HPOS="510" VPOS="1154" WIDTH="47" HEIGHT="21" WC="0.96" CONTENT="icke"/><SP WIDTH="16" VPOS="1154" HPOS="557"/>
							<String ID="string_218" HPOS="573" VPOS="1154" WIDTH="74" HEIGHT="21" WC="0.96" CONTENT="kunna"/><SP WIDTH="15" VPOS="1154" HPOS="647"/>
							<String ID="string_219" HPOS="662" VPOS="1154" WIDTH="75" HEIGHT="21" WC="0.96" CONTENT="ställas"/><SP WIDTH="16" VPOS="1154" HPOS="737"/>
							<String ID="string_220" HPOS="753" VPOS="1156" WIDTH="24" HEIGHT="19" WC="0.96" CONTENT="så"/><SP WIDTH="12" VPOS="1156" HPOS="777"/>
							<String ID="string_221" HPOS="789" VPOS="1154" WIDTH="63" HEIGHT="26" WC="0.96" CONTENT="höga,"/>
						</TextLine>
						<TextLine ID="line_28" HPOS="107" VPOS="1189" WIDTH="746" HEIGHT="27">
							<String ID="string_222" HPOS="107" VPOS="1196" WIDTH="46" HEIGHT="14" WC="0.95" CONTENT="som"/><SP WIDTH="17" VPOS="1196" HPOS="153"/>
							<String ID="string_223" HPOS="170" VPOS="1190" WIDTH="36" HEIGHT="20" WC="0.95" CONTENT="vid"/><SP WIDTH="22" VPOS="1190" HPOS="206"/>
							<String ID="string_224" HPOS="228" VPOS="1190" WIDTH="36" HEIGHT="20" WC="0.93" CONTENT="det"/><SP WIDTH="21" VPOS="1190" HPOS="264"/>
							<String ID="string_225" HPOS="285" VPOS="1189" WIDTH="107" HEIGHT="27" WC="0.91" CONTENT="reguliera"/><SP WIDTH="20" VPOS="1189" HPOS="392"/>
							<String ID="string_226" HPOS="412" VPOS="1189" WIDTH="127" HEIGHT="21" WC="0.96" CONTENT="kavalleriet"/><SP WIDTH="22" VPOS="1189" HPOS="539"/>
							<String ID="string_227" HPOS="561" VPOS="1190" WIDTH="7" HEIGHT="20" WC="0.96" CONTENT="i"/><SP WIDTH="18" VPOS="1190" HPOS="568"/>
							<String ID="string_228" HPOS="586" VPOS="1189" WIDTH="125" HEIGHT="26" WC="0.95" CONTENT="allmänhet,"/><SP WIDTH="16" VPOS="1189" HPOS="711"/>
							<String ID="string_229" HPOS="727" VPOS="1190" WIDTH="38" HEIGHT="21" WC="0.93" CONTENT="der"/><SP WIDTH="16" VPOS="1190" HPOS="765"/>
							<String ID="string_230" HPOS="781" VPOS="1190" WIDTH="72" HEIGHT="26" WC="0.93" CONTENT="stång-"/>
						</TextLine>
						<TextLine ID="line_29" HPOS="106" VPOS="1225" WIDTH="747" HEIGHT="27">
							<String ID="string_231" HPOS="106" VPOS="1225" WIDTH="70" HEIGHT="21" WC="0.91" CONTENT="betsel"/><SP WIDTH="20" VPOS="1225" HPOS="176"/>
							<String ID="string_232" HPOS="196" VPOS="1225" WIDTH="110" HEIGHT="27" WC="0.91" CONTENT="begagnas"/><SP WIDTH="20" VPOS="1225" HPOS="306"/>
							<String ID="string_233" HPOS="326" VPOS="1225" WIDTH="40" HEIGHT="21" WC="0.96" CONTENT="och"/><SP WIDTH="16" VPOS="1225" HPOS="366"/>
							<String ID="string_234" HPOS="382" VPOS="1226" WIDTH="70" HEIGHT="20" WC="0.93" CONTENT="större"/><SP WIDTH="15" VPOS="1226" HPOS="452"/>
							<String ID="string_235" HPOS="467" VPOS="1225" WIDTH="185" HEIGHT="27" WC="0.92" CONTENT="konstmessighet"/><SP WIDTH="15" VPOS="1225" HPOS="652"/>
							<String ID="string_236" HPOS="667" VPOS="1225" WIDTH="7" HEIGHT="21" WC="0.96" CONTENT="i"/><SP WIDTH="16" VPOS="1225" HPOS="674"/>
							<String ID="string_237" HPOS="690" VPOS="1225" WIDTH="111" HEIGHT="21" WC="0.92" CONTENT="ridskolan"/><SP WIDTH="15" VPOS="1225" HPOS="801"/>
							<String ID="string_238" HPOS="816" VPOS="1232" WIDTH="37" HEIGHT="14" WC="0.90" CONTENT="an-"/>
						</TextLine>
						<TextLine ID="line_30" HPOS="106" VPOS="1260" WIDTH="747" HEIGHT="28">
							<String ID="string_239" HPOS="106" VPOS="1267" WIDTH="35" HEIGHT="15" WC="0.95" CONTENT="ses"/><SP WIDTH="26" VPOS="1267" HPOS="141"/>
							<String ID="string_240" HPOS="167" VPOS="1260" WIDTH="135" HEIGHT="27" WC="0.96" CONTENT="erforderlig."/><SP WIDTH="36" VPOS="1260" HPOS="302"/>
							<String ID="string_241" HPOS="338" VPOS="1260" WIDTH="44" HEIGHT="21" WC="0.91" CONTENT="För"/><SP WIDTH="22" VPOS="1260" HPOS="382"/>
							<String ID="string_242" HPOS="404" VPOS="1260" WIDTH="161" HEIGHT="22" WC="0.91" CONTENT="underbefälets"/><SP WIDTH="20" VPOS="1260" HPOS="565"/>
							<String ID="string_243" HPOS="585" VPOS="1261" WIDTH="36" HEIGHT="20" WC="0.96" CONTENT="vid"/><SP WIDTH="22" VPOS="1261" HPOS="621"/>
							<String ID="string_244" HPOS="643" VPOS="1261" WIDTH="35" HEIGHT="21" WC="0.21" CONTENT="de:"/><SP WIDTH="12" VPOS="1261" HPOS="678"/>
							<String ID="string_245" HPOS="690" VPOS="1260" WIDTH="163" HEIGHT="28" WC="0.95" CONTENT="ifrågavarande"/>
						</TextLine>
						<TextLine ID="line_31" HPOS="106" VPOS="1296" WIDTH="748" HEIGHT="27">
							<String ID="string_246" HPOS="106" VPOS="1296" WIDTH="273" HEIGHT="27" WC="0.91" CONTENT="undervisningskurserna"/><SP WIDTH="20" VPOS="1296" HPOS="379"/>
							<String ID="string_247" HPOS="399" VPOS="1296" WIDTH="93" HEIGHT="22" WC="0.92" CONTENT="öfvande"/><SP WIDTH="19" VPOS="1296" HPOS="492"/>
							<String ID="string_248" HPOS="511" VPOS="1296" WIDTH="6" HEIGHT="21" WC="0.93" CONTENT="i"/><SP WIDTH="16" VPOS="1296" HPOS="517"/>
							<String ID="string_249" HPOS="533" VPOS="1296" WIDTH="45" HEIGHT="21" WC="0.92" CONTENT="ridt"/><SP WIDTH="15" VPOS="1296" HPOS="578"/>
							<String ID="string_250" HPOS="593" VPOS="1296" WIDTH="70" HEIGHT="22" WC="0.92" CONTENT="blefve"/><SP WIDTH="16" VPOS="1296" HPOS="663"/>
							<String ID="string_251" HPOS="679" VPOS="1297" WIDTH="37" HEIGHT="21" WC="0.96" CONTENT="det"/><SP WIDTH="15" VPOS="1297" HPOS="716"/>
							<String ID="string_252" HPOS="731" VPOS="1297" WIDTH="55" HEIGHT="21" WC="0.93" CONTENT="dock"/><SP WIDTH="15" VPOS="1297" HPOS="786"/>
							<String ID="string_253" HPOS="801" VPOS="1297" WIDTH="53" HEIGHT="21" WC="0.92" CONTENT="nöd-"/>
						</TextLine>
						<TextLine ID="line_32" HPOS="110" VPOS="1332" WIDTH="744" HEIGHT="27">
							<String ID="string_254" HPOS="110" VPOS="1332" WIDTH="90" HEIGHT="27" WC="0.92" CONTENT="vändigt"/><SP WIDTH="19" VPOS="1332" HPOS="200"/>
							<String ID="string_255" HPOS="219" VPOS="1334" WIDTH="34" HEIGHT="19" WC="0.96" CONTENT="att"/><SP WIDTH="20" VPOS="1334" HPOS="253"/>
							<String ID="string_256" HPOS="273" VPOS="1338" WIDTH="26" HEIGHT="15" WC="0.96" CONTENT="en"/><SP WIDTH="21" VPOS="1338" HPOS="299"/>
							<String ID="string_257" HPOS="320" VPOS="1332" WIDTH="36" HEIGHT="21" WC="0.96" CONTENT="del"/><SP WIDTH="20" VPOS="1332" HPOS="356"/>
							<String ID="string_258" HPOS="376" VPOS="1332" WIDTH="24" HEIGHT="21" WC="0.96" CONTENT="af"/><SP WIDTH="17" VPOS="1332" HPOS="400"/>
							<String ID="string_259" HPOS="417" VPOS="1332" WIDTH="37" HEIGHT="21" WC="0.96" CONTENT="det"/><SP WIDTH="15" VPOS="1332" HPOS="454"/>
							<String ID="string_260" HPOS="469" VPOS="1332" WIDTH="34" HEIGHT="21" WC="0.96" CONTENT="för"/><SP WIDTH="15" VPOS="1332" HPOS="503"/>
							<String ID="string_261" HPOS="518" VPOS="1332" WIDTH="105" HEIGHT="21" WC="0.96" CONTENT="kurserna"/><SP WIDTH="16" VPOS="1332" HPOS="623"/>
							<String ID="string_262" HPOS="639" VPOS="1332" WIDTH="140" HEIGHT="27" WC="0.95" CONTENT="erforderliga"/><SP WIDTH="15" VPOS="1332" HPOS="779"/>
							<String ID="string_263" HPOS="794" VPOS="1332" WIDTH="60" HEIGHT="21" WC="0.96" CONTENT="antal"/>
						</TextLine>
						<TextLine ID="line_33" HPOS="109" VPOS="1367" WIDTH="745" HEIGHT="28">
							<String ID="string_264" HPOS="109" VPOS="1368" WIDTH="85" HEIGHT="26" WC="0.96" CONTENT="hästar,"/><SP WIDTH="27" VPOS="1368" HPOS="194"/>
							<String ID="string_265" HPOS="221" VPOS="1367" WIDTH="126" HEIGHT="27" WC="0.93" CONTENT="förslagsvis"/><SP WIDTH="25" VPOS="1367" HPOS="347"/>
							<String ID="string_266" HPOS="372" VPOS="1367" WIDTH="125" HEIGHT="27" WC="0.90" CONTENT="trettiofyra"/><SP WIDTH="24" VPOS="1367" HPOS="497"/>
							<String ID="string_267" HPOS="521" VPOS="1368" WIDTH="36" HEIGHT="21" WC="0.96" CONTENT="vid"/><SP WIDTH="25" VPOS="1368" HPOS="557"/>
							<String ID="string_268" HPOS="582" VPOS="1368" WIDTH="106" HEIGHT="21" WC="0.95" CONTENT="hvardera"/><SP WIDTH="25" VPOS="1368" HPOS="688"/>
							<String ID="string_269" HPOS="713" VPOS="1370" WIDTH="141" HEIGHT="25" WC="0.96" CONTENT="regementet,"/>
						</TextLine>
						<TextLine ID="line_34" HPOS="105" VPOS="1403" WIDTH="751" HEIGHT="28">
							<String ID="string_270" HPOS="105" VPOS="1410" WIDTH="51" HEIGHT="14" WC="0.96" CONTENT="vore"/><SP WIDTH="16" VPOS="1410" HPOS="156"/>
							<String ID="string_271" HPOS="172" VPOS="1403" WIDTH="58" HEIGHT="21" WC="0.93" CONTENT="förut"/><SP WIDTH="16" VPOS="1403" HPOS="230"/>
							<String ID="string_272" HPOS="246" VPOS="1403" WIDTH="92" HEIGHT="27" WC="0.91" CONTENT="inridna,"/><SP WIDTH="16" VPOS="1403" HPOS="338"/>
							<String ID="string_273" HPOS="354" VPOS="1403" WIDTH="100" HEIGHT="22" WC="0.92" CONTENT="hvarföre"/><SP WIDTH="16" VPOS="1403" HPOS="454"/>
							<String ID="string_274" HPOS="470" VPOS="1404" WIDTH="81" HEIGHT="21" WC="0.96" CONTENT="sådana"/><SP WIDTH="16" VPOS="1404" HPOS="551"/>
							<String ID="string_275" HPOS="567" VPOS="1404" WIDTH="67" HEIGHT="21" WC="0.97" CONTENT="borde"/><SP WIDTH="16" VPOS="1404" HPOS="634"/>
							<String ID="string_276" HPOS="650" VPOS="1404" WIDTH="33" HEIGHT="21" WC="0.93" CONTENT="för"/><SP WIDTH="15" VPOS="1404" HPOS="683"/>
							<String ID="string_277" HPOS="698" VPOS="1404" WIDTH="77" HEIGHT="27" WC="0.92" CONTENT="antydt"/><SP WIDTH="14" VPOS="1404" HPOS="775"/>
							<String ID="string_278" HPOS="789" VPOS="1403" WIDTH="67" HEIGHT="22" WC="0.92" CONTENT="behof"/>
						</TextLine>
						<TextLine ID="line_35" HPOS="105" VPOS="1439" WIDTH="120" HEIGHT="27">
							<String ID="string_279" HPOS="105" VPOS="1439" WIDTH="120" HEIGHT="27" WC="0.92" CONTENT="uppköpas."/>
						</TextLine>
					</TextBlock>
				</ComposedBlock>
			</PrintSpace>
		</Page>
	</Layout>
</alto>
