1056 1725
226 112 13 21 2
445 112 21 21 U.
482 112 21 22 B.
519 124 26 2 —
562 112 59 27 Prop.
638 111 33 21 N:o
687 110 37 22 36.

198 174 86 28 serliga
299 174 109 28 Majestät
423 180 102 18 numera,
541 174 31 28 pä
582 173 99 28 förnyad
691 172 148 28 underdänig
849 172 102 29 petition

198 208 26 22 af
246 208 55 22 1885
324 208 36 21 ärs
384 208 106 26 Ständer,
512 208 55 22 lätit
582 208 109 22 utarbeta
705 207 88 29 förslag
807 207 38 21 till
859 207 40 29 lag
914 214 38 15 an-

196 242 92 28 gäende
310 242 107 22 enskilda
437 242 127 28 jernvägar
586 242 37 22 för
639 242 86 21 allmän
739 241 137 21 samfärdsel
892 244 61 19 samt

196 276 122 29 förelägga
334 276 129 22 Ständerna
479 276 8 21 i
502 276 67 29 fräga
579 276 102 22 varande
696 275 88 29 nädiga
798 275 153 29 proposition.

266 311 83 21 Denna
364 311 144 28 proposition
524 311 43 22 har
581 311 28 21 af
623 310 200 29 Borgareständet
842 309 111 30 hänskju-

196 345 41 22 tits
261 345 37 21 till
320 345 145 28 behandling
481 345 26 21 af
521 347 154 19 sammansatt
690 345 59 27 Lag-
766 343 45 22 och
825 344 128 29 Jernvägs-

196 379 98 27 utskott,
318 387 53 14 men
394 379 27 22 af
440 379 29 21 de
491 379 76 28 öfriga
589 379 105 22 Ständen
717 378 37 21 till
776 378 176 28 Lagutskottet,

196 421 56 20 som,
268 414 31 28 pä
314 413 109 28 begäran,
438 413 46 22 fätt
499 413 38 22 del
552 413 26 22 af
591 413 134 28 Kejserliga
740 413 114 21 Senatens
864 413 88 27 förslag

195 447 39 22 till
248 447 137 28 förordning
400 447 9 21 i
425 449 82 26 ämnet,
523 447 93 22 hvilket
631 447 88 28 förslag
735 447 8 21 i
758 447 74 28 nägra
845 447 64 21 delar
918 447 35 21 af-

194 481 69 22 viker
277 481 52 22 frän
345 489 32 14 nu
392 481 161 29 föreliggande
570 481 249 28 författningsförslag.

264 658 85 22 Medan
364 658 90 22 fordom
463 658 200 29 förbättringarna
672 659 9 21 i
691 659 260 21 kommunikationerna

193 693 125 22 inskränkt
338 693 36 28 sig
394 692 165 29 förnämligast
580 692 45 28 till,
649 694 35 20 att
699 692 83 22 hinder
797 692 153 29 aflägsnades,

194 734 49 15 som
266 730 100 18 naturen
382 727 56 21 eller
457 726 288 22 samhällsförhällandena
760 727 75 21 stälde
850 728 9 20 i
873 730 76 26 vägen

193 762 37 20 för
246 761 159 27 samfärdseln,
421 761 42 21 har
479 761 39 21 det
532 761 62 21 varit
611 761 45 21 den
670 768 73 21 nyare
759 761 65 21 tiden
834 761 116 22 förbehäl-

192 796 34 21 let
242 797 36 19 att
293 795 114 28 befrämja
421 802 87 14 samma
521 795 94 28 vigtiga
633 795 100 21 intresse
749 795 200 29 hufvudsakligen

192 837 86 21 genom
293 837 47 21 nya
354 829 299 26 kommunikationsmedel,
674 829 72 21 bland
761 830 82 21 hvilka
855 830 93 28 jernvä-

192 872 73 21 garne
281 864 63 21 varit
359 863 43 22 och
417 863 145 22 fortfarande
579 867 39 18 äro
635 864 24 21 af
672 866 55 25 stor,
744 871 37 14 om
796 864 52 21 icke
863 866 86 20 största

194 898 128 29 betydelse.
351 898 134 21 Initiativet
499 898 38 21 till
553 897 68 22 dessa
639 898 171 29 inrättningars
825 898 125 22 införande

192 933 43 21 har
256 932 134 22 utomlands
413 932 8 21 i
443 931 126 22 allmänhet
590 932 73 29 tagits
679 932 26 22 af
718 932 45 21 den
774 933 107 22 enskilda
890 933 62 21 före-

191 967 171 28 tagsamheten,
377 967 85 21 liksom
479 966 42 22 ock
535 967 159 28 jernbanorna
708 967 64 22 inom
782 968 29 21 de
820 967 68 21 flesta
898 967 49 21 län-

192 1001 40 22 der
248 1005 64 18 ännu
327 1001 37 21 till
380 1001 51 21 icke
446 1001 69 28 ringa
524 1001 38 21 del
572 1001 96 22 tillhöra
679 1001 111 23 enskilde.
813 1001 137 22 Afvikande

191 1036 114 27 härifrän,
320 1035 90 29 bygdes
424 1035 114 22 Finlands
563 1035 75 22 äldsta
651 1036 100 29 jernväg
766 1037 27 20 af
805 1038 83 25 staten,
904 1036 45 21 och

190 1070 72 22 hafva
286 1069 106 22 enskilde
414 1069 59 22 först
487 1069 73 22 sedan
577 1073 107 18 närmare
700 1072 35 20 ett
749 1070 139 22 decennium
903 1070 44 22 för-

190 1104 64 21 flutit
270 1105 60 20 efter
345 1103 39 22 det
399 1103 75 22 denna
487 1103 100 30 jernväg
602 1104 119 29 öppnades
737 1105 36 21 för
783 1104 100 22 trafiken
894 1104 54 22 sökt

190 1138 45 22 och
250 1138 97 22 erhållit
361 1137 108 22 tillstånd
484 1138 39 22 till
539 1138 82 29 dylika
636 1139 173 29 anläggningar
818 1139 129 21 härstädes.

192 1173 28 28 Ej
231 1172 75 22 heller
316 1172 43 22 har
369 1171 42 23 hos
422 1179 37 15 oss
469 1172 45 22 den
525 1173 109 21 enskilda
641 1173 214 29 företagsamheten
860 1173 87 22 hittills

191 1207 52 21 haft
266 1208 36 20 att
322 1206 115 22 anteckna
451 1207 78 28 någon
545 1209 50 19 stor
610 1208 57 21 eller
681 1208 127 21 bestående
822 1208 126 28 framgång

191 1241 30 28 pä
237 1240 67 22 detta
319 1240 99 22 område.
449 1241 103 21 Sålunda
567 1241 43 22 har
625 1242 27 21 af
665 1242 29 21 de
709 1244 36 19 tre
754 1242 123 22 inhemska
883 1242 67 28 jern-

190 1275 158 29 vägsföretag,
372 1275 80 21 hvilka
475 1275 92 23 enskild
583 1276 150 28 spekulation
752 1277 75 21 utfört
841 1276 57 22 eller
913 1277 34 21 åt-

190 1309 118 22 minstone
324 1309 81 27 inledt,
417 1309 39 22 det
465 1310 80 27 första,
557 1310 58 22 eller
623 1310 133 29 jernbanan
766 1311 86 21 mellan
861 1311 90 28 Hangö

191 1343 42 21 och
257 1343 119 29 Hyvinge,
390 1344 82 23 hvarå
494 1344 141 22 koncession
653 1345 130 29 beviljades
799 1346 44 21 den
861 1346 26 22 10
901 1345 47 22 No-

189 1378 96 21 vember
302 1379 60 27 1869,
379 1378 59 21 efter
452 1386 29 14 en
496 1378 59 28 kort,
571 1379 56 29 föga
642 1380 177 28 vinstgifvande
829 1380 118 21 verksam-

251 1423 135 24 Lagutskottets
397 1424 108 18 betänkande
519 1424 35 19 N:o
567 1425 27 18 12.
