1056 1725
287 130 70 22 Ständ.
374 131 31 21 Sv.
423 143 25 3 —
465 131 60 27 Prop.
541 130 35 22 N:o
591 131 36 21 37.
798 132 13 20 5

289 195 33 20 att
336 192 127 22 Ständerna
479 193 127 28 bemyndiga
622 193 114 27 Styrelsen
751 195 39 25 att,
803 194 36 26 för

219 228 114 21 inlösande
348 228 25 27 af
388 228 121 20 återstoden
524 228 55 25 utaf
591 228 24 20 de
626 228 48 26 4/2
687 228 30 26 %/o
732 228 107 28 obligatio-

221 269 45 18 ner,
290 269 43 14 som
356 262 113 27 utfärdats
491 262 36 27 för
541 262 67 27 inköp
623 262 26 27 af
663 262 176 28 donationsgods,

223 297 59 21 inom
305 297 75 21 landet
401 297 14 21 &
439 297 104 27 lämpliga
559 297 55 21 tider
629 299 97 26 upptaga
741 298 30 20 ett
785 297 8 21 i
808 304 30 14 se-

221 331 44 22 rier
280 331 108 27 fördeladt
403 331 38 22 län
458 331 33 21 till
506 331 141 27 erforderligt
661 331 78 28 belopp,
755 331 47 22 med
811 338 28 15 en

221 367 110 21 räntesats
356 365 45 22 icke
423 366 161 28 öfverstigande
606 366 16 21 4
641 366 34 27 "o
699 366 81 22 hvilket
800 366 39 21 län

220 400 80 22 komme
316 402 33 20 att
363 401 9 20 i
386 401 53 21 män
455 401 25 27 af
494 401 136 21 statsverkets
647 401 120 28 tillgångar
784 401 55 27 efter

220 435 139 28 uppsägning
380 435 86 21 serievis
489 435 83 22 inlösas
592 437 75 20 senast
686 435 61 22 inom
767 435 32 22 30
812 435 27 22 är

221 469 54 27 efter
290 469 70 22 länets
374 469 151 28 upptagande;
541 469 111 22 äfvensom

289 505 34 20 att
344 503 127 22 Ständerna
494 503 69 22 säsom
578 505 30 20 ett
623 503 166 29 önskningsmäl
803 506 34 19 ut-

225 538 51 28 tala,
299 540 34 20 att
354 538 109 28 Styrelsen
488 538 66 21 mätte
578 539 71 21 sävidt
670 538 84 29 möjligt
768 539 72 21 under

222 572 41 22 den
286 573 31 21 tid
340 573 59 21 lånet
421 573 36 21 bör
480 574 121 21 amorteras
623 573 138 29 regelbundet
778 573 59 22 verk-

222 607 65 22 ställa
302 607 165 29 afbetalningar
485 608 14 21 å
513 608 125 21 detsamma.

154 659 130 28 Helsingfors
300 660 42 22 den
358 662 10 20 7
385 660 42 28 Maj
446 661 60 22 1888.

153 711 101 21 Finlands
270 711 92 23 Ständer
377 712 128 22 framhärda
522 715 39 19 etc.

165 1444 72 22 H:fors,
250 1445 17 17 J.
284 1431 74 42 Simelii
371 1431 49 42 arfv.
433 1446 128 23 boktryckeri
574 1437 124 32 aktiebolag,
706 1438 50 27 1888.
