1056 1725
263 129 27 21 58
475 126 23 24 U.
515 126 22 23 B.
553 138 29 6 —
599 127 63 29 Prop.
677 128 36 21 N:o
729 126 38 24 34.

440 192 32 18 att
487 190 111 21 Karelska
613 189 74 21 banan
703 190 48 19 med
767 190 92 21 hihanar
875 190 34 21 till
924 190 70 21 Wärt-

371 224 44 21 silä
434 223 39 22 och
491 224 87 21 Imatra
597 223 107 26 definitivt
723 224 88 28 uppgås
829 224 27 21 år
875 225 65 24 1889,
960 223 34 22 be-

371 259 74 27 lägges
460 258 48 22 med
523 258 70 21 arbete
609 258 58 28 efter
681 259 36 20 det
733 258 107 22 Savolaks
856 258 73 22 banan
940 258 54 28 blif-

372 293 29 21 vit
412 293 142 28 fullbordad,
569 295 73 19 senast
657 294 26 20 år
698 294 66 25 1890,
781 293 39 21 och
839 295 54 19 utan
908 293 86 28 afbrott

371 328 9 20 i
395 327 128 28 byggnaden
538 328 119 27 slutföres;
671 330 57 19 samt

441 387 32 18 att
491 384 327 28 Tammerfors—Björneborgs
834 384 73 21 banan
914 384 81 21 under-

374 418 59 21 sökes
446 419 43 28 för
504 421 32 19 att
551 419 26 20 år
593 420 58 20 1890
667 419 101 28 beläggas
784 419 48 21 med
847 419 76 21 arbete.

306 601 82 21 Genom
410 601 198 27 protokollsutdrag
630 601 41 21 har
693 601 184 27 Borgareståndet
892 602 33 21 till
938 602 57 27 jern-

236 636 159 26 vägsutskottet
410 636 122 21 remitterat
547 636 65 21 bland
628 637 66 20 annat
710 637 31 20 ett
757 636 7 20 i
781 636 85 21 ståndet
881 636 115 22 framfördt

237 670 118 26 uttalande,
372 670 81 27 gående
467 672 25 19 ut
506 670 34 27 på,
557 671 32 20 att
611 670 108 21 utskottet
741 670 7 21 i
771 670 154 28 sammanhang
947 671 49 21 med

238 704 159 28 behandlingen
420 704 24 21 af
464 704 79 28 nådiga
565 704 162 27 propositionen
750 710 35 16 om
800 704 74 22 vidare
887 705 108 27 jernvägs-

237 738 124 28 byggnader
376 739 7 21 i
399 739 74 21 landet
488 739 50 21 ville
553 740 58 26 yttra
626 738 33 28 sig
675 745 34 15 om
725 738 40 22 och
781 738 80 22 föreslå
880 739 26 21 de
925 739 71 27 åtgär-

238 773 44 26 der,
306 779 45 15 som
374 780 50 14 vore
440 773 81 27 egnade
537 775 32 19 att
584 773 58 21 inom
658 775 49 25 eget
722 773 52 21 land
789 773 150 21 åstadkomma
953 773 43 21 till-

237 807 105 27 verkning
358 807 23 21 af
395 808 28 20 all
439 808 41 20 den
495 807 98 21 materiel
616 807 24 21 af
661 808 58 21 olika
742 807 53 27 slag,
819 814 46 15 som
889 807 107 22 erfordras

238 841 34 22 för
288 842 122 27 byggandet
425 842 40 21 och
480 841 135 22 underhållet
631 842 24 20 af
667 842 122 27 jernvägar.

307 876 10 21 I
333 876 115 27 anledning
463 876 24 21 af
501 876 59 21 detta
575 876 111 21 uttalande
701 876 42 21 har
757 876 108 21 utskottet
879 882 76 21 genom
971 882 26 15 en

238 911 123 27 delegation
383 911 49 21 sökt
455 911 22 21 få
498 911 77 26 utredt,
599 910 105 22 huruvida
727 910 41 21 och
784 910 7 21 i
807 911 56 20 hvad
878 911 49 21 mån
940 911 57 27 jern-

238 945 151 27 vägsmateriel
404 945 72 21 kunde
491 945 58 21 inom
563 945 74 21 landet
653 945 119 26 tillverkas,
792 944 111 22 äfvensom
925 945 73 21 hvilka

238 979 102 27 åtgärder
354 979 108 22 härintills
477 979 104 28 vidtagits
596 979 34 21 för
645 981 32 19 att
691 979 104 22 befordra
817 985 27 15 en
867 979 66 21 sådan
955 979 43 21 till-

238 1013 111 28 verkning.
380 1013 30 22 Af
431 1014 41 21 den
495 1013 90 22 sålunda
607 1013 124 28 förebragta
746 1013 143 28 utredningen
911 1013 39 21 har
965 1015 33 20 ut-

239 1047 82 22 skottet
336 1047 77 27 funnit,
429 1050 33 19 att
477 1048 126 27 regeringen
619 1048 39 21 allt
673 1049 66 20 sedan
754 1048 124 27 byggandet
893 1047 24 22 af
930 1047 68 22 Riihi-

238 1082 122 21 mäki—S:t
381 1082 128 27 Petersburg
529 1082 90 27 jernväg
641 1082 84 21 försökt
748 1082 117 21 intressera
887 1082 112 21 inhemska

239 1115 97 22 fabriker
358 1116 39 22 och
419 1117 126 21 verkstäder
564 1117 34 20 för
613 1116 162 28 förfärdigande
790 1117 24 20 af
825 1116 173 28 jernvägsförnö-

239 1150 105 22 denheter
359 1151 39 21 och
413 1151 7 21 i
436 1151 76 21 sådant
527 1151 121 21 hänseende
665 1151 64 27 gifvit
749 1152 250 26 jernvägsbyggnadsbe-

239 1185 131 27 styrelserna
384 1186 112 21 bestämda
512 1185 205 28 förhållningsorder
728 1188 33 19 att
779 1186 8 20 i
803 1186 90 21 främsta
908 1188 91 19 rummet

240 1220 98 20 använda
354 1220 57 20 inom
427 1220 73 21 landet
523 1220 141 21 åstadkomna
679 1220 134 22 materialier
837 1220 39 21 och
891 1220 107 26 tillbehör,

240 1254 75 21 såvida
330 1254 26 21 de
371 1260 50 15 vore
444 1254 23 21 af
489 1254 33 21 för
545 1254 122 22 ändamålet
689 1255 77 27 tjenlig
789 1254 147 22 beskaffenhet
959 1254 40 22 och

239 1288 73 22 kunde
327 1288 92 22 erhållas
435 1289 101 27 antingen
551 1288 33 22 till
601 1295 81 15 samma
697 1289 54 21 eller
765 1289 35 21 till
815 1288 40 22 och
871 1289 49 21 med
934 1289 66 27 något

239 1322 69 28 högre
330 1323 44 27 pris
397 1324 27 20 än
448 1322 47 22 från
510 1323 97 21 utlandet
622 1323 142 21 införskrifna
780 1323 95 21 effekter.
906 1323 39 21 Att
967 1323 33 21 så-

240 1357 57 21 dana
319 1357 113 21 inhemska
454 1357 119 21 fabrikater
595 1358 36 20 det
656 1357 91 22 oaktadt
770 1357 47 21 icke
841 1357 36 21 vid
890 1357 110 27 jernvägs-

239 1391 126 27 byggnader
380 1391 39 21 och
435 1391 83 27 färdiga
531 1392 114 27 jernvägar
660 1392 87 20 erhållit
767 1393 68 19 större
859 1391 141 27 användning,

240 1425 40 22 har
304 1426 56 21 varit
382 1426 107 21 beroende
512 1426 66 27 deraf,
598 1428 32 20 att
645 1426 75 21 endast
737 1432 26 15 en
779 1426 135 27 obetydande
929 1426 35 21 del
979 1425 24 22 af

240 1460 75 27 dylika
330 1461 89 21 artiklar
435 1461 129 27 förfärdigas
579 1461 7 20 i
601 1461 74 21 landet
691 1461 39 22 och
747 1462 32 20 att
801 1461 42 21 den
867 1460 135 23 återstående

311 1501 189 22 Jernvägsutskottets
513 1501 102 18 betänkade
628 1503 35 16 N:o
674 1503 14 16 1.
