<?xml version="1.0" encoding="UTF-8"?>
<alto xmlns="http://www.loc.gov/standards/alto/ns-v3#" xmlns:xlink="http://www.w3.org/1999/xlink" xmlns:xsi="http://www.w3.org/2001/XMLSchema-instance" xsi:schemaLocation="http://www.loc.gov/standards/alto/ns-v3# http://www.loc.gov/alto/v3/alto-3-0.xsd">
	<Description>
		<MeasurementUnit>pixel</MeasurementUnit>
		<sourceImageInformation>
			<fileName>/tmp/tess__ao3aokd_input.PNG</fileName>
		</sourceImageInformation>
		<OCRProcessing ID="OCR_0">
			<ocrProcessingStep>
				<processingSoftware>
					<softwareName>tesseract 5.3.4</softwareName>
				</processingSoftware>
			</ocrProcessingStep>
		</OCRProcessing>
	</Description>
	<Layout>
		<Page WIDTH="1056" HEIGHT="1725" PHYSICAL_IMG_NR="0" ID="page_0">
			<PrintSpace HPOS="0" VPOS="0" WIDTH="1056" HEIGHT="1725">
				<ComposedBlock ID="cblock_0" HPOS="275" VPOS="119" WIDTH="27" HEIGHT="22">
					<TextBlock ID="block_0" HPOS="275" VPOS="119" WIDTH="27" HEIGHT="22">
						<TextLine ID="line_0" HPOS="275" VPOS="119" WIDTH="27" HEIGHT="22">
							<String ID="string_0" HPOS="275" VPOS="119" WIDTH="27" HEIGHT="22" WC="0.95" CONTENT="12"/>
						</TextLine>
					</TextBlock>
				</ComposedBlock>
				<ComposedBlock ID="cblock_1" HPOS="473" VPOS="120" WIDTH="325" HEIGHT="31">
					<TextBlock ID="block_1" HPOS="473" VPOS="120" WIDTH="325" HEIGHT="31">
						<TextLine ID="line_1" HPOS="473" VPOS="120" WIDTH="325" HEIGHT="31">
							<String ID="string_1" HPOS="473" VPOS="120" WIDTH="66" HEIGHT="24" WC="0.92" CONTENT="Ständ."/><SP WIDTH="16" VPOS="120" HPOS="539"/>
							<String ID="string_2" HPOS="555" VPOS="121" WIDTH="30" HEIGHT="23" WC="0.83" CONTENT="Sv."/><SP WIDTH="16" VPOS="121" HPOS="585"/>
							<String ID="string_3" HPOS="601" VPOS="132" WIDTH="28" HEIGHT="5" WC="0.93" CONTENT="—"/><SP WIDTH="16" VPOS="132" HPOS="629"/>
							<String ID="string_4" HPOS="645" VPOS="122" WIDTH="55" HEIGHT="29" WC="0.96" CONTENT="Prop."/><SP WIDTH="17" VPOS="122" HPOS="700"/>
							<String ID="string_5" HPOS="717" VPOS="122" WIDTH="32" HEIGHT="24" WC="0.95" CONTENT="N:o"/><SP WIDTH="16" VPOS="122" HPOS="749"/>
							<String ID="string_6" HPOS="765" VPOS="122" WIDTH="33" HEIGHT="24" WC="0.96" CONTENT="38."/>
						</TextLine>
					</TextBlock>
				</ComposedBlock>
				<ComposedBlock ID="cblock_2" HPOS="384" VPOS="186" WIDTH="619" HEIGHT="167">
					<TextBlock ID="block_2" HPOS="384" VPOS="186" WIDTH="619" HEIGHT="167">
						<TextLine ID="line_2" HPOS="384" VPOS="186" WIDTH="615" HEIGHT="30">
							<String ID="string_7" HPOS="384" VPOS="186" WIDTH="69" HEIGHT="28" WC="0.94" CONTENT="lingen"/><SP WIDTH="23" VPOS="186" HPOS="453"/>
							<String ID="string_8" HPOS="476" VPOS="189" WIDTH="56" HEIGHT="19" WC="0.94" CONTENT="samt"/><SP WIDTH="21" VPOS="189" HPOS="532"/>
							<String ID="string_9" HPOS="553" VPOS="188" WIDTH="50" HEIGHT="26" WC="0.96" CONTENT="vise,"/><SP WIDTH="25" VPOS="188" HPOS="603"/>
							<String ID="string_10" HPOS="628" VPOS="195" WIDTH="33" HEIGHT="14" WC="0.96" CONTENT="om"/><SP WIDTH="21" VPOS="195" HPOS="661"/>
							<String ID="string_11" HPOS="682" VPOS="188" WIDTH="129" HEIGHT="28" WC="0.93" CONTENT="handlingen"/><SP WIDTH="18" VPOS="188" HPOS="811"/>
							<String ID="string_12" HPOS="829" VPOS="189" WIDTH="19" HEIGHT="27" WC="0.92" CONTENT="e"/><SP WIDTH="15" VPOS="189" HPOS="848"/>
							<String ID="string_13" HPOS="863" VPOS="191" WIDTH="25" HEIGHT="19" WC="0.93" CONTENT="är"/><SP WIDTH="15" VPOS="191" HPOS="888"/>
							<String ID="string_14" HPOS="903" VPOS="189" WIDTH="59" HEIGHT="21" WC="0.92" CONTENT="stäld"/><SP WIDTH="14" VPOS="189" HPOS="962"/>
							<String ID="string_15" HPOS="976" VPOS="189" WIDTH="23" HEIGHT="22" WC="0.87" CONTENT="til"/>
						</TextLine>
						<TextLine ID="line_3" HPOS="384" VPOS="220" WIDTH="617" HEIGHT="30">
							<String ID="string_16" HPOS="384" VPOS="220" WIDTH="157" HEIGHT="28" WC="0.90" CONTENT="innehafvaren,"/><SP WIDTH="22" VPOS="220" HPOS="541"/>
							<String ID="string_17" HPOS="563" VPOS="221" WIDTH="35" HEIGHT="21" WC="0.96" CONTENT="sin"/><SP WIDTH="19" VPOS="221" HPOS="598"/>
							<String ID="string_18" HPOS="617" VPOS="223" WIDTH="46" HEIGHT="21" WC="0.95" CONTENT="rätt"/><SP WIDTH="19" VPOS="223" HPOS="663"/>
							<String ID="string_19" HPOS="682" VPOS="224" WIDTH="32" HEIGHT="20" WC="0.96" CONTENT="att"/><SP WIDTH="18" VPOS="224" HPOS="714"/>
							<String ID="string_20" HPOS="732" VPOS="223" WIDTH="58" HEIGHT="27" WC="0.93" CONTENT="öfver"/><SP WIDTH="14" VPOS="223" HPOS="790"/>
							<String ID="string_21" HPOS="804" VPOS="223" WIDTH="147" HEIGHT="27" WC="0.91" CONTENT="inteckningen"/><SP WIDTH="14" VPOS="223" HPOS="951"/>
							<String ID="string_22" HPOS="965" VPOS="224" WIDTH="36" HEIGHT="26" WC="0.96" CONTENT="för"/>
						</TextLine>
						<TextLine ID="line_4" HPOS="384" VPOS="254" WIDTH="619" HEIGHT="31">
							<String ID="string_23" HPOS="384" VPOS="254" WIDTH="57" HEIGHT="28" WC="0.91" CONTENT="foga."/><SP WIDTH="30" VPOS="254" HPOS="441"/>
							<String ID="string_24" HPOS="471" VPOS="255" WIDTH="110" HEIGHT="27" WC="0.89" CONTENT="Fullgöres"/><SP WIDTH="20" VPOS="255" HPOS="581"/>
							<String ID="string_25" HPOS="601" VPOS="256" WIDTH="40" HEIGHT="26" WC="0.96" CONTENT="det,"/><SP WIDTH="20" VPOS="256" HPOS="641"/>
							<String ID="string_26" HPOS="661" VPOS="256" WIDTH="64" HEIGHT="22" WC="0.93" CONTENT="varde"/><SP WIDTH="14" VPOS="256" HPOS="725"/>
							<String ID="string_27" HPOS="739" VPOS="257" WIDTH="146" HEIGHT="28" WC="0.91" CONTENT="inteckningen"/><SP WIDTH="15" VPOS="257" HPOS="885"/>
							<String ID="string_28" HPOS="900" VPOS="258" WIDTH="27" HEIGHT="26" WC="0.96" CONTENT="af"/><SP WIDTH="9" VPOS="258" HPOS="927"/>
							<String ID="string_29" HPOS="936" VPOS="259" WIDTH="67" HEIGHT="20" WC="0.96" CONTENT="rätten"/>
						</TextLine>
						<TextLine ID="line_5" HPOS="385" VPOS="288" WIDTH="618" HEIGHT="31">
							<String ID="string_30" HPOS="385" VPOS="288" WIDTH="70" HEIGHT="23" WC="0.96" CONTENT="dödad"/><SP WIDTH="20" VPOS="288" HPOS="455"/>
							<String ID="string_31" HPOS="475" VPOS="297" WIDTH="76" HEIGHT="20" WC="0.96" CONTENT="genom"/><SP WIDTH="22" VPOS="297" HPOS="551"/>
							<String ID="string_32" HPOS="573" VPOS="291" WIDTH="124" HEIGHT="28" WC="0.93" CONTENT="anteckning"/><SP WIDTH="23" VPOS="291" HPOS="697"/>
							<String ID="string_33" HPOS="720" VPOS="292" WIDTH="9" HEIGHT="21" WC="0.93" CONTENT="i"/><SP WIDTH="16" VPOS="292" HPOS="729"/>
							<String ID="string_34" HPOS="745" VPOS="292" WIDTH="184" HEIGHT="27" WC="0.92" CONTENT="fastighetsboken,"/><SP WIDTH="22" VPOS="292" HPOS="929"/>
							<String ID="string_35" HPOS="951" VPOS="298" WIDTH="52" HEIGHT="15" WC="0.96" CONTENT="sami"/>
						</TextLine>
						<TextLine ID="line_6" HPOS="385" VPOS="323" WIDTH="564" HEIGHT="30">
							<String ID="string_36" HPOS="385" VPOS="323" WIDTH="55" HEIGHT="22" WC="0.96" CONTENT="bevis"/><SP WIDTH="15" VPOS="323" HPOS="440"/>
							<String ID="string_37" HPOS="455" VPOS="324" WIDTH="71" HEIGHT="22" WC="0.93" CONTENT="derom"/><SP WIDTH="16" VPOS="324" HPOS="526"/>
							<String ID="string_38" HPOS="542" VPOS="324" WIDTH="96" HEIGHT="23" WC="0.91" CONTENT="tecknadt"/><SP WIDTH="15" VPOS="324" HPOS="638"/>
							<String ID="string_39" HPOS="653" VPOS="326" WIDTH="15" HEIGHT="21" WC="0.82" CONTENT="å"/><SP WIDTH="15" VPOS="326" HPOS="668"/>
							<String ID="string_40" HPOS="683" VPOS="325" WIDTH="266" HEIGHT="28" WC="0.91" CONTENT="inteckningshandlingen."/>
						</TextLine>
					</TextBlock>
				</ComposedBlock>
				<ComposedBlock ID="cblock_3" HPOS="659" VPOS="388" WIDTH="66" HEIGHT="28">
					<TextBlock ID="block_3" HPOS="659" VPOS="388" WIDTH="66" HEIGHT="28">
						<TextLine ID="line_7" HPOS="659" VPOS="388" WIDTH="66" HEIGHT="28">
							<String ID="string_41" HPOS="659" VPOS="388" WIDTH="16" HEIGHT="28" WC="0.92" CONTENT="$"/><SP WIDTH="14" VPOS="388" HPOS="675"/>
							<String ID="string_42" HPOS="689" VPOS="389" WIDTH="36" HEIGHT="21" WC="0.96" CONTENT="21."/>
						</TextLine>
					</TextBlock>
				</ComposedBlock>
				<ComposedBlock ID="cblock_4" HPOS="383" VPOS="438" WIDTH="630" HEIGHT="545">
					<TextBlock ID="block_4" HPOS="383" VPOS="438" WIDTH="625" HEIGHT="268">
						<TextLine ID="line_8" HPOS="457" VPOS="438" WIDTH="549" HEIGHT="29">
							<String ID="string_43" HPOS="457" VPOS="438" WIDTH="80" HEIGHT="22" WC="0.86" CONTENT="Varder"/><SP WIDTH="18" VPOS="438" HPOS="537"/>
							<String ID="string_44" HPOS="555" VPOS="439" WIDTH="90" HEIGHT="28" WC="0.90" CONTENT="jernväg"/><SP WIDTH="18" VPOS="439" HPOS="645"/>
							<String ID="string_45" HPOS="663" VPOS="440" WIDTH="170" HEIGHT="27" WC="0.89" CONTENT="utmätningsvis"/><SP WIDTH="19" VPOS="440" HPOS="833"/>
							<String ID="string_46" HPOS="852" VPOS="440" WIDTH="55" HEIGHT="27" WC="0.92" CONTENT="såld,"/><SP WIDTH="16" VPOS="440" HPOS="907"/>
							<String ID="string_47" HPOS="923" VPOS="447" WIDTH="35" HEIGHT="20" WC="0.92" CONTENT="ege"/><SP WIDTH="15" VPOS="447" HPOS="958"/>
							<String ID="string_48" HPOS="973" VPOS="441" WIDTH="33" HEIGHT="20" WC="0.93" CONTENT="in-"/>
						</TextLine>
						<TextLine ID="line_9" HPOS="385" VPOS="472" WIDTH="622" HEIGHT="30">
							<String ID="string_49" HPOS="385" VPOS="472" WIDTH="192" HEIGHT="28" WC="0.89" CONTENT="teckningshafvare"/><SP WIDTH="16" VPOS="472" HPOS="577"/>
							<String ID="string_50" HPOS="593" VPOS="474" WIDTH="52" HEIGHT="26" WC="0.95" CONTENT="efter"/><SP WIDTH="14" VPOS="474" HPOS="645"/>
							<String ID="string_51" HPOS="659" VPOS="474" WIDTH="35" HEIGHT="21" WC="0.92" CONTENT="sin"/><SP WIDTH="15" VPOS="474" HPOS="694"/>
							<String ID="string_52" HPOS="709" VPOS="475" WIDTH="144" HEIGHT="26" WC="0.91" CONTENT="förmänsrätt"/><SP WIDTH="14" VPOS="475" HPOS="853"/>
							<String ID="string_53" HPOS="867" VPOS="475" WIDTH="60" HEIGHT="27" WC="0.93" CONTENT="njuta"/><SP WIDTH="16" VPOS="475" HPOS="927"/>
							<String ID="string_54" HPOS="943" VPOS="475" WIDTH="64" HEIGHT="21" WC="0.84" CONTENT="vetal-"/>
						</TextLine>
						<TextLine ID="line_10" HPOS="384" VPOS="507" WIDTH="623" HEIGHT="28">
							<String ID="string_55" HPOS="384" VPOS="507" WIDTH="51" HEIGHT="27" WC="0.94" CONTENT="ning"/><SP WIDTH="15" VPOS="507" HPOS="435"/>
							<String ID="string_56" HPOS="450" VPOS="514" WIDTH="27" HEIGHT="15" WC="0.93" CONTENT="ur"/><SP WIDTH="14" VPOS="514" HPOS="477"/>
							<String ID="string_57" HPOS="491" VPOS="507" WIDTH="168" HEIGHT="28" WC="0.91" CONTENT="köpeskillingen,"/><SP WIDTH="18" VPOS="507" HPOS="659"/>
							<String ID="string_58" HPOS="677" VPOS="515" WIDTH="33" HEIGHT="15" WC="0.96" CONTENT="om"/><SP WIDTH="15" VPOS="515" HPOS="710"/>
							<String ID="string_59" HPOS="725" VPOS="509" WIDTH="43" HEIGHT="21" WC="0.95" CONTENT="han"/><SP WIDTH="15" VPOS="509" HPOS="768"/>
							<String ID="string_60" HPOS="783" VPOS="509" WIDTH="46" HEIGHT="26" WC="0.93" CONTENT="före"/><SP WIDTH="15" VPOS="509" HPOS="829"/>
							<String ID="string_61" HPOS="844" VPOS="511" WIDTH="82" HEIGHT="24" WC="0.91" CONTENT="utropet"/><SP WIDTH="11" VPOS="511" HPOS="926"/>
							<String ID="string_62" HPOS="937" VPOS="509" WIDTH="70" HEIGHT="22" WC="0.93" CONTENT="derom"/>
						</TextLine>
						<TextLine ID="line_11" HPOS="385" VPOS="541" WIDTH="623" HEIGHT="30">
							<String ID="string_63" HPOS="385" VPOS="541" WIDTH="100" HEIGHT="22" WC="0.86" CONTENT="anhäller."/><SP WIDTH="35" VPOS="541" HPOS="485"/>
							<String ID="string_64" HPOS="520" VPOS="541" WIDTH="67" HEIGHT="22" WC="0.86" CONTENT="Yrkas"/><SP WIDTH="22" VPOS="541" HPOS="587"/>
							<String ID="string_65" HPOS="609" VPOS="543" WIDTH="34" HEIGHT="21" WC="0.92" CONTENT="det"/><SP WIDTH="22" VPOS="543" HPOS="643"/>
							<String ID="string_66" HPOS="665" VPOS="543" WIDTH="24" HEIGHT="27" WC="0.92" CONTENT="ej,"/><SP WIDTH="21" VPOS="543" HPOS="689"/>
							<String ID="string_67" HPOS="710" VPOS="543" WIDTH="79" HEIGHT="22" WC="0.92" CONTENT="stände"/><SP WIDTH="18" VPOS="543" HPOS="789"/>
							<String ID="string_68" HPOS="807" VPOS="543" WIDTH="92" HEIGHT="28" WC="0.96" CONTENT="köparen"/><SP WIDTH="15" VPOS="543" HPOS="899"/>
							<String ID="string_69" HPOS="914" VPOS="543" WIDTH="47" HEIGHT="27" WC="0.96" CONTENT="fritt"/><SP WIDTH="16" VPOS="543" HPOS="961"/>
							<String ID="string_70" HPOS="977" VPOS="545" WIDTH="31" HEIGHT="20" WC="0.96" CONTENT="att"/>
						</TextLine>
						<TextLine ID="line_12" HPOS="384" VPOS="576" WIDTH="624" HEIGHT="30">
							<String ID="string_71" HPOS="384" VPOS="576" WIDTH="70" HEIGHT="22" WC="0.93" CONTENT="sådan"/><SP WIDTH="14" VPOS="576" HPOS="454"/>
							<String ID="string_72" HPOS="468" VPOS="576" WIDTH="53" HEIGHT="28" WC="0.91" CONTENT="gäld"/><SP WIDTH="13" VPOS="576" HPOS="521"/>
							<String ID="string_73" HPOS="534" VPOS="577" WIDTH="9" HEIGHT="21" WC="0.93" CONTENT="i"/><SP WIDTH="10" VPOS="577" HPOS="543"/>
							<String ID="string_74" HPOS="553" VPOS="577" WIDTH="113" HEIGHT="28" WC="0.62" CONTENT="afräkning"/><SP WIDTH="7" VPOS="577" HPOS="666"/>
							<String ID="string_75" HPOS="673" VPOS="578" WIDTH="33" HEIGHT="26" WC="0.93" CONTENT="pä"/><SP WIDTH="10" VPOS="578" HPOS="706"/>
							<String ID="string_76" HPOS="716" VPOS="578" WIDTH="164" HEIGHT="28" WC="0.93" CONTENT="köpeskillingen"/><SP WIDTH="10" VPOS="578" HPOS="880"/>
							<String ID="string_77" HPOS="890" VPOS="579" WIDTH="118" HEIGHT="26" WC="0.65" CONTENT="öfvertaga;"/>
						</TextLine>
						<TextLine ID="line_13" HPOS="386" VPOS="610" WIDTH="621" HEIGHT="29">
							<String ID="string_78" HPOS="386" VPOS="610" WIDTH="36" HEIGHT="22" WC="0.92" CONTENT="och"/><SP WIDTH="19" VPOS="610" HPOS="422"/>
							<String ID="string_79" HPOS="441" VPOS="618" WIDTH="49" HEIGHT="14" WC="0.91" CONTENT="vare"/><SP WIDTH="15" VPOS="618" HPOS="490"/>
							<String ID="string_80" HPOS="505" VPOS="611" WIDTH="143" HEIGHT="28" WC="0.88" CONTENT="inteckningen"/><SP WIDTH="15" VPOS="611" HPOS="648"/>
							<String ID="string_81" HPOS="663" VPOS="612" WIDTH="34" HEIGHT="27" WC="0.92" CONTENT="för"/><SP WIDTH="15" VPOS="612" HPOS="697"/>
							<String ID="string_82" HPOS="712" VPOS="612" WIDTH="125" HEIGHT="22" WC="0.92" CONTENT="densamma"/><SP WIDTH="14" VPOS="612" HPOS="837"/>
							<String ID="string_83" HPOS="851" VPOS="612" WIDTH="36" HEIGHT="22" WC="0.96" CONTENT="vid"/><SP WIDTH="14" VPOS="612" HPOS="887"/>
							<String ID="string_84" HPOS="901" VPOS="613" WIDTH="35" HEIGHT="21" WC="0.93" CONTENT="sin"/><SP WIDTH="13" VPOS="613" HPOS="936"/>
							<String ID="string_85" HPOS="949" VPOS="612" WIDTH="58" HEIGHT="27" WC="0.92" CONTENT="förra"/>
						</TextLine>
						<TextLine ID="line_14" HPOS="384" VPOS="645" WIDTH="624" HEIGHT="29">
							<String ID="string_86" HPOS="384" VPOS="645" WIDTH="57" HEIGHT="27" WC="0.92" CONTENT="kraft"/><SP WIDTH="22" VPOS="645" HPOS="441"/>
							<String ID="string_87" HPOS="463" VPOS="645" WIDTH="113" HEIGHT="22" WC="0.90" CONTENT="bibehällen"/><SP WIDTH="19" VPOS="645" HPOS="576"/>
							<String ID="string_88" HPOS="595" VPOS="648" WIDTH="56" HEIGHT="20" WC="0.92" CONTENT="samt"/><SP WIDTH="16" VPOS="648" HPOS="651"/>
							<String ID="string_89" HPOS="667" VPOS="646" WIDTH="132" HEIGHT="28" WC="0.92" CONTENT="gäldenären"/><SP WIDTH="15" VPOS="646" HPOS="799"/>
							<String ID="string_90" HPOS="814" VPOS="647" WIDTH="51" HEIGHT="27" WC="0.92" CONTENT="frän"/><SP WIDTH="16" VPOS="647" HPOS="865"/>
							<String ID="string_91" HPOS="881" VPOS="653" WIDTH="78" HEIGHT="16" WC="0.91" CONTENT="ansvar"/><SP WIDTH="14" VPOS="653" HPOS="959"/>
							<String ID="string_92" HPOS="973" VPOS="647" WIDTH="35" HEIGHT="27" WC="0.96" CONTENT="för"/>
						</TextLine>
						<TextLine ID="line_15" HPOS="383" VPOS="680" WIDTH="128" HEIGHT="26">
							<String ID="string_93" HPOS="383" VPOS="680" WIDTH="77" HEIGHT="26" WC="0.91" CONTENT="gälden"/><SP WIDTH="15" VPOS="680" HPOS="460"/>
							<String ID="string_94" HPOS="475" VPOS="680" WIDTH="36" HEIGHT="26" WC="0.92" CONTENT="fri."/>
						</TextLine>
					</TextBlock>
					<TextBlock ID="block_5" HPOS="384" VPOS="713" WIDTH="629" HEIGHT="132">
						<TextLine ID="line_16" HPOS="452" VPOS="713" WIDTH="555" HEIGHT="29">
							<String ID="string_95" HPOS="452" VPOS="713" WIDTH="113" HEIGHT="29" WC="0.90" CONTENT="Föryttras"/><SP WIDTH="13" VPOS="713" HPOS="565"/>
							<String ID="string_96" HPOS="578" VPOS="715" WIDTH="91" HEIGHT="27" WC="0.92" CONTENT="jernväg"/><SP WIDTH="14" VPOS="715" HPOS="669"/>
							<String ID="string_97" HPOS="683" VPOS="715" WIDTH="68" HEIGHT="21" WC="0.96" CONTENT="under"/><SP WIDTH="16" VPOS="715" HPOS="751"/>
							<String ID="string_98" HPOS="767" VPOS="715" WIDTH="98" HEIGHT="27" WC="0.95" CONTENT="konkurs,"/><SP WIDTH="17" VPOS="715" HPOS="865"/>
							<String ID="string_99" HPOS="882" VPOS="716" WIDTH="35" HEIGHT="20" WC="0.93" CONTENT="mä"/><SP WIDTH="15" VPOS="716" HPOS="917"/>
							<String ID="string_100" HPOS="932" VPOS="715" WIDTH="75" HEIGHT="21" WC="0.87" CONTENT="inteck-"/>
						</TextLine>
						<TextLine ID="line_17" HPOS="384" VPOS="748" WIDTH="624" HEIGHT="28">
							<String ID="string_101" HPOS="384" VPOS="748" WIDTH="44" HEIGHT="22" WC="0.88" CONTENT="nad"/><SP WIDTH="19" VPOS="748" HPOS="428"/>
							<String ID="string_102" HPOS="447" VPOS="749" WIDTH="54" HEIGHT="27" WC="0.88" CONTENT="gäld"/><SP WIDTH="18" VPOS="749" HPOS="501"/>
							<String ID="string_103" HPOS="519" VPOS="749" WIDTH="41" HEIGHT="27" WC="0.96" CONTENT="ock,"/><SP WIDTH="25" VPOS="749" HPOS="560"/>
							<String ID="string_104" HPOS="585" VPOS="750" WIDTH="50" HEIGHT="26" WC="0.93" CONTENT="efter"/><SP WIDTH="15" VPOS="750" HPOS="635"/>
							<String ID="string_105" HPOS="650" VPOS="750" WIDTH="208" HEIGHT="26" WC="0.90" CONTENT="öfverenskommelse"/><SP WIDTH="14" VPOS="750" HPOS="858"/>
							<String ID="string_106" HPOS="872" VPOS="750" WIDTH="47" HEIGHT="21" WC="0.93" CONTENT="med"/><SP WIDTH="14" VPOS="750" HPOS="919"/>
							<String ID="string_107" HPOS="933" VPOS="750" WIDTH="75" HEIGHT="21" WC="0.83" CONTENT="inteck-"/>
						</TextLine>
						<TextLine ID="line_18" HPOS="384" VPOS="783" WIDTH="629" HEIGHT="28">
							<String ID="string_108" HPOS="384" VPOS="783" WIDTH="170" HEIGHT="27" WC="0.86" CONTENT="ningshafvaren,"/><SP WIDTH="23" VPOS="783" HPOS="554"/>
							<String ID="string_109" HPOS="577" VPOS="784" WIDTH="48" HEIGHT="21" WC="0.93" CONTENT="med"/><SP WIDTH="16" VPOS="784" HPOS="625"/>
							<String ID="string_110" HPOS="641" VPOS="784" WIDTH="136" HEIGHT="27" WC="0.93" CONTENT="fortfarande"/><SP WIDTH="19" VPOS="784" HPOS="777"/>
							<String ID="string_111" HPOS="796" VPOS="784" WIDTH="175" HEIGHT="27" WC="0.91" CONTENT="inteckningsrätt"/><SP WIDTH="15" VPOS="784" HPOS="971"/>
							<String ID="string_112" HPOS="986" VPOS="784" WIDTH="27" HEIGHT="26" WC="0.96" CONTENT="af"/>
						</TextLine>
						<TextLine ID="line_19" HPOS="384" VPOS="817" WIDTH="231" HEIGHT="28">
							<String ID="string_113" HPOS="384" VPOS="817" WIDTH="91" HEIGHT="28" WC="0.92" CONTENT="köparen"/><SP WIDTH="16" VPOS="817" HPOS="475"/>
							<String ID="string_114" HPOS="491" VPOS="818" WIDTH="124" HEIGHT="27" WC="0.91" CONTENT="öfvertagas."/>
						</TextLine>
					</TextBlock>
					<TextBlock ID="block_6" HPOS="383" VPOS="851" WIDTH="626" HEIGHT="132">
						<TextLine ID="line_20" HPOS="455" VPOS="851" WIDTH="553" HEIGHT="30">
							<String ID="string_115" HPOS="455" VPOS="851" WIDTH="102" HEIGHT="23" WC="0.92" CONTENT="Grundas"/><SP WIDTH="14" VPOS="851" HPOS="557"/>
							<String ID="string_116" HPOS="571" VPOS="852" WIDTH="91" HEIGHT="27" WC="0.93" CONTENT="fordran"/><SP WIDTH="15" VPOS="852" HPOS="662"/>
							<String ID="string_117" HPOS="677" VPOS="853" WIDTH="14" HEIGHT="21" WC="0.91" CONTENT="å"/><SP WIDTH="16" VPOS="853" HPOS="691"/>
							<String ID="string_118" HPOS="707" VPOS="852" WIDTH="69" HEIGHT="29" WC="0.96" CONTENT="tryckt"/><SP WIDTH="11" VPOS="852" HPOS="776"/>
							<String ID="string_119" HPOS="787" VPOS="852" WIDTH="48" HEIGHT="22" WC="0.93" CONTENT="eller"/><SP WIDTH="8" VPOS="852" HPOS="835"/>
							<String ID="string_120" HPOS="843" VPOS="852" WIDTH="105" HEIGHT="28" WC="0.92" CONTENT="graverad"/><SP WIDTH="10" VPOS="852" HPOS="948"/>
							<String ID="string_121" HPOS="958" VPOS="852" WIDTH="50" HEIGHT="22" WC="0.92" CONTENT="obli-"/>
						</TextLine>
						<TextLine ID="line_21" HPOS="383" VPOS="886" WIDTH="626" HEIGHT="28">
							<String ID="string_122" HPOS="383" VPOS="887" WIDTH="80" HEIGHT="27" WC="0.91" CONTENT="gation,"/><SP WIDTH="16" VPOS="887" HPOS="463"/>
							<String ID="string_123" HPOS="479" VPOS="893" WIDTH="48" HEIGHT="16" WC="0.93" CONTENT="vare"/><SP WIDTH="16" VPOS="893" HPOS="527"/>
							<String ID="string_124" HPOS="543" VPOS="887" WIDTH="50" HEIGHT="21" WC="0.93" CONTENT="dock"/><SP WIDTH="16" VPOS="887" HPOS="593"/>
							<String ID="string_125" HPOS="609" VPOS="887" WIDTH="18" HEIGHT="27" WC="0.87" CONTENT="ej"/><SP WIDTH="16" VPOS="887" HPOS="627"/>
							<String ID="string_126" HPOS="643" VPOS="887" WIDTH="75" HEIGHT="22" WC="0.88" CONTENT="tillätet"/><SP WIDTH="16" VPOS="887" HPOS="718"/>
							<String ID="string_127" HPOS="734" VPOS="889" WIDTH="33" HEIGHT="20" WC="0.93" CONTENT="att"/><SP WIDTH="16" VPOS="889" HPOS="767"/>
							<String ID="string_128" HPOS="783" VPOS="887" WIDTH="134" HEIGHT="22" WC="0.92" CONTENT="annorlunda"/><SP WIDTH="15" VPOS="887" HPOS="917"/>
							<String ID="string_129" HPOS="932" VPOS="888" WIDTH="29" HEIGHT="20" WC="0.96" CONTENT="än"/><SP WIDTH="16" VPOS="888" HPOS="961"/>
							<String ID="string_130" HPOS="977" VPOS="886" WIDTH="32" HEIGHT="22" WC="0.95" CONTENT="till"/>
						</TextLine>
						<TextLine ID="line_22" HPOS="385" VPOS="921" WIDTH="624" HEIGHT="28">
							<String ID="string_131" HPOS="385" VPOS="921" WIDTH="150" HEIGHT="27" WC="0.85" CONTENT="obligationens"/><SP WIDTH="29" VPOS="921" HPOS="535"/>
							<String ID="string_132" HPOS="564" VPOS="921" WIDTH="53" HEIGHT="26" WC="0.76" CONTENT="fulla"/><SP WIDTH="32" VPOS="921" HPOS="617"/>
							<String ID="string_133" HPOS="649" VPOS="921" WIDTH="72" HEIGHT="27" WC="0.86" CONTENT="belopp"/><SP WIDTH="26" VPOS="921" HPOS="721"/>
							<String ID="string_134" HPOS="747" VPOS="921" WIDTH="262" HEIGHT="28" WC="0.41" CONTENT="betalmingsskyldiyheten"/>
						</TextLine>
						<TextLine ID="line_23" HPOS="384" VPOS="955" WIDTH="197" HEIGHT="28">
							<String ID="string_135" HPOS="384" VPOS="955" WIDTH="70" HEIGHT="27" WC="0.91" CONTENT="derför"/><SP WIDTH="15" VPOS="955" HPOS="454"/>
							<String ID="string_136" HPOS="469" VPOS="955" WIDTH="112" HEIGHT="28" WC="0.91" CONTENT="öfvertaga."/>
						</TextLine>
					</TextBlock>
				</ComposedBlock>
				<ComposedBlock ID="cblock_5" HPOS="657" VPOS="1024" WIDTH="69" HEIGHT="29">
					<TextBlock ID="block_7" HPOS="657" VPOS="1024" WIDTH="69" HEIGHT="29">
						<TextLine ID="line_24" HPOS="657" VPOS="1024" WIDTH="69" HEIGHT="29">
							<String ID="string_137" HPOS="657" VPOS="1024" WIDTH="16" HEIGHT="29" WC="0.91" CONTENT="$"/><SP WIDTH="14" VPOS="1024" HPOS="673"/>
							<String ID="string_138" HPOS="687" VPOS="1027" WIDTH="39" HEIGHT="19" WC="0.95" CONTENT="22."/>
						</TextLine>
					</TextBlock>
				</ComposedBlock>
				<ComposedBlock ID="cblock_6" HPOS="381" VPOS="1081" WIDTH="631" HEIGHT="373">
					<TextBlock ID="block_8" HPOS="381" VPOS="1081" WIDTH="631" HEIGHT="373">
						<TextLine ID="line_25" HPOS="452" VPOS="1081" WIDTH="556" HEIGHT="28">
							<String ID="string_139" HPOS="452" VPOS="1081" WIDTH="53" HEIGHT="28" WC="0.96" CONTENT="Har,"/><SP WIDTH="20" VPOS="1081" HPOS="505"/>
							<String ID="string_140" HPOS="525" VPOS="1081" WIDTH="29" HEIGHT="22" WC="0.93" CONTENT="dä"/><SP WIDTH="13" VPOS="1081" HPOS="554"/>
							<String ID="string_141" HPOS="567" VPOS="1082" WIDTH="91" HEIGHT="27" WC="0.91" CONTENT="jernväg"/><SP WIDTH="15" VPOS="1082" HPOS="658"/>
							<String ID="string_142" HPOS="673" VPOS="1082" WIDTH="68" HEIGHT="22" WC="0.93" CONTENT="under"/><SP WIDTH="16" VPOS="1082" HPOS="741"/>
							<String ID="string_143" HPOS="757" VPOS="1082" WIDTH="122" HEIGHT="27" WC="0.92" CONTENT="utmätning"/><SP WIDTH="16" VPOS="1082" HPOS="879"/>
							<String ID="string_144" HPOS="895" VPOS="1081" WIDTH="48" HEIGHT="22" WC="0.93" CONTENT="eller"/><SP WIDTH="14" VPOS="1081" HPOS="943"/>
							<String ID="string_145" HPOS="957" VPOS="1082" WIDTH="51" HEIGHT="21" WC="0.93" CONTENT="kon-"/>
						</TextLine>
						<TextLine ID="line_26" HPOS="383" VPOS="1116" WIDTH="624" HEIGHT="27">
							<String ID="string_146" HPOS="383" VPOS="1116" WIDTH="50" HEIGHT="21" WC="0.92" CONTENT="kurs"/><SP WIDTH="23" VPOS="1116" HPOS="433"/>
							<String ID="string_147" HPOS="456" VPOS="1116" WIDTH="95" HEIGHT="27" WC="0.92" CONTENT="försälts,"/><SP WIDTH="22" VPOS="1116" HPOS="551"/>
							<String ID="string_148" HPOS="573" VPOS="1116" WIDTH="112" HEIGHT="22" WC="0.47" CONTENT="intecknad"/><SP WIDTH="18" VPOS="1116" HPOS="685"/>
							<String ID="string_149" HPOS="703" VPOS="1116" WIDTH="93" HEIGHT="27" WC="0.96" CONTENT="fordran"/><SP WIDTH="15" VPOS="1116" HPOS="796"/>
							<String ID="string_150" HPOS="811" VPOS="1116" WIDTH="44" HEIGHT="21" WC="0.96" CONTENT="icke"/><SP WIDTH="14" VPOS="1116" HPOS="855"/>
							<String ID="string_151" HPOS="869" VPOS="1116" WIDTH="64" HEIGHT="27" WC="0.96" CONTENT="enligt"/><SP WIDTH="14" VPOS="1116" HPOS="933"/>
							<String ID="string_152" HPOS="947" VPOS="1116" WIDTH="29" HEIGHT="21" WC="0.92" CONTENT="21"/><SP WIDTH="16" VPOS="1116" HPOS="976"/>
							<String ID="string_153" HPOS="992" VPOS="1116" WIDTH="15" HEIGHT="27" WC="0.88" CONTENT="$"/>
						</TextLine>
						<TextLine ID="line_27" HPOS="383" VPOS="1150" WIDTH="624" HEIGHT="28">
							<String ID="string_154" HPOS="383" VPOS="1151" WIDTH="28" HEIGHT="27" WC="0.96" CONTENT="uf"/><SP WIDTH="16" VPOS="1151" HPOS="411"/>
							<String ID="string_155" HPOS="427" VPOS="1151" WIDTH="91" HEIGHT="26" WC="0.92" CONTENT="köparen"/><SP WIDTH="15" VPOS="1151" HPOS="518"/>
							<String ID="string_156" HPOS="533" VPOS="1150" WIDTH="128" HEIGHT="28" WC="0.91" CONTENT="öfvertagits,"/><SP WIDTH="16" VPOS="1150" HPOS="661"/>
							<String ID="string_157" HPOS="677" VPOS="1151" WIDTH="83" HEIGHT="27" WC="0.96" CONTENT="åligger"/><SP WIDTH="14" VPOS="1151" HPOS="760"/>
							<String ID="string_158" HPOS="774" VPOS="1152" WIDTH="132" HEIGHT="26" WC="0.96" CONTENT="guvernören"/><SP WIDTH="16" VPOS="1152" HPOS="906"/>
							<String ID="string_159" HPOS="922" VPOS="1153" WIDTH="37" HEIGHT="23" WC="0.93" CONTENT="att,"/><SP WIDTH="16" VPOS="1153" HPOS="959"/>
							<String ID="string_160" HPOS="975" VPOS="1158" WIDTH="32" HEIGHT="14" WC="0.92" CONTENT="se-"/>
						</TextLine>
						<TextLine ID="line_28" HPOS="383" VPOS="1184" WIDTH="629" HEIGHT="28">
							<String ID="string_161" HPOS="383" VPOS="1185" WIDTH="42" HEIGHT="22" WC="0.93" CONTENT="dan"/><SP WIDTH="16" VPOS="1185" HPOS="425"/>
							<String ID="string_162" HPOS="441" VPOS="1185" WIDTH="144" HEIGHT="27" WC="0.92" CONTENT="öfverlätelsen"/><SP WIDTH="17" VPOS="1185" HPOS="585"/>
							<String ID="string_163" HPOS="602" VPOS="1185" WIDTH="27" HEIGHT="27" WC="0.95" CONTENT="af"/><SP WIDTH="12" VPOS="1185" HPOS="629"/>
							<String ID="string_164" HPOS="641" VPOS="1184" WIDTH="92" HEIGHT="23" WC="0.95" CONTENT="Senaten"/><SP WIDTH="15" VPOS="1184" HPOS="733"/>
							<String ID="string_165" HPOS="748" VPOS="1185" WIDTH="109" HEIGHT="27" WC="0.96" CONTENT="godkänts"/><SP WIDTH="11" VPOS="1185" HPOS="857"/>
							<String ID="string_166" HPOS="868" VPOS="1185" WIDTH="36" HEIGHT="21" WC="0.93" CONTENT="och"/><SP WIDTH="11" VPOS="1185" HPOS="904"/>
							<String ID="string_167" HPOS="915" VPOS="1185" WIDTH="97" HEIGHT="27" WC="0.90" CONTENT="salubref"/>
						</TextLine>
						<TextLine ID="line_29" HPOS="383" VPOS="1219" WIDTH="625" HEIGHT="28">
							<String ID="string_168" HPOS="383" VPOS="1220" WIDTH="8" HEIGHT="20" WC="0.95" CONTENT="i"/><SP WIDTH="14" VPOS="1220" HPOS="391"/>
							<String ID="string_169" HPOS="405" VPOS="1220" WIDTH="53" HEIGHT="27" WC="0.95" CONTENT="följd"/><SP WIDTH="15" VPOS="1220" HPOS="458"/>
							<String ID="string_170" HPOS="473" VPOS="1219" WIDTH="64" HEIGHT="28" WC="0.96" CONTENT="deraf"/><SP WIDTH="10" VPOS="1219" HPOS="537"/>
							<String ID="string_171" HPOS="547" VPOS="1219" WIDTH="115" HEIGHT="27" WC="0.96" CONTENT="utfärdats,"/><SP WIDTH="12" VPOS="1219" HPOS="662"/>
							<String ID="string_172" HPOS="674" VPOS="1220" WIDTH="38" HEIGHT="21" WC="0.93" CONTENT="hos"/><SP WIDTH="6" VPOS="1220" HPOS="712"/>
							<String ID="string_173" HPOS="718" VPOS="1220" WIDTH="133" HEIGHT="27" WC="0.90" CONTENT="jernvägens"/><SP WIDTH="8" VPOS="1220" HPOS="851"/>
							<String ID="string_174" HPOS="859" VPOS="1219" WIDTH="149" HEIGHT="28" WC="0.92" CONTENT="lagfartsdom-"/>
						</TextLine>
						<TextLine ID="line_30" HPOS="382" VPOS="1254" WIDTH="626" HEIGHT="27">
							<String ID="string_175" HPOS="382" VPOS="1254" WIDTH="41" HEIGHT="22" WC="0.96" CONTENT="stol"/><SP WIDTH="16" VPOS="1254" HPOS="423"/>
							<String ID="string_176" HPOS="439" VPOS="1254" WIDTH="85" HEIGHT="22" WC="0.96" CONTENT="anmäla"/><SP WIDTH="16" VPOS="1254" HPOS="524"/>
							<String ID="string_177" HPOS="540" VPOS="1260" WIDTH="33" HEIGHT="15" WC="0.93" CONTENT="om"/><SP WIDTH="14" VPOS="1260" HPOS="573"/>
							<String ID="string_178" HPOS="587" VPOS="1254" WIDTH="159" HEIGHT="27" WC="0.91" CONTENT="inteckningens"/><SP WIDTH="17" VPOS="1254" HPOS="746"/>
							<String ID="string_179" HPOS="763" VPOS="1254" WIDTH="102" HEIGHT="21" WC="0.93" CONTENT="dödande."/><SP WIDTH="24" VPOS="1254" HPOS="865"/>
							<String ID="string_180" HPOS="889" VPOS="1254" WIDTH="119" HEIGHT="21" WC="0.93" CONTENT="Intecknin-"/>
						</TextLine>
						<TextLine ID="line_31" HPOS="381" VPOS="1288" WIDTH="627" HEIGHT="28">
							<String ID="string_181" HPOS="381" VPOS="1295" WIDTH="40" HEIGHT="21" WC="0.96" CONTENT="gen"/><SP WIDTH="22" VPOS="1295" HPOS="421"/>
							<String ID="string_182" HPOS="443" VPOS="1288" WIDTH="63" HEIGHT="22" WC="0.85" CONTENT="varde"/><SP WIDTH="21" VPOS="1288" HPOS="506"/>
							<String ID="string_183" HPOS="527" VPOS="1288" WIDTH="9" HEIGHT="21" WC="0.95" CONTENT="i"/><SP WIDTH="21" VPOS="1288" HPOS="536"/>
							<String ID="string_184" HPOS="557" VPOS="1288" WIDTH="80" HEIGHT="22" WC="0.95" CONTENT="sådant"/><SP WIDTH="21" VPOS="1288" HPOS="637"/>
							<String ID="string_185" HPOS="658" VPOS="1288" WIDTH="40" HEIGHT="27" WC="0.96" CONTENT="fall"/><SP WIDTH="18" VPOS="1288" HPOS="698"/>
							<String ID="string_186" HPOS="716" VPOS="1288" WIDTH="80" HEIGHT="27" WC="0.96" CONTENT="dödad,"/><SP WIDTH="17" VPOS="1288" HPOS="796"/>
							<String ID="string_187" HPOS="813" VPOS="1288" WIDTH="59" HEIGHT="22" WC="0.96" CONTENT="ändå"/><SP WIDTH="15" VPOS="1288" HPOS="872"/>
							<String ID="string_188" HPOS="887" VPOS="1290" WIDTH="31" HEIGHT="20" WC="0.93" CONTENT="att"/><SP WIDTH="15" VPOS="1290" HPOS="918"/>
							<String ID="string_189" HPOS="933" VPOS="1288" WIDTH="75" HEIGHT="22" WC="0.92" CONTENT="inteck-"/>
						</TextLine>
						<TextLine ID="line_32" HPOS="382" VPOS="1322" WIDTH="625" HEIGHT="28">
							<String ID="string_190" HPOS="382" VPOS="1323" WIDTH="190" HEIGHT="27" WC="0.91" CONTENT="ningshandlingen"/><SP WIDTH="15" VPOS="1323" HPOS="572"/>
							<String ID="string_191" HPOS="587" VPOS="1322" WIDTH="42" HEIGHT="22" WC="0.93" CONTENT="icke"/><SP WIDTH="15" VPOS="1322" HPOS="629"/>
							<String ID="string_192" HPOS="644" VPOS="1323" WIDTH="84" HEIGHT="27" WC="0.91" CONTENT="företes,"/><SP WIDTH="19" VPOS="1323" HPOS="728"/>
							<String ID="string_193" HPOS="747" VPOS="1322" WIDTH="38" HEIGHT="22" WC="0.96" CONTENT="och"/><SP WIDTH="16" VPOS="1322" HPOS="785"/>
							<String ID="string_194" HPOS="801" VPOS="1322" WIDTH="42" HEIGHT="22" WC="0.96" CONTENT="låte"/><SP WIDTH="14" VPOS="1322" HPOS="843"/>
							<String ID="string_195" HPOS="857" VPOS="1324" WIDTH="72" HEIGHT="20" WC="0.96" CONTENT="rätten"/><SP WIDTH="11" VPOS="1324" HPOS="929"/>
							<String ID="string_196" HPOS="940" VPOS="1324" WIDTH="7" HEIGHT="20" WC="0.93" CONTENT="i"/><SP WIDTH="10" VPOS="1324" HPOS="947"/>
							<String ID="string_197" HPOS="957" VPOS="1323" WIDTH="50" HEIGHT="21" WC="0.91" CONTENT="sist-"/>
						</TextLine>
						<TextLine ID="line_33" HPOS="382" VPOS="1357" WIDTH="626" HEIGHT="27">
							<String ID="string_198" HPOS="382" VPOS="1358" WIDTH="95" HEIGHT="21" WC="0.95" CONTENT="nämnda"/><SP WIDTH="14" VPOS="1358" HPOS="477"/>
							<String ID="string_199" HPOS="491" VPOS="1357" WIDTH="100" HEIGHT="21" WC="0.95" CONTENT="händelse"/><SP WIDTH="16" VPOS="1357" HPOS="591"/>
							<String ID="string_200" HPOS="607" VPOS="1364" WIDTH="32" HEIGHT="14" WC="0.96" CONTENT="om"/><SP WIDTH="16" VPOS="1364" HPOS="639"/>
							<String ID="string_201" HPOS="655" VPOS="1357" WIDTH="109" HEIGHT="22" WC="0.96" CONTENT="dödandet"/><SP WIDTH="15" VPOS="1357" HPOS="764"/>
							<String ID="string_202" HPOS="779" VPOS="1359" WIDTH="30" HEIGHT="19" WC="0.96" CONTENT="tre"/><SP WIDTH="14" VPOS="1359" HPOS="809"/>
							<String ID="string_203" HPOS="823" VPOS="1358" WIDTH="81" HEIGHT="26" WC="0.91" CONTENT="gånger"/><SP WIDTH="10" VPOS="1358" HPOS="904"/>
							<String ID="string_204" HPOS="914" VPOS="1357" WIDTH="94" HEIGHT="27" WC="0.91" CONTENT="kungöra"/>
						</TextLine>
						<TextLine ID="line_34" HPOS="382" VPOS="1386" WIDTH="625" HEIGHT="33">
							<String ID="string_205" HPOS="382" VPOS="1392" WIDTH="9" HEIGHT="21" WC="0.96" CONTENT="i"/><SP WIDTH="14" VPOS="1392" HPOS="391"/>
							<String ID="string_206" HPOS="405" VPOS="1392" WIDTH="82" HEIGHT="22" WC="0.95" CONTENT="landets"/><SP WIDTH="15" VPOS="1392" HPOS="487"/>
							<String ID="string_207" HPOS="502" VPOS="1392" WIDTH="108" HEIGHT="21" WC="0.96" CONTENT="allmänna"/><SP WIDTH="15" VPOS="1392" HPOS="610"/>
							<String ID="string_208" HPOS="625" VPOS="1392" WIDTH="116" HEIGHT="27" WC="0.95" CONTENT="tidningar."/><SP WIDTH="32" VPOS="1392" HPOS="741"/>
							<String ID="string_209" HPOS="773" VPOS="1386" WIDTH="34" HEIGHT="26" WC="0.96" CONTENT="Är"/><SP WIDTH="15" VPOS="1386" HPOS="807"/>
							<String ID="string_210" HPOS="822" VPOS="1392" WIDTH="35" HEIGHT="21" WC="0.93" CONTENT="det"/><SP WIDTH="15" VPOS="1392" HPOS="857"/>
							<String ID="string_211" HPOS="872" VPOS="1392" WIDTH="135" HEIGHT="26" WC="0.92" CONTENT="obligations-"/>
						</TextLine>
						<TextLine ID="line_35" HPOS="383" VPOS="1426" WIDTH="624" HEIGHT="28">
							<String ID="string_212" HPOS="383" VPOS="1427" WIDTH="41" HEIGHT="27" WC="0.94" CONTENT="lån,"/><SP WIDTH="16" VPOS="1427" HPOS="424"/>
							<String ID="string_213" HPOS="440" VPOS="1433" WIDTH="45" HEIGHT="14" WC="0.96" CONTENT="som"/><SP WIDTH="15" VPOS="1433" HPOS="485"/>
							<String ID="string_214" HPOS="500" VPOS="1426" WIDTH="81" HEIGHT="27" WC="0.96" CONTENT="dödats,"/><SP WIDTH="16" VPOS="1426" HPOS="581"/>
							<String ID="string_215" HPOS="597" VPOS="1426" WIDTH="55" HEIGHT="22" WC="0.96" CONTENT="skall"/><SP WIDTH="14" VPOS="1426" HPOS="652"/>
							<String ID="string_216" HPOS="666" VPOS="1426" WIDTH="141" HEIGHT="27" WC="0.93" CONTENT="kungörelsen"/><SP WIDTH="10" VPOS="1426" HPOS="807"/>
							<String ID="string_217" HPOS="817" VPOS="1426" WIDTH="79" HEIGHT="27" WC="0.91" CONTENT="jemväl"/><SP WIDTH="10" VPOS="1426" HPOS="896"/>
							<String ID="string_218" HPOS="906" VPOS="1426" WIDTH="101" HEIGHT="27" WC="0.96" CONTENT="införas"/><SP WIDTH="-10" VPOS="1426" HPOS="1007"/>
							<String ID="string_219" HPOS="997" VPOS="1422" WIDTH="15" HEIGHT="36" WC="0.96" CONTENT="i"/>
						</TextLine>
					</TextBlock>
				</ComposedBlock>
			</PrintSpace>
		</Page>
	</Layout>
</alto>
