1056 1725
283 116 66 25 Ständ.
365 116 30 25 8v.
411 130 27 4 —
456 118 55 30 Prop.
527 118 32 24 N:o
574 117 30 25 41.
778 118 14 22 5

133 183 62 22 Hvad
210 184 67 21 sedan
291 184 101 22 beträffar
407 185 108 22 storleken
530 185 23 21 af
568 185 41 22 den
621 184 86 28 ökning,
715 190 46 16 som
772 184 49 22 med

65 218 114 27 anledning
195 218 23 21 af
231 218 136 22 kavalleriets
389 220 149 27 uppställande
560 219 104 28 påkallas,
680 218 64 22 hafva
759 218 62 22 Stän-

64 252 67 22 derna
146 252 46 22 icke
207 253 83 21 kunnat
308 253 71 22 lemna
401 254 122 27 obeaktadt,
548 256 39 25 att,
603 254 68 22 ehuru
687 254 42 21 den
743 252 78 28 nådiga

63 287 160 28 propositionen
238 289 104 27 upptager
352 289 135 22 kavalleriets
499 289 161 22 fredsnumerär
667 288 34 22 till
711 288 44 22 900
765 295 55 20 man,

64 322 124 22 densamma
202 323 67 27 enligt
284 323 26 22 de
332 323 184 28 förutsättningar,
532 324 121 22 Ständerna
667 323 56 28 gjort
737 323 32 22 uti
783 323 38 22 sitt

64 357 147 28 underdåniga
226 364 48 16 svar
288 359 7 21 i
318 359 114 28 anledning
454 359 23 22 af
491 359 68 22 Eders
573 358 122 28 Kejserliga
706 357 115 28 Majestäts

64 392 79 28 nådiga
157 393 133 27 proposition
305 399 34 16 om
354 394 116 22 anvisande
485 393 24 23 af
522 393 71 22 medel
607 393 32 22 till
651 392 137 23 bestridande
799 391 24 23 af

64 427 145 22 kostnaderna
224 427 32 22 för
271 428 137 22 kavalleriets
423 429 139 27 uppsättning
577 428 40 22 och
632 427 119 28 underhåll,
761 427 60 22 kom-

64 467 34 16 me
112 463 34 20 att
160 464 77 26 utgöra
253 463 97 27 omkring
365 463 42 22 800
429 470 56 15 man.
515 463 34 22 Då
563 462 257 27 infanteribataljonerna,

64 496 28 27 på
106 497 44 21 sätt
164 497 63 22 äfven
242 497 7 22 i
265 497 41 22 den
322 497 145 28 föreliggande
489 497 78 29 nådiga
581 497 161 28 propositionen
757 496 64 22 fram-

64 531 74 27 hålles,
153 531 35 22 för
202 533 133 21 närvarande
358 533 65 27 enligt
445 533 44 22 stat
510 533 77 27 utgöra
602 532 63 27 4,771
681 538 56 20 man,
753 531 68 22 skulle

64 565 134 23 infanteriets
214 567 40 22 och
274 567 136 23 kavalleriets
432 568 161 27 sammanlagda
614 567 159 22 fredsnumerär
787 565 34 23 så-

63 600 67 22 lunda
144 602 72 27 uppgå
230 602 32 22 till
284 602 65 28 något
371 602 81 22 mindre
475 604 28 20 än
525 602 64 28 5,600
607 608 57 21 man,
679 600 100 24 hvarföre
795 606 26 16 en

64 634 122 29 förhöjning
200 636 24 22 af
237 636 231 28 antalsbestämningen
479 637 8 22 i
497 636 12 29 &
521 638 40 21 121
573 637 26 22 V.
611 637 24 22 L.
645 636 34 22 till
689 636 132 22 sistnämnda

63 670 78 28 belopp
163 673 25 20 är
210 671 114 28 tillräcklig
346 671 33 23 för
400 672 95 27 fyllande
517 672 24 22 af
563 672 37 22 det
625 672 34 21 för
680 671 86 22 handen
784 677 37 15 va-

64 706 66 21 rande
145 705 107 23 behofvet.
282 706 10 22 I
316 706 219 23 öfverensstämmelse
556 706 89 22 härmed
663 706 40 22 har
717 705 12 28 $
741 705 80 28 jemväl

64 740 24 22 af
101 740 121 22 Ständerna
236 740 102 23 affattats.

133 787 166 28 Ifrägavarande
321 789 114 27 ändringar
449 789 8 21 i
472 788 194 28 värnepligtslagen
681 794 57 20 vore,
755 787 66 27 enligt

64 821 41 22 den
121 821 79 29 nädiga
212 823 166 27 propositionen,
393 824 88 22 afsedda
491 825 32 21 att
533 824 84 27 intagas
628 823 7 21 i
646 823 40 21 den
696 822 125 27 förordning

64 856 111 28 angående
193 858 91 27 ändring
299 858 23 22 af
336 858 67 23 andra
417 858 24 28 88
455 858 8 22 i
479 865 81 16 samma
574 858 42 28 lag,
633 858 87 21 hvarom
739 856 81 28 förslag

62 890 71 29 ingått
148 892 7 22 i
170 898 26 16 en
211 899 71 16 annan
296 893 33 22 till
344 893 69 22 denna
433 893 103 28 landtdag
551 893 80 22 afläten
646 893 63 27 nådig
724 892 96 28 proposi-

63 927 52 22 tion.
150 927 51 22 Men
216 927 27 22 dä
258 927 132 23 sistnämnda
411 928 133 28 proposition
559 928 67 22 redan
640 927 69 22 blifvit
724 927 23 22 af
760 927 63 22 Stän-

64 961 66 23 derna
146 962 170 28 slutbehandlad,
332 969 62 21 synes
410 963 37 22 det
461 969 52 16 vara
527 963 86 22 formelt
629 963 108 26 riktigare,
751 963 32 20 att
793 962 27 21 de

63 995 150 29 förändringar
228 998 7 21 i
250 997 200 28 värnepligtslagen,
467 998 120 22 Ständerna
602 998 7 21 i
624 997 115 27 anledning
753 997 24 22 af
787 996 33 22 fö-

62 1031 124 28 religgande
201 1033 133 27 proposition
348 1033 94 27 vidtaga,
458 1032 71 23 säsom
544 1033 56 22 skild
615 1032 124 27 förordning
753 1031 66 22 utfär-

63 1067 44 27 das,
123 1067 7 21 i
145 1066 53 29 följd
213 1067 77 22 hvaraf
304 1067 119 23 Ständerna
432 1067 78 23 försett
521 1067 240 28 författningsförslaget
771 1067 48 21 med

62 1102 110 28 sedvanlig
187 1102 75 22 rubrik
278 1103 39 22 och
332 1103 89 27 ingress.

132 1149 104 28 Slutligen
252 1149 40 23 och
304 1149 66 28 jemte
386 1150 35 22 det
437 1149 120 23 Ständerna
571 1150 55 22 trott
640 1149 33 27 sig
687 1149 53 21 böra
754 1148 65 23 fram-

61 1183 65 28 hålla,
143 1185 33 21 att
191 1184 27 22 dä
232 1184 12 28 $
260 1184 40 22 121
317 1185 6 21 i
338 1184 27 22 V.
380 1184 23 22 L.
426 1184 81 28 tillagts
523 1184 187 28 grundlagsnatur,
726 1184 67 27 sagda
807 1184 12 27 $

61 1219 8 21 i
83 1219 33 21 sin
137 1225 30 15 nu
185 1218 129 23 förändrade
335 1219 81 28 lydelse
435 1220 81 27 jemväl
538 1219 133 22 fortfarande
689 1224 49 22 eger
755 1218 64 28 helgd

61 1253 23 22 af
97 1254 112 28 grundlag,
224 1254 22 22 få
260 1254 120 23 Ständerna
394 1255 7 21 i
416 1254 171 28 underdänighet
602 1253 95 24 anmäla:

270 1338 31 21 att
317 1336 122 23 Ständerna
453 1337 95 28 godkänt
568 1337 39 22 den
622 1336 141 28 föreliggande
777 1338 40 20 nä-

199 1372 49 27 diga
260 1372 161 26 propositionen
435 1372 49 22 med
498 1372 158 27 ofvannämnda
666 1371 153 29 förändringar

198 1408 56 21 samt
268 1406 93 23 sälunda
375 1406 34 29 för
423 1407 36 23 sin
475 1407 33 22 del
523 1406 81 29 antagit
618 1414 25 15 en
658 1406 117 30 sälydande
