1056 1725
266 135 28 19 48
486 132 20 24 U.
522 132 19 23 B.
558 144 25 3 —
601 132 54 28 Prop.
672 132 32 24 H:o
720 132 35 23 34.

238 195 24 19 så
288 195 118 27 ohetydligt
431 195 78 27 vexlat,
533 195 5 17 i
562 195 35 21 det
621 195 41 21 den
686 196 83 20 ämsom
791 195 61 27 stigit
875 194 40 22 och
935 194 62 21 fallit.

237 228 68 22 Detta
320 228 67 28 gäller
403 228 54 22 dock
473 228 121 28 egentligen
610 228 76 22 endast
695 228 37 22 vid
740 228 125 28 jemförelse
875 228 24 22 af
908 227 91 23 enstaka

238 263 30 21 år.
299 263 69 28 Tager
390 269 49 15 man
462 263 97 21 deremot
581 263 34 21 till
635 262 220 28 jemförelsepunkter
870 262 129 22 medeltalen

238 297 35 22 för
288 297 66 28 något
368 298 73 27 längre
457 297 148 28 tidsperioder,
623 297 23 22 så
657 297 100 28 erbjuder
767 296 232 29 passageraretrafiken

238 338 27 15 en
280 332 132 27 väsentligen
428 338 71 15 annan
513 332 52 21 bild.
592 332 51 21 Man
659 332 93 21 erhåller
767 332 27 21 då
809 332 13 21 å
839 332 33 20 S:t
887 331 112 27 P:burg—

238 365 310 28 Helsingfors
397 361 13 37 —
421 365 127 28 Tavastehus
571 365 74 21 banan
664 365 33 22 för
716 365 182 28 femärsperioden
915 365 84 20 1877—

240 400 54 21 1881
312 406 26 15 en
354 400 94 27 stegring
464 399 24 22 af
501 400 50 27 4",
565 401 46 20 mot
627 399 129 28 föregående
772 399 161 28 femårsperiod.
956 399 43 21 För

238 433 182 28 femärsperioden
438 435 139 20 1882—1886
594 434 92 21 erhålles
705 435 47 20 åter
767 441 26 14 en
809 434 94 27 stegring
912 433 23 22 af
943 435 8 20 3
963 433 35 28 %.

238 467 44 22 För
301 468 100 28 Hangö—
409 468 96 28 Hyvinge
521 468 72 21 banan
608 469 81 27 nedgär
705 469 82 20 antalet
797 469 126 26 pass.-verst
932 468 67 21 under

238 502 103 27 perioden
374 503 138 21 1875—1881
538 503 49 20 med
617 503 13 20 4
655 503 34 27 %
720 497 20 26 Å
762 497 47 26 Åbo
835 502 73 21 banan
933 502 66 27 stiger

239 537 83 20 antalet
343 539 198 25 passagerareverst
563 537 47 21 från
633 537 104 27 perioden
759 537 138 21 1877—1881
915 536 33 21 till
963 542 36 21 pe-

239 570 76 22 rioden
338 571 141 21 1882—1886
501 571 50 21 med
571 571 54 27 79%,
650 565 19 27 Ä
689 571 66 21 Wasa
771 571 73 21 banan
859 571 58 21 visar
931 576 68 22 pass.-

240 604 92 22 trafiken
347 606 67 20 under
429 606 26 20 de
471 607 32 19 tre
519 605 67 21 första
601 606 52 20 ären
668 612 26 14 en
707 606 61 26 jemn
781 605 102 27 stegring,
899 612 35 14 om
949 611 50 15 man

239 639 139 21 abstraherar
407 639 47 21 från
485 640 25 20 de
533 640 146 26 exceptionela
702 641 206 25 trupptransporter,
924 639 75 21 hvilka

240 672 64 28 höjde
320 674 112 21 resultatet
448 673 33 22 för
497 674 61 21 1885.
589 673 31 22 Af
633 674 36 21 det
685 673 91 21 anförda
791 673 95 28 framgär
902 673 96 26 sälunda,

240 709 33 19 att
295 714 35 14 om
350 714 49 14 man
421 708 84 21 fränser
519 708 181 21 fluktuationerna
715 708 68 21 under
798 708 91 21 enstaka
903 708 24 21 är
943 709 56 20 samt

240 743 62 26 tager
324 742 82 27 hänsyn
429 742 34 22 till
478 742 129 21 medeltiden
622 742 34 21 för
672 742 186 27 femärsperioder,
874 748 125 21 passagera-

240 775 117 22 retrafiken
380 776 12 21 &
415 776 100 28 samtliga
537 776 72 27 banor,
626 778 60 20 utom
704 776 77 27 Hangö
797 776 77 26 banan,
891 776 108 21 härintills

240 810 57 21 visat
312 816 27 15 en
354 810 68 28 tydlig
437 810 106 22 successiv
557 810 102 28 stegring.

312 840 63 26 Ännu
397 846 102 27 skarpare
514 845 128 22 framträder
658 845 124 28 stegringen
796 844 37 22 vid
847 844 152 28 godstrafiken,

240 878 34 22 för
298 879 64 21 hvars
384 880 81 21 storlek
487 880 81 21 antalet
590 881 148 20 centnerverst
752 881 64 26 utgör
832 879 88 27 lämplig
935 879 64 21 mått-

240 913 67 22 stock.
337 913 11 21 I
370 914 59 21 detta
452 913 100 22 afseende
570 914 81 21 utvisar
666 914 68 21 tabell
749 914 34 21 III
798 915 33 20 att
846 913 81 22 antalet
943 915 56 20 cent-

238 949 97 20 nerverst
350 947 13 21 å
381 947 30 21 S:t
425 947 240 29 Petersburg—H:fors
681 947 75 22 banan
772 947 48 22 från
829 947 102 28 perioden
944 948 53 21 1871

241 993 20 4 —
273 982 54 21 1876
343 981 34 22 till
392 982 102 27 perioden
504 983 137 21 1877—1881
652 983 61 26 stigit
721 982 50 21 med
780 983 24 20 12
814 982 34 27 ?/,.
864 982 73 21 Under
947 981 53 22 fem-

240 1015 139 28 årsperioden
404 1017 138 21 1882—1886
565 1019 63 24 utgör
643 1017 124 27 stegringen
783 1016 70 27 319/,.
883 1011 20 26 Å
918 1016 80 28 Hangö

240 1049 74 22 banan
329 1051 63 26 utgör
407 1051 70 20 denna
492 1051 94 27 stegring
595 1051 47 21 från
650 1051 104 27 perioden
763 1051 141 21 1876—1881
913 1050 34 21 till
960 1057 37 20 pe-

239 1084 77 21 rioden
332 1085 141 21 1882—1886
490 1085 68 27 219/,.
588 1079 19 27 Å
622 1079 47 27 Åbo
685 1085 75 21 banan
778 1085 82 27 uppgår
876 1085 122 26 stegringen

241 1117 48 22 från
312 1118 182 27 femårsperioden
518 1119 138 22 1877—1881
681 1119 34 22 till
738 1119 102 27 perioden
858 1119 140 21 1882—1886

239 1152 35 22 till
290 1153 69 27 389/,.
385 1147 18 27 Ä
419 1154 66 21 Wasa
499 1154 70 21 banan
584 1154 82 21 utvisar
681 1154 127 27 visserligen
823 1154 37 21 det
875 1154 68 20 andra
956 1155 44 19 tra-

238 1186 78 22 fikåret
341 1188 53 20 1885
417 1194 27 14 en
466 1190 68 19 större
556 1188 119 27 godstrafik
695 1190 28 19 än
739 1188 24 21 år
780 1188 66 26 1886;
863 1188 60 21 detta
938 1188 62 21 beror

239 1221 56 21 dock
317 1221 34 21 till
374 1222 53 20 allra
449 1224 80 19 största
551 1222 61 22 delen
630 1223 28 26 på
675 1223 41 21 den
732 1224 59 19 stora
806 1224 110 25 transport
931 1222 24 21 af
969 1222 31 21 di-

238 1262 61 14 verse
312 1256 199 26 jernvägsmateriel
526 1256 39 22 och
580 1257 68 21 andra
663 1256 108 27 tillbehör,
783 1262 46 16 som
842 1256 67 21 under
922 1256 79 21 nämda

240 1290 24 20 år
286 1290 54 27 egde
362 1296 47 14 rum
425 1289 47 22 från
487 1290 65 22 Wasa
569 1291 34 21 till
619 1286 126 32 Östermyra
760 1290 34 22 för
809 1290 120 28 Uleåborgs
942 1291 57 27 jern-

239 1324 164 27 vägsbyggnads
418 1324 98 28 räkning.
545 1325 88 21 Bortser
647 1332 50 14 man
714 1325 48 21 från
778 1325 59 21 detta
853 1325 147 27 exceptionela
1024 1346 2 2 .

241 1357 142 27 förhållande,
406 1358 69 21 förete
497 1359 64 21 Wasa
583 1359 82 21 banans
684 1361 33 19 tre
734 1359 68 21 första
817 1358 90 22 trafikår
921 1359 79 27 jemväl

239 1398 27 14 en
282 1392 106 21 successiv
403 1393 95 27 stegring
513 1393 24 21 af
550 1393 151 28 godstrafiken.

310 1427 44 21 Det
376 1426 39 22 har
437 1427 56 22 dock
515 1434 34 15 om
571 1427 147 28 godstrafiken
741 1428 13 21 &
769 1428 51 21 våra
833 1428 114 27 jernvägar
964 1434 37 15 an-

238 1461 89 26 märkts,
352 1463 32 19 att
399 1462 124 21 densamma
537 1463 33 20 till
586 1464 79 20 största
681 1463 35 20 del
732 1463 63 20 beror
810 1463 29 26 på
854 1464 109 25 transport
979 1462 23 21 af

307 1501 190 23 Jernvögsutskottets
510 1502 115 18 betänkande
638 1503 35 17 N:o
688 1504 15 16 1.
