1056 1725
270 138 28 20 46
482 136 19 23 U.
518 135 19 23 B.
553 148 28 4 —
597 136 55 28 Prop.
669 136 34 23 N:o
719 135 35 23 34.

238 206 53 26 taga
304 204 9 22 i
327 204 171 22 kostnaderna
488 206 34 20 101
537 210 27 16 en
576 205 91 27 jeruväy
681 204 51 22 irän
741 204 146 22 Tamumeriors
896 204 34 22 tili
939 204 63 28 Björ-

238 239 83 27 neborg
335 238 50 21 med
399 240 32 20 ett
446 238 77 28 bidrag
539 238 24 21 af
577 239 77 26 25,000
669 239 63 21 mark
747 238 89 28 ärligen,
853 240 33 19 att
899 238 52 28 utgä
962 244 39 15 un-

240 273 38 21 der
300 273 28 21 40
347 272 35 22 ärs
403 272 39 27 tid,
467 272 54 22 dock
544 272 23 22 sä
590 274 33 20 att
645 273 61 21 detta
727 272 77 28 bidrag
826 272 66 22 redan
907 271 94 22 dessför-

239 307 65 21 innan
328 307 68 21 skulle
418 307 104 27 upphöra,
542 307 23 21 sä
589 309 59 19 snart
669 307 73 21 banan
763 307 84 20 lemnar
870 307 40 20 den
932 308 69 25 ränta,

240 347 46 16 som
302 343 71 20 staten
388 347 64 15 anser
468 341 32 27 sig
515 341 52 21 böra
583 341 96 21 beräkna
694 341 14 22 &
723 341 47 21 sina
782 341 121 27 jernvägar,
919 341 34 21 fär
967 343 34 19 ut-

240 376 83 21 skottet
338 375 110 22 vördsamt
464 374 91 22 föreslå:

451 473 32 19 att
509 471 125 22 Ständerna
657 472 50 21 ville
729 471 39 21 hos
791 471 64 21 Hans
879 471 123 28 Kejserliga

379 505 106 28 Majestät
509 506 9 20 i
536 505 175 29 underdånighet
726 505 92 22 anhålla
833 512 34 14 om
881 505 121 28 utförande

380 540 31 27 af
423 547 26 14 en
460 541 93 27 jernväg
565 541 60 27 från
643 540 151 27 Tammerfors
801 547 76 20 genom
885 539 116 27 Birkkala,

380 574 103 26 Karkku,
503 575 83 27 Tyrvis,
602 575 87 21 Kiikka
704 574 40 22 och
753 574 114 21 Kauvatsa
876 574 127 21 kommuner

380 616 53 14 norr
459 616 33 14 om
519 609 71 21 Kumo
618 610 44 27 elfs
689 608 137 28 vattendrag,
849 611 56 18 samt
926 615 75 21 genom

382 644 79 25 Kumo,
478 643 142 28 Harjavalta,
640 644 102 20 Nakkila
757 642 39 22 och
815 642 78 28 Ulfsby
907 643 96 21 socknar

380 678 63 20 söder
459 684 33 14 om
507 678 71 27 elfven
594 678 35 20 till
644 677 149 28 Björneborgs
809 677 57 25 stad,
881 679 56 19 samt

451 714 32 18 att
507 712 124 21 Ständerna
651 712 42 28 för
717 712 70 28 sagda
806 711 195 28 jernvägsföretag

380 746 72 21 denna
473 747 58 27 gäng
554 747 49 21 ville
621 747 64 21 anslä
701 754 26 13 en
743 752 85 15 summa
843 746 31 27 af
885 746 117 25 1,600,000

380 781 70 21 mark.

312 986 83 21 Förrän
410 986 107 21 utskottet
532 985 46 29 gätt
593 987 34 20 till
642 987 103 27 pröfning
760 985 24 22 af
797 985 118 28 ordningen
925 985 40 22 och
975 985 27 21 ti-

241 1020 41 21 den
305 1020 34 21 för
361 1020 125 21 utförandet
508 1020 24 21 af
553 1020 64 22 ofvan
633 1021 94 22 berörda
739 1020 262 27 jernvägsanläggningar,

239 1054 89 21 hvilken
351 1054 101 27 pröfning
475 1054 80 28 åligger
577 1055 107 22 utskottet
706 1055 61 21 såväl
785 1054 50 21 med
849 1054 115 27 anledning
979 1053 25 22 af

239 1088 148 28 föreliggande
409 1089 80 27 nådiga
509 1089 134 27 proposition
663 1096 47 15 som
733 1089 41 22 ock
795 1089 29 27 på
839 1089 68 27 grund
922 1088 25 21 af
961 1088 41 21 den

240 1122 49 22 från
304 1124 33 20 tre
353 1123 63 21 stånd
431 1123 34 21 till
480 1123 117 22 utskottets
612 1123 132 28 behandling
760 1123 7 21 i
783 1122 65 22 ofvan
859 1123 76 26 antydt
945 1121 57 28 syfte

240 1157 140 21 remitterade
394 1157 162 27 propositionen
571 1158 111 27 angående
697 1158 77 26 anslag
789 1157 34 21 till
838 1163 43 21 nya
891 1157 110 27 jernvägs-

240 1192 161 27 anläggningar,
425 1192 39 20 har
486 1192 106 21 utskottet
614 1194 55 20 trott
691 1192 34 28 sig
744 1198 78 21 genom
837 1198 26 14 en
879 1191 121 27 delegation

242 1226 54 21 böra
318 1226 151 21 åstadkomma
490 1226 115 28 utredning
624 1233 41 20 om,
681 1226 108 22 huruvida
805 1226 26 21 de
846 1226 36 21 vid
896 1226 105 20 remissen

239 1260 25 21 af
285 1260 134 22 förstnämda
441 1260 133 27 proposition
597 1261 76 27 gjorda
694 1260 113 28 yrkanden
829 1260 28 27 på
873 1266 26 15 en
914 1259 87 21 föränd-

239 1294 49 28 ring
310 1294 24 22 af
356 1295 40 21 den
419 1294 109 22 härintills
550 1294 68 28 följda
638 1294 209 28 jernvägspolitiken
867 1294 86 26 derhän,
970 1295 33 19 att

239 1335 43 21 nya
302 1329 257 27 jernvägsanläggningar
581 1329 66 21 borde
670 1329 111 27 företagas
796 1328 83 21 mindre
895 1328 108 21 forceradt

240 1363 40 21 och
302 1363 85 21 utföras
410 1363 76 21 endast
507 1363 49 21 med
578 1363 141 51 besparingar
733 1362 9 22 i
757 1361 246 23 kommunikationsfon-

240 1396 48 27 den,
304 1403 51 15 vore
370 1397 130 27 berättigad.

312 1430 158 28 Delegationen
485 1431 39 21 har
539 1431 35 21 vid
590 1408 147 51 fullgörandet
752 1430 24 22 af
790 1430 39 22 sitt
843 1430 98 28 uppdrag
952 1430 50 21 sökt

240 1465 46 22 dels
301 1465 97 27 besvara,
415 1466 46 21 dels
476 1466 7 20 i
498 1466 70 27 någon
583 1466 50 21 mån
648 1466 75 27 belysa
739 1465 96 28 följande
851 1465 82 28 frågor:

309 1505 190 22 Jernvägsutskottets
512 1506 111 17 betänkande
636 1507 34 16 N:o
683 1505 16 18 1.
