1056 1725
265 128 27 21 22
569 128 41 22 N:o
625 130 35 20 34.

236 197 95 19 särdeles
355 204 89 20 gynsam
468 200 95 25 terräng,
600 198 50 22 Men
666 198 72 22 såsom
753 198 84 28 gäondo
853 205 77 21 genom
947 204 49 16 obo-

235 231 72 21 bodda
330 232 83 22 trakter
437 232 41 21 har
503 232 124 22 densamma
643 233 19 27 ej
679 235 32 19 att
727 233 99 27 påräkna
841 233 66 27 något
923 233 72 21 trafik-

235 266 101 27 tillskott,
361 268 27 20 då
411 268 96 20 deremot
531 268 38 20 den
594 269 58 19 östra
669 267 66 21 linien
751 274 76 21 genom
845 268 109 21 Tavastila
970 268 26 26 by

236 302 54 26 egde
314 308 26 15 en
363 303 7 20 i
393 303 136 20 ekonomiskt
552 303 100 21 afseende
668 303 124 26 väsendtlig
808 303 111 27 betydelse
935 303 60 22 såväl

236 337 50 20 med
302 337 88 26 hänsigt
405 337 31 21 till
453 337 135 27 omgifvande
604 338 84 21 trakter
705 344 46 15 som
769 338 6 20 i
792 338 101 21 afseende
909 339 12 20 å
937 338 58 21 trafi-

235 371 43 21 ken
295 371 32 21 till
344 372 38 21 och
399 372 46 21 från
462 372 175 21 Fredrikshamn.

310 406 62 21 Såväl
396 402 171 31 Öfverstyrelsen
584 407 33 21 för
638 409 50 24 väg-
705 407 40 21 och
761 407 233 27 vattenbyggnaderna,

236 447 45 14 som
298 441 294 27 förrättningsingeniörerne
603 441 65 21 hafva
679 441 33 21 för
724 448 28 14 nu
763 441 166 27 ifrågavarande
937 442 58 26 jern-

235 477 42 24 väg
300 475 112 27 föreslagit
435 476 42 21 den
500 477 24 20 år
542 477 53 20 1882
612 475 129 27 uppgångna
759 476 50 21 linie
826 477 6 19 i
849 475 70 28 öfrigt,
936 478 58 19 utom

235 510 135 21 beträffande
386 511 100 20 sträckan
503 511 90 20 emellan
610 510 68 26 fjerde
695 513 84 18 versten
797 511 46 20 från
860 511 72 20 Kotka
947 511 47 20 stad

236 545 33 21 till
290 545 109 21 Tavastila
414 545 33 27 by,
464 545 33 21 för
513 545 86 21 hvilken
617 545 33 21 del
667 545 24 21 af
705 545 72 21 banan
794 546 36 20 det
846 547 71 20 vestra
933 547 12 19 å
960 552 35 21 ge-

236 580 141 21 neralkartan
400 580 48 21 med
472 581 53 21 röda
547 580 86 27 prickar
648 580 135 22 betecknade
799 581 138 21 alternativet
953 580 42 22 för-

237 615 81 21 ordats.

308 650 87 20 Banans
418 650 63 26 längd
505 650 47 20 från
577 650 72 20 Kotka
672 650 33 20 till
722 650 99 21 Kouvola
836 650 79 21 station
932 652 63 25 utgör

237 685 47 24 47,4
303 686 57 19 verst
376 684 57 26 eller,
450 684 121 27 inbegripet
587 686 32 19 ett
629 684 118 27 hamnspår
759 690 34 15 om
807 686 28 25 1,1
850 687 69 19 versts
931 685 63 26 längd

236 719 35 21 vid
288 719 78 27 Kotka,
383 720 46 24 48,5
447 721 64 19 verst.
541 719 128 21 Kostnaden
685 721 24 19 är
726 719 111 21 beräknad
848 720 7 20 i
866 720 128 20 hufvudsak-

236 753 31 27 lig
283 753 222 22 öfverensstämmelse
521 754 47 20 med
585 754 25 20 de
627 754 32 20 till
671 754 69 26 grund
753 754 34 20 för
798 753 103 22 Savolaks
913 754 82 20 banans

236 788 186 26 kostnadsförslag
445 788 64 27 lagda
525 788 171 26 bestämningar;
713 788 40 21 och
770 788 69 21 skulle
855 788 90 27 utgiften
962 789 33 21 för

236 823 124 27 byggandet
384 822 22 21 af
427 822 71 21 banan
515 823 65 26 enligt
596 823 130 26 upprättadt
743 826 48 24 nytt
807 823 188 27 kostnadsförslag

237 857 78 27 belöpa
335 857 32 27 sig
384 858 32 21 till
433 858 112 27 2,647,000
561 857 68 28 mark,
644 857 83 22 hvilket
743 858 84 27 belopp,
844 858 107 21 fördeladt
967 858 28 26 pä

236 893 47 26 48,5
308 895 63 23 verst,
395 894 62 25 utgör
481 893 7 20 i
510 893 65 20 rundt
597 893 31 20 tal
653 893 78 25 54,578
748 893 60 20 mark
825 892 33 21 för
874 894 64 24 verst,
955 893 39 20 och

237 927 60 21 hvari
313 927 51 26 ingä
380 927 17 27 ej
414 927 82 21 mindre
513 928 77 24 37,090
606 927 62 20 mark
684 927 33 21 för
729 927 130 26 anläggning
870 927 23 21 af
902 927 92 21 nämnda

236 962 80 26 bispär,
341 964 26 18 än
392 962 77 26 20,000
492 962 60 20 mark
575 963 71 20 säsom
662 962 78 27 bidrag
756 962 34 21 till
806 962 165 26 kajbyggnaden
988 962 6 20 i

236 997 79 20 Kotka.

309 1031 31 21 Pä
362 1031 68 27 grund
454 1031 22 21 af
497 1031 55 21 hvad
573 1032 39 20 här
636 1031 63 22 ofvan
717 1031 84 21 anförts
818 1031 39 21 och
875 1031 48 21 med
939 1031 54 21 afse-

236 1067 55 20 ende
308 1065 52 22 derä
376 1068 31 19 att
423 1066 71 21 Kotka
510 1066 162 21 stadskommun
688 1066 68 21 utfäst
773 1066 32 27 sig
822 1068 32 19 att
873 1067 70 20 säsom
962 1066 32 21 bi-

237 1101 55 26 drag
315 1101 33 21 till
369 1101 112 26 byggande
497 1101 22 20 af
533 1107 25 14 en
571 1101 91 26 jernväg
678 1101 92 20 emellan
787 1101 77 20 staden
882 1101 38 20 och
937 1101 56 20 Kou-

236 1136 50 21 vola
309 1135 79 21 station
405 1135 87 27 erlägga
507 1142 26 14 en
549 1142 84 15 summa
649 1135 22 21 af
686 1137 93 24 500,000
795 1135 68 27 mark,
879 1135 40 21 har
934 1135 59 21 Hans

236 1170 122 27 Kejserliga
373 1170 102 27 Majestät
491 1170 55 21 velat
563 1171 6 20 i
585 1171 67 20 näder
668 1170 89 21 föreslä:

444 1207 32 19 att
499 1212 25 14 en
545 1205 88 27 jernväg
657 1206 68 20 mätte
748 1205 82 26 byggas
851 1204 55 21 ifrän
923 1204 71 22 Kotka

376 1240 47 20 stad
447 1240 33 20 till
503 1240 96 20 Kouvola
623 1240 79 20 station
726 1240 12 20 &
761 1238 180 22 Riihimäki—S:t
956 1239 38 21 Pe-

375 1274 101 27 tersburg
498 1274 71 21 banan
593 1274 47 21 med
664 1274 74 27 bispär
762 1274 33 20 till
811 1274 72 20 Kotka
899 1274 95 26 hamn,
980 1270 18 36 i

375 1308 153 27 hufvudsaklig
551 1308 224 22 öfverensstämmelse
799 1308 49 21 med
871 1308 62 20 ofvan
957 1314 37 14 an-

375 1344 72 26 tyddä,
465 1343 23 21 af
502 1338 171 32 Öfverstyrelsen
690 1343 32 21 för
739 1345 49 24 väg-
805 1343 38 21 och
857 1342 137 27 vattenbygg-

375 1378 97 20 naderna
495 1378 123 26 föreslagna
641 1378 97 25 riktning
758 1377 40 21 och
813 1377 7 21 i
837 1377 93 27 enlighet
946 1377 48 20 med

377 1413 25 21 de
418 1412 32 21 för
467 1412 102 21 Savolaks
585 1412 70 20 banan
672 1414 97 24 antagna
783 1412 105 26 grunder;
905 1413 54 19 samt

445 1449 32 19 att
491 1447 119 21 Ständerna
621 1447 33 20 till
665 1447 112 26 byggande
788 1447 23 20 af
821 1447 40 20 den
873 1446 122 27 föreslagna
