1056 1725
416 138 39 23 N:o
472 137 35 23 29.
786 140 27 20 23

429 204 11 27 S
457 206 34 20 37.

150 250 114 27 Begagnas
280 245 141 31 registrering
435 250 161 21 underkastadt
610 249 71 28 fartyg
697 250 32 21 till
741 250 101 22 handels-

82 284 76 28 sjöfart
174 284 53 22 eller
242 284 103 22 resandes
366 283 163 26 fortskaffande,
546 284 63 21 innan
626 284 216 22 nationalitetscerti-

81 319 54 22 fikat
149 319 34 22 för
198 319 120 21 detsamma
333 319 114 24 utfärdats,
464 318 86 22 straffes
566 318 159 22 befälhafvaren
742 319 47 26 och,
802 319 39 22 der

82 355 78 20 sådant
183 354 60 21 skett
264 354 49 21 med
337 354 86 21 redares
439 353 137 27 begifvande,
590 353 80 28 jemväl
685 353 92 22 redaren
793 354 49 21 med

82 389 63 21 böter
160 389 46 20 från
223 389 73 21 trettio
315 388 32 21 till
364 388 118 21 trehundra
497 388 65 21 mark.

152 429 85 21 Saknar
266 429 139 26 registrering
434 428 159 21 underkastadt
618 427 71 28 fartyg
713 428 128 22 föreskrifna

82 463 217 31 skeppshandlingar,
320 463 34 21 må
374 463 37 22 det
426 463 49 21 icke
491 462 23 21 af
528 462 149 22 tullkammare
693 463 53 21 eller
764 463 77 21 tuilbe-

82 497 94 27 vakning
191 497 129 22 utklareras.

431 566 62 28 838
559 581 6 4 -

152 613 111 26 Fullgöres
286 613 48 21 icke
358 612 105 26 anmälan,
488 618 46 15 som
550 612 7 21 i
571 612 24 27 $$
615 614 25 19 10
661 612 40 22 och
724 614 24 20 11
766 615 24 19 är
804 613 38 27 på-

82 647 88 27 bjuden,
194 648 57 20 inom
276 647 40 21 den
340 647 71 21 derför
430 646 129 22 föreskrifna
574 647 52 21 eller
642 647 67 26 enligt
724 646 11 28 $
752 649 26 19 29
795 650 46 19 sär-

82 681 68 21 skildt
175 683 84 19 utsatta
284 682 37 25 tid,
339 681 85 22 straffes
441 682 42 20 den
499 681 53 21 eller
567 682 34 25 de,
617 681 85 21 hvilken
719 682 68 21 sådan
803 688 37 15 an-

84 716 70 20 mälan
171 716 77 26 ålegat,
268 716 48 21 med
333 716 61 21 böter
409 716 47 21 från
472 716 74 21 trettio
562 716 31 20 till
610 716 119 21 trehundra
745 716 66 22 mark.

151 756 46 26 Lag
220 762 82 15 samma
325 762 56 20 vare,
404 762 34 15 om
454 756 81 27 fartygs
552 755 106 22 certifikat
673 756 48 22 icke
736 756 33 22 för
784 757 56 27 regi-

83 790 173 27 stermyndighet
278 792 78 25 upptes
380 790 51 22 eller
451 790 32 21 till
500 790 40 22 den
557 790 131 22 äterlemnas
704 791 29 27 på
748 793 45 19 sätt
807 792 7 20 i
829 791 12 27 8

86 826 24 19 13
128 826 24 19 är
168 824 68 27 sagdt.

400 881 91 28 839.

152 922 161 27 Öfverträdelse
337 927 52 22 eller
411 927 155 27 försummelse,
587 934 46 15 som
648 928 7 21 i
671 928 24 27 $$
710 930 26 19 37
757 929 39 21 och
813 931 26 19 38

83 963 97 24 nämnes,
198 961 68 21 ätalas
284 961 34 21 vid
334 962 78 21 allmän
429 962 92 21 domstol
538 962 7 21 i
560 962 222 27 registreringsorten.

430 1036 11 27 $
457 1038 34 19 40.

151 1082 228 27 Registermyndighet
393 1082 56 22 vake
465 1081 98 23 deröfver
579 1084 31 19 att
627 1082 166 27 försummelser,
808 1083 33 22 för

82 1116 72 22 hvilka
178 1123 77 24 ansvar
270 1117 7 21 i
292 1116 24 28 $$
332 1119 25 19 37
374 1117 39 22 och
432 1119 27 19 38
475 1116 67 22 finnes
559 1119 75 24 utsatt,
654 1117 117 27 behörigen
787 1118 53 21 beif-

83 1157 42 20 ras,
150 1154 56 18 samt
222 1152 162 21 tillhandahålle
402 1152 162 21 vederbörande
581 1152 100 27 åklagare
697 1152 42 22 alla
755 1152 33 22 för
803 1155 37 19 än-

84 1186 94 21 damålet
192 1186 79 27 nödiga
287 1186 159 28 upplysningar.
841 1189 2 2 N

430 1250 11 26 8
458 1252 33 18 41.

152 1301 44 21 Det
214 1301 82 27 åligger
312 1300 217 29 registermyndighet
545 1303 32 19 att
593 1301 80 27 årligen
690 1301 57 22 inom
762 1302 77 26 utgän-
858 1297 3 3 '

82 1342 41 20 gen
139 1335 22 21 af
174 1336 89 21 Januari
285 1336 78 22 mänad
383 1336 31 21 till
431 1336 229 27 Finansexpeditionen
676 1336 8 21 i
699 1336 94 22 Senaten
808 1337 31 21 in-

82 1370 68 20 sända
172 1370 84 21 afskrift
280 1370 24 22 af
324 1370 56 22 hvad
402 1370 68 22 under
494 1370 130 27 föregående
644 1370 23 21 är
683 1370 68 22 blifvit
771 1370 2 22 i
790 1370 49 22 dess

81 1404 93 26 register
187 1404 85 22 infördt.
