1056 1725
233 161 30 21 24

263 218 49 23 Den
334 219 7 21 i
360 219 12 27 8
393 219 29 22 93
443 218 24 22 af
480 219 25 21 V.
522 218 25 22 L.
564 218 112 28 medgifna
691 218 133 27 rättigheten
840 217 34 22 för
889 218 68 22 frivil-

202 255 44 28 lige
268 256 34 20 att
321 254 67 23 blifva
409 256 96 26 antagna
525 255 8 21 i
552 254 153 28 militärtjenst
719 254 88 22 hvilken
823 254 33 21 tid
873 255 24 20 af
910 256 46 20 året

203 297 47 16 som
272 291 58 22 helst
349 292 40 21 har
404 291 103 22 Komitén
528 292 74 20 ansett
622 291 65 27 lägga
703 290 162 27 oöfverstigliga
879 290 78 22 hinder

202 326 36 23 för
258 333 28 16 en
307 327 68 22 sådan
395 327 126 26 utbildning
541 326 24 22 af
585 327 27 21 de
633 326 103 27 frivillige
757 326 7 21 i
780 326 129 22 militäriskt
925 326 32 21 af-

203 363 88 26 seende,
312 364 34 20 att
366 362 88 27 dugliga
474 361 149 22 befälsämnen
645 362 24 21 af
687 363 48 21 dem
751 362 73 21 kunde
841 362 67 21 danas
925 361 33 21 för

202 398 141 22 kavalleriets
368 397 71 23 behof.
476 397 176 27 Olägenheterna
677 397 24 22 af
721 398 96 21 nämnda
837 397 120 28 stadgande

202 434 89 21 komme
317 434 109 27 nämligen
452 435 33 20 att
509 433 68 22 blifva
604 435 25 20 så
654 433 88 28 mycket
764 433 137 22 kännbarare
921 433 36 21 vid

202 469 138 27 kavalleriet,
366 469 90 22 emedan
481 469 154 27 fordringarna
662 469 7 21 i
695 469 102 22 afseende
823 470 14 20 å
862 469 96 27 tjensten

203 507 38 20 äro
257 505 38 21 vid
317 511 26 15 en
364 505 67 22 sådan
453 506 64 25 trupp
540 504 24 21 af
585 511 60 15 mera
666 505 114 21 invecklad
801 504 156 22 beskaffenhet.

203 541 51 21 Men
278 540 64 22 äfven
360 541 36 20 vid
417 540 86 22 landets
527 540 196 27 infanteritrupper
746 541 39 20 har
808 540 149 22 erfarenheten

203 576 119 28 ådagalagt
338 576 168 27 olämpligheten
520 575 23 22 af
555 576 96 22 nämnda
662 576 128 27 stadgande,
801 575 84 23 hvilket
895 575 63 23 äfven

204 612 104 22 störande
331 612 99 21 inverkat
451 612 28 26 på
499 618 26 15 en
542 612 83 21 ordnad
641 612 156 26 undervisning
812 612 37 21 vid
865 613 92 26 truppen

204 648 40 21 och
260 647 58 21 varit
338 647 120 27 hinderligt
479 647 33 21 för
533 648 141 26 manskapets
689 647 127 27 utbildning
831 654 78 20 genom
925 649 34 20 att

203 684 126 21 detsamma
350 683 45 22 ofta
411 683 99 27 betingat
525 684 130 21 anvisandet
671 684 24 21 af
709 684 72 21 skilda
796 684 71 21 lärare
883 683 33 22 för
932 684 26 21 de

204 718 110 28 frivillige.
349 719 103 21 Komitén
473 719 40 21 har
535 719 86 22 derföre
639 721 74 20 ansett
732 719 33 27 sig
784 726 40 20 ega
842 719 117 27 anledning

204 754 82 22 föreslå
304 756 69 20 sådan
392 755 91 27 ändring
499 756 23 20 af
536 756 11 26 8
563 756 29 21 93
609 756 8 20 i
632 756 24 20 V.
673 756 32 26 L.,
722 757 33 19 att
771 755 102 27 frivillige
889 755 70 22 skulle

203 792 93 26 antagas
320 791 7 21 i
350 791 68 27 tjenst
441 791 78 21 endast
540 791 69 21 under
633 791 75 27 loppet
727 791 24 21 af
768 790 97 22 Oktober
880 792 79 20 månad

204 826 40 21 och
261 827 64 21 deras
341 826 114 28 tjenstetid
465 827 79 21 räknas
555 826 50 22 från
617 827 41 21 den
671 828 11 20 1
694 826 125 28 påföljande
829 826 128 22 November.

264 862 92 22 Antalet
374 862 127 22 underbefäl
520 863 40 21 och
580 863 105 26 manskap
705 862 36 22 vid
760 862 70 22 finska
849 862 110 22 militären

204 898 40 21 har
266 900 89 20 närmat
374 898 33 27 sig
423 899 41 21 den
480 898 7 21 i
504 899 11 26 $
533 899 41 20 121
591 898 24 22 af
629 899 24 21 V.
670 899 25 21 L.
712 899 129 26 uppdragna
856 901 65 24 gräns
937 899 23 21 af

203 934 69 27 5,000
288 940 50 15 man
355 934 6 21 i
378 934 119 21 allmänhet
515 935 78 20 endast
609 935 36 21 vid
661 935 62 21 tiden
737 935 34 21 för
782 935 37 21 det
830 934 129 27 uppbådade

203 970 142 26 manskapets
368 969 85 22 inträde
477 969 7 22 i
508 970 68 27 tjenst
599 970 36 21 vid
659 972 120 25 trupperna
803 969 52 22 eller
879 971 42 20 den
946 971 11 20 1

203 1005 133 27 November,
365 1012 49 15 men
441 1005 124 22 sedermera
588 1012 79 21 genom
690 1006 114 21 kassation
827 1005 40 22 och
890 1006 69 21 andra

202 1041 92 21 orsaker
312 1041 35 21 till
367 1041 78 27 afgäng
460 1041 107 27 betydligt
584 1041 115 22 minskats.
731 1041 96 22 Sålunda
843 1042 40 21 har
899 1044 60 19 anta-

202 1075 32 22 let
250 1077 24 20 af
288 1077 8 20 i
312 1076 97 22 rullorna
425 1077 115 22 inskrifvet
555 1077 128 22 underbefäl
700 1078 40 21 och
758 1078 105 26 manskap
876 1077 83 27 utgjort

203 1112 42 21 den
258 1112 12 21 1
283 1111 91 22 Januari
386 1112 155 27 1884—4,563
552 1112 23 29 !),
587 1113 42 21 den
641 1113 12 21 1
665 1113 92 21 Januari
767 1113 154 27 1885—4,507
933 1113 25 28 2),

203 1147 42 22 den
266 1148 12 21 1
299 1147 92 22 Januari
412 1149 154 27 1886—4,673
576 1147 18 30 *)
615 1149 39 21 och
674 1149 42 21 den
734 1149 11 21 1
763 1148 90 22 Januari
871 1148 88 22 1887—

202 1184 76 26 4,748.
290 1184 16 26 *)
342 1184 50 21 Med
417 1184 37 21 det
481 1184 122 22 öfverskott
627 1184 23 22 af
673 1185 42 21 den
739 1184 116 22 faststälda
881 1184 78 27 högsta

202 1221 131 19 numerären
357 1220 34 20 för
413 1220 85 21 landets
522 1220 149 27 truppstyrka,
696 1227 47 15 som
768 1220 110 21 äterstode
902 1220 57 21 efter

202 1254 201 28 kompletteringen
419 1255 23 21 af
456 1256 26 20 de
493 1255 71 22 finska
575 1256 299 26 skarpskyttebataljonerna,
886 1255 72 21 kunde

202 1290 43 22 den
264 1290 72 22 finska
356 1290 198 28 dragonbrigadens
575 1291 68 21 behof
659 1291 24 21 af
697 1290 128 22 underbefäl
843 1290 38 21 och
899 1296 60 15 man-

252 1350 13 22 1)
279 1350 105 18 Deribland
399 1350 33 17 174
445 1350 93 22 frivillige.

251 1379 13 22 2)
328 1393 7 4 -
409 1380 23 17 44
489 1393 7 8 ”

251 1409 13 20 S]
328 1423 7 3 ä
409 1409 22 17 45
487 1423 8 5 n”

259 1440 5 7 N
411 1438 8 10 5

253 1439 10 21 2
328 1453 8 6 »
409 1439 23 18 50
488 1452 8 9 om
