1056 1725
406 139 41 21 N:o
463 140 34 20 31.
793 141 12 20 3

72 209 91 25 stränga
186 208 160 26 bestämningar
370 213 45 15 som
439 207 180 21 fabriksrörelsen
636 208 39 20 och
691 215 72 14 annan
780 212 56 18 stor-

72 242 100 20 industri.
203 241 104 21 Behofvet
330 242 24 20 af
375 242 184 26 inskränkningar
579 242 6 20 i
602 242 132 26 rättigheten
751 245 32 19 att
799 250 36 14 an-

73 277 71 21 vända
167 283 56 21 unga
243 277 99 21 arbetare
358 277 39 20 har
414 276 6 21 i
437 277 68 21 andra
522 277 74 21 länder
611 276 118 22 framträdt
745 278 90 21 hufvud-

73 311 99 26 sakligen
188 311 34 21 vid
239 311 174 21 fabriksarbetet,
435 311 82 21 hvilket
538 312 6 20 i
561 311 53 26 följd
631 311 23 21 af
668 312 32 20 sin
717 314 70 19 större
804 313 31 20 in-

75 346 96 26 tensitet,
188 347 36 20 det
241 345 131 22 vidsträckta
389 346 154 21 användandet
559 346 22 20 af
595 346 109 21 maskiner
715 347 40 20 och
767 347 68 21 andra

74 381 32 20 för
117 381 230 26 kroppsutvecklingen
357 387 138 20 ogynsamma
504 381 152 20 förhållanden
666 381 90 21 innebär
765 384 70 19 större

73 415 47 21 fara
144 415 32 21 för
200 418 31 18 ett
254 415 81 26 hastigt
358 415 146 21 förbrukande
525 415 23 21 af
567 416 26 20 de
613 422 66 19 unges
695 415 96 22 lifskraft
807 419 28 18 än

73 449 151 26 handtverket,
248 449 82 21 hvilket
349 449 68 27 enligt
433 450 74 26 regeln
523 452 62 24 tager
601 450 47 20 dem
664 450 7 20 i
687 451 94 25 anspråk
798 457 36 14 en-

74 484 49 21 dast
146 485 71 20 såsom
239 484 112 27 lärlingar.
382 484 62 21 Dock
467 484 144 21 förekommer
633 484 48 21 icke
704 484 68 27 något
789 485 47 21 skäl

74 521 33 18 att
122 519 34 20 för
172 519 40 20 den
228 521 69 18 större
314 519 39 20 och
370 519 39 20 den
427 519 83 20 mindre
526 519 107 20 industrin
653 520 107 25 uppställa
777 520 59 21 olika

74 553 163 27 bestämningar
247 553 93 20 rörande
352 553 236 27 antagningsvilkoren,
597 555 52 19 utan
661 553 64 21 hafva
736 554 100 26 reglerna

74 587 132 21 härutinnan
222 590 82 18 ansetts
320 588 79 25 kunna,
411 587 92 21 likasom
515 588 84 26 hittills,
611 594 52 14 vara
677 588 33 20 för
721 589 43 20 alla
774 589 62 21 indu-

78 622 74 21 striela
167 622 67 26 yrken
251 628 164 20 gemensamma.

143 657 75 26 Enligt
240 656 163 27 näringslagens
427 657 26 20 33
473 656 12 27 $
505 656 34 21 får
555 656 60 27 barn,
632 663 45 15 som
693 657 40 27 fylt
749 658 41 20 tolf
805 659 31 25 år,

76 691 110 21 användas
197 691 33 21 till
246 691 139 27 yrkesarbete
401 693 52 18 utan
465 690 101 22 afseende
578 691 13 21 å
601 692 81 26 graden
693 692 24 20 af
726 692 49 21 dess
785 692 52 27 fysi-

75 726 39 21 ska
125 726 124 26 utveckling
265 726 39 21 och
320 726 53 21 barn
390 726 69 20 under
474 726 42 21 tolf
531 726 23 20 år
570 732 34 15 om
619 726 48 21 dess
679 726 106 21 målsman
800 733 36 20 ge-

75 767 49 15 nom
148 760 134 22 läkarebevis
310 760 91 27 styrker,
426 762 33 19 att
487 760 79 21 sådant
589 760 42 21 kan
654 762 53 19 utan
730 767 49 15 men
802 761 34 21 för

76 796 78 21 barnet
180 796 89 20 tillåtas.
299 796 95 20 Numera
421 801 63 21 synes
510 795 61 25 dock,
598 795 7 21 i
630 796 116 26 synnerhet
771 796 66 21 bland

75 830 103 21 läkarene
201 830 7 20 i
231 830 79 25 landet,
334 830 64 20 hafva
421 830 90 26 stadgat
530 830 32 26 sig
586 830 41 20 den
651 829 62 27 åsigt,
733 831 33 19 att
781 830 56 21 barn

75 865 48 21 icke
149 864 7 21 i
181 866 70 25 någon
276 864 103 21 händelse
404 864 55 21 böra
482 865 91 26 antagas
595 864 8 21 i
625 864 140 27 yrkesarbete
790 864 47 21 före

76 900 60 27 fylda
150 900 42 20 tolf
207 899 24 21 år
247 901 56 19 samt
318 899 47 21 icke
380 905 37 14 ens
429 899 36 20 vid
477 899 70 20 denna
559 899 67 25 ålder,
638 905 34 14 om
684 905 52 20 svag
746 899 91 26 kropps-

76 934 144 21 konstitution
237 934 51 21 eller
304 933 117 27 sjuklighet
435 934 40 25 gör
491 933 84 21 arbetet
590 933 33 21 för
639 933 47 21 dem
702 933 102 26 skadligt.
827 933 11 20 I

78 969 96 26 enlighet
197 969 49 20 med
271 969 69 20 denna
355 967 141 28 uppfattning
512 969 23 19 är
551 967 115 27 förslagets
682 968 11 20 7
710 967 11 27 $
738 967 99 26 affattad,

74 1003 67 26 jemte
164 1003 36 20 det
223 1002 32 21 för
277 1002 134 21 kontrollens
431 1001 58 22 skull
505 1001 70 22 tillika
590 1002 110 25 bestämts,
717 1003 32 19 att
764 1001 75 27 yrkes-

77 1037 83 27 idkare,
177 1043 44 15 som
238 1037 110 21 använder
363 1037 53 20 barn
432 1036 54 21 eller
502 1042 57 21 unga
569 1042 108 21 personer,
689 1036 99 26 ständigt
799 1035 40 22 bör

78 1078 53 15 vara
147 1071 87 21 försedd
249 1071 48 21 med
314 1071 120 26 prestbevis
451 1070 60 21 öfver
527 1071 64 20 deras
607 1070 67 21 ålder.
705 1070 45 27 Att,
767 1071 72 20 såsom

78 1107 7 20 i
108 1107 68 26 några
200 1106 68 21 andra
291 1106 75 21 länder
386 1105 64 26 skett,
465 1105 80 27 jemväl
562 1105 77 26 ålägga
655 1104 184 27 arbetsgifvarene

80 1143 32 19 att
131 1141 46 21 före
196 1141 134 26 antagandet
345 1139 105 22 förskaffa
466 1139 33 27 sig
515 1139 134 21 läkarebevis
666 1139 59 21 öfver
741 1139 99 26 samtlige

79 1176 165 26 ifrågavarande
268 1176 110 20 arbetares
401 1175 61 21 helsa
487 1175 40 21 och
549 1174 232 27 kroppsbeskaffenhet
801 1174 40 20 har

80 1211 98 21 deremot
200 1210 48 22 icke
271 1212 83 19 ansetts
378 1210 53 20 böra
446 1210 8 20 i
469 1209 63 27 fråga
548 1209 91 25 komma,
656 1208 90 22 emedan
762 1208 80 21 sådant

81 1246 13 20 å
116 1252 41 14 ena
180 1245 60 21 sidan
264 1245 68 21 skulle
355 1244 33 21 för
412 1244 83 21 barnen
517 1244 40 20 och
573 1244 26 20 de
614 1249 56 21 unge
686 1242 74 28 sjelfve
776 1242 8 21 i
799 1242 43 26 hög

81 1280 54 26 grad
158 1279 84 21 minska
265 1279 138 27 möjligheten
422 1280 33 19 att
469 1278 68 21 blifva
553 1278 70 21 såsom
639 1277 100 21 arbetare
755 1276 87 22 anstäld

81 1316 57 20 samt
153 1315 13 19 å
182 1314 40 21 den
239 1314 68 20 andra
322 1313 77 21 endast
415 1312 145 27 ofullkomligt
575 1311 98 27 uppfylla
683 1311 37 21 sitt
732 1311 110 26 ändamål,

82 1349 27 21 då
132 1355 26 15 en
181 1348 111 21 arbetares
314 1347 164 22 helsotillstånd
501 1347 43 21 kan
568 1346 54 22 efter
645 1346 54 20 hans
719 1345 124 27 antagande

81 1383 123 21 förändras.
235 1382 49 21 Med
310 1382 103 21 afseende
439 1382 55 20 härå
520 1380 143 22 öfverlemnar
689 1380 105 26 förslaget
819 1380 24 20 åt

80 1417 176 28 yrkesinspektör
272 1418 40 24 att,
328 1416 29 21 då
372 1415 119 27 anledning
506 1414 121 28 förefinnes,
645 1414 71 21 såsom
731 1413 69 21 vilkor
811 1413 34 22 för

82 1452 66 21 barns
165 1451 53 21 eller
233 1457 43 20 ung
291 1457 89 20 persons
395 1449 156 22 bibehållande
566 1449 7 21 i
589 1449 91 26 arbetet,
695 1448 74 21 fordra
784 1449 61 20 läka-
