1056 1725
294 135 70 22 Ständ.
380 135 31 22 Sv.
427 146 26 4 —
471 136 59 26 Prop.
547 134 34 21 N:o
596 134 36 22 29.
799 134 26 20 15

301 200 31 18 3:0
348 200 29 18 att
394 198 117 24 Ständerna,
527 198 65 20 hvilka
607 198 82 24 vidtagit
704 198 101 19 särskilda
820 199 33 18 än-

233 234 81 24 dringar
328 234 9 19 i
350 233 32 20 det
403 233 62 25 tredje
479 232 232 26 författningsförslaget,
727 232 34 24 för
776 232 31 20 sin
822 232 31 19 del

232 269 75 25 antagit
322 275 21 13 en
358 268 24 20 sä
397 267 82 25 lydande

351 341 135 30 Förordning
501 348 34 17 om
551 341 185 30 skeppsregister.

304 406 64 21 Sedan
383 406 61 20 under
460 407 63 19 denna
538 406 38 25 dag
591 406 101 25 utfärdats
707 406 59 25 nädig
776 406 80 25 förord-

235 443 51 24 ning,
308 441 133 25 innefattande
463 441 84 24 ändring
562 441 25 24 af
600 441 98 20 särskilda
714 441 121 24 stadganden
849 441 8 20 i

236 477 91 24 sjölagen,
346 476 70 23 varda,
437 475 42 20 med
495 475 102 25 anledning
612 475 25 24 af
649 475 52 20 hvad
715 475 85 20 nämnda
815 475 41 24 för-

236 511 82 24 ordning
340 510 105 20 innehåller
467 509 88 20 rörande
576 509 77 25 fartygs
675 509 126 25 registrering
824 510 33 19 och

237 545 59 20 deras
310 545 123 19 intecknande
447 544 34 25 för
491 544 52 25 gäld,
555 544 86 25 följande
651 545 92 19 närmare
753 545 104 24 föreskrif-

238 581 28 18 ter
281 580 9 19 i
304 580 63 19 ämnet
381 579 111 25 härigenom
506 578 117 20 meddelade.

525 642 15 26 $
555 642 17 20 1.

308 683 60 30 Öfver
382 688 63 24 finska
461 688 67 25 fartyg
543 688 26 24 af
581 688 59 20 minst
654 688 61 20 nitton
726 688 131 25 registertons,

239 723 64 20 hvilka
318 723 94 25 begagnas
428 723 29 19 till
471 722 155 25 handelssjöfart
641 723 45 19 eller
701 723 93 20 resandes
809 724 49 23 fort-

240 757 106 25 skaffande,
366 757 51 20 skall
437 757 58 25 föras
510 757 157 25 skeppsregister,
685 757 57 25 enligt
755 757 52 20 hvad
821 758 38 19 här

240 792 63 20 nedan
317 793 92 19 närmare
424 792 87 25 stadgas.

308 832 75 25 Fartyg
405 832 26 25 af
450 832 76 20 mindre
548 832 107 24 drägtighet
668 832 33 19 mä
716 832 19 24 ej
749 832 8 19 i
770 832 90 25 registret

239 869 103 24 upptagas.

521 929 50 27 $2

309 975 163 26 Skeppsregistret
494 976 54 25 föres
563 975 33 20 och
611 975 120 24 handhafves
746 975 27 24 af
785 976 75 19 städer-

240 1017 36 14 nas
298 1011 125 24 magistrater
439 1011 33 20 och
491 1011 160 25 ordningsrätter,
667 1010 50 19 hvar
731 1010 34 24 för
780 1011 34 19 sitt
829 1017 31 13 re-

240 1045 146 24 gisteromräde.

310 1085 169 24 Registeromräde
502 1086 56 23 utgör
580 1084 33 25 för
638 1081 23 23 de
683 1084 72 25 städer,
775 1085 8 18 i
796 1084 65 20 hvilka

242 1119 135 20 tullkammare
401 1119 61 24 finnes
484 1119 95 23 inrättad,
599 1119 79 19 stadens
697 1119 163 19 tullkammaredi-

242 1154 64 25 strikt,
323 1154 47 19 dock
384 1155 30 19 att
429 1154 157 24 ordningsrätten
601 1154 8 19 i
624 1153 123 20 Mariehamn
762 1153 33 24 för
812 1154 49 24 regi-

242 1190 49 18 stret
304 1188 35 24 för
348 1188 43 20 hela
399 1184 76 24 Ålands
490 1188 70 20 härad.
576 1188 43 20 För
629 1188 65 24 öfriga
705 1188 66 19 städer
781 1188 80 19 vestäm-

241 1228 44 14 mas
300 1222 104 20 omrädena
419 1222 26 25 af
457 1222 82 20 Senaten
553 1222 35 25 för
603 1222 90 20 Finland.

527 1284 49 27 $3.

312 1335 165 26 Skeppsregistret
491 1337 24 19 är
531 1335 93 25 offentligt
639 1335 32 19 och
681 1334 62 20 under
753 1334 22 20 de
785 1334 76 25 vanliga

243 1370 146 20 embetstiderna
403 1370 34 25 för
452 1377 23 13 en
489 1371 50 19 hvar
555 1370 117 25 tillgängligt.

316 1410 74 25 Utdrag
404 1417 25 13 ur
443 1411 92 25 registret
548 1410 97 25 utfärdas
660 1408 26 28 af
693 1409 168 25 registermyndig-

243 1445 53 20 heten
310 1447 41 17 mot
365 1445 94 25 stadgade
473 1446 87 24 afgifter.
