1056 1725
306 122 71 22 Ständ.
392 122 33 22 Sv.
440 134 27 4 —
483 122 59 28 Prop.
560 123 35 21 N:o
611 123 35 21 37.
815 125 12 19 3

99 185 64 26 skott,
179 186 30 20 till
224 186 65 20 hvars
305 184 157 22 förberedande
477 185 132 27 behandling
625 186 41 21 den
681 186 80 26 nådiga
776 192 81 21 propo-

100 219 93 21 sitionen
209 219 23 21 af
245 219 97 22 Stånden
358 219 159 27 öfverlemnats,
534 220 57 21 dock
606 220 47 21 icke
669 220 86 27 lyckats
775 220 82 22 erhålla

100 254 69 27 några
184 254 79 21 exakta
278 253 111 28 uppgifter.
419 254 109 27 Derjemte
539 254 126 28 understiga
676 254 33 22 för
719 255 138 22 närvarande

100 288 91 22 fondens
208 288 118 22 inkomster
341 288 7 21 i
364 288 122 22 annuiteter
497 289 13 21 å
522 288 171 28 köpeskillingen
703 288 34 23 för
747 290 30 20 till
785 290 71 21 skatte

100 323 95 22 försålda
218 323 176 27 donationsgods,
417 323 165 27 landboräntor,
599 324 163 21 arrendemedel
778 331 27 14 m.
821 331 34 20 m.,

100 358 50 22 med
170 357 91 27 240,407
278 358 61 21 mark
356 357 26 22 15
397 358 66 27 penni
479 358 42 21 den
539 365 92 20 summa,
648 365 47 14 som
711 359 7 20 i
734 359 122 22 annuiteter

102 392 33 21 för
158 392 181 21 donationslånen
362 391 97 28 utgifves,
476 393 42 21 och
534 393 29 21 då
579 393 72 26 någon
667 393 82 21 tillväxt
765 393 6 21 i
787 393 69 22 dona-

99 426 151 22 tionsfondens
268 427 119 21 inkomster
405 427 48 21 icke
469 428 24 20 är
509 429 32 19 att
557 427 104 27 påräkna,
678 433 65 22 synes
759 430 30 19 ett
804 428 51 21 ned-

100 461 120 27 bringande
239 461 23 21 af
277 461 116 27 utgifterna
408 461 48 21 från
471 461 130 22 densamma
615 468 53 15 vara
683 461 24 22 af
720 462 136 27 nödvändig-

100 496 66 21 heten
188 496 114 27 påkalladt.
332 496 8 21 I
363 496 78 21 sådant
463 496 103 22 afseende
589 496 92 22 föreslås
696 497 7 20 i
719 497 42 21 den
776 497 80 27 nådiga

100 531 164 26 propositionen
284 531 132 26 omsättning
431 530 24 21 af
468 531 42 21 den
526 531 95 27 oguldna
637 531 124 22 återstoden
777 531 26 21 af
817 531 38 22 do-

99 565 153 22 nationslånen
274 565 30 21 till
327 567 30 20 ett
380 567 47 26 nytt
441 565 37 22 lån
494 566 13 21 å
523 565 124 28 förslagsvis
664 566 114 26 7,400,000
793 566 63 22 mark

100 600 50 22 med
165 606 27 16 en
212 602 108 20 räntesats
335 600 47 22 icke
398 600 161 28 öfverstigande
573 601 56 26 4"/,.
659 600 46 22 Den
722 601 67 27 årliga
804 602 51 20 rän-

98 634 118 28 teafgiften,
232 636 93 25 296,000
339 635 68 26 mark,
423 635 68 22 skulle
507 636 28 20 då
550 635 31 21 till
596 635 53 21 fullo
665 635 104 22 betäckas
785 635 23 21 af
817 636 38 21 do-

102 669 180 22 nationsfondens
302 669 125 28 inkomster,
450 670 73 21 hvilka
546 670 7 20 i
575 670 41 21 den
631 670 79 27 nådiga
726 670 131 28 propositio-

98 710 43 16 nen
164 704 108 21 beräknas
294 704 30 21 till
344 704 93 26 309,592
452 704 63 21 mark
530 704 27 22 85
574 704 67 28 penni
657 711 36 15 om
708 705 53 26 året,
777 705 79 21 hvaru-

100 741 47 19 tom
169 738 127 22 densamma
318 738 87 22 komme
425 741 32 19 att
472 739 124 27 ytterligare
612 739 71 27 nedgå
698 739 7 21 i
721 740 51 20 mån
788 739 21 21 af
824 740 31 21 lå-

99 775 48 19 nets
164 773 136 27 amortering.

167 807 63 22 Detta
245 807 80 27 förslag
340 807 64 22 hafva
419 807 124 23 Ständerna
559 810 71 20 ansett
646 808 33 27 sig
689 808 56 21 böra
755 809 25 21 så
795 815 60 21 myc-

98 842 36 22 ket
156 842 66 22 hellre
245 842 122 27 godkänna,
394 848 48 16 som
464 842 124 22 Ständerna
607 845 80 25 antaga
703 845 38 27 att,
757 843 49 21 med
822 842 33 23 af-

97 877 81 22 seende
193 878 13 21 å
222 877 96 22 rådande
333 877 265 28 penningeförhållanden,
619 878 36 21 det
666 884 43 21 nya
719 878 58 21 lånet
787 878 68 22 borde

98 911 74 22 kunna
195 914 107 25 upptagas
324 914 53 19 utan
399 914 32 19 att
450 913 73 26 någon
539 912 154 27 kapitalrabatt
708 912 53 22 eller
776 913 79 20 åtmin-

98 948 62 20 stone
176 946 78 22 endast
269 953 27 15 en
311 947 64 26 högst
390 946 109 28 obetydlig
515 947 70 21 sådan
600 947 92 21 behöfde
707 947 95 27 beviljas.

165 981 61 21 Dock
241 981 87 27 utbedja
344 981 33 27 sig
393 981 123 22 Ständerna
531 983 31 19 att
573 981 21 21 få
604 981 117 21 framhålla
732 982 67 27 några
808 988 47 15 om-

99 1015 154 28 ständigheter,
277 1015 71 22 hvilka
370 1015 63 22 torde
448 1016 77 21 härvid
540 1015 55 22 böra
610 1015 95 22 beaktas.
736 1016 7 21 I
759 1016 41 21 den
816 1017 39 20 nå-

99 1050 49 27 diga
173 1050 163 27 propositionen
360 1049 101 28 föreslås,
485 1053 32 18 att
535 1051 138 26 betalningen
689 1050 22 21 af
725 1051 36 20 det
776 1050 79 28 ifråga-

98 1087 57 18 satta
170 1085 65 25 lånet,
252 1086 52 19 utan
320 1087 31 18 att
366 1091 53 14 vara
434 1084 89 23 bunden
538 1085 24 21 af
570 1085 68 26 några
648 1086 101 21 närmare
759 1085 96 22 bestäm-

102 1119 84 27 ningar,
210 1119 68 22 skulle
299 1121 69 19 rättas
383 1119 53 22 efter
451 1119 218 22 förhandenvarande
684 1119 112 22 finansiela
812 1119 43 22 för-

95 1154 122 21 hållanden.
247 1154 31 20 En
301 1154 139 26 regelbundet
462 1154 152 27 försiggående
635 1154 132 27 amortering
786 1154 70 22 måste

98 1188 65 22 likväl
187 1194 65 16 anses
274 1194 60 16 mera
360 1188 238 22 öfverensstämmande
617 1188 50 22 med
691 1194 26 16 en
733 1188 84 22 ordnad
832 1188 24 22 fi-

100 1222 193 28 nansförvaltning,
316 1223 42 21 och
381 1224 30 20 ett
436 1224 91 20 motsatt
549 1222 127 22 förfarande
697 1223 72 21 kunde
785 1222 70 30 äfven,

100 1258 72 21 derest
194 1258 160 26 amorteringen
378 1256 70 22 alltför
469 1258 64 26 länge
547 1257 70 22 blefve
632 1257 135 27 uppskjuten,
783 1258 70 26 möjli-

100 1298 41 21 gen
156 1291 113 22 föranleda
284 1292 138 27 upptagande
437 1291 24 21 af
474 1294 30 19 ett
520 1294 47 25 nytt
582 1292 37 21 lån
634 1292 6 20 i
651 1292 41 20 och
702 1291 35 21 för
747 1292 107 27 gäldande

97 1326 23 21 af
136 1326 42 26 det,
195 1326 91 22 hvarom
301 1333 29 14 nu
346 1328 25 19 är
386 1326 65 27 fråga.
482 1326 123 22 Ständerna
620 1326 64 21 hafva
699 1325 73 23 derför
783 1328 72 20 ansett

97 1361 37 21 det
159 1360 126 29 önskvärdt,
304 1363 31 19 att
350 1360 36 22 vid
401 1360 188 28 återbotalningen
605 1360 23 21 af
640 1360 164 27 ifrågavarande
819 1360 37 22 län

96 1401 28 15 en
146 1396 25 20 så
194 1397 46 19 stor
261 1395 185 27 regelbundenhet
470 1402 48 14 som
541 1395 82 27 möjligt
645 1394 68 22 blefve
736 1395 117 27 iakttagen,

96 1432 53 19 utan
168 1432 31 19 att
220 1430 64 21 likväl
299 1430 75 27 hvarje
390 1430 24 21 år
429 1430 96 21 skeende
540 1429 159 28 afbetalningar
713 1430 76 21 härvid
804 1435 53 16 vore
