1056 1725
255 112 65 24 Ständ.
337 112 31 24 8v.
388 124 23 4 —
428 112 55 30 Prop.
500 112 32 24 N:o
548 112 33 24 38.
753 114 25 22 11

186 180 58 26 ning,
260 185 45 15 som
320 178 46 22 deri
381 180 26 20 är
417 179 94 27 beviljad,
523 179 66 22 sedan
595 179 117 27 jernvägen
722 179 47 22 kom
778 186 27 15 ur

187 214 39 21 den
241 215 55 19 rätte
310 220 87 20 egarens
412 213 63 28 hand,
491 216 52 19 utan
558 214 82 22 verkan.

463 276 16 28 $
493 278 36 20 17.

257 327 71 22 Sedan
342 328 121 27 inteckning
477 328 61 27 skett,
552 335 49 14 vare
607 328 116 27 jernvägen
732 327 76 22 under-

184 364 55 25 pant
253 363 34 26 för
301 363 34 21 det
348 363 179 27 penningebelopp
537 363 65 28 jemte
616 364 69 25 ränta,
701 362 68 22 hvarå
778 363 31 21 in-

188 397 120 27 teckningen
330 397 64 28 lyder,
412 397 51 22 dock
484 397 19 27 ej
517 397 35 27 för
565 399 71 25 ränta,
652 404 45 15 som
713 397 96 22 innestär

186 431 34 27 för
236 431 72 27 längre
323 431 31 22 tid
368 433 29 19 än
413 431 26 22 de
455 434 30 19 tre
499 433 85 20 senaste
600 432 62 25 åren;
678 431 37 22 och
729 431 80 28 medför

188 465 142 28 inteckningen
350 465 71 22 sådan
439 466 150 26 förmånsrätt,
608 473 45 14 som
668 466 142 27 inteckning
798 461 16 36 i

187 500 45 27 fast
246 500 99 27 egendom
361 499 130 22 tillkommer.

256 534 120 22 Enahanda
390 535 46 21 rätt
451 541 46 15 som
511 535 10 21 i
529 535 117 27 jernvägen
661 535 58 27 njute
734 534 75 23 inteck-

187 569 163 28 ningshafvaren
368 569 8 22 i
395 569 51 22 dess
461 569 118 28 lokomotiv,
595 576 80 22 vagnar
689 569 38 23 och
741 569 68 29 öfriga

188 604 99 22 tillbehör.

256 638 116 28 Angående
388 638 230 28 inteckningshafvares
632 640 51 26 rätt,
698 640 42 20 när
750 639 60 27 jern-

187 674 41 27 väg
249 673 34 27 för
305 673 135 22 statsverkets
462 674 91 26 räkning
575 673 84 28 inlöses,
681 673 55 28 gälle
755 673 56 22 hvad

188 708 102 22 särskildt
304 708 101 27 stadgadt
420 709 33 21 är.

465 770 15 28 $
495 772 36 21 18.

256 822 128 28 Inteckning,
407 829 49 15 som
475 822 64 28 enligt
554 822 69 22 denna
638 822 34 28 lag
688 822 121 27 tillkommit,

187 858 67 27 gäller
269 859 52 20 utan
336 857 111 28 förnyelse,
465 857 58 22 ändä
533 859 31 20 att
573 857 187 28 fordringsegaren
769 857 42 27 för-

189 894 92 20 summat
298 892 35 21 sin
349 891 58 22 talan
422 894 45 20 mot
481 892 129 27 gäldenären
625 893 26 20 sä
667 892 83 27 bevaka,
766 898 45 15 som

188 927 10 20 i
218 926 151 27 förordningen
392 933 34 15 om
447 926 144 27 preskription
615 925 37 23 och
668 926 143 27 ärsstämning

190 961 26 26 af
236 961 40 21 den
296 962 13 19 9
328 961 117 21 November
464 961 63 21 1868
542 962 25 20 är
582 961 106 27 stadgadt,
705 960 50 22 dock
769 960 43 22 icke

190 995 80 27 utöfver
288 995 29 21 tio
336 995 25 21 år
380 995 53 27 efter
449 995 41 21 den
505 995 8 21 i
527 995 237 28 fordringshandlingen
778 997 33 19 ut-

189 1031 57 20 satta
260 1029 159 28 förfallodagen.

467 1091 16 28 $
498 1093 33 21 19.

257 1143 39 23 Då
311 1144 112 22 intecknad
437 1144 91 27 fordran
537 1151 76 21 genom
623 1143 136 28 öfverlätelse,
771 1143 40 27 arf,

189 1180 121 20 testamente
336 1178 49 22 eller
405 1179 104 27 giftorätt
530 1179 85 22 kommit
638 1179 7 21 i
663 1179 150 27 jernvägsega-

188 1220 50 15 rens
259 1214 63 27 hand,
345 1214 78 21 stände
446 1214 77 21 honom
545 1214 54 27 fritt,
619 1214 36 21 der
673 1213 42 22 han
735 1214 18 27 ej
775 1212 37 22 vill

189 1248 45 22 låta
254 1248 144 27 inteckningen
419 1248 76 28 dödas,
513 1250 31 20 att
557 1248 124 27 fordringen
695 1248 48 21 med
758 1248 55 27 oför-

189 1283 86 22 ändrad
289 1282 182 28 inteckningsrätt
485 1283 72 21 vidare
573 1282 107 28 öfverlåta.

469 1334 16 29 $
499 1336 39 20 20.

262 1386 41 22 Vill
320 1386 167 28 jernvägsegare
507 1388 31 20 att
556 1386 118 28 inteckning
689 1386 36 21 mä
741 1385 73 27 dödas,

189 1421 75 28 bvegäre
283 1421 34 22 det
332 1421 121 27 skriftligen
470 1421 36 22 och
522 1421 81 28 bilägge
618 1420 197 28 inteckningshand-
