1056 1725
306 136 22 23 U.
346 136 23 23 B.
385 146 30 6 —
431 136 61 28 Prop.
510 136 37 23 M:o
564 135 29 23 31.
771 137 28 21 47

65 198 53 22 stär.
149 198 47 29 Jag
210 198 47 22 kan
276 198 78 22 derför
368 198 53 22 icke
437 198 96 22 ansluta
548 198 49 28 mig
611 198 37 22 till
664 198 45 22 den
724 198 105 22 nedsätt-

64 233 58 29 ning
136 233 115 21 utskottet
272 232 128 28 föreslagit,
415 235 59 19 utan
489 232 136 29 föredrager
641 232 44 22 den
700 232 9 22 i
723 233 105 29 proposi-

64 266 81 22 tionen
170 266 97 29 angifna
290 266 56 22 eller
368 267 27 21 14
418 266 101 29 timmar,
543 268 105 20 rasterna
662 266 165 23 inberäknade.

65 301 47 29 Jag
127 305 43 25 gör
185 301 46 28 det,
247 301 73 22 ehuru
332 301 42 28 jag
389 301 96 28 billigar
500 301 30 22 de
546 301 57 25 skäl,
619 308 50 15 som
684 301 36 22 för
735 309 30 14 en
773 301 55 22 ned-

66 335 105 30 sättning
192 335 137 29 förebragts,
350 335 97 22 emedan
460 335 43 29 jag
518 335 93 22 fruktar
626 337 35 20 att
676 336 101 28 mängen
793 342 34 15 ar-

64 369 150 30 betsgifvare,
228 370 9 21 i
252 369 42 22 fall
310 369 123 22 skilnaden
448 369 47 22 blir
509 369 38 22 för
562 372 55 23 stor,
628 369 60 22 skall
703 369 125 29 föredraga

66 406 34 20 att
123 404 95 22 afskeda
241 403 28 22 de
292 411 65 22 unga
372 403 137 22 arbetarene
524 403 74 22 hellre
614 407 30 18 än
658 403 47 22 han
719 411 56 15 vare
791 403 36 29 sig

64 438 118 23 nedsätter
197 438 142 22 arbetstiden
354 437 37 23 för
406 438 51 21 sina
473 437 76 30 öfriga
565 438 105 22 arbetare
686 438 55 22 eller
754 439 73 21 inrät-

65 474 37 20 tar
124 472 62 22 olika
209 472 145 27 arbetstider,
377 472 44 22 och
443 472 31 22 dä
489 472 44 22 har
547 479 54 15 man
618 472 83 21 endast
714 472 64 29 gjort
793 473 35 20 ett

66 509 59 20 stort
140 507 64 21 antal
219 506 212 29 arbetarefamiljer,
447 507 42 21 der
503 514 33 14 nu
551 507 5 21 i
564 506 64 29 följd
639 506 26 22 af
673 506 46 22 alla
728 506 99 29 familje-

66 541 160 22 medlemmars
248 541 93 22 tillfälle
363 541 38 22 till
417 541 189 28 arbetsförtjenst
621 543 34 20 ett
669 541 95 22 relativt
778 541 49 21 väl-

66 575 69 21 ständ
149 575 74 27 räder,
238 582 30 14 en
283 575 92 29 otjenst.
405 575 57 22 Man
477 575 43 22 har
534 575 109 22 beröfvat
657 583 28 14 en
701 575 38 22 del
754 574 27 22 af
792 575 35 21 fa-

66 609 80 29 miljen
168 610 122 28 möjlighet
312 610 37 21 till
372 610 151 29 anställning,
548 612 26 26 ty
597 609 197 22 arbetskrafterna
817 609 10 21 i

66 644 52 22 värt
140 644 55 22 land
214 648 39 18 äro
270 648 62 17 ännu
346 644 26 22 sä
386 644 84 29 billiga
485 644 44 22 och
545 643 143 29 efterfrägan
701 644 75 28 ringa,
791 645 36 20 att

66 678 116 22 industrin
204 678 43 22 och
269 678 156 22 handtverket
447 678 49 22 kan
513 678 56 22 reda
585 678 36 29 sig
635 680 57 20 utan
707 678 29 22 de
751 685 75 21 ungas

66 712 69 29 hjelp,
158 712 77 22 derest
258 712 70 22 altför
350 714 63 20 stora
436 712 147 29 svårigheter
603 712 37 22 för
658 712 66 22 deras
740 712 87 22 anstäl-

65 746 70 22 lande
149 747 136 29 uppställas.

134 781 53 22 Med
202 781 128 29 anledning
345 781 27 22 af
384 782 39 21 det
438 781 99 22 anförda
553 781 87 22 tilläter
647 780 42 30 jag
699 781 50 29 mig
758 780 68 23 vörd-

66 817 60 19 samt
140 815 98 22 föreslå
228 811 13 37 :

272 858 30 19 att
326 855 127 22 Ständerna
476 856 51 21 ville
551 856 156 21 återremittera
725 855 102 28 förfalt-

202 891 170 28 ningsjörslaget
394 890 35 21 till
444 890 217 26 Ekonomiutskottet,
673 891 46 27 för
734 893 32 18 att
781 897 46 14 om-

202 925 85 21 arbetas
310 926 8 20 i
342 925 34 20 det
391 925 59 28 syfte
466 927 32 19 att
513 925 58 21 hvad
585 925 9 20 i
608 925 31 27 $$
653 926 15 19 8
683 925 38 21 och
737 926 14 19 9
765 924 60 21 stad-

201 966 40 21 gas
263 960 65 20 måtte
350 959 85 21 erhålla
455 959 142 28 tillämpning
613 959 65 25 äfven
693 959 37 21 vid
745 958 81 22 handt-

202 993 136 22 verkerierna
361 994 9 20 i
392 993 81 21 hvilket
490 994 49 27 fall
563 994 31 27 $$
612 995 29 20 13
655 994 39 21 och
709 995 30 20 28
754 994 71 20 såsom

202 1028 143 27 öfverflödiga
361 1027 65 22 borde
441 1029 66 26 utgå;
522 1030 56 19 samt
593 1030 32 19 att
640 1027 131 22 arbetstiden
783 1027 43 28 för

202 1069 59 22 unga
273 1069 105 20 personer
389 1061 134 28 faststäldes
536 1063 35 20 till
581 1063 28 20 14
619 1062 94 25 timmar,
723 1063 102 20 rasterna

203 1096 153 22 inberäknade.

567 1130 79 24 Mauritz
661 1130 93 29 Hallberg.

132 1180 12 22 I
160 1181 76 22 denna
251 1181 143 22 reservation
409 1180 95 23 förenar
519 1181 37 29 sig

554 1221 63 24 Marik
633 1221 122 24 Hasselblatt.

132 1272 12 21 I
165 1272 146 22 förestående
332 1273 151 27 reservation,
506 1273 26 21 sä
553 1273 52 21 vidt
627 1272 45 22 den
693 1272 68 22 berör
778 1271 47 22 den

63 1306 95 29 dagliga
180 1306 153 22 arbetstidens
355 1306 164 22 fastställande
534 1307 37 22 för
585 1314 63 22 unga
663 1313 108 23 personer
785 1305 39 22 till

65 1342 25 20 14
106 1341 99 28 timmar,
221 1344 103 19 rasterna
340 1341 49 22 deri
403 1341 166 28 inberäknade,
585 1341 81 22 förena
681 1341 36 29 sig

132 1381 54 23 AF.
204 1381 88 24 Granfelt.
362 1381 57 23 Wald.
435 1381 72 24 Wallin.
533 1377 20 37 —
563 1381 71 24 Edvard
650 1381 101 24 Molander.

130 1471 201 19 Ekonomiutskottets
345 1473 122 18 betänkande
480 1473 35 17 N:o
530 1474 27 17 14.
