1056 1725
264 168 29 22 14

293 227 141 27 Medelpriset
449 228 33 21 för
498 228 75 22 hästar
583 228 24 21 af
622 228 41 22 den
675 228 122 27 föreslagna
807 228 76 22 åldern
894 230 59 20 4—6
965 230 23 20 år

234 264 39 21 och
300 263 34 22 för
357 264 66 27 öfrigt
446 264 7 21 i
476 264 121 27 besittning
621 264 24 22 af
663 264 26 21 de
713 264 141 27 egenskaper,
871 270 46 15 som
934 266 54 25 göra

234 300 50 21 dem
300 299 51 22 fullt
366 299 103 28 lämpliga
486 300 34 21 för
538 300 181 27 kavalleritjenst,
736 301 40 20 har
792 300 104 21 Komitén
913 303 75 19 ansett

234 335 48 22 icke
298 335 74 22 kuuna
387 335 107 22 beräknas
509 336 60 27 lägre
585 338 28 19 än
629 336 46 22 500
690 336 69 21 mark.
791 336 81 21 Härvid
889 336 39 21 har
944 336 44 21 Ko-

234 371 70 21 miten
324 371 105 22 förutsatt
447 373 34 20 att
496 371 34 22 för
545 371 128 22 kavalleriet
689 372 7 21 i
712 371 121 22 allmänhet
849 371 66 22 borde
933 378 55 21 upp-

234 407 70 26 köpas
320 407 113 22 inhemska
448 407 81 28 hästar,
545 407 84 22 kvilket
644 407 7 22 i
668 407 34 22 sin
717 408 52 21 män
785 407 63 22 äfven
865 408 74 21 kunde
949 408 39 21 be-

234 442 80 27 främja
330 443 38 21 och
384 443 93 27 höjande
493 443 90 22 inverka
593 444 28 27 pä
631 443 154 22 hästkulturen
797 443 7 21 i
816 443 81 22 landet.
915 443 74 22 Under

234 478 62 21 tiden
319 478 34 21 för
375 479 139 22 kavalleriets
537 479 144 27 uppsättning
705 479 58 21 lärer
786 479 37 22 det
843 479 56 22 dock
920 478 67 22 blifva

235 513 77 27 nödigt
328 515 33 20 att
376 514 57 21 förse
449 515 122 21 detsamma
587 515 69 21 delvis
673 515 49 21 med
737 515 60 21 förut
807 515 87 21 inridna
905 515 83 26 hästar,

235 549 75 21 hvilka
328 549 7 21 i
354 551 49 25 eget
420 549 52 22 land
488 550 47 22 icke
551 551 36 20 stä
603 550 34 21 till
653 550 56 21 buds
725 550 40 21 och
783 549 58 28 förty
857 550 63 21 torde
936 550 52 21 böra

235 585 115 27 uppköpas
369 586 48 21 frän
439 586 113 26 Ryssland.
584 586 44 21 För
649 588 33 20 att
703 585 130 22 kavalleriet
847 586 37 21 vid
901 586 87 21 mobili-

236 620 75 27 sering
333 622 68 21 måtte
421 628 52 16 vara
496 623 7 20 i
526 624 72 25 någon
623 624 49 20 män
697 622 134 22 säkerstälät
854 622 135 22 beträffande

235 655 96 27 fyllande
347 657 24 21 af
385 658 49 21 dess
445 657 66 22 behof
519 658 50 21 utaf
577 658 88 21 inridna
675 658 76 21 hästar
761 657 122 22 innehäller
893 658 95 21 nämnda

236 691 82 28 förslag
341 694 33 20 att
395 694 26 20 de
440 692 140 27 fronthästar,
599 693 74 21 hvilka
692 693 72 27 tjenat
780 693 36 21 vid
836 695 153 25 regementena

236 728 35 26 sju
295 729 24 20 år
338 728 20 29 (8
380 728 28 29 6),
428 735 49 15 men
495 729 36 21 vid
553 729 24 21 af
598 728 154 28 brigadchefen
775 728 111 22 verkstäld
909 728 80 28 besigt-

235 764 55 26 ning
309 765 87 25 pröfvas
416 764 134 22 fortfarande
570 765 75 21 kunna
666 764 7 22 i
689 764 174 27 kavalleritjenst
879 764 110 22 användas

236 800 22 28 (8
275 799 24 29 9)
315 800 53 22 böra
387 800 118 22 öfverföras
524 800 34 22 till
577 800 141 22 kavalleriets
735 801 130 21 hästreserv.
897 800 43 22 För
957 802 32 20 sä-

236 836 55 21 dant
314 836 101 22 ändamål
434 836 70 22 skulle
526 836 103 22 hästarne
645 836 21 28 (8
683 836 38 28 10)
738 836 104 27 upplåtas
859 836 33 21 till
911 835 77 28 begag-

236 873 73 21 nande
324 874 24 20 ät
363 873 100 21 enskilda
477 879 109 20 personer,
603 874 60 20 emot
679 873 125 26 skyldigket
815 874 33 19 att
859 873 130 21 underhälla

238 909 49 20 dem
312 909 39 20 och
372 908 82 27 årligen
475 908 91 27 uppvisa
587 909 112 21 desamma
718 908 58 21 inför
793 914 27 15 en
837 908 5 21 i
859 908 103 22 afseende
979 910 12 19 &

237 944 115 21 hästarnes
376 944 149 27 besigtigande
548 944 82 21 tillsatt
655 944 248 22 kontrollkommission.
936 944 54 27 Den,

238 986 47 15 som
302 980 115 27 emottagit
432 980 129 27 reservhäst,
577 987 58 19 vore,
653 980 5 21 i
675 980 105 21 händelse
796 979 24 22 af
834 979 156 28 mobilisering,

237 1015 79 28 pligtig
336 1018 33 19 att
389 1018 76 25 genast
485 1016 114 21 äterställa
619 1017 42 20 den
677 1016 35 21 till
729 1017 143 26 regementet,
889 1022 49 15 men
956 1022 33 15 om

236 1051 80 22 hästen
332 1051 47 22 icke
400 1051 58 22 inom
474 1053 33 20 tre
523 1053 24 20 är
563 1051 67 27 tagits
647 1052 7 21 i
670 1051 95 27 anspräk
781 1051 35 21 för
832 1051 77 27 antydt
925 1051 65 21 ända-

237 1087 44 21 mäl
301 1089 57 19 samt
376 1087 71 21 blifvit
463 1087 34 21 väl
513 1087 81 21 värdad
611 1087 40 21 och
668 1087 47 22 icke
732 1093 77 20 genom
830 1088 162 25 emottagarens

237 1122 135 22 förvällande
395 1123 140 26 tillskyndats
558 1124 72 25 någon
652 1123 75 26 skada,
749 1122 71 21 skulle
841 1123 150 26 emottagaren

238 1159 84 21 erhälla
337 1159 76 21 hästen
429 1159 34 21 till
479 1158 40 22 full
535 1165 39 21 ego
591 1160 53 20 utan
661 1158 267 27 ersättningsskyldighet.

298 1194 33 22 De
354 1194 23 22 af
400 1194 103 22 Komiten
526 1195 6 20 i
557 1195 71 21 denna
651 1194 61 27 fråga
736 1194 97 22 anlitade
853 1194 138 26 sakkunnige

238 1230 66 22 hafva
318 1230 35 21 väl
374 1230 79 22 uttalat
471 1230 48 22 sina
535 1230 132 22 tvifvelsmäl
683 1230 113 26 angäende
815 1230 36 21 det
867 1229 125 27 föreslagna

237 1268 180 25 reservsystemet
433 1267 39 20 och
493 1266 58 21 inom
572 1266 104 21 Komiten
692 1265 65 22 hafva
773 1266 63 20 äfven
853 1267 34 19 tre
903 1264 24 22 af
941 1265 50 21 dess

238 1302 98 21 militära
351 1302 118 21 ledamöter
484 1301 85 27 atgifvit
585 1302 48 20 sina
650 1303 72 19 röster
738 1302 59 20 emot
813 1301 128 26 detsamma,
953 1307 39 14 un-

238 1338 40 21 der
302 1338 145 26 förmenande,
467 1339 33 19 att
523 1337 134 27 svärigheter
679 1337 71 21 skulle
770 1337 79 26 uppstä
869 1338 34 20 att
918 1336 74 21 kunna

238 1374 88 25 placera
349 1374 101 20 hästarne
470 1374 39 20 hos
528 1379 110 21 personer,
658 1372 75 22 hvilka
753 1372 7 21 i
780 1372 102 22 afseende
899 1373 12 19 &
929 1372 63 20 deras

239 1410 51 19 vård
309 1409 87 27 erhjäde
412 1408 127 28 erforderlig
557 1408 93 28 garanti,
665 1410 57 19 samt.
738 1409 33 19 att
786 1408 112 27 hästarne,
916 1407 5 19 i
938 1406 52 27 följd

239 1445 25 20 af
286 1445 41 22 den
351 1445 100 26 plötsliga
472 1445 144 26 öfvergängen
639 1444 48 21 frän
711 1443 82 27 kraftig
813 1443 112 26 utfodring
951 1442 39 21 och
