1056 1725
376 122 53 22 N:o
445 121 54 23 36.

337 374 65 21 Hans
423 373 150 27 Kejserliga
589 373 140 27 Majestäts
745 373 74 28 nådiga

268 409 125 26 proposition
409 408 29 21 till
456 408 94 21 Finlands
568 408 87 21 Ständer
666 408 106 27 angående
784 414 34 16 en-

266 443 66 22 skilda
347 443 109 27 jernvägar
471 443 32 21 för
519 443 74 20 allmän
610 443 131 21 samfärdsel.

131 501 101 20 Finlands
247 500 35 21 vid
298 501 84 20 senaste
397 499 104 28 landtdag
513 499 131 21 församlade
655 499 90 22 Ständer
755 499 64 22 hafva

59 535 39 21 hos
120 535 59 21 Hans
203 535 119 26 Kejserliga
344 534 99 27 Majestät
464 534 6 21 i
485 533 170 27 underdånighet
671 533 95 27 anhållit,
783 534 36 21 det

59 570 83 22 täcktes
157 570 59 21 Hans
232 569 99 27 Majestät
347 568 110 28 förelägga
473 569 120 21 Ständerna
607 569 64 27 nådig
686 570 133 26 proposition

60 604 90 22 rörande
172 604 96 21 vilkoren
291 603 33 21 för
343 603 120 27 beviljande
479 603 22 21 af
515 604 126 21 koncession
656 604 12 20 å
681 604 138 28 jernvägsan-

60 639 106 27 läggning.

132 674 64 20 Emot
218 679 29 15 nu
269 672 98 27 gällande
390 672 133 26 stadganden
540 672 7 21 i
568 674 77 24 ämnet,
662 672 71 21 hvilka
748 673 71 27 ingå
809 668 15 36 i

60 707 77 27 nådiga
160 707 147 27 förordningen
331 706 23 21 af
376 706 39 21 den
439 708 12 19 3
467 706 104 22 Februari
588 708 55 20 1876
659 706 107 27 angående
781 708 39 20 vil-

60 742 67 20 koren
142 742 34 20 för
191 741 118 27 beviljande
325 740 23 22 af
360 741 125 21 koncession
497 740 22 22 åt
529 741 97 21 enskilda
637 747 108 21 personer,
756 742 64 26 bolag

60 776 53 21 eller
129 776 131 26 menigheter
276 776 33 20 till
324 775 131 27 anläggande
471 775 24 21 af
505 775 90 27 jernväg
609 776 7 20 i
627 776 95 26 Finland,
733 776 40 21 har
784 782 35 15 an-

60 810 90 26 märkts,
166 812 32 19 att
214 810 26 21 de
256 810 44 20 deri
316 810 114 26 uppstälda
445 810 96 20 vilkoren
558 809 33 21 för
606 810 119 26 beviljande
741 810 23 21 af
777 811 43 21 till-

60 844 64 22 stånd
138 845 34 21 till
184 845 100 26 jernvägs
300 844 131 27 anläggande
448 846 37 19 äro
502 844 74 21 alltför
587 846 92 25 stränga,
691 844 23 21 så
725 846 32 20 att
768 851 52 21 upp-

60 879 100 22 komsten
174 879 24 21 af
211 879 96 21 enskilda
320 879 112 26 jernvägar
447 879 8 20 i
471 879 42 27 hög
528 879 53 27 grad
597 879 112 22 försvåras.
739 880 81 21 Härtill

60 914 103 26 kommer,
187 916 32 19 att
239 913 139 27 erforderliga
397 913 196 27 lagbestämningar
609 914 90 21 rörande
715 915 106 20 särskilda

62 947 23 22 af
98 948 67 21 sådan
178 948 98 27 jernvägs
292 947 131 27 anläggande
439 947 40 22 och
496 947 51 22 drift
559 948 171 27 uppkommande
742 949 79 26 vigtiga

61 982 203 21 rättsförhållanden
287 982 83 21 saknas.
400 982 50 21 Med
466 982 100 21 afseende
582 983 53 20 härå
649 985 24 18 är
688 989 26 15 en
729 983 92 27 lagstift-

60 1017 139 26 ningsåtgärd
222 1016 23 21 af
265 1017 101 21 behofvet
380 1017 102 26 påkallad
498 1016 33 22 för
547 1019 98 19 närmare
661 1018 160 21 bestämmande

62 1051 23 21 af
105 1051 97 21 vilkoren
224 1051 32 21 för
279 1051 83 21 enskild
381 1051 100 27 jernvägs
497 1051 132 28 anläggande
645 1052 38 21 och
699 1052 51 21 drift
766 1054 55 20 samt

61 1085 24 22 af
99 1085 69 27 öfriga
184 1085 86 22 dermed
285 1085 210 27 sammanhängande
510 1085 155 22 förhållanden.

133 1120 160 27 Förordningen
315 1120 23 21 af
352 1120 40 21 den
408 1122 12 19 3
436 1120 104 21 Februari
557 1122 54 19 1876
628 1120 55 21 afser
699 1121 74 21 endast
789 1121 33 21 så-

62 1154 56 22 dana
130 1155 119 27 jernvägar,
262 1155 12 21 å
284 1155 74 21 hvilka
368 1161 87 21 person-
467 1155 40 21 och
517 1155 168 27 godsbefordran
695 1156 126 21 verkställes

62 1189 49 21 med
134 1189 138 21 användande
292 1189 23 21 af
328 1189 106 27 ångkraft,
451 1190 40 20 och
506 1190 130 26 tillräckliga
651 1190 46 21 skäl
707 1190 115 22 förefinnas

61 1224 47 21 icke
124 1226 32 19 att
172 1224 7 21 i
194 1230 28 15 nu
237 1224 162 27 ifrågavarande
411 1224 118 27 lagförslag
539 1226 95 26 upptaga
645 1224 130 27 stadganden
787 1231 35 15 om

59 1258 115 28 jernvägar
196 1258 23 22 af
240 1260 64 20 annat
327 1259 53 26 slag.
416 1258 81 22 Likaså
520 1265 61 21 synes
597 1259 111 27 anledning
723 1266 52 14 vara
790 1260 33 20 att

61 1293 126 26 tillsvidare,
199 1292 70 22 såsom
280 1292 145 27 härförinnan,
436 1293 117 21 inskränka
564 1292 159 28 lagstiftningen
735 1294 6 20 i
753 1295 71 19 ämnet

61 1328 34 21 till
111 1327 80 21 sådana
204 1327 119 27 jernvägar,
340 1334 45 14 som
402 1329 37 19 äro
455 1327 90 21 afsedda
559 1327 33 21 för
602 1328 79 20 allmän
691 1328 134 21 samfärdsel.

134 1362 75 20 Ehuru
231 1362 132 26 anläggande
387 1361 38 22 och
449 1361 52 21 drift
517 1361 24 21 af
555 1362 83 20 enskild
650 1362 89 27 jernväg
754 1364 24 19 är
793 1364 32 19 ett

62 1395 84 27 företag
176 1396 33 21 för
240 1396 93 21 enskildt
362 1395 87 27 förvärf,
481 1398 64 24 utgör
576 1396 53 21 dock
659 1402 26 15 en
699 1396 89 27 jernväg
803 1395 24 22 af

61 1430 163 27 ifrägavarande
239 1430 149 22 beskaffenhet
403 1430 72 21 tillika
491 1437 26 14 en
532 1430 79 23 allmän
622 1430 203 22 kommunikations-
