1056 1725
472 288 111 23 Särskilda
598 288 138 27 stadganden.

288 335 19 20 1.
339 335 132 22 Underbefäl
492 336 40 21 och
553 335 106 27 manskap
679 337 38 19 äro
733 334 132 27 förpligtade
880 336 33 19 att
929 337 50 18 utur

226 370 42 21 den
290 370 7 21 i
318 372 73 20 staten
407 370 34 22 för
457 371 47 22 dem
522 373 112 25 upptagna
650 371 37 21 lön
703 370 97 21 bestrida
816 370 82 21 sådana
913 369 66 27 utgif-

225 408 35 19 ter
281 406 7 21 i
310 407 39 20 och
368 406 33 22 för
421 407 101 27 tjensten,
539 407 34 21 för
588 406 75 22 hvilka
679 406 107 21 särskilda
802 406 76 27 anslag
893 405 23 22 af
930 406 49 21 kro-

225 447 43 15 nan
286 441 48 22 icke
350 443 59 26 utgå.

286 478 20 21 2.
339 477 45 22 Lön
406 478 39 21 och
467 477 66 28 öfrigt
555 477 114 22 underhåll
686 477 69 27 enligt
771 477 71 22 denna
857 479 45 20 stat
917 477 62 21 utbe-

226 513 56 21 talas
303 513 78 21 endast
396 513 34 22 för
445 514 38 21 det
498 513 7 22 i
521 513 74 27 hvarje
611 513 54 27 grad
681 513 115 22 bestämda
812 513 83 21 antalet
911 513 68 21 öfver-

226 549 40 20 och
283 549 134 27 underbefäl,
434 549 67 21 likväl
517 549 94 21 sålunda
627 551 33 19 att
675 549 34 21 för
720 549 37 21 det
768 548 116 22 faststälda
895 549 84 21 antalet

225 584 121 27 löjtnanter
364 585 40 21 och
420 585 113 22 kornetter
548 585 65 21 lönen
629 587 53 19 utan
699 584 110 22 åtskilnad
827 586 63 25 utgår
906 584 33 22 för
955 586 24 20 så

225 621 81 25 många
321 621 23 21 af
359 622 56 26 dem,
431 628 46 14 som
494 621 7 21 i
517 621 150 27 verkligheten
684 620 117 22 innehafva
817 621 63 21 dessa
894 622 84 26 grader.

225 656 55 22 Sker
302 656 6 21 i
330 656 66 28 öfrigt
418 657 114 21 befordran
555 656 34 22 till
610 657 67 27 högre
699 657 63 27 grad,
779 658 52 20 utan
848 658 33 20 att
896 657 82 21 vakans

224 691 78 28 finnes,
324 692 56 22 skall
401 693 41 21 den
464 692 129 22 befordrade
612 692 135 22 fortfarande
764 693 85 26 åtnöjas
866 693 49 21 med
931 692 48 22 sina

224 726 62 22 förut
301 727 117 23 innehafda
433 728 160 22 löneförmåner
609 728 58 22 intill
684 728 50 22 dess
748 728 81 21 vakans
841 728 7 21 i
860 728 41 22 den
912 728 67 27 högre

225 763 83 26 graden
324 770 74 20 yppas.

287 800 19 20 3.
339 799 40 21 Om
401 798 110 22 officerare
531 799 190 21 afkommenderas
743 799 34 21 till
796 799 183 22 militärakademi

226 834 33 22 för
281 835 95 21 studiers
395 834 94 22 idkande
505 835 54 21 eller
575 834 34 22 till
625 834 251 27 undervisningsanstalt
891 834 33 22 för
941 835 38 21 ka-

225 870 196 28 valleriofficerare,
441 871 39 21 och
497 871 35 21 vid
548 877 84 15 samma
648 873 65 24 trupp
729 870 71 22 finnas
817 870 110 22 officerare
945 873 34 18 ut-

225 906 61 21 öfver
305 908 51 25 stat,
373 908 64 25 utgår
453 907 33 20 till
502 905 155 23 motsvärande
673 906 61 22 antal
751 906 23 21 af
789 907 63 21 desse
868 907 68 21 under
953 907 26 20 ti-

225 942 42 21 den
292 942 36 21 lön
352 943 40 21 och
416 942 112 22 underhåll
549 943 34 20 för
604 942 73 22 officer
700 943 6 20 i
728 943 161 26 kornettsgrad,
911 942 68 27 enligt

225 978 27 21 de
275 978 6 21 i
303 978 79 27 nådiga
401 978 144 27 kungörelsen
567 978 24 21 af
611 979 41 20 den
673 978 30 21 24
724 978 61 27 April
806 978 58 21 1884
880 980 98 19 närmare

225 1013 90 27 angifna
332 1014 101 27 grunder.

285 1050 21 21 4.
339 1049 115 22 Officerare
478 1050 39 21 och
542 1049 127 22 underbefäl
691 1052 38 19 äro
751 1049 98 27 skyldige
870 1051 34 20 att
925 1051 52 20 utan

225 1085 58 21 skild
304 1085 123 27 ersättning
447 1087 52 25 göra
517 1085 68 27 tjenst
601 1085 7 21 i
624 1085 67 26 högre
708 1085 124 27 befattning
847 1085 54 22 eller
916 1086 61 26 grad,

224 1123 28 18 än
275 1121 41 21 den
339 1121 27 22 de
387 1121 122 26 innehafva;
529 1127 50 16 men
595 1121 83 22 vikarie
703 1121 6 21 i
730 1122 71 26 nägon
817 1121 24 21 af
855 1121 27 21 de
897 1121 80 21 befatt-

224 1157 86 27 ningar,
332 1157 33 21 för
385 1157 74 21 hvilka
479 1157 279 27 tjenstgöringspenningar
779 1156 69 22 finnas
867 1156 110 28 anslagna,

224 1199 53 21 eger
298 1193 98 27 uppbära
417 1194 69 26 dessa,
508 1199 34 15 om
564 1193 151 27 befattningen
737 1193 23 21 af
774 1193 78 21 honom
869 1192 108 22 bestrides

224 1228 88 22 utöfver
328 1235 26 15 en
371 1229 84 21 mänad.

285 1264 43 21 Vid
344 1264 165 27 tjenstledighet
524 1264 87 22 utöfver
626 1266 37 20 tvä
678 1264 105 22 mänader
798 1264 33 21 för
845 1264 132 26 militärper-

224 1306 73 22 soner,
314 1300 74 21 hvilka
404 1300 46 22 icke
467 1300 153 27 obligatoriskt
635 1300 94 27 fullgöra
746 1300 33 21 sin
796 1299 127 27 värnepligt,
940 1306 37 14 an-

224 1336 100 22 kommer
340 1337 12 20 å
368 1336 93 22 Senaten
477 1338 39 25 att,
533 1337 28 25 pä
577 1336 57 21 skild
651 1336 163 26 framställning
830 1335 6 21 i
847 1335 74 26 hvarje
933 1334 44 27 fall,

224 1372 124 21 bestämma
368 1371 106 22 huruvida
495 1373 71 25 nägon
588 1372 34 20 del
639 1372 23 21 af
677 1371 70 27 öfriga
763 1370 214 28 aflöningsförmäner

224 1408 36 20 mä
286 1407 24 22 af
328 1407 127 27 tjenstledig
475 1407 34 21 för
530 1408 41 20 den
593 1407 180 26 öfverskjutande
792 1406 60 22 tiden
873 1406 104 27 ätnjutas.

227 1443 39 21 Vid
283 1443 165 27 tjenstiedighet
463 1443 34 22 för
512 1443 64 22 civile
592 1443 133 27 tjensiemän
743 1443 34 22 viä
793 1442 129 23 kavalleriet
933 1441 43 22 för-
