<?xml version="1.0" encoding="UTF-8"?>
<alto xmlns="http://www.loc.gov/standards/alto/ns-v3#" xmlns:xlink="http://www.w3.org/1999/xlink" xmlns:xsi="http://www.w3.org/2001/XMLSchema-instance" xsi:schemaLocation="http://www.loc.gov/standards/alto/ns-v3# http://www.loc.gov/alto/v3/alto-3-0.xsd">
	<Description>
		<MeasurementUnit>pixel</MeasurementUnit>
		<sourceImageInformation>
			<fileName>/tmp/tess_81fusbqy_input.PNG</fileName>
		</sourceImageInformation>
		<OCRProcessing ID="OCR_0">
			<ocrProcessingStep>
				<processingSoftware>
					<softwareName>tesseract 5.3.4</softwareName>
				</processingSoftware>
			</ocrProcessingStep>
		</OCRProcessing>
	</Description>
	<Layout>
		<Page WIDTH="1056" HEIGHT="1725" PHYSICAL_IMG_NR="0" ID="page_0">
			<PrintSpace HPOS="0" VPOS="0" WIDTH="1056" HEIGHT="1725">
				<ComposedBlock ID="cblock_0" HPOS="762" VPOS="172" WIDTH="26" HEIGHT="20">
					<TextBlock ID="block_0" HPOS="762" VPOS="172" WIDTH="26" HEIGHT="20">
						<TextLine ID="line_0" HPOS="762" VPOS="172" WIDTH="26" HEIGHT="20">
							<String ID="string_0" HPOS="762" VPOS="172" WIDTH="26" HEIGHT="20" WC="0.96" CONTENT="11"/>
						</TextLine>
					</TextBlock>
				</ComposedBlock>
				<ComposedBlock ID="cblock_1" HPOS="67" VPOS="229" WIDTH="756" HEIGHT="1244">
					<TextBlock ID="block_1" HPOS="67" VPOS="229" WIDTH="752" HEIGHT="136">
						<TextLine ID="line_1" HPOS="68" VPOS="229" WIDTH="751" HEIGHT="27">
							<String ID="string_1" HPOS="68" VPOS="236" WIDTH="45" HEIGHT="14" WC="0.96" CONTENT="som"/><SP WIDTH="24" VPOS="236" HPOS="113"/>
							<String ID="string_2" HPOS="137" VPOS="235" WIDTH="78" HEIGHT="21" WC="0.96" CONTENT="genom"/><SP WIDTH="24" VPOS="235" HPOS="215"/>
							<String ID="string_3" HPOS="239" VPOS="229" WIDTH="41" HEIGHT="21" WC="0.93" CONTENT="den"/><SP WIDTH="20" VPOS="229" HPOS="280"/>
							<String ID="string_4" HPOS="300" VPOS="229" WIDTH="157" HEIGHT="27" WC="0.90" CONTENT="insigtsfullare"/><SP WIDTH="19" VPOS="229" HPOS="457"/>
							<String ID="string_5" HPOS="476" VPOS="230" WIDTH="133" HEIGHT="22" WC="0.96" CONTENT="omvårdnad"/><SP WIDTH="19" VPOS="230" HPOS="609"/>
							<String ID="string_6" HPOS="628" VPOS="230" WIDTH="43" HEIGHT="22" WC="0.96" CONTENT="han"/><SP WIDTH="16" VPOS="230" HPOS="671"/>
							<String ID="string_7" HPOS="687" VPOS="230" WIDTH="90" HEIGHT="22" WC="0.96" CONTENT="framför"/><SP WIDTH="15" VPOS="230" HPOS="777"/>
							<String ID="string_8" HPOS="792" VPOS="236" WIDTH="27" HEIGHT="16" WC="0.96" CONTENT="en"/>
						</TextLine>
						<TextLine ID="line_2" HPOS="67" VPOS="264" WIDTH="752" HEIGHT="29">
							<String ID="string_9" HPOS="67" VPOS="267" WIDTH="6" HEIGHT="19" WC="0.96" CONTENT="i"/><SP WIDTH="17" VPOS="267" HPOS="73"/>
							<String ID="string_10" HPOS="90" VPOS="265" WIDTH="64" HEIGHT="27" WC="0.96" CONTENT="yrket"/><SP WIDTH="16" VPOS="265" HPOS="154"/>
							<String ID="string_11" HPOS="170" VPOS="265" WIDTH="87" HEIGHT="21" WC="0.93" CONTENT="mindre"/><SP WIDTH="16" VPOS="265" HPOS="257"/>
							<String ID="string_12" HPOS="273" VPOS="264" WIDTH="95" HEIGHT="23" WC="0.92" CONTENT="förfaren"/><SP WIDTH="16" VPOS="264" HPOS="368"/>
							<String ID="string_13" HPOS="384" VPOS="272" WIDTH="50" HEIGHT="15" WC="0.95" CONTENT="vore"/><SP WIDTH="17" VPOS="272" HPOS="434"/>
							<String ID="string_14" HPOS="451" VPOS="266" WIDTH="7" HEIGHT="20" WC="0.96" CONTENT="i"/><SP WIDTH="16" VPOS="266" HPOS="458"/>
							<String ID="string_15" HPOS="474" VPOS="266" WIDTH="64" HEIGHT="21" WC="0.96" CONTENT="stånd"/><SP WIDTH="16" VPOS="266" HPOS="538"/>
							<String ID="string_16" HPOS="554" VPOS="268" WIDTH="33" HEIGHT="19" WC="0.96" CONTENT="att"/><SP WIDTH="16" VPOS="268" HPOS="587"/>
							<String ID="string_17" HPOS="603" VPOS="272" WIDTH="56" HEIGHT="21" WC="0.96" CONTENT="egna"/><SP WIDTH="15" VPOS="272" HPOS="659"/>
							<String ID="string_18" HPOS="674" VPOS="266" WIDTH="42" HEIGHT="22" WC="0.96" CONTENT="den"/><SP WIDTH="12" VPOS="266" HPOS="716"/>
							<String ID="string_19" HPOS="728" VPOS="266" WIDTH="91" HEIGHT="27" WC="0.96" CONTENT="dyrbara"/>
						</TextLine>
						<TextLine ID="line_3" HPOS="68" VPOS="301" WIDTH="751" HEIGHT="28">
							<String ID="string_20" HPOS="68" VPOS="302" WIDTH="105" HEIGHT="26" WC="0.96" CONTENT="egendom"/><SP WIDTH="16" VPOS="302" HPOS="173"/>
							<String ID="string_21" HPOS="189" VPOS="303" WIDTH="146" HEIGHT="25" WC="0.96" CONTENT="regementets"/><SP WIDTH="19" VPOS="303" HPOS="335"/>
							<String ID="string_22" HPOS="354" VPOS="301" WIDTH="76" HEIGHT="22" WC="0.96" CONTENT="hästar"/><SP WIDTH="15" VPOS="301" HPOS="430"/>
							<String ID="string_23" HPOS="445" VPOS="303" WIDTH="152" HEIGHT="25" WC="0.96" CONTENT="representera"/><SP WIDTH="15" VPOS="303" HPOS="597"/>
							<String ID="string_24" HPOS="612" VPOS="302" WIDTH="73" HEIGHT="21" WC="0.93" CONTENT="kunde"/><SP WIDTH="16" VPOS="302" HPOS="685"/>
							<String ID="string_25" HPOS="701" VPOS="302" WIDTH="118" HEIGHT="27" WC="0.91" CONTENT="tillskynda"/>
						</TextLine>
						<TextLine ID="line_4" HPOS="68" VPOS="337" WIDTH="445" HEIGHT="28">
							<String ID="string_26" HPOS="68" VPOS="339" WIDTH="72" HEIGHT="20" WC="0.96" CONTENT="staten"/><SP WIDTH="17" VPOS="339" HPOS="140"/>
							<String ID="string_27" HPOS="157" VPOS="344" WIDTH="27" HEIGHT="15" WC="0.96" CONTENT="en"/><SP WIDTH="16" VPOS="344" HPOS="184"/>
							<String ID="string_28" HPOS="200" VPOS="337" WIDTH="48" HEIGHT="22" WC="0.96" CONTENT="icke"/><SP WIDTH="17" VPOS="337" HPOS="248"/>
							<String ID="string_29" HPOS="265" VPOS="337" WIDTH="110" HEIGHT="28" WC="0.96" CONTENT="obetydlig"/><SP WIDTH="15" VPOS="337" HPOS="375"/>
							<String ID="string_30" HPOS="390" VPOS="337" WIDTH="123" HEIGHT="27" WC="0.96" CONTENT="besparing."/>
						</TextLine>
					</TextBlock>
					<TextBlock ID="block_2" HPOS="68" VPOS="373" WIDTH="752" HEIGHT="313">
						<TextLine ID="line_5" HPOS="128" VPOS="373" WIDTH="691" HEIGHT="27">
							<String ID="string_31" HPOS="128" VPOS="374" WIDTH="59" HEIGHT="21" WC="0.95" CONTENT="Från"/><SP WIDTH="26" VPOS="374" HPOS="187"/>
							<String ID="string_32" HPOS="213" VPOS="373" WIDTH="163" HEIGHT="27" WC="0.95" CONTENT="ifrågavarande"/><SP WIDTH="23" VPOS="373" HPOS="376"/>
							<String ID="string_33" HPOS="399" VPOS="373" WIDTH="82" HEIGHT="27" WC="0.96" CONTENT="förslag"/><SP WIDTH="20" VPOS="373" HPOS="481"/>
							<String ID="string_34" HPOS="501" VPOS="373" WIDTH="34" HEIGHT="21" WC="0.96" CONTENT="till"/><SP WIDTH="16" VPOS="373" HPOS="535"/>
							<String ID="string_35" HPOS="551" VPOS="375" WIDTH="45" HEIGHT="20" WC="0.95" CONTENT="stat"/><SP WIDTH="16" VPOS="375" HPOS="596"/>
							<String ID="string_36" HPOS="612" VPOS="374" WIDTH="39" HEIGHT="21" WC="0.92" CONTENT="har"/><SP WIDTH="15" VPOS="374" HPOS="651"/>
							<String ID="string_37" HPOS="666" VPOS="373" WIDTH="103" HEIGHT="22" WC="0.92" CONTENT="Komitén"/><SP WIDTH="16" VPOS="373" HPOS="769"/>
							<String ID="string_38" HPOS="785" VPOS="373" WIDTH="34" HEIGHT="22" WC="0.96" CONTENT="för"/>
						</TextLine>
						<TextLine ID="line_6" HPOS="68" VPOS="409" WIDTH="751" HEIGHT="27">
							<String ID="string_39" HPOS="68" VPOS="409" WIDTH="95" HEIGHT="27" WC="0.95" CONTENT="krigstid"/><SP WIDTH="23" VPOS="409" HPOS="163"/>
							<String ID="string_40" HPOS="186" VPOS="409" WIDTH="102" HEIGHT="21" WC="0.95" CONTENT="uteslutit"/><SP WIDTH="20" VPOS="409" HPOS="288"/>
							<String ID="string_41" HPOS="308" VPOS="409" WIDTH="143" HEIGHT="27" WC="0.96" CONTENT="predikanten"/><SP WIDTH="17" VPOS="409" HPOS="451"/>
							<String ID="string_42" HPOS="468" VPOS="409" WIDTH="23" HEIGHT="21" WC="0.96" CONTENT="af"/><SP WIDTH="14" VPOS="409" HPOS="491"/>
							<String ID="string_43" HPOS="505" VPOS="409" WIDTH="66" HEIGHT="22" WC="0.96" CONTENT="orsak"/><SP WIDTH="15" VPOS="409" HPOS="571"/>
							<String ID="string_44" HPOS="586" VPOS="411" WIDTH="34" HEIGHT="20" WC="0.96" CONTENT="att"/><SP WIDTH="15" VPOS="411" HPOS="620"/>
							<String ID="string_45" HPOS="635" VPOS="409" WIDTH="128" HEIGHT="22" WC="0.93" CONTENT="kavalleriet"/><SP WIDTH="15" VPOS="409" HPOS="763"/>
							<String ID="string_46" HPOS="778" VPOS="416" WIDTH="41" HEIGHT="14" WC="0.89" CONTENT="un-"/>
						</TextLine>
						<TextLine ID="line_7" HPOS="70" VPOS="444" WIDTH="749" HEIGHT="28">
							<String ID="string_47" HPOS="70" VPOS="445" WIDTH="38" HEIGHT="22" WC="0.96" CONTENT="der"/><SP WIDTH="16" VPOS="445" HPOS="108"/>
							<String ID="string_48" HPOS="124" VPOS="444" WIDTH="50" HEIGHT="27" WC="0.96" CONTENT="krig"/><SP WIDTH="15" VPOS="444" HPOS="174"/>
							<String ID="string_49" HPOS="189" VPOS="444" WIDTH="123" HEIGHT="27" WC="0.96" CONTENT="säkerligen"/><SP WIDTH="16" VPOS="444" HPOS="312"/>
							<String ID="string_50" HPOS="328" VPOS="445" WIDTH="86" HEIGHT="21" WC="0.96" CONTENT="komme"/><SP WIDTH="16" VPOS="445" HPOS="414"/>
							<String ID="string_51" HPOS="430" VPOS="446" WIDTH="33" HEIGHT="20" WC="0.96" CONTENT="att"/><SP WIDTH="16" VPOS="446" HPOS="463"/>
							<String ID="string_52" HPOS="479" VPOS="451" WIDTH="52" HEIGHT="15" WC="0.92" CONTENT="vara"/><SP WIDTH="16" VPOS="451" HPOS="531"/>
							<String ID="string_53" HPOS="547" VPOS="445" WIDTH="71" HEIGHT="26" WC="0.92" CONTENT="spridt"/><SP WIDTH="12" VPOS="445" HPOS="618"/>
							<String ID="string_54" HPOS="630" VPOS="446" WIDTH="28" HEIGHT="26" WC="0.96" CONTENT="på"/><SP WIDTH="10" VPOS="446" HPOS="658"/>
							<String ID="string_55" HPOS="668" VPOS="445" WIDTH="73" HEIGHT="26" WC="0.93" CONTENT="längre"/><SP WIDTH="12" VPOS="445" HPOS="741"/>
							<String ID="string_56" HPOS="753" VPOS="446" WIDTH="66" HEIGHT="21" WC="0.92" CONTENT="sträc-"/>
						</TextLine>
						<TextLine ID="line_8" HPOS="69" VPOS="480" WIDTH="750" HEIGHT="27">
							<String ID="string_57" HPOS="69" VPOS="481" WIDTH="40" HEIGHT="20" WC="0.96" CONTENT="kor"/><SP WIDTH="21" VPOS="481" HPOS="109"/>
							<String ID="string_58" HPOS="130" VPOS="480" WIDTH="62" HEIGHT="27" WC="0.96" CONTENT="längs"/><SP WIDTH="24" VPOS="480" HPOS="192"/>
							<String ID="string_59" HPOS="216" VPOS="480" WIDTH="86" HEIGHT="21" WC="0.96" CONTENT="landets"/><SP WIDTH="19" VPOS="480" HPOS="302"/>
							<String ID="string_60" HPOS="321" VPOS="480" WIDTH="76" HEIGHT="22" WC="0.96" CONTENT="kuster"/><SP WIDTH="19" VPOS="480" HPOS="397"/>
							<String ID="string_61" HPOS="416" VPOS="481" WIDTH="39" HEIGHT="20" WC="0.96" CONTENT="och"/><SP WIDTH="16" VPOS="481" HPOS="455"/>
							<String ID="string_62" HPOS="471" VPOS="480" WIDTH="144" HEIGHT="27" WC="0.96" CONTENT="predikanten"/><SP WIDTH="17" VPOS="480" HPOS="615"/>
							<String ID="string_63" HPOS="632" VPOS="481" WIDTH="35" HEIGHT="21" WC="0.96" CONTENT="vid"/><SP WIDTH="16" VPOS="481" HPOS="667"/>
							<String ID="string_64" HPOS="683" VPOS="481" WIDTH="78" HEIGHT="21" WC="0.93" CONTENT="sådant"/><SP WIDTH="15" VPOS="481" HPOS="761"/>
							<String ID="string_65" HPOS="776" VPOS="481" WIDTH="43" HEIGHT="21" WC="0.93" CONTENT="för-"/>
						</TextLine>
						<TextLine ID="line_9" HPOS="70" VPOS="516" WIDTH="749" HEIGHT="27">
							<String ID="string_66" HPOS="70" VPOS="516" WIDTH="102" HEIGHT="21" WC="0.96" CONTENT="hållande"/><SP WIDTH="16" VPOS="516" HPOS="172"/>
							<String ID="string_67" HPOS="188" VPOS="516" WIDTH="74" HEIGHT="21" WC="0.93" CONTENT="kunde"/><SP WIDTH="16" VPOS="516" HPOS="262"/>
							<String ID="string_68" HPOS="278" VPOS="516" WIDTH="86" HEIGHT="27" WC="0.91" CONTENT="betjena"/><SP WIDTH="18" VPOS="516" HPOS="364"/>
							<String ID="string_69" HPOS="382" VPOS="516" WIDTH="77" HEIGHT="21" WC="0.96" CONTENT="endast"/><SP WIDTH="16" VPOS="516" HPOS="459"/>
							<String ID="string_70" HPOS="475" VPOS="523" WIDTH="26" HEIGHT="14" WC="0.96" CONTENT="en"/><SP WIDTH="16" VPOS="523" HPOS="501"/>
							<String ID="string_71" HPOS="517" VPOS="516" WIDTH="63" HEIGHT="27" WC="0.95" CONTENT="ringa"/><SP WIDTH="16" VPOS="516" HPOS="580"/>
							<String ID="string_72" HPOS="596" VPOS="516" WIDTH="35" HEIGHT="21" WC="0.95" CONTENT="del"/><SP WIDTH="16" VPOS="516" HPOS="631"/>
							<String ID="string_73" HPOS="647" VPOS="516" WIDTH="23" HEIGHT="21" WC="0.95" CONTENT="af"/><SP WIDTH="9" VPOS="516" HPOS="670"/>
							<String ID="string_74" HPOS="679" VPOS="519" WIDTH="140" HEIGHT="24" WC="0.96" CONTENT="regementet."/>
						</TextLine>
						<TextLine ID="line_10" HPOS="70" VPOS="551" WIDTH="750" HEIGHT="29">
							<String ID="string_75" HPOS="70" VPOS="552" WIDTH="103" HEIGHT="21" WC="0.92" CONTENT="Komitén"/><SP WIDTH="22" VPOS="552" HPOS="173"/>
							<String ID="string_76" HPOS="195" VPOS="552" WIDTH="40" HEIGHT="21" WC="0.93" CONTENT="har"/><SP WIDTH="19" VPOS="552" HPOS="235"/>
							<String ID="string_77" HPOS="254" VPOS="551" WIDTH="86" HEIGHT="22" WC="0.92" CONTENT="derföre"/><SP WIDTH="19" VPOS="551" HPOS="340"/>
							<String ID="string_78" HPOS="359" VPOS="553" WIDTH="54" HEIGHT="20" WC="0.96" CONTENT="trott"/><SP WIDTH="16" VPOS="553" HPOS="413"/>
							<String ID="string_79" HPOS="429" VPOS="553" WIDTH="34" HEIGHT="20" WC="0.96" CONTENT="att"/><SP WIDTH="16" VPOS="553" HPOS="463"/>
							<String ID="string_80" HPOS="479" VPOS="552" WIDTH="26" HEIGHT="21" WC="0.96" CONTENT="de"/><SP WIDTH="15" VPOS="552" HPOS="505"/>
							<String ID="string_81" HPOS="520" VPOS="552" WIDTH="101" HEIGHT="27" WC="0.93" CONTENT="kyrkliga"/><SP WIDTH="15" VPOS="552" HPOS="621"/>
							<String ID="string_82" HPOS="636" VPOS="552" WIDTH="184" HEIGHT="28" WC="0.91" CONTENT="förrättningarna"/>
						</TextLine>
						<TextLine ID="line_11" HPOS="71" VPOS="587" WIDTH="748" HEIGHT="28">
							<String ID="string_83" HPOS="71" VPOS="588" WIDTH="69" HEIGHT="21" WC="0.95" CONTENT="under"/><SP WIDTH="16" VPOS="588" HPOS="140"/>
							<String ID="string_84" HPOS="156" VPOS="587" WIDTH="93" HEIGHT="27" WC="0.95" CONTENT="krigstid"/><SP WIDTH="17" VPOS="587" HPOS="249"/>
							<String ID="string_85" HPOS="266" VPOS="588" WIDTH="125" HEIGHT="27" WC="0.96" CONTENT="lämpligast"/><SP WIDTH="20" VPOS="588" HPOS="391"/>
							<String ID="string_86" HPOS="411" VPOS="588" WIDTH="73" HEIGHT="21" WC="0.93" CONTENT="kunde"/><SP WIDTH="17" VPOS="588" HPOS="484"/>
							<String ID="string_87" HPOS="501" VPOS="588" WIDTH="133" HEIGHT="27" WC="0.91" CONTENT="ombesörjas"/><SP WIDTH="16" VPOS="588" HPOS="634"/>
							<String ID="string_88" HPOS="650" VPOS="588" WIDTH="23" HEIGHT="21" WC="0.92" CONTENT="af"/><SP WIDTH="14" VPOS="588" HPOS="673"/>
							<String ID="string_89" HPOS="687" VPOS="589" WIDTH="132" HEIGHT="26" WC="0.92" CONTENT="presterska-"/>
						</TextLine>
						<TextLine ID="line_12" HPOS="68" VPOS="623" WIDTH="752" HEIGHT="27">
							<String ID="string_90" HPOS="68" VPOS="625" WIDTH="37" HEIGHT="25" WC="0.93" CONTENT="pet"/><SP WIDTH="21" VPOS="625" HPOS="105"/>
							<String ID="string_91" HPOS="126" VPOS="624" WIDTH="13" HEIGHT="21" WC="0.91" CONTENT="å"/><SP WIDTH="21" VPOS="624" HPOS="139"/>
							<String ID="string_92" HPOS="160" VPOS="624" WIDTH="26" HEIGHT="21" WC="0.96" CONTENT="de"/><SP WIDTH="22" VPOS="624" HPOS="186"/>
							<String ID="string_93" HPOS="208" VPOS="625" WIDTH="64" HEIGHT="24" WC="0.96" CONTENT="orter,"/><SP WIDTH="18" VPOS="625" HPOS="272"/>
							<String ID="string_94" HPOS="290" VPOS="624" WIDTH="38" HEIGHT="21" WC="0.97" CONTENT="der"/><SP WIDTH="19" VPOS="624" HPOS="328"/>
							<String ID="string_95" HPOS="347" VPOS="630" WIDTH="26" HEIGHT="15" WC="0.93" CONTENT="en"/><SP WIDTH="16" VPOS="630" HPOS="373"/>
							<String ID="string_96" HPOS="389" VPOS="623" WIDTH="112" HEIGHT="27" WC="0.92" CONTENT="afdelning"/><SP WIDTH="15" VPOS="623" HPOS="501"/>
							<String ID="string_97" HPOS="516" VPOS="623" WIDTH="24" HEIGHT="22" WC="0.96" CONTENT="af"/><SP WIDTH="13" VPOS="623" HPOS="540"/>
							<String ID="string_98" HPOS="553" VPOS="624" WIDTH="128" HEIGHT="22" WC="0.96" CONTENT="kavalleriet"/><SP WIDTH="16" VPOS="624" HPOS="681"/>
							<String ID="string_99" HPOS="697" VPOS="624" WIDTH="32" HEIGHT="21" WC="0.93" CONTENT="för"/><SP WIDTH="16" VPOS="624" HPOS="729"/>
							<String ID="string_100" HPOS="745" VPOS="624" WIDTH="75" HEIGHT="22" WC="0.92" CONTENT="tillfäl-"/>
						</TextLine>
						<TextLine ID="line_13" HPOS="68" VPOS="659" WIDTH="196" HEIGHT="27">
							<String ID="string_101" HPOS="68" VPOS="659" WIDTH="30" HEIGHT="21" WC="0.93" CONTENT="let"/><SP WIDTH="16" VPOS="659" HPOS="98"/>
							<String ID="string_102" HPOS="114" VPOS="659" WIDTH="94" HEIGHT="22" WC="0.91" CONTENT="befunne"/><SP WIDTH="17" VPOS="659" HPOS="208"/>
							<String ID="string_103" HPOS="225" VPOS="659" WIDTH="39" HEIGHT="27" WC="0.96" CONTENT="sig."/>
						</TextLine>
					</TextBlock>
					<TextBlock ID="block_3" HPOS="70" VPOS="695" WIDTH="753" HEIGHT="278">
						<TextLine ID="line_14" HPOS="131" VPOS="695" WIDTH="688" HEIGHT="27">
							<String ID="string_104" HPOS="131" VPOS="695" WIDTH="95" HEIGHT="21" WC="0.96" CONTENT="Emedan"/><SP WIDTH="26" VPOS="695" HPOS="226"/>
							<String ID="string_105" HPOS="252" VPOS="695" WIDTH="36" HEIGHT="21" WC="0.96" CONTENT="vid"/><SP WIDTH="24" VPOS="695" HPOS="288"/>
							<String ID="string_106" HPOS="312" VPOS="695" WIDTH="149" HEIGHT="27" WC="0.96" CONTENT="mobilisering"/><SP WIDTH="20" VPOS="695" HPOS="461"/>
							<String ID="string_107" HPOS="481" VPOS="695" WIDTH="24" HEIGHT="21" WC="0.96" CONTENT="af"/><SP WIDTH="16" VPOS="695" HPOS="505"/>
							<String ID="string_108" HPOS="521" VPOS="695" WIDTH="128" HEIGHT="22" WC="0.95" CONTENT="kavalleriet"/><SP WIDTH="19" VPOS="695" HPOS="649"/>
							<String ID="string_109" HPOS="668" VPOS="695" WIDTH="43" HEIGHT="21" WC="0.96" CONTENT="alla"/><SP WIDTH="15" VPOS="695" HPOS="711"/>
							<String ID="string_110" HPOS="726" VPOS="695" WIDTH="93" HEIGHT="27" WC="0.96" CONTENT="tidigare"/>
						</TextLine>
						<TextLine ID="line_15" HPOS="71" VPOS="730" WIDTH="748" HEIGHT="28">
							<String ID="string_111" HPOS="71" VPOS="731" WIDTH="93" HEIGHT="27" WC="0.90" CONTENT="inridna,"/><SP WIDTH="21" VPOS="731" HPOS="164"/>
							<String ID="string_112" HPOS="185" VPOS="733" WIDTH="58" HEIGHT="19" WC="0.95" CONTENT="ännu"/><SP WIDTH="24" VPOS="733" HPOS="243"/>
							<String ID="string_113" HPOS="267" VPOS="730" WIDTH="50" HEIGHT="22" WC="0.95" CONTENT="fullt"/><SP WIDTH="23" VPOS="730" HPOS="317"/>
							<String ID="string_114" HPOS="340" VPOS="730" WIDTH="139" HEIGHT="22" WC="0.96" CONTENT="användbara"/><SP WIDTH="19" VPOS="730" HPOS="479"/>
							<String ID="string_115" HPOS="498" VPOS="732" WIDTH="76" HEIGHT="20" WC="0.96" CONTENT="hästar"/><SP WIDTH="18" VPOS="732" HPOS="574"/>
							<String ID="string_116" HPOS="592" VPOS="732" WIDTH="70" HEIGHT="20" WC="0.96" CONTENT="måste"/><SP WIDTH="19" VPOS="732" HPOS="662"/>
							<String ID="string_117" HPOS="681" VPOS="733" WIDTH="62" HEIGHT="24" WC="0.96" CONTENT="tagas"/><SP WIDTH="17" VPOS="733" HPOS="743"/>
							<String ID="string_118" HPOS="760" VPOS="731" WIDTH="7" HEIGHT="21" WC="0.93" CONTENT="i"/><SP WIDTH="16" VPOS="731" HPOS="767"/>
							<String ID="string_119" HPOS="783" VPOS="737" WIDTH="36" HEIGHT="15" WC="0.89" CONTENT="an-"/>
						</TextLine>
						<TextLine ID="line_16" HPOS="70" VPOS="766" WIDTH="750" HEIGHT="28">
							<String ID="string_120" HPOS="70" VPOS="767" WIDTH="64" HEIGHT="26" WC="0.96" CONTENT="språk"/><SP WIDTH="22" VPOS="767" HPOS="134"/>
							<String ID="string_121" HPOS="156" VPOS="766" WIDTH="33" HEIGHT="22" WC="0.93" CONTENT="för"/><SP WIDTH="19" VPOS="766" HPOS="189"/>
							<String ID="string_122" HPOS="208" VPOS="768" WIDTH="164" HEIGHT="25" WC="0.92" CONTENT="regementenas"/><SP WIDTH="16" VPOS="768" HPOS="372"/>
							<String ID="string_123" HPOS="388" VPOS="766" WIDTH="110" HEIGHT="28" WC="0.92" CONTENT="egentliga"/><SP WIDTH="15" VPOS="766" HPOS="498"/>
							<String ID="string_124" HPOS="513" VPOS="766" WIDTH="168" HEIGHT="28" WC="0.88" CONTENT="frontpersonal,"/><SP WIDTH="16" VPOS="766" HPOS="681"/>
							<String ID="string_125" HPOS="697" VPOS="766" WIDTH="39" HEIGHT="22" WC="0.93" CONTENT="har"/><SP WIDTH="15" VPOS="766" HPOS="736"/>
							<String ID="string_126" HPOS="751" VPOS="766" WIDTH="69" HEIGHT="21" WC="0.92" CONTENT="komi-"/>
						</TextLine>
						<TextLine ID="line_17" HPOS="71" VPOS="802" WIDTH="750" HEIGHT="27">
							<String ID="string_127" HPOS="71" VPOS="802" WIDTH="37" HEIGHT="21" WC="0.72" CONTENT="tön"/><SP WIDTH="20" VPOS="802" HPOS="108"/>
							<String ID="string_128" HPOS="128" VPOS="804" WIDTH="74" HEIGHT="20" WC="0.96" CONTENT="ansett"/><SP WIDTH="20" VPOS="804" HPOS="202"/>
							<String ID="string_129" HPOS="222" VPOS="804" WIDTH="34" HEIGHT="20" WC="0.96" CONTENT="att"/><SP WIDTH="16" VPOS="804" HPOS="256"/>
							<String ID="string_130" HPOS="272" VPOS="802" WIDTH="35" HEIGHT="22" WC="0.96" CONTENT="vid"/><SP WIDTH="21" VPOS="802" HPOS="307"/>
							<String ID="string_131" HPOS="328" VPOS="802" WIDTH="139" HEIGHT="22" WC="0.96" CONTENT="kavalleriets"/><SP WIDTH="20" VPOS="802" HPOS="467"/>
							<String ID="string_132" HPOS="487" VPOS="802" WIDTH="108" HEIGHT="22" WC="0.95" CONTENT="ställande"/><SP WIDTH="16" VPOS="802" HPOS="595"/>
							<String ID="string_133" HPOS="611" VPOS="803" WIDTH="29" HEIGHT="26" WC="0.93" CONTENT="på"/><SP WIDTH="15" VPOS="803" HPOS="640"/>
							<String ID="string_134" HPOS="655" VPOS="802" WIDTH="92" HEIGHT="26" WC="0.92" CONTENT="krigsfot"/><SP WIDTH="16" VPOS="802" HPOS="747"/>
							<String ID="string_135" HPOS="763" VPOS="808" WIDTH="58" HEIGHT="21" WC="0.62" CONTENT="regc-"/>
						</TextLine>
						<TextLine ID="line_18" HPOS="70" VPOS="837" WIDTH="750" HEIGHT="29">
							<String ID="string_136" HPOS="70" VPOS="838" WIDTH="162" HEIGHT="22" WC="0.90" CONTENT="mentsläkaren"/><SP WIDTH="32" VPOS="838" HPOS="232"/>
							<String ID="string_137" HPOS="264" VPOS="838" WIDTH="39" HEIGHT="22" WC="0.88" CONTENT="och"/><SP WIDTH="26" VPOS="838" HPOS="303"/>
							<String ID="string_138" HPOS="329" VPOS="838" WIDTH="322" HEIGHT="28" WC="0.88" CONTENT="regementsveterinärläkaren"/><SP WIDTH="30" VPOS="838" HPOS="651"/>
							<String ID="string_139" HPOS="681" VPOS="838" WIDTH="47" HEIGHT="21" WC="0.96" CONTENT="icke"/><SP WIDTH="25" VPOS="838" HPOS="728"/>
							<String ID="string_140" HPOS="753" VPOS="837" WIDTH="67" HEIGHT="21" WC="0.94" CONTENT="borde"/>
						</TextLine>
						<TextLine ID="line_19" HPOS="70" VPOS="873" WIDTH="753" HEIGHT="28">
							<String ID="string_141" HPOS="70" VPOS="874" WIDTH="96" HEIGHT="22" WC="0.93" CONTENT="tilldelas"/><SP WIDTH="24" VPOS="874" HPOS="166"/>
							<String ID="string_142" HPOS="190" VPOS="874" WIDTH="142" HEIGHT="27" WC="0.91" CONTENT="fronthästar,"/><SP WIDTH="19" VPOS="874" HPOS="332"/>
							<String ID="string_143" HPOS="351" VPOS="877" WIDTH="52" HEIGHT="19" WC="0.96" CONTENT="utan"/><SP WIDTH="22" VPOS="877" HPOS="403"/>
							<String ID="string_144" HPOS="425" VPOS="874" WIDTH="104" HEIGHT="22" WC="0.96" CONTENT="särskildt"/><SP WIDTH="20" VPOS="874" HPOS="529"/>
							<String ID="string_145" HPOS="549" VPOS="874" WIDTH="77" HEIGHT="27" WC="0.96" CONTENT="anslag"/><SP WIDTH="20" VPOS="874" HPOS="626"/>
							<String ID="string_146" HPOS="646" VPOS="873" WIDTH="34" HEIGHT="22" WC="0.95" CONTENT="till"/><SP WIDTH="16" VPOS="873" HPOS="680"/>
							<String ID="string_147" HPOS="696" VPOS="873" WIDTH="87" HEIGHT="27" WC="0.96" CONTENT="uppköp"/><SP WIDTH="16" VPOS="873" HPOS="783"/>
							<String ID="string_148" HPOS="799" VPOS="873" WIDTH="24" HEIGHT="21" WC="0.96" CONTENT="af"/>
						</TextLine>
						<TextLine ID="line_20" HPOS="73" VPOS="909" WIDTH="746" HEIGHT="28">
							<String ID="string_149" HPOS="73" VPOS="909" WIDTH="111" HEIGHT="22" WC="0.96" CONTENT="ridhästar"/><SP WIDTH="15" VPOS="909" HPOS="184"/>
							<String ID="string_150" HPOS="199" VPOS="911" WIDTH="23" HEIGHT="20" WC="0.92" CONTENT="åt"/><SP WIDTH="16" VPOS="911" HPOS="222"/>
							<String ID="string_151" HPOS="238" VPOS="911" WIDTH="62" HEIGHT="21" WC="0.91" CONTENT="desse"/><SP WIDTH="16" VPOS="911" HPOS="300"/>
							<String ID="string_152" HPOS="316" VPOS="911" WIDTH="131" HEIGHT="26" WC="0.92" CONTENT="tjenstemän"/><SP WIDTH="17" VPOS="911" HPOS="447"/>
							<String ID="string_153" HPOS="464" VPOS="910" WIDTH="130" HEIGHT="21" WC="0.91" CONTENT="inberäknas"/><SP WIDTH="16" VPOS="910" HPOS="594"/>
							<String ID="string_154" HPOS="610" VPOS="909" WIDTH="33" HEIGHT="22" WC="0.96" CONTENT="uti"/><SP WIDTH="16" VPOS="909" HPOS="643"/>
							<String ID="string_155" HPOS="659" VPOS="909" WIDTH="48" HEIGHT="22" WC="0.96" CONTENT="dem"/><SP WIDTH="16" VPOS="909" HPOS="707"/>
							<String ID="string_156" HPOS="723" VPOS="909" WIDTH="36" HEIGHT="21" WC="0.93" CONTENT="vid"/><SP WIDTH="16" VPOS="909" HPOS="759"/>
							<String ID="string_157" HPOS="775" VPOS="915" WIDTH="44" HEIGHT="15" WC="0.92" CONTENT="mo-"/>
						</TextLine>
						<TextLine ID="line_21" HPOS="70" VPOS="946" WIDTH="436" HEIGHT="27">
							<String ID="string_158" HPOS="70" VPOS="946" WIDTH="113" HEIGHT="27" WC="0.90" CONTENT="bilisering"/><SP WIDTH="16" VPOS="946" HPOS="183"/>
							<String ID="string_159" HPOS="199" VPOS="946" WIDTH="165" HEIGHT="22" WC="0.96" CONTENT="tillkommande"/><SP WIDTH="16" VPOS="946" HPOS="364"/>
							<String ID="string_160" HPOS="380" VPOS="946" WIDTH="126" HEIGHT="22" WC="0.96" CONTENT="understöd."/>
						</TextLine>
					</TextBlock>
					<TextBlock ID="block_4" HPOS="70" VPOS="981" WIDTH="751" HEIGHT="350">
						<TextLine ID="line_22" HPOS="128" VPOS="981" WIDTH="691" HEIGHT="28">
							<String ID="string_161" HPOS="128" VPOS="982" WIDTH="34" HEIGHT="21" WC="0.96" CONTENT="Då"/><SP WIDTH="22" VPOS="982" HPOS="162"/>
							<String ID="string_162" HPOS="184" VPOS="982" WIDTH="70" HEIGHT="21" WC="0.96" CONTENT="under"/><SP WIDTH="20" VPOS="982" HPOS="254"/>
							<String ID="string_163" HPOS="274" VPOS="981" WIDTH="95" HEIGHT="28" WC="0.96" CONTENT="krigstid"/><SP WIDTH="21" VPOS="981" HPOS="369"/>
							<String ID="string_164" HPOS="390" VPOS="984" WIDTH="31" HEIGHT="20" WC="0.96" CONTENT="ett"/><SP WIDTH="16" VPOS="984" HPOS="421"/>
							<String ID="string_165" HPOS="437" VPOS="981" WIDTH="66" HEIGHT="22" WC="0.96" CONTENT="finskt"/><SP WIDTH="16" VPOS="981" HPOS="503"/>
							<String ID="string_166" HPOS="519" VPOS="981" WIDTH="208" HEIGHT="27" WC="0.93" CONTENT="dragonregemente"/><SP WIDTH="16" VPOS="981" HPOS="727"/>
							<String ID="string_167" HPOS="743" VPOS="982" WIDTH="76" HEIGHT="25" WC="0.90" CONTENT="antag-"/>
						</TextLine>
						<TextLine ID="line_23" HPOS="74" VPOS="1015" WIDTH="747" HEIGHT="30">
							<String ID="string_168" HPOS="74" VPOS="1017" WIDTH="56" HEIGHT="28" WC="0.96" CONTENT="ligen"/><SP WIDTH="24" VPOS="1017" HPOS="130"/>
							<String ID="string_169" HPOS="154" VPOS="1017" WIDTH="99" HEIGHT="22" WC="0.96" CONTENT="kommer"/><SP WIDTH="21" VPOS="1017" HPOS="253"/>
							<String ID="string_170" HPOS="274" VPOS="1019" WIDTH="33" HEIGHT="20" WC="0.96" CONTENT="att"/><SP WIDTH="23" VPOS="1019" HPOS="307"/>
							<String ID="string_171" HPOS="330" VPOS="1017" WIDTH="94" HEIGHT="22" WC="0.96" CONTENT="fördelas"/><SP WIDTH="21" VPOS="1017" HPOS="424"/>
							<String ID="string_172" HPOS="445" VPOS="1019" WIDTH="28" HEIGHT="25" WC="0.96" CONTENT="på"/><SP WIDTH="20" VPOS="1019" HPOS="473"/>
							<String ID="string_173" HPOS="493" VPOS="1017" WIDTH="64" HEIGHT="27" WC="0.93" CONTENT="långa"/><SP WIDTH="20" VPOS="1017" HPOS="557"/>
							<String ID="string_174" HPOS="577" VPOS="1017" WIDTH="94" HEIGHT="26" WC="0.92" CONTENT="afstånd,"/><SP WIDTH="15" VPOS="1017" HPOS="671"/>
							<String ID="string_175" HPOS="686" VPOS="1016" WIDTH="36" HEIGHT="21" WC="0.96" CONTENT="vid"/><SP WIDTH="16" VPOS="1016" HPOS="722"/>
							<String ID="string_176" HPOS="738" VPOS="1015" WIDTH="83" HEIGHT="22" WC="0.96" CONTENT="hvilket"/>
						</TextLine>
						<TextLine ID="line_24" HPOS="70" VPOS="1051" WIDTH="751" HEIGHT="29">
							<String ID="string_177" HPOS="70" VPOS="1053" WIDTH="134" HEIGHT="22" WC="0.96" CONTENT="förhållande"/><SP WIDTH="24" VPOS="1053" HPOS="204"/>
							<String ID="string_178" HPOS="228" VPOS="1053" WIDTH="120" HEIGHT="27" WC="0.96" CONTENT="tillgången"/><SP WIDTH="24" VPOS="1053" HPOS="348"/>
							<String ID="string_179" HPOS="372" VPOS="1055" WIDTH="27" HEIGHT="25" WC="0.92" CONTENT="på"/><SP WIDTH="16" VPOS="1055" HPOS="399"/>
							<String ID="string_180" HPOS="415" VPOS="1053" WIDTH="227" HEIGHT="21" WC="0.91" CONTENT="veterinärfältskärer"/><SP WIDTH="19" VPOS="1053" HPOS="642"/>
							<String ID="string_181" HPOS="661" VPOS="1052" WIDTH="70" HEIGHT="21" WC="0.91" CONTENT="blefve"/><SP WIDTH="16" VPOS="1052" HPOS="731"/>
							<String ID="string_182" HPOS="747" VPOS="1051" WIDTH="74" HEIGHT="22" WC="0.95" CONTENT="alltför"/>
						</TextLine>
						<TextLine ID="line_25" HPOS="72" VPOS="1088" WIDTH="747" HEIGHT="27">
							<String ID="string_183" HPOS="72" VPOS="1089" WIDTH="132" HEIGHT="26" WC="0.95" CONTENT="otillräcklig"/><SP WIDTH="23" VPOS="1089" HPOS="204"/>
							<String ID="string_184" HPOS="227" VPOS="1088" WIDTH="7" HEIGHT="21" WC="0.96" CONTENT="i"/><SP WIDTH="22" VPOS="1088" HPOS="234"/>
							<String ID="string_185" HPOS="256" VPOS="1089" WIDTH="104" HEIGHT="22" WC="0.96" CONTENT="händelse"/><SP WIDTH="24" VPOS="1089" HPOS="360"/>
							<String ID="string_186" HPOS="384" VPOS="1089" WIDTH="78" HEIGHT="22" WC="0.96" CONTENT="endast"/><SP WIDTH="24" VPOS="1089" HPOS="462"/>
							<String ID="string_187" HPOS="486" VPOS="1089" WIDTH="26" HEIGHT="21" WC="0.96" CONTENT="de"/><SP WIDTH="24" VPOS="1089" HPOS="512"/>
							<String ID="string_188" HPOS="536" VPOS="1090" WIDTH="33" HEIGHT="19" WC="0.95" CONTENT="tre"/><SP WIDTH="23" VPOS="1090" HPOS="569"/>
							<String ID="string_189" HPOS="592" VPOS="1089" WIDTH="6" HEIGHT="20" WC="0.96" CONTENT="i"/><SP WIDTH="22" VPOS="1089" HPOS="598"/>
							<String ID="string_190" HPOS="620" VPOS="1089" WIDTH="72" HEIGHT="20" WC="0.96" CONTENT="staten"/><SP WIDTH="18" VPOS="1089" HPOS="692"/>
							<String ID="string_191" HPOS="710" VPOS="1089" WIDTH="109" HEIGHT="25" WC="0.96" CONTENT="upptagna"/>
						</TextLine>
						<TextLine ID="line_26" HPOS="72" VPOS="1123" WIDTH="749" HEIGHT="31">
							<String ID="string_192" HPOS="72" VPOS="1124" WIDTH="70" HEIGHT="21" WC="0.96" CONTENT="skulle"/><SP WIDTH="24" VPOS="1124" HPOS="142"/>
							<String ID="string_193" HPOS="166" VPOS="1124" WIDTH="85" HEIGHT="30" WC="0.95" CONTENT="åtfölja,"/><SP WIDTH="12" VPOS="1124" HPOS="251"/>
							<String ID="string_194" HPOS="263" VPOS="1127" WIDTH="140" HEIGHT="25" WC="0.96" CONTENT="regementet,"/><SP WIDTH="18" VPOS="1127" HPOS="403"/>
							<String ID="string_195" HPOS="421" VPOS="1125" WIDTH="40" HEIGHT="21" WC="0.93" CONTENT="har"/><SP WIDTH="20" VPOS="1125" HPOS="461"/>
							<String ID="string_196" HPOS="481" VPOS="1124" WIDTH="103" HEIGHT="21" WC="0.92" CONTENT="Komitén"/><SP WIDTH="21" VPOS="1124" HPOS="584"/>
							<String ID="string_197" HPOS="605" VPOS="1125" WIDTH="73" HEIGHT="20" WC="0.92" CONTENT="ansett"/><SP WIDTH="18" VPOS="1125" HPOS="678"/>
							<String ID="string_198" HPOS="696" VPOS="1123" WIDTH="77" HEIGHT="27" WC="0.91" CONTENT="nödigt"/><SP WIDTH="15" VPOS="1123" HPOS="773"/>
							<String ID="string_199" HPOS="788" VPOS="1124" WIDTH="33" HEIGHT="20" WC="0.96" CONTENT="att"/>
						</TextLine>
						<TextLine ID="line_27" HPOS="74" VPOS="1159" WIDTH="746" HEIGHT="28">
							<String ID="string_200" HPOS="74" VPOS="1160" WIDTH="5" HEIGHT="20" WC="0.96" CONTENT="i"/><SP WIDTH="17" VPOS="1160" HPOS="79"/>
							<String ID="string_201" HPOS="96" VPOS="1160" WIDTH="93" HEIGHT="27" WC="0.95" CONTENT="krigstid"/><SP WIDTH="24" VPOS="1160" HPOS="189"/>
							<String ID="string_202" HPOS="213" VPOS="1161" WIDTH="27" HEIGHT="21" WC="0.96" CONTENT="de"/><SP WIDTH="20" VPOS="1161" HPOS="240"/>
							<String ID="string_203" HPOS="260" VPOS="1162" WIDTH="36" HEIGHT="20" WC="0.92" CONTENT="två"/><SP WIDTH="16" VPOS="1162" HPOS="296"/>
							<String ID="string_204" HPOS="312" VPOS="1160" WIDTH="345" HEIGHT="27" WC="0.90" CONTENT="veterinärfältskärslärlingarne"/><SP WIDTH="18" VPOS="1160" HPOS="657"/>
							<String ID="string_205" HPOS="675" VPOS="1159" WIDTH="63" HEIGHT="22" WC="0.96" CONTENT="äfven"/><SP WIDTH="15" VPOS="1159" HPOS="738"/>
							<String ID="string_206" HPOS="753" VPOS="1159" WIDTH="67" HEIGHT="21" WC="0.96" CONTENT="borde"/>
						</TextLine>
						<TextLine ID="line_28" HPOS="72" VPOS="1194" WIDTH="748" HEIGHT="29">
							<String ID="string_207" HPOS="72" VPOS="1196" WIDTH="103" HEIGHT="27" WC="0.96" CONTENT="medfölja"/><SP WIDTH="23" VPOS="1196" HPOS="175"/>
							<String ID="string_208" HPOS="198" VPOS="1198" WIDTH="24" HEIGHT="20" WC="0.96" CONTENT="så"/><SP WIDTH="16" VPOS="1198" HPOS="222"/>
							<String ID="string_209" HPOS="238" VPOS="1198" WIDTH="33" HEIGHT="20" WC="0.96" CONTENT="att"/><SP WIDTH="16" VPOS="1198" HPOS="271"/>
							<String ID="string_210" HPOS="287" VPOS="1196" WIDTH="36" HEIGHT="22" WC="0.96" CONTENT="vid"/><SP WIDTH="19" VPOS="1196" HPOS="323"/>
							<String ID="string_211" HPOS="342" VPOS="1198" WIDTH="135" HEIGHT="25" WC="0.96" CONTENT="regementet"/><SP WIDTH="18" VPOS="1198" HPOS="477"/>
							<String ID="string_212" HPOS="495" VPOS="1196" WIDTH="92" HEIGHT="21" WC="0.96" CONTENT="sålunda"/><SP WIDTH="19" VPOS="1196" HPOS="587"/>
							<String ID="string_213" HPOS="606" VPOS="1195" WIDTH="71" HEIGHT="22" WC="0.96" CONTENT="skulle"/><SP WIDTH="15" VPOS="1195" HPOS="677"/>
							<String ID="string_214" HPOS="692" VPOS="1194" WIDTH="69" HEIGHT="22" WC="0.96" CONTENT="finnas"/><SP WIDTH="16" VPOS="1194" HPOS="761"/>
							<String ID="string_215" HPOS="777" VPOS="1194" WIDTH="43" HEIGHT="22" WC="0.96" CONTENT="fem"/>
						</TextLine>
						<TextLine ID="line_29" HPOS="72" VPOS="1231" WIDTH="748" HEIGHT="28">
							<String ID="string_216" HPOS="72" VPOS="1232" WIDTH="35" HEIGHT="21" WC="0.93" CONTENT="till"/><SP WIDTH="15" VPOS="1232" HPOS="107"/>
							<String ID="string_217" HPOS="122" VPOS="1232" WIDTH="284" HEIGHT="27" WC="0.91" CONTENT="veterinärfältskärstjenst"/><SP WIDTH="17" VPOS="1232" HPOS="406"/>
							<String ID="string_218" HPOS="423" VPOS="1232" WIDTH="136" HEIGHT="27" WC="0.96" CONTENT="någorlunda"/><SP WIDTH="18" VPOS="1232" HPOS="559"/>
							<String ID="string_219" HPOS="577" VPOS="1231" WIDTH="112" HEIGHT="21" WC="0.96" CONTENT="utbildade"/><SP WIDTH="21" VPOS="1231" HPOS="689"/>
							<String ID="string_220" HPOS="710" VPOS="1236" WIDTH="110" HEIGHT="22" WC="0.96" CONTENT="personer,"/>
						</TextLine>
						<TextLine ID="line_30" HPOS="74" VPOS="1266" WIDTH="747" HEIGHT="28">
							<String ID="string_221" HPOS="74" VPOS="1268" WIDTH="78" HEIGHT="22" WC="0.96" CONTENT="hvaraf"/><SP WIDTH="14" VPOS="1268" HPOS="152"/>
							<String ID="string_222" HPOS="166" VPOS="1274" WIDTH="26" HEIGHT="15" WC="0.96" CONTENT="en"/><SP WIDTH="16" VPOS="1274" HPOS="192"/>
							<String ID="string_223" HPOS="208" VPOS="1268" WIDTH="74" HEIGHT="21" WC="0.96" CONTENT="kunde"/><SP WIDTH="15" VPOS="1268" HPOS="282"/>
							<String ID="string_224" HPOS="297" VPOS="1268" WIDTH="116" HEIGHT="26" WC="0.93" CONTENT="tillgodose"/><SP WIDTH="21" VPOS="1268" HPOS="413"/>
							<String ID="string_225" HPOS="434" VPOS="1270" WIDTH="97" HEIGHT="19" WC="0.91" CONTENT="trossens"/><SP WIDTH="15" VPOS="1270" HPOS="531"/>
							<String ID="string_226" HPOS="546" VPOS="1266" WIDTH="67" HEIGHT="22" WC="0.92" CONTENT="behof"/><SP WIDTH="15" VPOS="1266" HPOS="613"/>
							<String ID="string_227" HPOS="628" VPOS="1267" WIDTH="39" HEIGHT="21" WC="0.96" CONTENT="och"/><SP WIDTH="16" VPOS="1267" HPOS="667"/>
							<String ID="string_228" HPOS="683" VPOS="1272" WIDTH="26" HEIGHT="16" WC="0.96" CONTENT="en"/><SP WIDTH="16" VPOS="1272" HPOS="709"/>
							<String ID="string_229" HPOS="725" VPOS="1266" WIDTH="96" HEIGHT="21" WC="0.95" CONTENT="tilldelas"/>
						</TextLine>
						<TextLine ID="line_31" HPOS="71" VPOS="1304" WIDTH="203" HEIGHT="27">
							<String ID="string_230" HPOS="71" VPOS="1304" WIDTH="73" HEIGHT="27" WC="0.93" CONTENT="hvarje"/><SP WIDTH="16" VPOS="1304" HPOS="144"/>
							<String ID="string_231" HPOS="160" VPOS="1304" WIDTH="114" HEIGHT="26" WC="0.91" CONTENT="sqvadron."/>
						</TextLine>
					</TextBlock>
					<TextBlock ID="block_5" HPOS="70" VPOS="1337" WIDTH="751" HEIGHT="136">
						<TextLine ID="line_32" HPOS="129" VPOS="1337" WIDTH="691" HEIGHT="29">
							<String ID="string_232" HPOS="129" VPOS="1339" WIDTH="43" HEIGHT="22" WC="0.96" CONTENT="Vid"/><SP WIDTH="23" VPOS="1339" HPOS="172"/>
							<String ID="string_233" HPOS="195" VPOS="1340" WIDTH="165" HEIGHT="21" WC="0.96" CONTENT="bestämmande"/><SP WIDTH="21" VPOS="1340" HPOS="360"/>
							<String ID="string_234" HPOS="381" VPOS="1340" WIDTH="23" HEIGHT="21" WC="0.93" CONTENT="af"/><SP WIDTH="19" VPOS="1340" HPOS="404"/>
							<String ID="string_235" HPOS="423" VPOS="1339" WIDTH="157" HEIGHT="27" WC="0.92" CONTENT="dagportionen"/><SP WIDTH="21" VPOS="1339" HPOS="580"/>
							<String ID="string_236" HPOS="601" VPOS="1338" WIDTH="35" HEIGHT="22" WC="0.92" CONTENT="till"/><SP WIDTH="24" VPOS="1338" HPOS="636"/>
							<String ID="string_237" HPOS="660" VPOS="1337" WIDTH="160" HEIGHT="22" WC="0.91" CONTENT="underbefälets"/>
						</TextLine>
						<TextLine ID="line_33" HPOS="71" VPOS="1372" WIDTH="749" HEIGHT="30">
							<String ID="string_238" HPOS="71" VPOS="1376" WIDTH="39" HEIGHT="21" WC="0.93" CONTENT="och"/><SP WIDTH="16" VPOS="1376" HPOS="110"/>
							<String ID="string_239" HPOS="126" VPOS="1376" WIDTH="140" HEIGHT="26" WC="0.91" CONTENT="manskapets"/><SP WIDTH="11" VPOS="1376" HPOS="266"/>
							<String ID="string_240" HPOS="277" VPOS="1375" WIDTH="138" HEIGHT="27" WC="0.91" CONTENT="förplägning"/><SP WIDTH="10" VPOS="1375" HPOS="415"/>
							<String ID="string_241" HPOS="425" VPOS="1375" WIDTH="41" HEIGHT="21" WC="0.92" CONTENT="har"/><SP WIDTH="10" VPOS="1375" HPOS="466"/>
							<String ID="string_242" HPOS="476" VPOS="1374" WIDTH="103" HEIGHT="22" WC="0.91" CONTENT="Komitén"/><SP WIDTH="11" VPOS="1374" HPOS="579"/>
							<String ID="string_243" HPOS="590" VPOS="1374" WIDTH="50" HEIGHT="26" WC="0.96" CONTENT="följt"/><SP WIDTH="10" VPOS="1374" HPOS="640"/>
							<String ID="string_244" HPOS="650" VPOS="1380" WIDTH="83" HEIGHT="15" WC="0.96" CONTENT="samma"/><SP WIDTH="10" VPOS="1380" HPOS="733"/>
							<String ID="string_245" HPOS="743" VPOS="1372" WIDTH="77" HEIGHT="28" WC="0.96" CONTENT="grund,"/>
						</TextLine>
						<TextLine ID="line_34" HPOS="70" VPOS="1408" WIDTH="750" HEIGHT="30">
							<String ID="string_246" HPOS="70" VPOS="1417" WIDTH="46" HEIGHT="15" WC="0.96" CONTENT="som"/><SP WIDTH="17" VPOS="1417" HPOS="116"/>
							<String ID="string_247" HPOS="133" VPOS="1411" WIDTH="69" HEIGHT="27" WC="0.96" CONTENT="gäller"/><SP WIDTH="16" VPOS="1411" HPOS="202"/>
							<String ID="string_248" HPOS="218" VPOS="1411" WIDTH="33" HEIGHT="21" WC="0.96" CONTENT="för"/><SP WIDTH="16" VPOS="1411" HPOS="251"/>
							<String ID="string_249" HPOS="267" VPOS="1411" WIDTH="26" HEIGHT="21" WC="0.96" CONTENT="de"/><SP WIDTH="16" VPOS="1411" HPOS="293"/>
							<String ID="string_250" HPOS="309" VPOS="1410" WIDTH="71" HEIGHT="22" WC="0.93" CONTENT="finska"/><SP WIDTH="15" VPOS="1410" HPOS="380"/>
							<String ID="string_251" HPOS="395" VPOS="1410" WIDTH="297" HEIGHT="28" WC="0.91" CONTENT="skarpskyttebataljonerna,"/><SP WIDTH="16" VPOS="1410" HPOS="692"/>
							<String ID="string_252" HPOS="708" VPOS="1415" WIDTH="47" HEIGHT="15" WC="0.93" CONTENT="men"/><SP WIDTH="18" VPOS="1415" HPOS="755"/>
							<String ID="string_253" HPOS="773" VPOS="1408" WIDTH="47" HEIGHT="22" WC="0.92" CONTENT="der-"/>
						</TextLine>
						<TextLine ID="line_35" HPOS="70" VPOS="1444" WIDTH="751" HEIGHT="29">
							<String ID="string_254" HPOS="70" VPOS="1447" WIDTH="41" HEIGHT="26" WC="0.96" CONTENT="vid,"/><SP WIDTH="22" VPOS="1447" HPOS="111"/>
							<String ID="string_255" HPOS="133" VPOS="1447" WIDTH="92" HEIGHT="22" WC="0.95" CONTENT="likasom"/><SP WIDTH="21" VPOS="1447" HPOS="225"/>
							<String ID="string_256" HPOS="246" VPOS="1446" WIDTH="63" HEIGHT="22" WC="0.95" CONTENT="äfven"/><SP WIDTH="19" VPOS="1446" HPOS="309"/>
							<String ID="string_257" HPOS="328" VPOS="1446" WIDTH="136" HEIGHT="22" WC="0.93" CONTENT="beträffande"/><SP WIDTH="21" VPOS="1446" HPOS="464"/>
							<String ID="string_258" HPOS="485" VPOS="1446" WIDTH="100" HEIGHT="22" WC="0.92" CONTENT="rationen"/><SP WIDTH="22" VPOS="1446" HPOS="585"/>
							<String ID="string_259" HPOS="607" VPOS="1446" WIDTH="33" HEIGHT="21" WC="0.93" CONTENT="för"/><SP WIDTH="19" VPOS="1446" HPOS="640"/>
							<String ID="string_260" HPOS="659" VPOS="1445" WIDTH="109" HEIGHT="26" WC="0.90" CONTENT="hästarne,"/><SP WIDTH="16" VPOS="1445" HPOS="768"/>
							<String ID="string_261" HPOS="784" VPOS="1444" WIDTH="37" HEIGHT="21" WC="0.92" CONTENT="be-"/>
						</TextLine>
					</TextBlock>
				</ComposedBlock>
			</PrintSpace>
		</Page>
	</Layout>
</alto>
