<?xml version="1.0" encoding="UTF-8"?>
<alto xmlns="http://www.loc.gov/standards/alto/ns-v3#" xmlns:xlink="http://www.w3.org/1999/xlink" xmlns:xsi="http://www.w3.org/2001/XMLSchema-instance" xsi:schemaLocation="http://www.loc.gov/standards/alto/ns-v3# http://www.loc.gov/alto/v3/alto-3-0.xsd">
	<Description>
		<MeasurementUnit>pixel</MeasurementUnit>
		<sourceImageInformation>
			<fileName>/tmp/tess_b55nsk6n_input.PNG</fileName>
		</sourceImageInformation>
		<OCRProcessing ID="OCR_0">
			<ocrProcessingStep>
				<processingSoftware>
					<softwareName>tesseract 5.3.4</softwareName>
				</processingSoftware>
			</ocrProcessingStep>
		</OCRProcessing>
	</Description>
	<Layout>
		<Page WIDTH="1056" HEIGHT="1725" PHYSICAL_IMG_NR="0" ID="page_0">
			<PrintSpace HPOS="0" VPOS="0" WIDTH="1056" HEIGHT="1725">
				<ComposedBlock ID="cblock_0" HPOS="229" VPOS="117" WIDTH="438" HEIGHT="28">
					<TextBlock ID="block_0" HPOS="229" VPOS="117" WIDTH="438" HEIGHT="28">
						<TextLine ID="line_0" HPOS="229" VPOS="117" WIDTH="438" HEIGHT="28">
							<String ID="string_0" HPOS="229" VPOS="118" WIDTH="44" HEIGHT="23" WC="0.93" CONTENT="U."/><SP WIDTH="15" VPOS="118" HPOS="273"/>
							<String ID="string_1" HPOS="288" VPOS="118" WIDTH="49" HEIGHT="22" WC="0.90" CONTENT="B."/><SP WIDTH="16" VPOS="118" HPOS="337"/>
							<String ID="string_2" HPOS="353" VPOS="130" WIDTH="27" HEIGHT="5" WC="0.91" CONTENT="—"/><SP WIDTH="16" VPOS="130" HPOS="380"/>
							<String ID="string_3" HPOS="396" VPOS="118" WIDTH="115" HEIGHT="27" WC="0.86" CONTENT="Prop."/><SP WIDTH="16" VPOS="118" HPOS="511"/>
							<String ID="string_4" HPOS="527" VPOS="117" WIDTH="67" HEIGHT="23" WC="0.95" CONTENT="N:o"/><SP WIDTH="18" VPOS="117" HPOS="594"/>
							<String ID="string_5" HPOS="612" VPOS="118" WIDTH="55" HEIGHT="21" WC="0.96" CONTENT="36"/>
						</TextLine>
					</TextBlock>
				</ComposedBlock>
				<ComposedBlock ID="cblock_1" HPOS="208" VPOS="561" WIDTH="623" HEIGHT="163">
					<TextBlock ID="block_1" HPOS="208" VPOS="561" WIDTH="623" HEIGHT="163">
						<TextLine ID="line_1" HPOS="277" VPOS="561" WIDTH="554" HEIGHT="31">
							<String ID="string_6" HPOS="277" VPOS="562" WIDTH="143" HEIGHT="30" WC="0.35" CONTENT="Lagutskottets"/><SP WIDTH="19" VPOS="562" HPOS="420"/>
							<String ID="string_7" HPOS="439" VPOS="562" WIDTH="75" HEIGHT="29" WC="0.90" CONTENT="förslag"/><SP WIDTH="19" VPOS="562" HPOS="514"/>
							<String ID="string_8" HPOS="533" VPOS="561" WIDTH="27" HEIGHT="25" WC="0.91" CONTENT="till"/><SP WIDTH="17" VPOS="561" HPOS="560"/>
							<String ID="string_9" HPOS="577" VPOS="562" WIDTH="180" HEIGHT="29" WC="0.90" CONTENT="sammanjemkning"/><SP WIDTH="16" VPOS="562" HPOS="757"/>
							<String ID="string_10" HPOS="773" VPOS="562" WIDTH="20" HEIGHT="24" WC="0.96" CONTENT="af"/><SP WIDTH="14" VPOS="562" HPOS="793"/>
							<String ID="string_11" HPOS="807" VPOS="561" WIDTH="24" HEIGHT="24" WC="0.96" CONTENT="de"/>
						</TextLine>
						<TextLine ID="line_2" HPOS="208" VPOS="596" WIDTH="623" HEIGHT="30">
							<String ID="string_12" HPOS="208" VPOS="598" WIDTH="110" HEIGHT="28" WC="0.95" CONTENT="skiljaktiga"/><SP WIDTH="24" VPOS="598" HPOS="318"/>
							<String ID="string_13" HPOS="342" VPOS="598" WIDTH="69" HEIGHT="26" WC="0.93" CONTENT="beslut,"/><SP WIDTH="21" VPOS="598" HPOS="411"/>
							<String ID="string_14" HPOS="432" VPOS="598" WIDTH="53" HEIGHT="22" WC="0.92" CONTENT="hvari"/><SP WIDTH="20" VPOS="598" HPOS="485"/>
							<String ID="string_15" HPOS="505" VPOS="596" WIDTH="82" HEIGHT="24" WC="0.93" CONTENT="Ständen"/><SP WIDTH="18" VPOS="596" HPOS="587"/>
							<String ID="string_16" HPOS="605" VPOS="598" WIDTH="77" HEIGHT="23" WC="0.96" CONTENT="stannat"/><SP WIDTH="16" VPOS="598" HPOS="682"/>
							<String ID="string_17" HPOS="698" VPOS="598" WIDTH="29" HEIGHT="22" WC="0.93" CONTENT="vid"/><SP WIDTH="18" VPOS="598" HPOS="727"/>
							<String ID="string_18" HPOS="745" VPOS="597" WIDTH="86" HEIGHT="24" WC="0.89" CONTENT="behand-"/>
						</TextLine>
						<TextLine ID="line_3" HPOS="208" VPOS="631" WIDTH="622" HEIGHT="30">
							<String ID="string_19" HPOS="208" VPOS="632" WIDTH="61" HEIGHT="28" WC="0.92" CONTENT="lingen"/><SP WIDTH="17" VPOS="632" HPOS="269"/>
							<String ID="string_20" HPOS="286" VPOS="632" WIDTH="20" HEIGHT="23" WC="0.93" CONTENT="af"/><SP WIDTH="15" VPOS="632" HPOS="306"/>
							<String ID="string_21" HPOS="321" VPOS="632" WIDTH="145" HEIGHT="29" WC="0.89" CONTENT="Lagutskottets"/><SP WIDTH="17" VPOS="632" HPOS="466"/>
							<String ID="string_22" HPOS="483" VPOS="632" WIDTH="120" HEIGHT="23" WC="0.89" CONTENT="hetänkande"/><SP WIDTH="17" VPOS="632" HPOS="603"/>
							<String ID="string_23" HPOS="620" VPOS="633" WIDTH="5" HEIGHT="20" WC="0.93" CONTENT="i"/><SP WIDTH="16" VPOS="633" HPOS="625"/>
							<String ID="string_24" HPOS="641" VPOS="632" WIDTH="101" HEIGHT="28" WC="0.91" CONTENT="anledning"/><SP WIDTH="16" VPOS="632" HPOS="742"/>
							<String ID="string_25" HPOS="758" VPOS="632" WIDTH="21" HEIGHT="23" WC="0.93" CONTENT="af"/><SP WIDTH="15" VPOS="632" HPOS="779"/>
							<String ID="string_26" HPOS="794" VPOS="631" WIDTH="36" HEIGHT="23" WC="0.92" CONTENT="nä-"/>
						</TextLine>
						<TextLine ID="line_4" HPOS="208" VPOS="666" WIDTH="623" HEIGHT="30">
							<String ID="string_27" HPOS="208" VPOS="666" WIDTH="44" HEIGHT="29" WC="0.77" CONTENT="diga"/><SP WIDTH="23" VPOS="666" HPOS="252"/>
							<String ID="string_28" HPOS="275" VPOS="667" WIDTH="147" HEIGHT="29" WC="0.77" CONTENT="propositionen,"/><SP WIDTH="25" VPOS="667" HPOS="422"/>
							<String ID="string_29" HPOS="447" VPOS="666" WIDTH="99" HEIGHT="29" WC="0.96" CONTENT="angående"/><SP WIDTH="23" VPOS="666" HPOS="546"/>
							<String ID="string_30" HPOS="569" VPOS="666" WIDTH="87" HEIGHT="23" WC="0.93" CONTENT="enskilda"/><SP WIDTH="21" VPOS="666" HPOS="656"/>
							<String ID="string_31" HPOS="677" VPOS="667" WIDTH="104" HEIGHT="27" WC="0.72" CONTENT="jernvägar"/><SP WIDTH="18" VPOS="667" HPOS="781"/>
							<String ID="string_32" HPOS="799" VPOS="666" WIDTH="32" HEIGHT="22" WC="0.96" CONTENT="för"/>
						</TextLine>
						<TextLine ID="line_5" HPOS="208" VPOS="700" WIDTH="207" HEIGHT="24">
							<String ID="string_33" HPOS="208" VPOS="700" WIDTH="68" HEIGHT="24" WC="0.76" CONTENT="allmän"/><SP WIDTH="17" VPOS="700" HPOS="276"/>
							<String ID="string_34" HPOS="293" VPOS="701" WIDTH="122" HEIGHT="23" WC="0.95" CONTENT="samfärdsel."/>
						</TextLine>
					</TextBlock>
				</ComposedBlock>
				<ComposedBlock ID="cblock_2" HPOS="69" VPOS="769" WIDTH="760" HEIGHT="167">
					<TextBlock ID="block_2" HPOS="69" VPOS="769" WIDTH="760" HEIGHT="167">
						<TextLine ID="line_6" HPOS="138" VPOS="769" WIDTH="689" HEIGHT="28">
							<String ID="string_35" HPOS="138" VPOS="770" WIDTH="32" HEIGHT="22" WC="0.93" CONTENT="Ur"/><SP WIDTH="22" VPOS="770" HPOS="170"/>
							<String ID="string_36" HPOS="192" VPOS="770" WIDTH="158" HEIGHT="27" WC="0.88" CONTENT="Lagutskottet"/><SP WIDTH="22" VPOS="770" HPOS="350"/>
							<String ID="string_37" HPOS="372" VPOS="769" WIDTH="49" HEIGHT="22" WC="0.91" CONTENT="frän"/><SP WIDTH="23" VPOS="769" HPOS="421"/>
							<String ID="string_38" HPOS="444" VPOS="769" WIDTH="98" HEIGHT="22" WC="0.92" CONTENT="Ständen"/><SP WIDTH="15" VPOS="769" HPOS="542"/>
							<String ID="string_39" HPOS="557" VPOS="769" WIDTH="186" HEIGHT="22" WC="0.91" CONTENT="tillhandakomna"/><SP WIDTH="14" VPOS="769" HPOS="743"/>
							<String ID="string_40" HPOS="757" VPOS="770" WIDTH="70" HEIGHT="26" WC="0.93" CONTENT="proto-"/>
						</TextLine>
						<TextLine ID="line_7" HPOS="69" VPOS="803" WIDTH="760" HEIGHT="29">
							<String ID="string_41" HPOS="69" VPOS="804" WIDTH="136" HEIGHT="28" WC="0.72" CONTENT="kollsutdrag"/><SP WIDTH="15" VPOS="804" HPOS="205"/>
							<String ID="string_42" HPOS="220" VPOS="805" WIDTH="40" HEIGHT="21" WC="0.93" CONTENT="har"/><SP WIDTH="14" VPOS="805" HPOS="260"/>
							<String ID="string_43" HPOS="274" VPOS="804" WIDTH="116" HEIGHT="22" WC="0.93" CONTENT="Utskottet"/><SP WIDTH="14" VPOS="804" HPOS="390"/>
							<String ID="string_44" HPOS="404" VPOS="804" WIDTH="112" HEIGHT="28" WC="0.92" CONTENT="inhemtat,"/><SP WIDTH="17" VPOS="804" HPOS="516"/>
							<String ID="string_45" HPOS="533" VPOS="806" WIDTH="33" HEIGHT="20" WC="0.93" CONTENT="att"/><SP WIDTH="14" VPOS="806" HPOS="566"/>
							<String ID="string_46" HPOS="580" VPOS="804" WIDTH="97" HEIGHT="22" WC="0.92" CONTENT="Ständen"/><SP WIDTH="11" VPOS="804" HPOS="677"/>
							<String ID="string_47" HPOS="688" VPOS="804" WIDTH="37" HEIGHT="22" WC="0.93" CONTENT="vid"/><SP WIDTH="10" VPOS="804" HPOS="725"/>
							<String ID="string_48" HPOS="735" VPOS="803" WIDTH="94" HEIGHT="23" WC="0.92" CONTENT="behand-"/>
						</TextLine>
						<TextLine ID="line_8" HPOS="69" VPOS="838" WIDTH="760" HEIGHT="29">
							<String ID="string_49" HPOS="69" VPOS="838" WIDTH="73" HEIGHT="28" WC="0.93" CONTENT="lingen"/><SP WIDTH="16" VPOS="838" HPOS="142"/>
							<String ID="string_50" HPOS="158" VPOS="838" WIDTH="25" HEIGHT="22" WC="0.93" CONTENT="af"/><SP WIDTH="13" VPOS="838" HPOS="183"/>
							<String ID="string_51" HPOS="196" VPOS="838" WIDTH="124" HEIGHT="22" WC="0.92" CONTENT="Utskottets"/><SP WIDTH="16" VPOS="838" HPOS="320"/>
							<String ID="string_52" HPOS="336" VPOS="838" WIDTH="157" HEIGHT="23" WC="0.92" CONTENT="ofvanberörda"/><SP WIDTH="15" VPOS="838" HPOS="493"/>
							<String ID="string_53" HPOS="508" VPOS="838" WIDTH="145" HEIGHT="29" WC="0.92" CONTENT="betänkande,"/><SP WIDTH="17" VPOS="838" HPOS="653"/>
							<String ID="string_54" HPOS="670" VPOS="838" WIDTH="48" HEIGHT="22" WC="0.93" CONTENT="med"/><SP WIDTH="15" VPOS="838" HPOS="718"/>
							<String ID="string_55" HPOS="733" VPOS="838" WIDTH="96" HEIGHT="28" WC="0.92" CONTENT="godkän-"/>
						</TextLine>
						<TextLine ID="line_9" HPOS="69" VPOS="872" WIDTH="758" HEIGHT="29">
							<String ID="string_56" HPOS="69" VPOS="873" WIDTH="72" HEIGHT="22" WC="0.96" CONTENT="nande"/><SP WIDTH="15" VPOS="873" HPOS="141"/>
							<String ID="string_57" HPOS="156" VPOS="873" WIDTH="26" HEIGHT="22" WC="0.93" CONTENT="af"/><SP WIDTH="12" VPOS="873" HPOS="182"/>
							<String ID="string_58" HPOS="194" VPOS="874" WIDTH="149" HEIGHT="21" WC="0.96" CONTENT="betänkandet"/><SP WIDTH="13" VPOS="874" HPOS="343"/>
							<String ID="string_59" HPOS="356" VPOS="874" WIDTH="8" HEIGHT="21" WC="0.93" CONTENT="i"/><SP WIDTH="15" VPOS="874" HPOS="364"/>
							<String ID="string_60" HPOS="379" VPOS="873" WIDTH="74" HEIGHT="28" WC="0.96" CONTENT="öfrigt,"/><SP WIDTH="17" VPOS="873" HPOS="453"/>
							<String ID="string_61" HPOS="470" VPOS="875" WIDTH="90" HEIGHT="21" WC="0.96" CONTENT="stannat"/><SP WIDTH="14" VPOS="875" HPOS="560"/>
							<String ID="string_62" HPOS="574" VPOS="873" WIDTH="8" HEIGHT="22" WC="0.95" CONTENT="i"/><SP WIDTH="10" VPOS="873" HPOS="582"/>
							<String ID="string_63" HPOS="592" VPOS="873" WIDTH="96" HEIGHT="28" WC="0.93" CONTENT="följande"/><SP WIDTH="10" VPOS="873" HPOS="688"/>
							<String ID="string_64" HPOS="698" VPOS="872" WIDTH="129" HEIGHT="29" WC="0.95" CONTENT="skiljaktiga"/>
						</TextLine>
						<TextLine ID="line_10" HPOS="69" VPOS="908" WIDTH="360" HEIGHT="28">
							<String ID="string_65" HPOS="69" VPOS="908" WIDTH="77" HEIGHT="27" WC="0.93" CONTENT="beslut,"/><SP WIDTH="16" VPOS="908" HPOS="146"/>
							<String ID="string_66" HPOS="162" VPOS="908" WIDTH="108" HEIGHT="28" WC="0.91" CONTENT="nemligen"/><SP WIDTH="16" VPOS="908" HPOS="270"/>
							<String ID="string_67" HPOS="286" VPOS="908" WIDTH="143" HEIGHT="22" WC="0.96" CONTENT="beträffande:"/>
						</TextLine>
					</TextBlock>
				</ComposedBlock>
				<ComposedBlock ID="cblock_3" HPOS="423" VPOS="1010" WIDTH="48" HEIGHT="29">
					<TextBlock ID="block_3" HPOS="423" VPOS="1010" WIDTH="48" HEIGHT="29">
						<TextLine ID="line_11" HPOS="423" VPOS="1010" WIDTH="48" HEIGHT="29">
							<String ID="string_68" HPOS="423" VPOS="1010" WIDTH="48" HEIGHT="29" WC="0.88" CONTENT="28."/>
						</TextLine>
					</TextBlock>
				</ComposedBlock>
				<ComposedBlock ID="cblock_4" HPOS="68" VPOS="1079" WIDTH="762" HEIGHT="372">
					<TextBlock ID="block_4" HPOS="68" VPOS="1079" WIDTH="762" HEIGHT="235">
						<TextLine ID="line_12" HPOS="139" VPOS="1079" WIDTH="690" HEIGHT="30">
							<String ID="string_69" HPOS="139" VPOS="1079" WIDTH="138" HEIGHT="30" WC="0.92" CONTENT="Ridderskapet"/><SP WIDTH="23" VPOS="1079" HPOS="277"/>
							<String ID="string_70" HPOS="300" VPOS="1080" WIDTH="34" HEIGHT="23" WC="0.93" CONTENT="och"/><SP WIDTH="23" VPOS="1080" HPOS="334"/>
							<String ID="string_71" HPOS="357" VPOS="1079" WIDTH="57" HEIGHT="24" WC="0.92" CONTENT="Adeln"/><SP WIDTH="23" VPOS="1079" HPOS="414"/>
							<String ID="string_72" HPOS="437" VPOS="1079" WIDTH="47" HEIGHT="28" WC="0.91" CONTENT="har"/><SP WIDTH="14" VPOS="1079" HPOS="484"/>
							<String ID="string_73" HPOS="498" VPOS="1079" WIDTH="91" HEIGHT="22" WC="0.91" CONTENT="beslutit"/><SP WIDTH="15" VPOS="1079" HPOS="589"/>
							<String ID="string_74" HPOS="604" VPOS="1080" WIDTH="33" HEIGHT="20" WC="0.96" CONTENT="att"/><SP WIDTH="15" VPOS="1080" HPOS="637"/>
							<String ID="string_75" HPOS="652" VPOS="1079" WIDTH="33" HEIGHT="21" WC="0.96" CONTENT="till"/><SP WIDTH="23" VPOS="1079" HPOS="685"/>
							<String ID="string_76" HPOS="708" VPOS="1081" WIDTH="4" HEIGHT="19" WC="0.96" CONTENT="1"/><SP WIDTH="17" VPOS="1081" HPOS="712"/>
							<String ID="string_77" HPOS="729" VPOS="1085" WIDTH="60" HEIGHT="16" WC="0.96" CONTENT="mom."/><SP WIDTH="16" VPOS="1085" HPOS="789"/>
							<String ID="string_78" HPOS="805" VPOS="1079" WIDTH="24" HEIGHT="21" WC="0.92" CONTENT="at"/>
						</TextLine>
						<TextLine ID="line_13" HPOS="69" VPOS="1113" WIDTH="759" HEIGHT="29">
							<String ID="string_79" HPOS="69" VPOS="1114" WIDTH="133" HEIGHT="27" WC="0.96" CONTENT="paragrafen"/><SP WIDTH="15" VPOS="1114" HPOS="202"/>
							<String ID="string_80" HPOS="217" VPOS="1115" WIDTH="69" HEIGHT="22" WC="0.96" CONTENT="skulle"/><SP WIDTH="19" VPOS="1115" HPOS="286"/>
							<String ID="string_81" HPOS="305" VPOS="1114" WIDTH="62" HEIGHT="28" WC="0.96" CONTENT="fogas"/><SP WIDTH="15" VPOS="1114" HPOS="367"/>
							<String ID="string_82" HPOS="382" VPOS="1116" WIDTH="33" HEIGHT="19" WC="0.93" CONTENT="ett"/><SP WIDTH="14" VPOS="1116" HPOS="415"/>
							<String ID="string_83" HPOS="429" VPOS="1113" WIDTH="80" HEIGHT="28" WC="0.96" CONTENT="tillägg"/><SP WIDTH="16" VPOS="1113" HPOS="509"/>
							<String ID="string_84" HPOS="525" VPOS="1113" WIDTH="78" HEIGHT="28" WC="0.93" CONTENT="derom,"/><SP WIDTH="17" VPOS="1113" HPOS="603"/>
							<String ID="string_85" HPOS="620" VPOS="1116" WIDTH="47" HEIGHT="25" WC="0.68" CONTENT=",,att"/><SP WIDTH="14" VPOS="1116" HPOS="667"/>
							<String ID="string_86" HPOS="681" VPOS="1113" WIDTH="147" HEIGHT="28" WC="0.93" CONTENT="tilläfventyrs"/>
						</TextLine>
						<TextLine ID="line_14" HPOS="69" VPOS="1147" WIDTH="758" HEIGHT="29">
							<String ID="string_87" HPOS="69" VPOS="1149" WIDTH="95" HEIGHT="27" WC="0.91" CONTENT="beviljad"/><SP WIDTH="20" VPOS="1149" HPOS="164"/>
							<String ID="string_88" HPOS="184" VPOS="1149" WIDTH="130" HEIGHT="23" WC="0.91" CONTENT="subvention"/><SP WIDTH="19" VPOS="1149" HPOS="314"/>
							<String ID="string_89" HPOS="333" VPOS="1149" WIDTH="58" HEIGHT="27" WC="0.93" CONTENT="finge"/><SP WIDTH="14" VPOS="1149" HPOS="391"/>
							<String ID="string_90" HPOS="405" VPOS="1148" WIDTH="38" HEIGHT="23" WC="0.93" CONTENT="vid"/><SP WIDTH="15" VPOS="1148" HPOS="443"/>
							<String ID="string_91" HPOS="458" VPOS="1148" WIDTH="173" HEIGHT="22" WC="0.91" CONTENT="bestämmandet"/><SP WIDTH="15" VPOS="1148" HPOS="631"/>
							<String ID="string_92" HPOS="646" VPOS="1148" WIDTH="25" HEIGHT="22" WC="0.93" CONTENT="af"/><SP WIDTH="12" VPOS="1148" HPOS="671"/>
							<String ID="string_93" HPOS="683" VPOS="1147" WIDTH="144" HEIGHT="29" WC="0.91" CONTENT="aktiekapita-"/>
						</TextLine>
						<TextLine ID="line_15" HPOS="68" VPOS="1182" WIDTH="760" HEIGHT="29">
							<String ID="string_94" HPOS="68" VPOS="1183" WIDTH="42" HEIGHT="22" WC="0.95" CONTENT="lets"/><SP WIDTH="15" VPOS="1183" HPOS="110"/>
							<String ID="string_95" HPOS="125" VPOS="1183" WIDTH="83" HEIGHT="22" WC="0.93" CONTENT="minimi"/><SP WIDTH="15" VPOS="1183" HPOS="208"/>
							<String ID="string_96" HPOS="223" VPOS="1184" WIDTH="77" HEIGHT="27" WC="0.96" CONTENT="belopp"/><SP WIDTH="16" VPOS="1184" HPOS="300"/>
							<String ID="string_97" HPOS="316" VPOS="1184" WIDTH="49" HEIGHT="21" WC="0.92" CONTENT="från"/><SP WIDTH="11" VPOS="1184" HPOS="365"/>
							<String ID="string_98" HPOS="376" VPOS="1183" WIDTH="268" HEIGHT="27" WC="0.91" CONTENT="anläggningskostnaden"/><SP WIDTH="11" VPOS="1183" HPOS="644"/>
							<String ID="string_99" HPOS="655" VPOS="1182" WIDTH="123" HEIGHT="28" WC="0.82" CONTENT="afräknas&#39;&#39;;"/><SP WIDTH="11" VPOS="1182" HPOS="778"/>
							<String ID="string_100" HPOS="789" VPOS="1182" WIDTH="39" HEIGHT="22" WC="0.96" CONTENT="och"/>
						</TextLine>
						<TextLine ID="line_16" HPOS="68" VPOS="1217" WIDTH="760" HEIGHT="23">
							<String ID="string_101" HPOS="68" VPOS="1217" WIDTH="46" HEIGHT="22" WC="0.89" CONTENT="blef"/><SP WIDTH="14" VPOS="1217" HPOS="114"/>
							<String ID="string_102" HPOS="128" VPOS="1219" WIDTH="116" HEIGHT="21" WC="0.92" CONTENT="momentet"/><SP WIDTH="15" VPOS="1219" HPOS="244"/>
							<String ID="string_103" HPOS="259" VPOS="1218" WIDTH="33" HEIGHT="21" WC="0.93" CONTENT="till"/><SP WIDTH="16" VPOS="1218" HPOS="292"/>
							<String ID="string_104" HPOS="308" VPOS="1218" WIDTH="113" HEIGHT="22" WC="0.92" CONTENT="Utskottet"/><SP WIDTH="16" VPOS="1218" HPOS="421"/>
							<String ID="string_105" HPOS="437" VPOS="1217" WIDTH="172" HEIGHT="22" WC="0.91" CONTENT="äterremitterat"/><SP WIDTH="15" VPOS="1217" HPOS="609"/>
							<String ID="string_106" HPOS="624" VPOS="1217" WIDTH="8" HEIGHT="21" WC="0.93" CONTENT="i"/><SP WIDTH="15" VPOS="1217" HPOS="632"/>
							<String ID="string_107" HPOS="647" VPOS="1217" WIDTH="102" HEIGHT="22" WC="0.93" CONTENT="afseende"/><SP WIDTH="14" VPOS="1217" HPOS="749"/>
							<String ID="string_108" HPOS="763" VPOS="1218" WIDTH="13" HEIGHT="20" WC="0.93" CONTENT="ä"/><SP WIDTH="10" VPOS="1218" HPOS="776"/>
							<String ID="string_109" HPOS="786" VPOS="1223" WIDTH="42" HEIGHT="15" WC="0.91" CONTENT="mo-"/>
						</TextLine>
						<TextLine ID="line_17" HPOS="68" VPOS="1251" WIDTH="762" HEIGHT="29">
							<String ID="string_110" HPOS="68" VPOS="1253" WIDTH="93" HEIGHT="20" WC="0.92" CONTENT="mentets"/><SP WIDTH="15" VPOS="1253" HPOS="161"/>
							<String ID="string_111" HPOS="176" VPOS="1252" WIDTH="174" HEIGHT="28" WC="0.96" CONTENT="omformulering"/><SP WIDTH="16" VPOS="1252" HPOS="350"/>
							<String ID="string_112" HPOS="366" VPOS="1252" WIDTH="7" HEIGHT="21" WC="0.96" CONTENT="i"/><SP WIDTH="15" VPOS="1252" HPOS="373"/>
							<String ID="string_113" HPOS="388" VPOS="1252" WIDTH="94" HEIGHT="21" WC="0.82" CONTENT="nämnda"/><SP WIDTH="13" VPOS="1252" HPOS="482"/>
							<String ID="string_114" HPOS="495" VPOS="1251" WIDTH="64" HEIGHT="28" WC="0.93" CONTENT="syfte."/><SP WIDTH="26" VPOS="1251" HPOS="559"/>
							<String ID="string_115" HPOS="585" VPOS="1251" WIDTH="86" HEIGHT="26" WC="0.92" CONTENT="Preste-,"/><SP WIDTH="12" VPOS="1251" HPOS="671"/>
							<String ID="string_116" HPOS="683" VPOS="1252" WIDTH="96" HEIGHT="28" WC="0.83" CONTENT="Borgare-"/><SP WIDTH="12" VPOS="1252" HPOS="779"/>
							<String ID="string_117" HPOS="791" VPOS="1251" WIDTH="39" HEIGHT="22" WC="0.96" CONTENT="och"/>
						</TextLine>
						<TextLine ID="line_18" HPOS="68" VPOS="1285" WIDTH="739" HEIGHT="29">
							<String ID="string_118" HPOS="68" VPOS="1285" WIDTH="145" HEIGHT="25" WC="0.92" CONTENT="Bondeständen"/><SP WIDTH="15" VPOS="1285" HPOS="213"/>
							<String ID="string_119" HPOS="228" VPOS="1286" WIDTH="66" HEIGHT="23" WC="0.93" CONTENT="hafva"/><SP WIDTH="14" VPOS="1286" HPOS="294"/>
							<String ID="string_120" HPOS="308" VPOS="1287" WIDTH="98" HEIGHT="27" WC="0.92" CONTENT="godkänt"/><SP WIDTH="15" VPOS="1287" HPOS="406"/>
							<String ID="string_121" HPOS="421" VPOS="1286" WIDTH="132" HEIGHT="28" WC="0.92" CONTENT="paragrafen"/><SP WIDTH="14" VPOS="1286" HPOS="553"/>
							<String ID="string_122" HPOS="567" VPOS="1286" WIDTH="72" HEIGHT="28" WC="0.93" CONTENT="enligt"/><SP WIDTH="14" VPOS="1286" HPOS="639"/>
							<String ID="string_123" HPOS="653" VPOS="1286" WIDTH="154" HEIGHT="22" WC="0.92" CONTENT="betänkandet."/>
						</TextLine>
					</TextBlock>
					<TextBlock ID="block_5" HPOS="69" VPOS="1320" WIDTH="759" HEIGHT="57">
						<TextLine ID="line_19" HPOS="138" VPOS="1320" WIDTH="690" HEIGHT="28">
							<String ID="string_124" HPOS="138" VPOS="1320" WIDTH="36" HEIGHT="22" WC="0.95" CONTENT="Då"/><SP WIDTH="22" VPOS="1320" HPOS="174"/>
							<String ID="string_125" HPOS="196" VPOS="1322" WIDTH="34" HEIGHT="20" WC="0.93" CONTENT="tre"/><SP WIDTH="22" VPOS="1322" HPOS="230"/>
							<String ID="string_126" HPOS="252" VPOS="1321" WIDTH="71" HEIGHT="21" WC="0.96" CONTENT="Stånd"/><SP WIDTH="21" VPOS="1321" HPOS="323"/>
							<String ID="string_127" HPOS="344" VPOS="1321" WIDTH="92" HEIGHT="21" WC="0.96" CONTENT="sålunda"/><SP WIDTH="19" VPOS="1321" HPOS="436"/>
							<String ID="string_128" HPOS="455" VPOS="1320" WIDTH="98" HEIGHT="28" WC="0.96" CONTENT="godkänt"/><SP WIDTH="16" VPOS="1320" HPOS="553"/>
							<String ID="string_129" HPOS="569" VPOS="1320" WIDTH="153" HEIGHT="28" WC="0.96" CONTENT="betänkandet,"/><SP WIDTH="17" VPOS="1320" HPOS="722"/>
							<String ID="string_130" HPOS="739" VPOS="1320" WIDTH="35" HEIGHT="22" WC="0.93" CONTENT="får"/><SP WIDTH="14" VPOS="1320" HPOS="774"/>
							<String ID="string_131" HPOS="788" VPOS="1320" WIDTH="40" HEIGHT="22" WC="0.92" CONTENT="Ut-"/>
						</TextLine>
						<TextLine ID="line_20" HPOS="69" VPOS="1355" WIDTH="314" HEIGHT="22">
							<String ID="string_132" HPOS="69" VPOS="1355" WIDTH="83" HEIGHT="21" WC="0.93" CONTENT="skottet"/><SP WIDTH="15" VPOS="1355" HPOS="152"/>
							<String ID="string_133" HPOS="167" VPOS="1355" WIDTH="111" HEIGHT="22" WC="0.91" CONTENT="vördsamt"/><SP WIDTH="15" VPOS="1355" HPOS="278"/>
							<String ID="string_134" HPOS="293" VPOS="1355" WIDTH="90" HEIGHT="22" WC="0.96" CONTENT="föreslå:"/>
						</TextLine>
					</TextBlock>
					<TextBlock ID="block_6" HPOS="208" VPOS="1391" WIDTH="620" HEIGHT="60">
						<TextLine ID="line_21" HPOS="276" VPOS="1391" WIDTH="552" HEIGHT="25">
							<String ID="string_135" HPOS="276" VPOS="1393" WIDTH="30" HEIGHT="19" WC="0.92" CONTENT="att"/><SP WIDTH="14" VPOS="1393" HPOS="306"/>
							<String ID="string_136" HPOS="320" VPOS="1392" WIDTH="151" HEIGHT="24" WC="0.90" CONTENT="Ridderskapet"/><SP WIDTH="15" VPOS="1392" HPOS="471"/>
							<String ID="string_137" HPOS="486" VPOS="1392" WIDTH="35" HEIGHT="19" WC="0.93" CONTENT="och"/><SP WIDTH="16" VPOS="1392" HPOS="521"/>
							<String ID="string_138" HPOS="537" VPOS="1391" WIDTH="67" HEIGHT="21" WC="0.91" CONTENT="Adeln"/><SP WIDTH="10" VPOS="1391" HPOS="604"/>
							<String ID="string_139" HPOS="614" VPOS="1392" WIDTH="44" HEIGHT="20" WC="0.96" CONTENT="ville"/><SP WIDTH="9" VPOS="1392" HPOS="658"/>
							<String ID="string_140" HPOS="667" VPOS="1392" WIDTH="113" HEIGHT="24" WC="0.92" CONTENT="godkänna"/><SP WIDTH="10" VPOS="1392" HPOS="780"/>
							<String ID="string_141" HPOS="790" VPOS="1392" WIDTH="13" HEIGHT="22" WC="0.91" CONTENT="$"/><SP WIDTH="10" VPOS="1392" HPOS="803"/>
							<String ID="string_142" HPOS="813" VPOS="1392" WIDTH="15" HEIGHT="19" WC="0.96" CONTENT="2"/>
						</TextLine>
						<TextLine ID="line_22" HPOS="208" VPOS="1426" WIDTH="217" HEIGHT="25">
							<String ID="string_143" HPOS="208" VPOS="1426" WIDTH="62" HEIGHT="25" WC="0.96" CONTENT="enligt"/><SP WIDTH="15" VPOS="1426" HPOS="270"/>
							<String ID="string_144" HPOS="285" VPOS="1427" WIDTH="140" HEIGHT="20" WC="0.96" CONTENT="betänkandet."/>
						</TextLine>
					</TextBlock>
				</ComposedBlock>
				<ComposedBlock ID="cblock_5" HPOS="141" VPOS="1469" WIDTH="488" HEIGHT="24">
					<TextBlock ID="block_7" HPOS="141" VPOS="1469" WIDTH="488" HEIGHT="24">
						<TextLine ID="line_23" HPOS="141" VPOS="1469" WIDTH="488" HEIGHT="24">
							<String ID="string_145" HPOS="141" VPOS="1469" WIDTH="77" HEIGHT="23" WC="0.91" CONTENT="Bihang"/><SP WIDTH="13" VPOS="1469" HPOS="218"/>
							<String ID="string_146" HPOS="231" VPOS="1470" WIDTH="30" HEIGHT="18" WC="0.93" CONTENT="till"/><SP WIDTH="13" VPOS="1470" HPOS="261"/>
							<String ID="string_147" HPOS="274" VPOS="1470" WIDTH="139" HEIGHT="23" WC="0.91" CONTENT="Lagutskottets"/><SP WIDTH="13" VPOS="1470" HPOS="413"/>
							<String ID="string_148" HPOS="426" VPOS="1469" WIDTH="118" HEIGHT="18" WC="0.95" CONTENT="betänkande"/><SP WIDTH="12" VPOS="1469" HPOS="544"/>
							<String ID="string_149" HPOS="556" VPOS="1475" WIDTH="33" HEIGHT="13" WC="0.89" CONTENT="n:o"/><SP WIDTH="13" VPOS="1475" HPOS="589"/>
							<String ID="string_150" HPOS="602" VPOS="1470" WIDTH="27" HEIGHT="17" WC="0.96" CONTENT="12."/>
						</TextLine>
					</TextBlock>
				</ComposedBlock>
			</PrintSpace>
		</Page>
	</Layout>
</alto>
