1056 1725
260 96 13 20 4
568 95 39 21 N:o
624 97 33 19 41.

230 164 78 26 nödigt
323 163 33 21 för
372 164 192 21 åstadkommande
581 164 23 21 af
618 164 70 21 andra
703 164 113 27 truppslag
833 167 27 19 än
877 165 36 21 det
923 165 71 21 infan-

231 198 49 26 teri,
297 204 46 14 som
360 197 54 21 först
429 198 71 20 skulle
515 198 128 27 uppställas.

300 232 76 21 Ehuru
393 232 25 21 de
434 232 35 21 nio
486 232 302 28 skarpskyttebataljonernas
805 233 40 21 och
861 234 26 20 de
903 232 90 22 afsedda

231 266 237 28 kavalleritruppernas
484 267 163 26 sammanlagda
661 267 162 21 fredsnumerär
835 268 20 27 ej
866 268 85 20 komme
963 269 32 19 att

230 303 74 25 uppgå
319 301 34 22 till
369 308 46 14 mer
431 303 28 19 än
475 301 63 27 högst
554 303 61 26 5,671
634 308 56 21 man,
706 302 90 21 föreslås
808 303 55 20 dock
875 303 36 20 det
921 303 8 20 i
939 308 56 15 mer-

231 336 94 21 berörda
339 337 38 20 121
390 337 11 26 $
412 336 113 22 bestämda
536 337 87 20 maximi
634 337 93 21 antalets
740 337 124 27 förhöjning
872 337 34 21 till
915 337 6 21 i
931 337 65 21 rundt

231 371 33 20 tal
280 372 64 26 6,000
360 377 57 15 man.
438 371 43 21 Det
497 373 24 19 är
537 371 108 26 nemligen
662 371 23 21 af
699 371 151 22 erfarenheten
863 371 132 28 ådagalagdt

231 407 33 19 att
287 406 32 20 till
343 405 52 27 följd
418 405 23 22 af
463 406 112 21 kassation
592 406 40 21 och
648 407 68 20 andra
732 406 90 21 orsaker
838 413 26 14 en
880 407 47 20 icke
945 407 49 20 obe-

231 440 69 27 tydlig
325 439 79 27 afgång
428 447 51 20 eger
494 447 47 14 rum
558 440 48 21 från
623 441 36 20 det
675 441 112 26 manskap,
804 447 45 15 som
866 441 41 21 den
925 442 9 20 1
951 441 43 21 No-

232 475 88 20 vember
337 475 75 26 hvarje
429 474 24 21 år
469 475 97 20 inträder
582 475 35 20 vid
633 477 125 25 trupperna.
780 475 42 20 För
839 477 32 19 att
885 475 109 21 bibehålla

232 511 120 24 trupperna
368 509 35 20 vid
419 515 26 14 en
462 511 101 19 numerär
579 510 24 20 så
619 511 54 20 nära
688 516 46 15 som
745 509 85 27 möjligt
841 510 151 21 motsvarande

233 543 38 21 det
294 543 6 21 i
321 545 98 19 staterna
438 543 34 21 för
489 543 47 21 dem
552 543 113 22 faststälda
681 544 65 26 antal,
763 546 24 19 är
803 544 37 21 det
855 544 72 21 derför
943 545 52 20 nöd-

232 578 90 27 vändigt
341 580 33 19 att
393 578 96 21 beräkna
505 578 192 27 årskontingenten
713 580 24 19 så
752 578 42 28 hög
810 585 46 15 som
872 579 41 21 den
929 580 66 20 emot-

234 613 67 21 sedda
325 613 106 27 afgången
455 613 105 26 påkallar.
591 613 49 21 Men
661 613 60 21 detta
736 619 51 15 vore
803 613 48 21 icke
866 614 79 26 görligt
961 619 34 15 om

234 647 19 27 ej
272 647 37 21 det
324 647 7 21 i
347 647 36 27 lag
400 647 111 21 bestämda
527 647 88 21 maximi
631 648 82 20 antalet
729 647 121 27 öfverstege
866 649 129 25 truppernas

233 682 72 20 totala
321 684 102 18 numerär
439 682 68 26 enligt
522 684 50 18 stat.

304 716 32 21 På
359 717 69 26 grund
451 716 24 21 af
496 716 36 21 det
557 716 63 21 ofvan
636 716 91 21 anförda
743 716 39 20 har
797 716 61 21 Hans
873 716 124 26 Kejserliga

232 750 104 28 Majestät
360 752 57 20 velat
441 751 33 21 till
497 751 132 21 Ständernas
644 750 161 28 handläggning
821 751 6 20 i
843 751 68 21 nåder
927 750 69 22 öfver-

234 786 73 20 lemna
322 785 95 27 följande
434 786 81 26 förslag
531 786 34 20 till
581 785 117 21 förändrad
714 785 83 27 lydelse
813 785 24 21 af
851 785 108 21 särskilda
971 784 24 28 $8

233 820 7 20 i
264 820 206 27 värnepligtslagen,
490 822 32 19 att
541 820 86 27 intagas
643 820 6 21 i
666 820 36 21 det
717 819 82 27 förslag
814 820 33 20 till
863 819 132 27 förordning,

234 854 114 27 angående
364 855 90 27 ändring
470 854 23 21 af
507 855 69 21 andra
591 855 24 28 $$
631 854 7 21 i
654 861 82 15 samma
751 854 41 27 lag,
804 854 83 21 hvilket
899 854 48 21 med
957 854 39 21 nå-

234 889 52 27 diga
302 890 159 26 propositionen
479 895 32 15 n:r
528 890 25 20 17
570 889 71 33 blifvit
656 889 34 21 till
707 889 122 21 Ständerna
846 888 84 22 aflätet:

583 947 12 27 8
610 947 35 20 86.

304 993 32 20 De
360 993 33 20 till
416 992 60 21 aktiv
495 992 67 27 tjenst
578 992 90 21 utsedde
684 992 157 27 värnepligtige
857 992 95 21 fördelas
967 991 29 27 pä

234 1027 28 21 de
278 1027 75 21 aktiva
368 1029 118 26 trupperna
501 1027 97 27 sälunda,
615 1030 32 18 att

307 1063 32 20 1:0
355 1061 33 22 för
403 1061 206 28 gardesbataljoneh
625 1061 67 28 väljas
709 1062 72 21 dertill
792 1061 75 27 villiga
877 1061 40 21 och
928 1061 68 26 lämp-

234 1096 45 27 liga
296 1103 103 20 personer
415 1098 52 19 utan
483 1096 102 21 afseende
602 1096 12 21 &
630 1097 63 20 deras
709 1097 94 25 hemort;

305 1132 34 20 2:0
363 1131 32 21 för
418 1131 225 27 kavalleritrupperna
661 1133 89 25 uttagas
770 1131 33 27 de,
819 1130 74 22 hvilka
908 1129 89 23 erhållit

234 1166 74 26 lägsta
324 1166 160 20 lottnumrorna
499 1166 40 20 och
555 1168 39 19 äro
610 1166 34 21 till
659 1166 151 27 ryttaretjenst
825 1165 96 27 tjenlige,
939 1167 58 19 samt

305 1201 35 20 3:o
364 1200 124 21 återstoden
511 1200 60 21 delas
595 1200 92 21 emellan
706 1200 70 26 öfriga
794 1202 96 24 trupper,
906 1199 90 21 hvarvid

234 1234 112 28 iakttages
370 1236 32 19 att
425 1234 80 22 enhvar
520 1234 72 21 sävidt
607 1234 84 27 möjligt
706 1234 69 21 kallas
790 1234 34 21 till
840 1234 67 21 sådan
923 1236 72 25 trupp,

234 1269 66 21 hvars
322 1269 127 21 stationsort
472 1269 68 21 under
559 1269 94 21 fredstid
672 1269 47 21 icke
736 1271 24 19 är
776 1268 49 22 från
841 1268 54 21 hans
911 1268 86 22 hemort

235 1303 105 27 aflägsen.

305 1334 31 25 Är
360 1338 107 21 afståndet
489 1337 79 21 mellan
592 1337 155 27 värnepligtigs
770 1337 85 21 hemort
879 1337 39 21 och
935 1338 60 20 orten

235 1372 32 21 dit
290 1372 44 21 han
358 1372 69 21 blifvit
450 1372 101 20 anbefald
575 1374 32 18 att
627 1372 34 20 till
677 1372 60 21 aktiv
753 1371 144 27 tjenstgöring
912 1371 33 27 sig
960 1371 35 21 be-

233 1406 67 28 gifva,
316 1407 76 27 längre
409 1408 26 19 än
455 1406 74 21 femtio
548 1406 121 26 kilometer,
686 1406 56 21 skall
757 1406 43 20 han
817 1405 24 21 af
854 1406 83 20 kronan
951 1405 44 21 för-
