1056 1725
248 112 15 20 4
438 110 65 24 Ständ.
519 111 30 24 $v.
565 124 28 3 —
608 111 54 30 Prop.
678 111 31 24 H:o
725 111 35 24 34.

221 178 111 26 transport
347 178 48 21 med
414 178 50 22 häst
479 178 23 22 af
515 179 74 27 tyngre
604 185 38 21 per
655 180 88 26 jernväg
759 178 92 44 anlända
866 174 111 52 exportva-

220 218 44 21 rör,
279 212 71 23 säsvit
363 213 111 27 trävaror,
481 216 66 24 tjära,
558 213 68 23 hafre
633 214 42 21 ete.
754 215 15 4 1

290 247 44 21 Det
348 254 37 15 var
399 247 34 22 för
448 248 32 21 att
495 247 92 28 afhjelpa
602 249 71 21 denna
688 248 119 28 olägenhet,
823 254 46 16 som
883 248 95 22 Nikolai-

222 282 59 21 stads
297 281 194 29 stadsfullmäktige
505 282 66 22 redan
587 282 24 22 år
627 283 56 22 1882
698 282 85 29 ingäfvo
799 282 133 29 underdänig
942 289 37 16 an-

222 315 72 23 hällan
314 323 34 15 om
363 317 161 30 utsträckandet
539 317 22 21 af
575 317 66 23 Wasa
653 318 90 27 jernväg
758 318 33 21 till
807 317 85 22 Brändö
907 317 70 28 gamla

223 351 128 28 hamnplats,
375 352 38 21 och
436 358 46 15 som
505 352 26 21 de
549 352 126 27 sedermera,
696 352 146 22 understödda
857 352 42 22 af
891 347 13 37 i
914 352 66 21 saken

223 385 69 22 hörda
306 386 154 27 myndigheter,
471 386 54 22 efter
535 393 82 15 vunnen
628 387 113 27 utredning
752 393 34 15 om
797 386 99 22 Wasklot
905 387 75 21 hamns

223 419 115 28 företräde,
354 420 85 22 anhöllo
455 427 35 16 om
505 421 123 22 utförandet
643 421 23 22 af
679 422 95 21 bibanan
788 421 35 22 till
838 421 104 22 Wasklot.

293 454 165 27 Uppskattande
479 455 41 22 den
540 457 59 20 stora
612 456 126 27 betydelsen
753 455 23 22 af
790 462 27 15 en
831 455 49 22 med
893 455 88 27 jernväg

224 489 121 21 förbunden
361 489 50 28 djup
427 490 39 21 och
481 490 75 27 rymlig
576 490 64 21 hamn
655 490 34 21 för
705 496 26 15 en
747 489 24 23 sä
785 490 86 27 lifaktig
885 490 42 27 sjö-
942 489 39 22 och

225 523 139 22 handelsstad
380 530 44 16 som
440 525 140 27 Nikolaistad,
601 527 55 20 samt
675 525 101 22 inseende
791 527 32 20 att
837 523 145 29 packhusspä-

225 560 33 20 ret
280 558 47 22 icke
348 558 62 28 fyller
431 559 36 22 det
485 559 48 22 med
552 559 95 23 bibanan
666 559 90 23 afsedda
776 559 127 27 ändamålet,
919 559 64 22 hafva

226 593 121 22 Ständerna
361 594 34 22 väl
411 596 77 25 ansett,
504 596 31 20 att
551 594 25 22 de
591 595 7 21 i
613 594 135 23 Nikolaistad
759 594 130 28 förefintliga
899 594 84 28 olägen-

226 628 92 22 heterna
332 628 34 22 för
386 628 102 28 sjöfarten
509 629 38 21 och
565 629 93 21 handeln
673 629 46 22 icke
735 631 37 20 äro
788 628 25 22 sä
825 631 65 25 stora,
906 630 32 20 att
953 630 31 20 ett

227 663 133 22 omedelbart
379 663 114 23 utförande
511 664 33 21 för
563 665 82 21 statens
660 664 91 26 räkning
765 664 24 21 af
803 664 41 22 den
859 663 125 27 ifrägasatta

227 698 94 22 bibanan
336 700 83 20 ensamt
433 698 67 22 borde
519 698 160 28 ifrägakomma,
695 704 49 16 men
759 698 102 27 deremot,
877 699 7 21 i
899 698 85 22 betrak-

227 732 65 22 tande
312 732 23 22 af
349 732 26 22 de
389 734 58 21 stora
465 733 92 22 fördelar
577 732 138 23 oftanämnda
733 733 80 21 bibana
834 733 33 21 till
887 732 98 22 Wasklot

229 767 40 21 och
284 767 193 28 hamnanläggning
497 768 108 22 derstädes
626 768 157 26 otvifvelaktigt
800 767 69 22 skulle
883 766 102 28 medföra,

230 803 88 21 stannat
338 802 35 22 vid
392 802 77 22 sädant
483 802 70 22 beslut
567 803 33 21 att
614 802 39 22 hos
669 802 67 22 Eders
752 802 119 27 Kejserliga
886 802 101 27 Majestät

229 836 8 22 i
253 836 170 28 underdänighet
437 836 80 23 föreslä
531 839 32 19 att
578 837 69 21 denna
662 837 80 21 bibana
754 837 67 27 jemte
836 836 151 28 hamnanlägg-

228 867 55 31 ning
298 871 8 22 i
320 871 95 28 enlighet
436 871 49 22 med
501 872 70 21 derför
590 872 115 27 uppgjordt
725 871 80 27 förslag
820 871 67 22 måtte
902 871 85 22 komma

231 906 33 21 till
280 905 114 23 utförande
409 907 7 20 i
431 906 102 22 händelse
548 906 145 22 Nikolaistads
708 906 109 27 kommun,
834 905 83 22 utöfver
932 905 56 22 hvad

232 941 42 22 den
289 941 67 21 redan
370 941 97 27 utlofvat,
483 941 108 22 förbinder
606 941 32 27 sig
651 941 34 21 till
695 942 32 21 ett
737 947 59 15 mera
806 941 121 27 betydande
937 947 51 21 pen-

232 975 148 28 ningebidrag.
405 975 112 22 Storleken
531 975 24 22 af
569 976 59 21 detta
642 975 76 28 bidrag
729 975 64 22 hafva
804 975 126 26 Ständerna,
941 975 48 22 med

232 1010 102 22 afseende
349 1010 57 27 derä,
422 1011 33 21 att
474 1011 76 22 staden
572 1011 83 21 komme
675 1012 33 20 att
722 1010 119 22 vidkännas
856 1010 81 27 ganska
952 1011 37 20 be-

232 1045 94 27 tydande
348 1045 115 22 kostnader
485 1052 75 21 genom
583 1045 185 28 nödvändigheten
786 1046 33 21 att
839 1045 33 21 till
892 1045 98 21 Wasklot

234 1079 122 28 Ofverflytta
374 1080 115 27 tjärhofvet
509 1081 38 21 och
563 1081 31 21 att
610 1080 37 21 der
662 1079 91 28 uppföra
768 1086 41 21 nya
825 1079 96 28 magasin
936 1081 55 20 samt

233 1115 69 21 andra
316 1114 181 28 begvämligheter
511 1115 33 21 för
559 1115 184 21 handelsrörelsen
760 1114 40 22 och
808 1114 110 28 sjöfarten,
929 1114 62 21 hvar-

234 1149 74 22 ibland
324 1149 62 22 äfven
400 1149 68 22 mäste
483 1149 50 28 ingä
547 1149 58 28 kajer
620 1149 35 23 vid
665 1149 107 28 grundare
783 1150 72 21 vatten
866 1148 34 22 för
909 1148 82 22 mindre

235 1183 113 27 farkoster,
371 1185 71 20 ansett
464 1184 46 22 icke
532 1184 53 22 böra
607 1184 77 22 fixeras
703 1184 67 26 högre
791 1185 28 20 än
838 1182 107 22 mähända
959 1182 33 22 till

234 1218 84 22 hälften
336 1218 23 22 af
373 1218 41 22 den
429 1218 126 28 ifrågasatta
569 1218 74 28 kajens
658 1218 241 28 anläggningskostnad.
929 1217 64 22 Kost-

235 1253 72 21 naden
329 1252 34 22 för
382 1253 92 21 bibanan
490 1253 32 21 till
537 1252 98 22 Wasklot
647 1253 65 27 jemte
728 1252 130 28 anläggning
878 1252 23 21 af
915 1258 26 16 en
957 1258 36 15 en-

235 1288 37 20 kel
287 1287 35 27 kaj
338 1288 110 21 derstädes
467 1288 39 21 och
525 1287 132 28 uppförande
672 1288 23 21 af
707 1287 118 27 varuskjul,
841 1286 97 28 magasin
953 1286 40 22 och

236 1322 132 27 boningshus
390 1322 33 21 för
439 1322 128 28 jernvägens
586 1322 65 22 behof
667 1322 95 28 angifves
782 1322 7 21 i
805 1321 78 27 nädiga
899 1321 95 27 proposi-

237 1357 74 21 tionen
328 1357 33 21 till
379 1356 92 27 620,000
489 1357 66 27 mark,
574 1357 52 22 eller
640 1357 49 21 med
705 1358 31 20 ett
752 1356 23 22 af
787 1355 206 29 jernvägsstyrelsen

237 1391 7 23 i
260 1391 49 22 dess
324 1391 146 28 underdäniga
487 1392 98 28 yttrande
603 1392 74 27 nödigt
697 1391 78 22 ansedt
789 1391 75 27 tillägg
879 1390 23 21 af
917 1390 78 28 20,000
