1056 1725
234 118 13 18 4
541 116 40 20 N:o
599 116 33 20 34.

205 184 284 26 anläggningskostnaderna
503 184 33 22 till
548 186 113 24 6,005,693
673 184 68 26 mark,
755 184 53 20 eller
819 185 77 23 55,007
909 184 62 21 mark

205 225 40 20 per
260 220 65 19 verst.

278 252 61 22 Efter
363 253 34 21 det
421 254 64 20 ofvan
508 253 141 21 omförmälda
674 253 217 21 komitö&betänkande
910 252 61 26 afpif-

206 288 48 25 vits,
271 287 63 21 hafva
350 295 75 20 genom
442 284 181 30 Öfverstyrelsens
639 287 33 21 för
688 289 49 24 väg-
755 287 37 21 och
805 288 166 26 vattenbysgna-

206 323 66 20 derna
296 323 88 26 försorg,
408 323 27 27 pä
454 323 82 20 enskild
551 323 126 26 bekostnad,
694 322 36 21 två
746 323 127 20 alternativa
889 323 81 20 sträck-

205 357 77 26 ningar
304 357 33 21 för
360 364 26 14 en
405 358 89 26 jernväg
517 358 78 19 mellan
618 357 144 20 Tammerfors
787 357 38 20 och
841 357 130 26 Björneborg

207 391 61 26 längs
291 391 69 21 Kumo
381 391 70 26 elfdal,
469 392 39 20 den
524 398 40 14 ena
581 391 44 21 helt
642 392 37 20 och
697 391 66 20 hållet
779 397 51 14 norr
846 397 34 14 om
897 391 74 26 elfven,

208 426 41 20 den
264 426 67 20 andra
347 426 44 21 dels
406 433 57 19 norr,
479 427 44 20 dels
539 427 62 20 söder
617 433 34 14 om
668 427 129 24 densamma,
809 426 104 20 hvardera
924 425 49 20 med

208 460 148 26 utsträckning
378 461 32 20 till
430 460 65 21 Räfsö
512 461 69 24 hamn,
600 460 66 21 blifvit
684 460 68 21 under
767 460 97 21 sistlidne
881 465 92 14 sommar

208 494 87 21 okulärt
319 495 129 20 undersökta
469 495 37 20 och
523 494 283 27 anläggningskostnaderna
824 494 31 20 för
873 494 46 20 dem
937 501 36 19 ap-

208 529 138 26 proximativt
362 529 131 25 beräknade;
509 529 108 20 hvarefter
629 529 25 20 de
665 529 6 20 i
683 529 87 20 ärendet
783 529 112 20 tillkomna
907 529 66 20 hand-

208 563 69 27 lingar
294 563 69 21 blifvit
379 564 22 20 af
415 564 90 20 utsedda
523 564 78 20 ombud
617 563 33 21 för
666 564 111 20 Kauvatsa
794 563 48 21 med
853 564 49 20 flere
914 563 59 21 kom-

208 604 76 14 muner
301 599 31 19 till
350 600 90 19 Senaten
457 599 124 20 inlemnade.

283 632 261 27 Anläggningskostnaden
562 632 32 21 för
611 633 34 20 det
661 639 64 14 norra
751 633 136 20 alternativet
905 634 22 18 är
939 632 35 20 be-

210 667 82 20 räknad
315 667 32 20 till
372 669 113 24 7,828,000
509 667 66 25 mark,
594 668 38 20 och
649 667 32 21 för
698 667 35 20 det
751 667 60 20 södra
839 667 134 21 alternativet

210 701 33 21 till
263 704 113 23 7,779,000
393 702 67 20 mark.

284 736 63 20 Hvad
370 736 102 21 beträffar
495 736 140 26 Björneborgs
656 736 59 20 stads
732 736 74 26 bidrag
822 736 31 21 till
871 736 30 20 ifri

211 770 68 21 rande
300 770 236 27 jeruväesanläggning,
561 770 63 21 hafva
648 770 116 21 förstärkte
781 770 193 26 stadsfullmäktige

211 805 7 20 i
234 805 91 20 nämnda
343 805 46 20 stad
406 805 34 20 vid
456 805 157 20 sammanträde
631 805 38 20 den
688 807 11 19 5
717 805 42 26 Maj
773 807 51 19 1887
837 806 85 19 beslutit
936 808 37 22 att,

210 839 74 21 derest
308 839 117 27 byggandet
448 840 23 20 af
493 846 24 14 en
541 840 156 26 normalspårig
719 840 90 26 jernväg
825 839 45 21 från
887 839 88 21 Urdiala

210 874 81 20 station
308 874 12 20 å
335 869 158 30 Åbo—Toijala
510 875 68 20 banan
594 875 31 20 till
645 875 130 26 Björneborg
793 874 95 20 komimer
899 877 29 18 att
942 876 33 18 ut-

210 908 58 21 föras
293 908 27 26 pä
344 909 140 20 statsverkets
500 909 118 20 bekostnad
634 909 37 20 och
689 909 82 20 arbetet
789 909 11 20 å
816 909 68 20 banan
900 909 75 26 päbör-

208 943 36 26 jas
260 943 57 20 inom
334 943 22 20 är
376 945 58 24 1889,
446 943 141 26 Björneborgs
599 943 162 21 stadskommiun
773 943 54 20 skall
840 943 47 20 med
897 945 76 23 25,000

211 977 62 20 mark
290 977 81 26 årligen
387 977 72 21 härtill
478 977 83 27 bidraga
580 977 66 21 under
662 978 63 25 högst
741 981 27 18 40
786 977 34 21 års
831 977 37 26 tid,
881 977 53 21 dock
945 977 30 26 sä,

211 1013 33 19 att
260 1011 65 26 sagde
341 1011 74 27 bidrag
431 1012 65 20 redan
511 1012 145 21 dessförinnan
672 1012 69 21 skulle
759 1012 103 27 upphöra,
879 1012 23 20 sä
918 1014 58 19 snart

211 1046 73 20 banan
308 1045 96 21 lemnade
428 1046 39 20 den
491 1048 65 22 ränta,
582 1053 45 14 som
644 1049 70 18 staten
731 1048 77 24 ansäge
825 1047 32 25 sig
873 1047 51 19 böra
941 1047 34 20 be-

212 1081 68 20 räkna
297 1080 12 21 ä
320 1081 45 20 sina
378 1081 123 26 jernvägar;
518 1081 38 20 och
572 1081 63 20 hafva
651 1081 118 20 förstärkte
781 1081 194 26 stadsfullmäktige

212 1115 7 20 i
235 1114 168 27 underdänighet
420 1115 89 20 anhällit
525 1118 29 18 att
572 1116 132 26 proposition
724 1115 4 20 i
746 1115 76 26 antydt
839 1115 54 27 syfte
909 1115 67 21 måtte

212 1149 257 22 förstsammanträdande
486 1150 90 21 Ständer
592 1150 128 27 föreläggas.

286 1184 99 20 Dvrefter
400 1184 63 21 hafva
479 1184 114 21 förstärkte
611 1185 196 26 stadsfulimäktige
824 1186 5 19 i
839 1185 136 26 Björneborg,

211 1220 133 26 ytterligare,
368 1219 27 26 på
414 1219 69 26 grund
499 1219 22 20 af
536 1220 75 23 beslut,
628 1219 79 21 fattadt
725 1220 40 20 den
782 1222 11 18 9
809 1220 88 20 Januari
916 1222 59 23 1888,

212 1254 32 20 uti
268 1260 25 14 en
310 1254 39 20 den
368 1256 22 18 11
409 1254 6 20 i
432 1260 80 14 samma
527 1253 77 21 månad
621 1254 31 20 till
670 1255 94 19 Senaten
780 1254 99 26 ingifven,
897 1253 22 20 af
933 1256 43 18 sär-

212 1288 72 21 skilda
308 1288 74 20 kartor
405 1288 39 20 och
467 1288 125 26 handiingar
615 1288 75 26 ätföijd
711 1288 70 25 skrift,
795 1288 67 26 jemte
878 1287 99 21 anhållan

212 1329 36 14 om
264 1323 161 26 framläggande
441 1322 32 21 för
489 1325 58 18 snart
563 1322 201 20 sammanträdande
781 1322 90 21 Ständer
883 1322 22 20 af
914 1321 63 27 nådig

211 1358 134 26 proposition
369 1364 33 14 om
426 1357 109 27 byggande
558 1356 23 21 af
603 1364 24 13 en
649 1358 111 19 statsbana
776 1357 77 20 mellan
869 1356 108 21 Tammer-

212 1391 45 21 fors
274 1392 38 20 och
328 1392 137 26 Björneborg,
482 1392 55 20 helst
553 1391 48 20 med
618 1391 148 30 utsträckning
781 1391 32 21 till
829 1390 66 21 Räfsö
907 1390 69 26 hamn,

211 1428 58 19 samt
291 1426 50 21 med
364 1426 110 21 uttalande
498 1426 23 21 af
539 1426 35 20 det
591 1425 160 28 önskningsmål
767 1428 32 18 att
815 1425 68 21 banan
901 1425 76 26 droges
