1056 1725
322 118 22 18 U.
358 117 22 19 B.
394 127 19 3 —
427 116 61 24 Prop.
501 116 39 19 N:o
550 116 31 18 41.
792 116 11 17 5

78 176 91 25 antagits,
188 176 59 20 hafva
266 176 96 25 nemligen
381 176 61 24 nägra
457 175 22 20 af
493 175 106 19 utskottets
615 174 124 20 medlemmar
754 174 71 18 uttalat

78 210 36 20 den
129 210 57 26 äsigt,
202 213 28 17 att
246 210 22 20 de
284 210 108 20 obevärade
407 209 104 20 framdeles
527 209 6 19 i
549 209 66 25 regeln
631 208 60 20 borde
703 208 39 20 fast
753 208 71 19 anstäl-

78 244 29 19 las
122 244 36 20 och
173 245 6 18 i
194 244 58 20 sådan
268 244 91 20 händelse
374 244 43 19 icke
432 244 77 19 helleri
523 243 166 19 fredsnumerären
702 242 122 20 inberäknas.

78 278 39 20 Till
132 279 43 19 stöd
191 278 29 20 för
236 279 61 19 denna
312 279 52 24 äsigt
378 278 36 19 har
429 278 125 24 framhällits,
571 277 91 20 hurusom
677 277 23 20 de
713 276 111 25 värneplig-

78 313 40 25 tige
136 313 76 20 inträda
230 314 6 18 i
255 313 72 20 militär
346 313 58 25 tjenst
423 313 30 19 för
469 315 30 16 att
514 312 75 19 utbilda
605 312 30 25 sig
651 312 7 19 i
673 317 86 19 vapnens
775 311 49 19 bruk

78 347 36 20 och
131 347 109 26 derigenom
260 347 62 20 blifva
338 347 80 26 duglige
433 347 31 19 till
479 347 36 18 sitt
529 346 56 19 lands
600 346 83 24 försvar,
699 345 67 20 medan
783 345 40 19 der-

78 385 50 16 emot
150 382 24 19 de
196 382 121 25 sysslanden,
332 382 69 19 hvilka
420 381 104 20 ähvälfvas
543 381 23 19 de
585 380 116 24 obevärade,
720 379 105 26 ingalunda

78 423 46 13 vore
140 416 72 25 egnade
228 418 29 17 att
272 416 94 25 befrämja
380 416 53 19 detta
448 415 59 26 syfte.

146 451 93 19 Häremot
257 451 35 19 har
311 450 48 20 dock
379 451 50 18 inom
448 449 97 20 utskottet
563 449 106 22 anmärkts,
688 450 29 18 att
735 447 90 26 samtliga

78 486 89 25 uppdrag
189 485 35 20 och
243 485 86 25 göromäl
344 485 34 19 vid
393 487 107 22 trupperna
515 484 6 19 i
537 484 28 19 sin
581 490 43 13 mon
639 483 42 19 afse
696 482 75 20 landets
786 482 37 19 för-

78 527 51 17 svar,
152 519 80 20 hvarför
258 519 124 20 förenämnda
400 519 74 24 förslag
495 520 74 17 ansetts
592 518 43 19 icke
655 517 170 20 öfverensstämma

78 555 42 19 med
139 554 155 26 uppfattningen,
314 556 28 17 att
361 553 35 20 vär
414 553 74 19 militär
506 552 59 19 borde
584 554 79 24 utgöras
678 551 21 20 af
713 551 111 25 värneplig-

78 590 46 24 tige,
147 595 42 13 men
208 589 85 19 deremot
310 588 43 20 icke
372 588 30 19 till
421 588 64 25 någon
500 590 61 17 större
577 586 31 20 del
623 587 96 25 inrymma
734 585 90 20 värfvadt

78 624 100 24 manskap.

146 658 96 19 Afseonde
261 664 57 19 synes
335 658 73 25 jemväl
428 658 47 19 böra
497 658 61 18 fästas
581 657 34 19 vid
634 657 36 19 den
689 656 62 20 ökade
767 658 56 17 stats-

78 692 65 26 utgift,
162 699 41 12 som
222 692 65 20 blefve
306 699 22 13 en
348 692 47 25 följd
415 692 61 25 deraf,
492 694 29 17 att
535 692 24 19 de
574 691 115 25 obevärade,
705 690 69 20 hvilka
789 691 34 19 ka-

78 726 90 20 valleriet
189 726 128 20 inberäknadt
336 727 74 19 komme
428 729 29 17 att
475 727 65 25 uppgä
557 726 31 19 till
606 726 59 25 nägot
684 731 39 13 mer
741 728 23 16 än
783 724 40 20 400

78 767 49 18 man,
147 762 5 18 i
171 761 67 25 regeln
262 761 64 19 blefve
347 761 39 19 fast
408 760 94 26 anstälde,
517 760 68 20 medan
605 760 30 20 för
653 759 120 20 närvarande
791 759 33 19 vid

77 796 226 25 infanteribataljonerna
318 796 68 18 endast
402 795 32 19 89.
442 795 109 19 obevärade
565 795 80 19 befinna
659 795 30 24 sig
704 794 7 19 i
726 800 23 13 en
765 793 58 19 sådan

78 830 209 24 undantagsställning.
307 830 104 19 Dessutom
425 830 72 24 skulle,
513 836 30 12 om
559 830 35 19 ock
611 829 89 25 samtlige
715 828 108 20 obevärade

78 864 65 19 blefve
159 864 39 19 fast
212 864 88 19 anstälde
314 864 36 20 och
370 864 140 20 fränräknades
529 864 174 24 fredsnumerären,
721 863 24 19 de
763 869 60 13 nuva-

77 899 60 18 rande
158 898 261 26 skarpskyttebataljonerna
439 899 60 25 jemte
521 899 32 19 det
575 898 111 25 föreslagna
708 897 116 20 kavalleriet

77 933 43 19 icke
135 933 31 19 till
181 933 49 19 fullo
245 933 106 25 inrymmas
366 933 50 20 inom
432 939 65 14 ramen
513 933 21 19 af
549 932 54 20 5000
619 939 50 13 man.

145 967 45 19 Med
204 967 91 20 afseende
310 967 48 20 härä
373 967 35 20 har
423 967 96 20 utskottet
533 967 44 20 icke
592 967 74 19 kunnat
681 967 80 19 omfatta
773 966 48 19 före-

78 1001 82 20 nämnda
175 1001 81 25 förslag,
272 1001 36 20 och
323 1002 25 19 dä
365 1002 106 19 detsamma
487 1001 74 26 jemväl
578 1001 81 20 innebär
678 1007 23 12 en
716 1001 73 24 ökning
804 1000 21 19 af

77 1036 37 19 den
136 1035 68 20 aktiva
222 1035 142 26 fredsstyrkan,
384 1035 36 20 har
435 1035 102 25 utskottet,
552 1035 43 20 med
614 1035 112 25 anslutning
741 1035 30 18 till
787 1034 36 19 den

77 1070 71 25 nådiga
170 1071 150 24 propositionen,
343 1070 107 25 föredragit
473 1077 22 12 en
513 1070 65 19 direkt
596 1070 110 25 förhöjning
725 1069 22 20 af
762 1069 36 19 den
817 1069 6 18 i

77 1105 13 25 &
111 1105 36 18 121
171 1105 23 19 V.
210 1104 22 19 L.
248 1107 100 23 upptagna
363 1108 120 21 numerären,
499 1111 43 13 men
557 1105 6 18 i
579 1105 60 24 öfrigt
653 1105 73 18 lemnat
741 1104 81 19 bestäm-

77 1139 93 25 ningarne
185 1139 7 19 i
206 1139 60 25 sagda
281 1139 13 26 &
310 1139 132 19 oförändrade.
472 1139 58 19 Hvad
545 1139 59 20 sedan
619 1139 92 20 beträffar
725 1138 98 20 storleken

77 1174 21 18 af
112 1174 36 19 den
164 1174 79 24 ökning,
258 1180 41 12 som
314 1174 6 18 i
336 1174 68 18 sädant
419 1174 91 19 afseende
519 1174 96 25 päkallas,
627 1174 36 19 har
674 1174 95 18 utskottet
780 1173 43 19 icke

77 1207 74 19 kunnat
172 1207 64 19 lemna
258 1208 111 21 obeaktadt,
392 1210 35 23 att,
445 1208 61 19 ehuru
529 1208 36 19 den
586 1208 72 25 nädiga
680 1208 143 25 propositionen

80 1244 96 22 upptager
192 1242 125 19 kavalleriets
333 1242 143 19 fredsnumerär
491 1242 31 19 till
538 1242 40 19 900
594 1249 50 18 man,
660 1242 36 20 den
711 1242 62 25 enligt
783 1242 38 20 för-

78 1276 154 24 utsättningarne
248 1276 6 18 i
270 1276 105 19 utskottets
390 1276 117 25 föregäende
522 1277 122 19 betänkande
659 1277 76 19 komme
749 1279 30 17 att
793 1279 29 17 ut-

76 1314 48 20 göra
143 1310 89 25 omkring
255 1310 41 20 800
319 1317 49 13 man.
398 1310 31 20 Då
452 1310 233 26 infanteribataljonerna,
701 1311 25 25 pä
741 1313 38 17 sätt
794 1311 28 19 äf-

76 1350 36 13 ven
128 1345 6 18 i
150 1344 36 19 den
202 1344 70 26 nädiga
288 1345 142 25 propositionen
447 1345 119 25 framhälles,
581 1345 31 19 för
627 1345 120 19 närvarande
762 1345 61 25 enligt

76 1381 38 17 stat
133 1381 69 22 utgöra
222 1379 52 19 4771
296 1386 50 18 man,
362 1379 64 19 skulle
441 1380 122 19 infanteriets
579 1380 36 19 och
630 1380 127 19 kavalleriets
773 1386 48 13 sam-

76 1412 103 25 manlagda
194 1413 142 19 fredsnumerär
352 1413 81 19 sälunda
448 1414 66 24 uppgä
529 1414 30 18 till
575 1414 58 25 nägot
645 1414 74 19 mindre
731 1416 24 17 än
767 1414 54 19 5600

149 1446 191 22 Värnepligtsutskottets
351 1447 102 18 betänkande
466 1447 34 17 N:o
513 1447 16 16 2.
