1056 1725
389 128 40 22 N:o
445 130 36 20 38.
776 128 13 20 9

405 201 25 19 17
447 198 19 28 8.

124 239 78 27 Sedan]
217 240 122 26 inteckning
361 239 64 26 skett,
448 245 53 15 vare
518 238 117 27 jernvägen
649 237 121 27 underpant
785 236 34 22 för

78 277 15 20 st
114 274 182 29 penningebelopp
317 274 67 27 jemte
406 275 69 25 ränta,
501 272 68 22 hvarä
587 272 149 27 inteckningen
750 271 68 27 lyder,

78 310 33 21 ck
133 310 19 27 ej
176 309 33 22 för
232 311 67 24 ränta,
322 315 46 15 som
390 307 96 22 innestår
509 307 34 22 för
565 307 74 27 längre
654 306 33 21 tid
701 308 27 19 än
743 305 26 22 de
784 307 35 20 tre

78 346 64 20 naste
154 344 61 26 åren;
231 344 39 21 och
280 343 83 22 medför
372 343 152 26 inteckningen
535 341 67 22 sådan
612 341 145 26 förmånsrätt,
772 347 46 15 som

79 379 99 27 teckning
193 379 7 20 i
216 378 42 22 fast
273 378 103 27 egendom
391 377 140 22 tillkommer.

128 413 118 22 Enahanda
268 415 44 19 rätt
334 419 46 15 som
402 413 7 20 i
429 412 120 27 jernvägen
566 411 59 27 njute
639 409 180 28 inteckningshaf-

76 454 47 15 aren
138 448 7 21 i
161 447 47 22 dess
223 447 124 27 lokomotiv,
362 453 80 21 vagnar
459 447 40 20 och
515 445 68 28 öfriga
597 445 107 27 tillbehör,
720 445 24 22 så
757 445 62 26 länge

75 489 10 14 e
100 484 56 19 ännu
172 484 37 19 äro
225 483 7 20 i
245 482 190 27 jernvägsegarens
451 487 47 20 ego.

408 552 26 19 18
451 550 20 27 8.
496 560 2 2 :

130 591 132 27 Inteckning,
288 597 46 15 som
357 591 67 27 enligt
448 590 69 21 denna
540 590 35 27 lag
597 590 132 26 tillkommit,
752 590 69 27 gäller

72 627 40 19 tan
134 625 112 27 förnyelse,
269 625 55 21 ändå
343 627 32 19 att
397 625 61 21 talan
477 626 45 20 mot
540 624 129 28 gäldenären
683 625 47 21 icke
745 624 24 22 så
783 625 37 21 be-

74 660 68 27 akats,
158 666 46 16 som
220 660 7 21 i
242 660 150 27 förordningen
409 666 36 15 om
461 660 146 27 preskription
625 660 38 20 och
679 659 142 29 årsstämning

71 694 13 21 £
98 694 40 22 den
154 696 12 20 9
185 694 120 22 November
325 695 53 21 1868
395 696 24 19 är
435 694 107 27 stadgadt,
559 694 54 21 dock
629 694 46 21 icke
690 694 85 22 utöfver
789 695 32 21 tio

71 735 14 15 r
100 728 55 22 efter
170 729 41 21 den
225 729 7 21 i
248 728 237 28 fordringshandlingen
500 730 82 20 utsatta
597 728 166 28 förfallodagen.

411 800 26 19 19
454 798 19 26 &.

133 837 34 21 Då
181 838 114 21 intecknad
304 838 88 21 fordran
401 844 78 20 genom
491 837 140 27 öfverlåtelse,
643 837 39 27 arf,
693 839 130 20 testamente

68 873 46 21 ller
129 873 99 27 giftorätt
242 873 90 21 kommit
347 873 7 21 i
368 873 191 28 jernvägsegarens
574 873 63 26 hand,
653 872 74 22 stände
743 873 79 21 honom

68 907 48 27 Titt,
140 907 38 22 der
192 907 43 22 han
250 908 19 27 ej
284 908 37 21 vill
337 907 44 22 låta
396 908 150 27 inteckningen
561 908 72 26 dödas,
649 909 32 20 att
699 907 123 28 fordringen

67 943 44 20 ned
126 942 129 21 oförändrad
270 943 177 26 inteckningsrätt
462 943 73 20 vidare
551 942 110 21 öfverlåta.

413 1013 26 20 20
455 1012 18 27 8.

135 1052 43 21 Vill
192 1052 162 27 jernvägsegare
370 1054 33 19 att
417 1051 122 28 inteckning
554 1051 35 22 må
605 1051 72 27 dödas,
693 1051 78 28 begäre
787 1051 36 22 det

64 1085 120 28 skriftligen
206 1087 39 20 och
267 1086 84 27 bilägge
371 1086 262 27 inteckningshandlingen
651 1087 55 20 samt
721 1086 50 26 vise,
788 1092 36 15 om

64 1120 128 27 handlingen
208 1121 18 27 ej
242 1123 24 18 är
282 1121 55 21 stäld
347 1121 35 20 till
397 1120 158 27 innehafvaren,
571 1121 32 20 sin
618 1122 44 20 rätt
678 1122 32 19 att
723 1120 59 21 öfver
792 1121 31 20 in-

64 1155 127 27 teckningen
215 1155 89 27 förfoga.
341 1156 113 26 Fullgöres
477 1155 41 27 det,
543 1155 64 21 varde
630 1155 149 27 inteckningen
802 1155 24 21 af

63 1191 72 20 rätten
151 1189 70 21 dödad
235 1196 76 20 genom
326 1190 128 26 anteckning
469 1190 7 20 i
491 1190 190 26 fastighetsboken,
696 1191 56 19 samt
765 1190 59 21 bevis

64 1224 74 21 derom
149 1224 101 22 tecknadt
265 1224 13 22 å
292 1224 268 28 inteckningshandlingen.

414 1296 25 19 21
457 1294 18 28 8.

140 1335 83 21 Varder
247 1335 89 27 jernväg
358 1334 164 27 utmätningsvis
545 1334 52 26 säld,
622 1340 39 21 ege
683 1333 143 27 intecknings-

63 1369 89 22 hafvare
175 1369 55 22 efter
252 1370 32 20 sin
306 1369 141 21 förmänsrätt
464 1369 59 27 njuta
545 1368 110 28 betalning
677 1374 26 15 ur
718 1367 108 28 köpeskil-

63 1404 79 27 lingen,
165 1410 34 15 om
222 1404 43 21 han
287 1404 46 21 före
355 1405 88 25 utropet
465 1403 74 21 derom
562 1402 104 22 anhäller.
696 1402 70 22 Yrkas
789 1402 37 22 det

64 1439 26 27 ej,
107 1438 76 22 stände
198 1438 95 28 köparen
307 1438 47 22 fritt
370 1440 33 20 att
418 1438 66 22 sädan
503 1438 49 27 gäld
567 1438 8 21 i
590 1437 114 28 afräkning
718 1437 28 28 pä
760 1437 65 27 köpe-
