1056 1725
316 124 20 20 U.
352 124 21 20 B.
390 135 25 3 —
432 123 59 27 Prop.
506 123 35 21 N:o
556 123 36 22 36.
829 125 14 21 5

114 192 42 21 gar
171 185 9 21 i
195 185 80 22 landet
286 186 43 21 och
344 185 69 22 dessa
423 185 103 28 företags
539 185 120 21 bristande
671 186 124 29 framgång
805 186 67 22 torde

114 219 57 21 böra
187 220 139 21 tillskrifvas
342 219 149 29 väsentligen
501 219 94 22 landets
605 219 72 29 karga
685 222 70 19 natur
763 221 44 21 och
817 221 56 28 föga

113 253 140 22 utvecklade
268 254 129 28 näringslif
410 256 60 18 samt
481 253 126 29 fattigdom
618 254 9 20 i
639 254 133 28 allmänhet,
781 255 92 21 hvilket

114 288 43 21 allt
178 288 127 29 nedtryckt
321 288 44 22 den
381 288 93 22 direkta
490 288 171 29 afkastningen
677 289 26 20 af
713 288 159 30 jernvägarna

114 322 44 22 och
181 323 134 28 derigenom
339 322 82 22 verkat
444 322 139 22 hämmande
598 323 31 28 på
644 323 187 29 spekulationen,
847 324 26 21 så

114 357 72 22 hafva
208 357 38 21 väl
269 357 38 22 till
329 357 64 22 detta
416 363 152 22 ogynsamma
583 357 105 27 resultat,
705 358 167 21 åtminstone
859 353 17 37 i

113 392 79 28 någon
207 399 59 20 mon,
283 391 104 29 bidragit
402 392 71 20 äfven
489 391 126 29 olämpliga
631 392 174 29 bestämningar
821 393 8 20 i
842 392 29 22 de

114 425 87 22 hittills
222 425 136 27 meddelade
381 425 196 22 koncessionerna
593 428 60 19 samt
668 426 119 22 saknaden
803 427 26 21 af
842 434 30 14 en

114 460 56 21 fullt
192 460 184 29 ändamålsenlig
397 460 153 29 lagstiftning
573 461 8 20 i
604 463 83 19 ämnet.
704 474 28 2 —
747 461 49 22 När
816 462 55 21 1872

114 495 37 20 års
174 495 100 22 Ständer
296 495 8 20 i
329 494 188 29 underdånighet
542 495 171 28 petitionerade
736 503 36 14 om
788 503 29 14 en
832 495 39 29 lag

114 529 122 28 angående
258 529 182 28 grundvilkoren
456 529 35 22 för
512 529 145 28 beviljandet
671 529 27 22 af
711 529 108 22 tillstånd
835 529 36 22 till

114 563 107 23 enskilda
234 563 210 29 jernvägsföretag,
468 564 121 21 anmärkte
606 563 137 29 Ständerna,
759 564 112 22 hurusom

114 598 124 22 omordade
254 598 165 22 koncessioner
433 598 64 21 varit
515 598 232 22 otillfredsställande
763 599 57 27 deri,
836 600 35 20 att

114 633 28 21 de
153 632 53 22 icke
216 633 126 28 betryggat
353 633 28 21 de
392 633 211 21 koncessionerade
613 633 116 21 banornas
737 633 132 22 utförande.

114 667 82 22 Säsom
211 668 182 28 bestämningar,
409 667 90 28 egnade
520 670 35 19 att
570 668 142 21 förekomma
728 668 117 21 missbruk
861 668 6 20 i

113 702 133 22 förberördt
261 702 131 22 hänseende
408 702 44 21 och
468 702 85 21 hindra
569 702 40 21 det
619 702 196 22 koncessionerna
825 702 45 21 för-

112 736 129 22 vandlades
256 736 37 21 till
309 736 174 26 handelsvaror,
499 744 48 14 som
564 736 83 29 köptes
661 736 44 22 och
718 737 83 27 säldes,
813 739 58 19 utan

113 771 71 21 tanke
199 771 30 28 pä
244 771 130 28 företagens
384 770 163 28 realiserande,
558 771 124 21 framhöllo
691 771 136 27 Ständerna,
836 773 35 20 att
891 786 3 2 -

113 805 139 21 koncession
268 806 24 20 ät
306 805 92 21 enskild
413 812 55 14 man
491 805 56 21 eller
563 805 70 29 bolag
649 806 51 20 icke
716 806 61 28 finge
794 806 75 21 öfver-

113 840 59 21 lätas
196 840 24 21 ät
243 847 83 20 annan,
350 842 56 19 utan
430 840 162 28 Regeringens
616 840 78 26 bifall;
718 843 35 18 att
775 840 94 22 konces-

114 875 140 26 sionärerne,
277 875 51 21 ifall
351 875 28 21 de
399 881 55 14 vore
470 874 160 29 utländingar,
646 875 71 21 borde
736 875 42 21 här
796 875 7 21 i
821 875 48 21 lan-

112 909 41 21 det
174 909 130 22 företrädas
326 909 26 21 af
364 909 92 26 ombud,
473 916 49 14 som
537 916 56 14 vore
611 909 122 28 godkändt
749 910 25 20 af
787 909 82 28 styrel-

114 950 47 20 sen,
177 943 169 22 underkastadt
360 943 62 21 finsk
437 943 101 21 domstol
554 943 44 21 och
609 943 8 21 i
629 943 46 22 alla
685 944 125 21 afseenden
821 943 48 22 lika

114 977 121 28 ansvarigt
258 985 48 14 som
322 978 28 21 de
366 977 94 29 sjelfve;
477 980 36 19 att
527 978 8 21 i
551 977 112 22 händelse
678 978 139 21 koncession
833 977 36 22 för

111 1012 225 29 jernvägsbyggnad
358 1012 147 21 meddelades
521 1013 24 20 ät
561 1012 77 28 bolag,
655 1012 126 21 detsamma
796 1012 71 21 borde

114 1047 145 28 organiseras
275 1047 75 28 enligt
364 1047 61 21 finsk
440 1047 41 28 lag
497 1046 43 21 och
555 1046 54 21 dess
620 1046 118 22 direktion
747 1047 70 21 hafva
826 1046 41 21 sitt

113 1083 49 19 säte
186 1081 8 21 i
214 1081 81 21 landet
317 1084 60 19 samt
399 1083 96 26 utgöras
515 1081 38 21 till
569 1083 85 20 största
669 1081 68 21 delen
753 1081 26 21 af
791 1081 76 21 finske

111 1115 148 27 undersätar;
283 1118 35 19 att
332 1116 8 21 i
356 1115 256 29 tidsbestämningarna
634 1116 37 21 för
683 1115 184 28 jernvägsbygg-

111 1149 59 22 nads
192 1150 124 22 utförande
338 1150 72 22 borde
434 1150 93 28 intagas
550 1150 53 22 icke
627 1149 60 22 blott
707 1149 28 22 de
751 1150 116 27 terminer,

111 1184 63 22 inom
197 1184 82 22 hvilka
301 1184 132 22 densamma
448 1184 72 22 borde
536 1192 56 14 vara
610 1184 119 28 päbörjad,
745 1186 60 20 samt
821 1188 47 17 sär-

112 1218 77 22 skilda
212 1218 64 22 delar
298 1219 43 21 och
364 1219 53 21 hela
446 1219 79 21 banan
554 1218 142 29 fulländade,
719 1221 56 19 utan
798 1219 69 21 äfven

110 1252 104 22 vilkoret
230 1255 34 19 att
279 1253 216 29 byggnadsarbetet
509 1253 120 21 oafbrutet
644 1253 71 21 borde
731 1254 85 27 fortgä;
833 1254 35 20 att

111 1288 175 21 bestämmelser
300 1290 115 26 upptoges
431 1295 37 14 om
485 1288 43 21 och
543 1288 30 28 pä
589 1288 62 20 hvad
662 1290 47 18 sätt
718 1288 78 28 privat
805 1287 63 28 jern-

110 1322 206 29 vägsanläggning
331 1322 78 22 kunde
425 1322 124 21 intecknas
566 1322 44 21 och
620 1322 59 21 reelt
689 1321 119 29 hypothek
816 1321 50 21 deri

110 1356 96 28 vinnas;
230 1359 34 19 att
284 1357 222 21 koncessionärerne
522 1356 53 22 icke
591 1356 60 22 blott
667 1356 74 22 säsom
757 1356 109 21 säkerhet

110 1391 36 21 för
169 1391 127 29 företagets
319 1391 181 27 verkställande,
524 1393 58 20 utan
606 1391 70 21 äfven
699 1390 42 22 och
764 1391 8 21 i
792 1391 74 21 första

179 1436 134 24 Lagutskottets
325 1436 108 19 betänkande
446 1436 37 21 N:o
495 1437 28 17 12.
