1056 1725
257 124 27 21 70
475 124 20 22 U.
511 123 19 23 B.
546 136 28 3 —
589 123 56 29 Prop.
661 123 34 23 N:o
711 123 34 23 34.

228 192 63 20 synes
306 185 45 27 mig
366 191 46 15 som
428 192 35 15 om
487 186 70 20 denna
579 185 189 22 kommunikation
790 186 69 20 under
881 186 43 21 alla
946 186 44 20 mö-

228 219 66 21 tande
316 218 161 23 förhållanden.
489 225 52 16 vore
560 226 61 15 mera
643 219 130 26 säkerstäld,
797 219 27 21 dä
846 219 145 27 anslutnings-

228 254 98 26 punkten
337 253 34 21 till
384 254 84 21 landets
481 254 139 26 jernvägsnät
635 256 25 18 är
675 254 91 26 belägen
782 254 49 20 inne
847 254 7 21 i
869 254 72 21 landet
956 253 36 21 vid

230 288 88 26 Simola,
335 289 27 20 än
378 295 34 14 om
427 288 92 27 nyckeln
535 288 33 21 till
584 288 146 21 förbindelsen
746 287 108 28 förlägges
877 288 7 21 i
907 295 26 14 en
955 288 37 21 be-

230 322 74 21 fästad
318 322 57 27 plats
391 322 36 21 vid
442 321 133 22 hafskusten.

300 356 40 21 Att
354 356 149 21 Nordkarelen
518 363 76 20 genom
610 356 152 27 sträckningen
773 356 34 21 till
815 355 177 22 Willmanstrand

230 390 28 27 på
273 397 27 14 en
316 392 76 25 omväg
407 390 24 21 af
445 390 56 21 circa
516 392 27 19 48
559 391 114 20 kilometer
688 391 87 20 komme
790 392 33 19 att
838 397 77 20 genom
935 390 57 27 jern-

230 426 42 25 väg
287 424 110 21 förbindas
413 424 50 21 med
478 424 103 21 Karelens
597 424 118 22 hufvudort
731 424 91 27 Wiborg
837 425 40 20 och
888 425 48 20 med
951 424 41 20 den

231 459 59 20 stora
305 458 175 27 handelsplatsen
503 459 32 20 S:t
557 459 137 27 Petersburg,
711 461 24 18 är
758 458 125 27 visserligen
906 457 85 27 riktigt;

231 499 49 14 men
296 493 71 20 denna
382 493 55 20 enda
453 492 120 27 olägenhet,
589 493 89 20 hvilken
693 493 118 25 dessutom,
834 492 57 21 hvad
907 492 32 21 S:t
953 492 39 20 Pe-

231 527 100 26 tersburg
350 526 80 28 vidgår,
447 527 76 20 endast
537 527 43 21 kan
595 527 68 21 blifva
677 526 140 27 provisorisk,
834 526 67 21 finner
914 526 37 27 jag
966 525 27 27 på

232 561 55 21 intet
310 562 43 20 sätt
375 563 100 25 uppväga
495 561 42 21 alla
560 561 25 21 de
601 561 95 21 fördelar
711 567 48 15 som
774 562 37 20 äro
827 560 103 22 förenade
945 560 48 21 med

232 595 153 27 sträckningen
400 595 61 21 öfver
475 595 184 26 Willmanstrand,
676 595 40 21 och
732 594 74 22 hvilka
819 595 37 27 jag
871 595 49 21 sökt
935 594 7 21 i
958 594 35 22 det

233 628 136 22 förestående
385 628 120 22 framhålla.
536 629 75 21 Denna
627 629 116 27 olägenhet
758 629 107 27 utjemnas
880 628 33 22 för
928 628 66 28 öfrigt

233 669 78 21 genom
327 663 222 21 afståndsrabatterna
564 663 6 21 i
587 664 208 26 statsjernvägarnes
811 662 129 27 trafiktariff,
955 662 39 22 och

234 703 27 15 en
276 698 70 20 större
360 697 148 27 tåghastighet
523 697 13 21 å
550 697 71 21 banan
643 698 93 20 emellan
752 697 179 21 Willmanstrand
954 696 40 22 och

233 731 83 21 Imatra
338 731 71 21 kunde
432 731 138 27 möjliggöras
595 738 76 21 genom
687 732 72 20 denna
775 731 45 21 dels
835 731 24 21 af
873 732 70 20 banan
958 731 36 21 be-

234 765 106 27 läggande
356 766 48 20 med
424 767 76 25 tyngre
523 766 83 26 skenor,
629 766 141 26 hvarigenom
793 765 157 27 anläggningen
973 764 23 22 af

234 799 108 21 Karelska
357 800 70 20 banan
439 800 60 21 öfver
514 800 176 21 Willmanstrand
706 799 127 27 visserligen
853 800 83 20 medför
958 799 37 21 nå-

234 840 43 20 gon
292 834 84 20 mindre
391 834 114 27 besparing
521 836 27 19 än
563 834 56 21 hvad
634 834 65 21 ofvan
714 833 94 26 anförts;
832 840 49 14 men
896 834 41 20 den
952 833 43 21 för-

236 868 36 21 del
294 868 129 27 tillskyndas
446 868 129 27 densamma,
592 870 32 19 att
639 867 160 22 turisttrafiken
814 868 27 27 på
856 868 81 21 Imatra
952 868 43 21 kan

235 902 138 21 underhållas
395 903 50 20 med
467 909 81 14 samma
570 903 153 27 tåghastighet,
747 908 46 15 som
808 902 28 27 på
852 903 63 20 södra
930 904 65 19 stam-

235 937 78 20 banan.

308 1107 73 22 Ehuru
395 1107 37 28 jag
447 1107 60 21 delar
521 1107 117 22 utskottets
653 1107 57 28 åsigt
727 1114 35 15 om
779 1109 31 19 att
818 1107 106 21 Karelska
932 1108 65 19 stam-

237 1142 72 21 banan
324 1142 44 26 bör,
385 1141 34 21 för
435 1143 32 19 att
482 1141 130 28 fullkomligt
627 1141 98 28 uppfylla
733 1141 28 21 de
776 1141 49 21 med
833 1141 124 21 densamma
965 1140 32 22 af-

238 1176 67 21 sedda
328 1176 105 26 ändamål,
457 1176 46 21 icke
519 1176 90 21 allenast
625 1176 76 21 beröra
717 1176 90 26 Ladoga
822 1176 31 26 sjö
869 1175 35 21 vid
920 1175 77 21 Sorda-

237 1210 51 21 vala
304 1210 54 26 stad,
374 1212 52 19 utan
439 1210 79 27 jemväl
533 1210 104 27 genomgå
651 1210 50 21 hela
717 1209 150 21 Nordkarelen
878 1209 56 21 ända
943 1209 54 21 fram

238 1244 35 21 till
289 1244 49 21 dess
353 1243 160 22 trafikcentrum
528 1245 94 21 Joensuu
638 1244 54 26 stad,
709 1244 66 26 hyser
787 1244 38 26 jag
841 1244 54 20 dock
918 1250 26 14 en
967 1242 31 22 af-

238 1278 93 21 vikande
347 1278 56 27 åsigt
419 1284 34 15 om
469 1280 65 19 sättet
549 1278 33 21 för
597 1278 70 21 denna
682 1277 143 28 anläggnings
839 1277 121 21 utförande.

309 1312 32 21 Då
365 1312 41 21 den
429 1312 24 20 af
472 1312 107 21 utskottet
594 1312 121 27 föreslagna
731 1312 128 20 stambanan
874 1312 50 20 med
938 1311 60 21 biba-

239 1352 39 15 nor
293 1346 83 27 uppgår
391 1346 7 21 i
413 1346 65 27 längd
493 1346 34 21 till
542 1348 57 24 342,1
615 1346 115 22 kilometer
745 1346 41 21 ock
801 1345 108 21 erfordrar
932 1345 7 21 i
962 1351 36 15 an-

240 1380 103 27 läggning
358 1382 129 24 22,870,000
502 1381 67 25 mark,
585 1380 68 21 finner
665 1380 38 27 jag
719 1380 108 26 företaget
850 1380 24 20 så
888 1385 50 21 pass
954 1385 45 15 om-

239 1414 99 21 fattande
354 1414 39 21 och
408 1414 111 26 kostsamt,
536 1416 33 20 att
583 1415 120 20 detsamma
718 1414 29 27 på
763 1420 26 15 en
808 1414 62 27 gång,
890 1414 67 20 under
973 1419 26 15 en

239 1448 95 27 tidrymd
357 1448 24 21 af
401 1450 14 20 4
437 1449 13 21 å
466 1450 11 20 5
494 1449 29 26 år,
540 1449 47 21 icke
601 1449 44 21 kan
659 1448 84 22 utföras
759 1449 32 20 uti
807 1455 25 14 en
849 1448 23 21 så
887 1448 113 21 inskränkt

309 1488 192 23 Jernvägsutskottets
513 1489 115 16 betänkande
641 1489 37 16 N:o
692 1489 15 16 1.
795 1499 6 5 .
