1056 1725
214 122 13 20 6
432 121 19 21 U.
469 121 20 21 B.
504 133 28 2 —
549 122 59 25 Prop.
625 121 34 21 N:o
675 120 36 22 36.

186 186 100 18 rummet
310 184 76 20 säsom
409 182 134 30 underpant
566 183 37 21 för
626 182 119 22 enskildes
764 183 111 21 förluster
890 190 54 14 vore

187 217 110 29 skyldige
320 219 35 19 att
375 218 117 27 deponera
507 217 8 21 i
531 218 90 20 statens
636 216 59 22 värd
710 223 30 14 en
755 216 104 28 kaution,
876 216 69 22 hvars

188 252 88 21 storlek
300 251 130 22 bestämdes
447 251 27 21 af
486 254 88 25 vägens
593 250 80 29 längd,
689 250 100 22 sälunda
804 253 35 19 att
853 258 30 14 en
897 251 48 21 viss

187 293 91 14 summa
293 286 114 21 fixerades
422 286 36 21 för
473 285 81 29 hvarje
570 285 96 27 banmil;
682 287 60 20 samt
757 287 36 20 att
802 285 143 22 uraktläten-

186 320 41 21 het
249 321 8 20 i
281 320 152 22 förenämnda
448 320 88 21 vilkors
557 320 163 28 uppfyllande,
737 320 25 21 sä
777 320 71 21 framt
863 320 44 21 den
923 320 20 28 ej

187 355 130 21 föranledts
340 355 26 21 af
380 355 87 21 sådana
483 354 90 27 hinder,
589 361 49 14 som
656 354 60 28 krig,
733 354 87 21 blokad
836 362 19 14 o.
871 362 29 13 m.
916 354 28 27 d.,

188 389 174 28 oettergifligen
378 389 91 21 komme
485 391 34 18 att
534 389 106 20 medföra
655 389 183 20 koncessionens
854 389 89 25 förlust,

184 425 60 19 utan
267 425 35 19 att
324 423 100 28 varning
446 423 9 21 i
473 423 72 28 något
559 423 134 21 hänseende
708 423 109 28 föregått,
833 423 38 21 till
886 423 59 28 följd

185 457 87 22 hvaraf
285 457 217 22 kautionssumman
517 464 55 15 vore
589 457 126 21 förverkad
731 457 43 21 och
790 457 62 21 hvad
867 457 26 22 af
905 457 39 21 ba-

185 499 47 14 nan
248 499 56 14 vore
319 491 76 29 bygdt
410 492 119 21 äfvensom
545 491 142 22 materialier
703 491 44 22 och
758 491 63 29 öfrig
831 491 114 29 egendom

184 525 76 22 skulle
282 526 108 29 försäljas
406 527 35 21 för
456 526 233 21 koncessionärernes
704 525 109 29 räkning.
847 526 36 21 Då
905 526 38 21 det

185 560 81 22 vidare
282 561 73 21 mäste
371 560 120 22 betraktas
513 561 75 21 säsom
604 568 29 14 en
648 560 71 28 billig
733 560 96 22 fordran
845 562 34 20 att
894 560 49 22 lan-

189 595 51 21 dets
265 595 142 28 kommuner,
431 596 25 20 sä
479 595 51 21 vidt
544 595 89 28 görligt
652 602 61 19 vore,
730 594 112 22 bereddes
852 595 92 21 lättnad

186 629 8 21 i
218 630 149 20 sträfvandet
390 632 34 18 att
448 630 75 20 skaffa
545 630 37 27 sig
606 630 45 20 den
676 629 106 28 mägtiga
804 629 44 21 och
870 629 72 29 lifgif-

185 664 77 21 vande
289 664 276 27 kommunikationsäder,
596 671 50 15 som
670 664 51 27 läge
747 664 8 20 i
778 664 163 28 jernvägarna,

187 700 59 19 samt
271 698 29 21 dä
325 698 67 22 deras
415 701 54 26 eget
483 698 159 22 välförstädda
657 698 98 22 intresse
772 698 8 21 i
795 698 44 22 och
854 698 37 22 för
906 699 37 27 sig

186 732 110 29 utgjorde
320 740 29 14 en
365 733 51 21 icke
431 733 68 27 ringa
514 733 92 28 garanti
625 733 36 21 för
677 733 127 27 företagets
819 733 123 21 förverkli-

184 767 85 27 gande,
294 769 80 26 syntes
393 767 228 21 kautionssummans
638 767 85 29 belopp
740 767 8 21 i
763 767 110 28 betydlig
888 774 54 14 mon

182 800 82 22 kunna
287 802 119 21 nedsättas
429 802 8 20 i
460 801 39 22 det
512 802 42 21 fall
573 803 36 19 att
626 801 170 22 koncessionen
811 802 130 28 beviljades

182 836 25 20 ät
223 842 30 14 en
269 835 57 21 eller
340 836 54 21 flere
410 836 143 27 kommuner;
565 836 162 21 hvarförutom
737 836 137 21 förverkade
885 836 56 22 kau-

182 869 174 27 tionssummor,
380 871 75 28 enligt
478 871 142 22 Ständernas
642 871 101 27 mening,
767 871 82 21 främst
869 871 71 21 borde

182 904 121 21 användas
318 905 38 20 till
370 905 269 22 kommunikationernes
650 905 8 21 i
669 905 80 21 landet
760 905 180 28 upphjelpande.

182 938 12 21 I
210 938 28 21 de
254 939 118 28 beviljade
388 939 194 22 koncessionerna
598 939 79 21 kunde
693 939 120 22 dessutom
829 941 75 20 säsom
912 947 29 14 en

182 972 60 21 brist
250 973 104 28 påpekas
362 976 113 19 utevaron
484 974 25 21 af
515 974 149 28 bestämning
672 974 85 27 derom,
768 976 34 19 att
809 975 78 27 någon
896 976 44 19 sta-

182 1009 52 18 tens
246 1007 72 28 högre
326 1008 144 21 embetsman
480 1008 51 21 icke
542 1008 7 21 i
560 1009 79 27 någon
649 1008 111 21 händelse
772 1009 71 21 borde
852 1009 88 22 erhålla

182 1041 57 21 eller
255 1042 129 21 innehafva
399 1042 138 21 koncession
546 1043 13 20 å
565 1043 260 28 jernvägsanläggning
836 1043 43 22 och
887 1044 52 21 icke

182 1075 75 21 heller
273 1076 95 29 deltaga
383 1077 7 20 i
404 1077 188 28 jernvägsbolag,
609 1085 56 14 vara
684 1077 100 22 medlem
799 1078 8 21 i
823 1078 117 21 direktion

182 1109 57 22 eller
256 1111 70 28 åtaga
344 1111 36 28 sig
395 1111 144 28 ombudskap
548 1111 37 21 för
593 1111 198 22 koncessionärer.
823 1112 116 29 Slutligen

181 1143 61 22 hade
267 1144 174 30 bestämningar
463 1146 8 21 i
493 1145 28 22 de
541 1145 136 23 meddelade
693 1146 197 23 koncessionerna
905 1147 34 21 in-

181 1179 59 27 gått,
264 1179 89 26 hvilka,
376 1179 74 29 enligt
473 1180 142 22 Ständernas
639 1181 67 28 åsigt,
731 1181 78 21 kunde
831 1182 64 21 hvila
910 1182 30 28 på

180 1213 97 29 rättslig
300 1214 77 28 grund
392 1214 83 21 endast
490 1215 7 21 i
513 1214 44 22 den
575 1215 117 27 händelse,
710 1218 35 18 att
760 1218 77 19 staten
853 1216 86 21 medels

180 1249 163 27 räntegaranti
366 1248 57 22 eller
445 1252 72 18 annat
537 1250 249 28 penningeunderstöd
802 1250 60 22 hade
877 1251 62 21 med-

182 1282 84 21 verkat
288 1283 38 21 till
341 1283 128 29 företagets
490 1284 130 27 utförande,
637 1284 44 22 och
696 1284 83 22 hvilka
794 1284 78 22 derför
887 1285 52 21 icke

183 1316 72 21 borde
272 1317 56 28 ingå
344 1318 7 20 i
367 1318 110 21 framtida
498 1318 166 22 koncessioner
679 1319 36 21 för
731 1319 79 25 banor,
826 1326 49 16 sor.
889 1319 50 21 icke

182 1350 91 28 ätnjöte
297 1353 25 20 så
345 1352 131 21 beskaffadt
491 1352 133 22 understöd.
655 1353 94 21 Sådana
767 1354 173 28 bestämningar

182 1392 65 14 vore:
265 1386 45 21 den
326 1388 25 20 af
364 1389 77 19 staten
457 1387 125 28 betingade
599 1388 146 28 rättigheten
761 1390 34 19 att
807 1391 57 19 utan
875 1388 65 22 lösen

253 1432 132 24 Lamttskottets
396 1433 108 17 betänkande
517 1435 36 15 N:o
569 1436 20 15 19
