1056 1725
327 141 71 21 Ständ.
413 141 33 21 Sv.
463 153 25 3 —
506 142 59 26 Prop.
583 142 36 20 N:o
635 142 36 21 29.
819 142 24 21 17

318 204 66 20 Sådan
407 205 92 19 anmälan
514 205 51 19 skall
579 205 96 20 innehålla
693 206 78 24 uppgift
787 212 30 13 om
832 206 41 20 alla

249 239 23 19 de
286 238 142 25 förhållanden,
444 240 65 19 hvilka
523 240 58 24 enligt
594 240 15 26 $
619 240 14 19 5
644 240 47 20 böra
701 240 9 19 i
722 240 91 25 registret
821 241 52 24 ingå,

249 275 52 18 samt
314 280 50 13 vara
379 273 149 26 underskrifven
543 274 26 25 af
580 274 23 20 de
614 280 101 20 personer,
735 274 65 21 hvilka
816 275 57 25 enligt

250 315 74 13 samma
340 308 15 27 $
370 309 47 19 böra
440 309 65 19 såsom
520 309 70 20 redare
605 309 46 20 eller
665 309 142 24 företrädande
819 310 53 19 rede-

249 344 37 19 riet
307 345 102 23 upptagas.
444 343 171 25 Underskrifterna
639 344 60 23 skola,
722 344 35 19 der
771 344 24 20 de
809 345 19 24 ej
842 345 27 19 in-

250 379 33 23 för
298 378 213 25 registermyndigheten
525 379 76 24 vidgås,
617 385 50 14 vara
683 379 110 20 besannade
807 379 26 24 af
839 385 33 14 no-

250 413 64 20 tarius
328 413 95 25 publicus,
439 413 118 25 kronofogde
572 414 45 19 eller
633 413 94 24 länsman,
745 414 46 19 eller
806 414 33 19 ock
849 414 26 24 af

250 447 62 19 kände
327 447 33 19 och
376 447 111 24 trovärdige
499 453 102 19 personer.

537 505 15 26 $
567 505 19 20 7.

321 549 27 25 Ej
362 549 33 20 må
409 549 78 24 fartygs
502 549 125 25 registrering
641 549 122 24 verkställas,
779 550 60 19 innan
850 550 23 19 de

250 585 9 19 i
272 584 16 26 $
302 585 13 18 6
330 584 122 24 föreskrifna
467 584 130 25 uppgifterna,
614 584 65 20 såvidt
694 584 58 20 deras
767 585 105 24 beskaffen-

251 619 31 19 het
295 619 93 25 påkallar
403 619 57 23 bevis,
478 618 65 26 blifvit
559 619 136 25 tillförlitligen
710 619 83 24 styrkta.

323 654 37 18 Till
382 654 105 19 utredande
510 654 26 24 af
555 654 23 19 de
600 654 8 19 i
629 654 15 26 $
666 654 13 18 5
693 654 109 24 punkterna
818 654 51 18 1—53

251 688 85 20 nämnda
359 688 162 25 omständigheter
543 688 48 20 böra
614 688 157 25 Vyggnadsattest
790 688 32 20 och
848 688 25 24 af

251 722 51 24 finsk
329 722 109 25 myndighet
464 722 106 25 utfärdadt
597 723 97 24 mätebref
717 722 79 24 företes.
835 722 38 20 Re-

252 757 59 20 dares
326 758 112 24 eganderätt
453 758 76 24 styrkes
543 764 66 18 genom
623 757 143 25 handlingarna
781 758 56 24 öfver
851 757 22 19 de

252 792 53 25 fång,
322 792 123 25 hvarigenom
459 792 88 25 fartyget
565 792 26 24 af
602 792 68 20 honom
685 792 33 19 och
733 792 49 19 hans
797 792 76 24 fånges-

252 828 46 19 män
320 826 127 26 ätkommits;
468 827 48 19 dock
530 827 44 23 kan,
599 827 34 19 der
655 826 57 25 något
727 826 8 20 i
749 826 124 25 utredningen

253 860 77 25 brister,
353 862 83 19 redaren
457 862 75 20 tillåtas
551 863 30 19 att
603 862 43 19 sina
661 862 109 25 uppgifters
785 862 89 25 riktighet

252 896 44 19 med
310 896 24 19 ed
348 896 61 25 fästa.

536 953 15 27 $
570 955 20 19 8.

322 995 30 24 Är
374 1000 73 25 fartyg,
463 1005 42 14 som
521 1000 30 19 till
564 999 125 25 registrering
703 999 93 24 anmäles,
812 999 57 24 bygdt

252 1034 52 19 inom
319 1035 60 18 annat
393 1034 168 24 registerområde,
578 1034 52 19 skall
643 1035 52 18 utom
708 1033 36 20 den
754 1034 9 19 i
771 1033 15 26 $
797 1034 13 19 7
820 1033 54 24 före-

254 1068 76 24 skrifna
350 1068 101 25 utredning
470 1068 72 24 företes
561 1069 89 24 antingen
668 1068 142 19 wvederbörande
824 1068 48 24 regi-

253 1103 159 24 stermyndighets
426 1103 59 24 intyg,
502 1105 29 18 att
545 1103 86 24 fartyget
645 1103 40 19 icke
695 1103 60 19 under
766 1103 107 24 byggnads-

254 1137 50 19 tiden
326 1137 34 19 der
382 1137 118 24 inskrifvits,
523 1137 46 19 eller
591 1137 33 19 ock
642 1137 83 24 afskrift
740 1137 26 24 af
779 1137 95 24 fartygets

252 1172 84 24 upplägg
357 1172 9 19 i
379 1172 95 24 registret,
491 1172 81 24 försedd
585 1171 44 19 med
643 1171 141 25 myndighetens
796 1171 77 25 påteck-

253 1206 45 24 ning
320 1207 30 18 att
371 1206 35 20 den
425 1206 102 24 utfärdats
541 1206 35 24 för
591 1206 95 24 fartygets
700 1206 125 24 registrering
840 1204 34 28 för

254 1240 79 24 sjöfart.

539 1303 15 27 $
569 1304 20 20 9.

323 1348 60 24 Efter
399 1348 100 20 verkstälä
516 1348 125 25 registrering
661 1348 26 24 af
698 1347 67 25 fartyg
779 1346 94 25 utfärdar

254 1382 211 24 registermyndigheten
489 1383 34 24 för
545 1383 106 19 detsamma
673 1384 26 18 ett
721 1382 42 19 med
785 1382 90 24 registret

254 1410 210 30 5fverensstämmande
486 1416 233 25 nationalitetseertifikat,
742 1416 132 19 innehållande

250 1451 75 24 jemväl
339 1452 102 24 uttrycklig
455 1452 80 24 intygan
550 1453 29 18 att
593 1452 85 24 fartyget
694 1452 25 18 är
733 1450 64 25 finskt.

797 1490 9 16 2
