1056 1725
255 121 15 21 4
447 119 65 24 Stånd.
527 119 31 24 $v.
573 132 28 3 —
617 119 56 29 Prop.
688 119 32 24 N:o
735 118 34 25 36.

227 186 12 27 8
254 186 14 21 9
284 186 7 22 i
305 185 73 23 stället
397 185 33 22 för
450 186 37 21 det
502 186 58 21 förra
575 202 13 10 ,,
590 185 171 27 kostnadsfritt",
776 185 63 22 torde
854 185 49 22 med
917 186 70 21 större

227 220 107 28 tydlighet
348 220 84 27 angifva
447 220 137 28 paragrafens
600 220 104 27 syftemål.
915 217 4 3 i

297 254 87 22 Liksom
406 255 37 21 det
464 254 47 22 icke
531 255 42 21 kan
596 254 141 22 öfverlemnas
759 254 22 22 ät
803 254 129 28 anläggaren
955 254 32 21 att

228 295 74 16 ensam
321 289 118 22 bestämma
459 289 40 22 den
519 289 68 27 mark,
603 295 46 16 som
664 289 34 22 till
710 288 189 29 jernvägsomräde
914 287 74 28 upplä-

228 326 34 19 tes
283 323 41 22 och
344 323 130 28 derigenom,
489 325 60 20 utom
565 325 72 25 annat,
653 324 79 21 befrias
747 323 48 22 frän
809 324 64 26 skatt,
889 324 51 20 utan
955 321 34 22 sä-

230 359 54 20 dant
303 357 85 28 afgöres
405 358 23 22 af
442 358 99 27 Senaten,
557 359 24 21 sä
595 359 40 20 bör
650 359 47 20 icke
712 358 68 21 heller
794 357 23 22 fä
831 358 52 21 bero
898 356 23 23 af
932 357 57 27 jern-

229 395 142 24 vägsegarens
386 392 112 27 godtycke,
513 393 56 21 hvad
584 392 71 22 säsom
671 393 69 26 dylikt
755 392 87 22 omräde
858 391 132 23 fortfarande

230 427 56 21 skall
307 427 118 21 bibehällas
448 427 40 21 och
509 427 62 21 torde
591 427 72 21 derför
678 427 37 21 det
730 427 125 27 stadgande,
871 426 119 22 Ständerna

230 461 72 27 tillagt
317 461 34 21 till
366 460 11 27 $
393 461 33 27 10,
442 461 95 22 befinnas
552 461 151 27 välgrundadt.

301 495 81 22 Fastän
400 495 141 28 anläggandet
560 495 24 22 af
601 495 94 28 jernväg,
716 497 25 20 är
756 497 31 20 ett
801 495 84 27 företag
899 494 23 22 af
936 495 55 21 stort

231 529 107 27 offentligt
358 530 90 21 intresse
467 530 40 21 och
521 529 57 28 förty
593 529 68 22 måste
677 529 82 22 utföras
774 529 63 22 äfven
851 529 50 22 med
915 528 77 23 sådant

232 563 161 23 åsidosättande
415 564 24 22 af
459 564 84 22 enskild
566 565 50 26 rätt,
635 570 45 16 som
696 564 185 27 expropriationen
896 563 95 27 innebär,

231 599 55 21 böra
308 598 56 22 dock
386 598 106 28 sjelffallet
507 599 25 21 de
548 599 145 27 olägenheter,
709 599 72 21 hvilka
796 605 76 21 genom
887 598 106 27 företaget

232 633 129 27 tillskyndas
376 633 102 27 enskilde,
493 635 62 25 göras
571 632 25 23 så
611 633 48 22 litet
674 633 95 22 känbara
784 639 46 16 som
843 633 89 27 möjligt.
961 631 31 22 På

232 666 68 23 sådan
322 668 70 26 grund
414 667 63 22 hafva
499 667 120 22 Ständerna
639 668 7 21 i
666 667 12 28 8
702 668 25 20 11
751 668 65 21 infört
835 667 158 27 bestämningar

233 702 81 26 derom,
338 703 32 19 att
392 701 155 27 vägöfvergång
569 702 60 21 öfver
648 702 89 27 jernväg
759 702 40 21 bör
821 701 24 22 af
866 702 127 26 jernvägens

233 742 64 21 egare
312 736 19 26 ej
347 735 56 22 blott
417 736 97 27 inrättas,
529 737 53 21 utan
597 736 61 22 äfven
673 735 144 27 underhållas,
833 737 33 20 att
881 736 26 21 de
923 735 70 26 diken,

233 770 93 22 nämnde
349 776 63 21 egare
433 772 24 19 är
477 770 82 28 skyldig
574 770 91 28 anlägga
680 770 68 22 under
761 770 116 28 jernvägen
892 770 33 21 för
940 771 54 20 vatt-

234 806 48 20 nets
303 804 112 22 afledande
434 804 48 22 från
497 804 65 28 högre
577 805 92 27 belägna
683 812 58 20 egor,
757 805 23 21 af
793 804 79 22 honom
888 804 40 22 ock
942 804 53 21 böra

234 838 148 28 öppenhållas,
397 840 56 20 samt
467 840 32 20 att
511 838 190 29 jernvägsområde
716 839 61 26 skall,
789 839 38 21 der
838 839 157 21 öfverenskom-

234 873 68 22 melse
317 874 50 21 med
382 873 158 22 vederbörande
555 873 114 28 jordegare
684 874 49 21 icke
748 873 90 27 träffats,
854 879 76 21 genom
945 873 51 26 häg-

234 907 44 22 nad
293 907 109 28 afstängas
417 907 47 22 från
479 907 134 27 omgifvande
629 914 57 21 egor.
707 908 62 21 Hvad
785 907 102 22 särskildt
901 907 95 22 vidkom-

235 947 47 16 mer
304 942 109 27 uttrycket
435 941 164 28 ,öppenhälla'*,
622 942 65 22 hafva
707 942 120 22 Ständerna
841 942 94 21 användt
950 941 46 21 det-

235 982 83 15 samma
332 975 34 22 för
381 977 31 20 att
427 976 48 21 med
491 978 68 19 större
573 976 105 27 tydlighet
692 976 91 27 angifva,
800 977 32 21 att
847 976 150 27 jernvägsega-

236 1016 38 15 ren
292 1010 41 21 bör
349 1010 19 27 ej
384 1010 55 21 blott
457 1010 154 22 vidmakthålla
626 1011 79 21 dikena
720 1012 51 20 utan
787 1010 62 22 äfven
863 1011 87 26 vidtaga
965 1010 32 21 åt-

234 1044 81 27 gärder
330 1051 35 14 om
381 1044 61 22 deras
458 1045 111 26 öppnande
585 1045 7 22 i
608 1045 109 26 händelse,
734 1045 27 27 på
776 1047 43 20 sätt
833 1044 102 22 särskildt
950 1043 47 22 vår-

235 1079 32 21 tid
291 1077 56 23 ofta”
358 1073 115 39 inträffar,
485 1079 78 22 dikena
585 1085 76 22 genom
685 1080 112 27 stockning
817 1079 23 22 af
853 1079 76 27 issörja
945 1079 52 21 eller

235 1113 129 22 annorledes
388 1115 81 25 täppas,
493 1113 138 27 hvarigenom
651 1114 46 21 ofta
715 1114 48 21 icke
782 1114 61 27 ringa
858 1113 68 22 skada
938 1113 59 27 jord-

235 1154 66 20 egare
320 1147 135 28 tillskyndas.
485 1147 104 28 Slutligen
605 1148 64 22 hafva
684 1148 120 22 Ständerna
818 1149 71 21 ansett
904 1144 94 30 uttryck-

235 1182 31 27 lig
288 1182 111 22 föreskrift
421 1188 53 16 vara
493 1182 125 28 erforderlig
637 1182 62 22 äfven
715 1183 74 21 derom
803 1184 38 25 att,
858 1182 37 22 der
908 1182 91 28 jernväg

236 1216 52 22 skär
310 1216 76 28 farled,
409 1217 78 27 nödiga
509 1217 103 21 anstalter
631 1218 54 20 böra
705 1217 23 21 af
739 1218 127 26 jernvägens
883 1223 63 21 egare
961 1223 37 15 an-

236 1251 88 26 bringas
347 1251 41 21 och
406 1251 141 27 underhållas,
568 1252 33 21 till
616 1251 176 22 förekommande
806 1251 24 21 af
843 1251 75 21 hinder
933 1252 7 21 i
955 1250 44 22 far-

236 1285 77 22 ledens
328 1285 132 27 trafikering.

307 1319 114 28 Uttrycket
443 1320 132 27 ,begagnas''
591 1321 7 21 i
614 1320 11 28 &
642 1320 27 22 15
684 1320 39 22 har
746 1320 82 27 utbytts
851 1320 45 21 mot
912 1318 87 28 ,upplä-

237 1354 56 26 tas",
315 1354 35 21 för
370 1356 33 20 att
425 1354 89 22 sålunda
535 1354 92 28 angifva,
649 1355 36 21 det
700 1354 94 28 afsigten
809 1354 46 21 icke
871 1356 24 19 är
910 1354 32 21 att
957 1354 43 21 för-

237 1388 68 26 bjuda
326 1388 114 22 befordran
463 1388 23 22 af
506 1389 176 27 arbetsmanskap
705 1389 41 21 och
764 1388 207 28 byggnadsmaterial
987 1387 12 21 ä

235 1423 91 27 jernväg
342 1424 67 21 under
424 1424 203 27 anläggningstiden.
