1056 1725
250 130 26 21 36
459 130 20 22 U.
495 129 20 23 B.
531 142 28 4 —
575 129 55 29 Prop.
647 129 33 23 N:o
697 128 34 24 34.

221 192 34 21 ela
277 191 58 25 verk,
358 191 111 22 äfvensom
491 191 102 21 befordra
615 198 39 21 nya
676 191 167 28 anläooningars
858 192 123 27 uppkomst,

220 225 141 22 erfordrande
375 225 65 28 riklig
453 225 141 22 vattenkraft.

290 260 44 27 4:0)
364 260 77 21 Linien
473 259 509 27 Tammerfors—Siurufors—Karkku—Tyrvis

222 294 193 28 (Wammaskoski)
431 306 12 3 —
452 294 82 21 Hvittis
557 294 150 27 (Lauttakylä)
713 294 100 21 —Kumo—
819 294 163 27 Björneborg

220 329 50 21 med
278 335 27 14 en
316 329 64 26 längd
388 328 24 21 af
420 331 40 18 144
468 329 121 26 kilometer,
597 329 40 20 har
645 329 49 20 med
701 327 180 28 nästföregäende
889 328 92 21 alterna-

221 363 31 21 tiv
268 369 26 15 en
309 369 122 21 gemensam
447 363 124 26 sträckning
587 362 24 21 af
625 363 43 26 54,5
683 362 116 21 kilometer
814 362 57 21 ända
885 361 55 22 fram
948 362 34 21 till

224 397 173 22 Wammaskoski
420 397 7 20 i
449 396 82 27 Tyrvis,
555 396 95 21 derifrän
669 397 67 20 linien
751 397 61 26 böjer
827 396 33 27 sig
875 396 22 21 ät
912 396 69 25 söder,

222 431 142 27 Ofvergäende
387 431 92 20 nämnde
501 430 45 22 fors
569 432 55 19 samt
649 430 119 27 åtföljande
793 432 59 19 östra
875 430 60 21 sidan
960 429 24 21 af

221 465 71 22 Kumo
312 464 40 22 elfs
374 465 74 21 vidare
471 465 49 26 lopp
537 465 33 21 till
586 465 137 27 Lauttakylä,
740 465 38 20 der
793 465 41 21 den
849 465 86 21 förenar
950 464 32 27 sig

221 500 51 21 med
286 499 66 22 linien
368 499 47 21 frän
430 499 97 22 Urdiala.

292 533 172 28 Hufvudsakliga
485 533 89 22 motivet
597 533 34 22 för
653 534 72 21 denna
747 533 124 28 sträckning
893 531 90 23 framför

224 569 42 21 den
282 568 128 27 föregäende
432 567 86 22 anföres
540 574 57 20 vara,
614 569 33 20 att
662 574 78 21 genom
756 568 124 21 densamma
894 568 88 21 Lautta-

223 603 52 27 kylä
290 602 161 22 trafikcentrum
466 603 87 21 beröres
568 602 40 22 och
624 604 32 20 att
671 602 41 22 den
728 602 138 28 genomlöper
887 602 26 21 de
928 601 55 22 folk-

223 639 48 20 täta
286 639 86 19 orterna
388 637 58 21 invid
460 636 71 22 Kumo
547 636 40 22 elfs
603 637 64 21 södra
682 636 75 22 strand
773 636 55 21 ända
844 636 33 22 till
896 636 87 27 Björne-

222 672 60 26 borg.

293 705 44 27 5:0)
360 705 77 21 Linien
457 704 135 28 Loimijoki—
604 705 97 21 Alastaro
718 717 9 3 —
739 700 76 36 Hvittis
835 704 148 28 (Lauttakylä)

226 740 267 27 —Kumo—Björneborg,
516 739 87 21 hvilken
626 738 87 28 åtföljer
736 738 116 28 Loimijoki
877 739 49 21 &dal
951 738 34 22 till

225 774 137 26 Lauttakylä,
386 773 39 21 har
447 773 96 21 härifrän
567 779 122 21 gemensam
712 773 126 27 sträckning
855 773 49 21 med
918 773 66 21 linien

226 808 47 22 från
289 808 91 21 Urdiala
394 809 55 20 samt
464 809 69 19 mäter
548 808 7 20 i
570 808 65 26 längd
652 809 57 24 109,6
725 807 120 21 kilometer.

295 843 76 20 Denna
385 842 51 21 linie
458 844 25 19 är
505 842 67 27 enligt
595 842 108 21 komitens
719 841 175 28 längduppgifter
909 841 76 21 endast

225 877 44 21 fem
291 879 59 19 verst
372 877 86 21 kortare
481 878 27 19 än
529 876 145 27 nästföljande
697 876 52 21 linie
769 876 48 21 frän
840 876 89 21 Urdiala
945 876 39 21 och

226 912 120 21 kostnaden
362 911 33 21 för
410 911 124 21 densamma
549 911 76 21 endast
640 912 93 25 450,000
749 911 61 21 mark
825 911 66 27 lägre.

294 945 42 21 Till
356 945 42 26 det,
415 951 46 16 som
476 945 91 28 tidigare
583 945 82 22 anförts
680 952 36 15 om
737 945 69 21 denna
821 945 62 22 linies
906 945 79 21 ekono-

227 979 71 22 miska
319 979 116 28 betydelse,
459 979 42 21 kan
524 979 67 28 enligt
613 979 96 22 komitön
725 979 107 28 tilläggas,
849 981 32 20 att
897 979 40 22 den
952 978 34 22 för

228 1014 41 21 den
291 1013 160 28 genomgäende
472 1013 95 22 rörelsen
590 1013 48 22 frän
660 1013 145 22 Tammerfors
828 1013 40 22 och
890 1013 96 22 inlandet

226 1054 52 15 vore
293 1048 85 27 mycket
393 1054 108 21 ogynsam,
518 1050 51 19 enär
584 1048 149 27 vägalängden
744 1048 34 21 till
785 1048 132 27 Björneborg
924 1048 61 27 längs

226 1083 124 21 densamma
372 1081 70 22 blefve
464 1083 27 20 41
514 1084 57 19 verst
587 1082 74 27 längre
677 1084 26 19 än
718 1082 36 21 till
769 1077 54 27 Åbo.
853 1083 40 21 Att
907 1084 79 25 antaga

227 1119 24 19 är
266 1116 70 27 äfven,
352 1118 62 25 säger
429 1116 101 27 komiten,
547 1118 32 19 att
595 1118 68 20 större
679 1117 63 21 delen
750 1117 24 20 af
782 1117 120 26 Wampula,
913 1117 72 27 Kjulo,

227 1150 83 23 Hvittis
325 1151 40 21 och
380 1151 69 21 Kumo
465 1151 48 21 rika
528 1151 139 27 sädesexport
675 1152 40 21 och
724 1151 70 28 öfriga
802 1152 184 26 varuomsättning

227 1185 70 21 skulle
319 1191 76 21 genom
418 1186 69 20 denna
509 1185 56 21 bana
588 1186 77 27 dragas
689 1186 49 21 från
753 1186 133 27 Björneborg
901 1186 34 20 till
950 1186 36 20 det

227 1218 164 22 trafikstarkare
413 1214 54 32 Äbo,
490 1220 138 27 hvarigenom
644 1220 144 27 Björneborgs
808 1220 178 21 handelsomräde

227 1255 57 19 ännu
299 1260 59 14 mera
374 1255 26 19 än
415 1254 108 20 härintills
539 1254 68 21 skulle
622 1254 147 28 kringskäras.

296 1288 43 26 6:0)
369 1288 76 20 Linien
475 1288 206 22 Urdiala
578 1284 14 37 —
603 1288 78 22 Hvittis
701 1288 283 28 (Lauttakylä)
872 1284 15 37 —
899 1288 85 28 Kumo—

227 1322 140 27 Björneborg,
383 1322 7 20 i
405 1322 65 27 längd
488 1324 55 24 114,9
559 1322 119 27 kilometer,
688 1323 40 20 har
744 1323 100 21 sträckan
855 1322 52 22 från
922 1323 65 21 Laut-

225 1355 75 27 takylä
315 1356 35 21 till
364 1356 132 27 Björneborg
511 1362 123 21 gemensam
649 1357 49 21 med
713 1358 50 20 näst
785 1356 129 28 föregäende
929 1356 57 21 linie.

295 1390 117 21 Gentemot
426 1390 115 27 Loimijoki
557 1391 65 21 linien
638 1391 62 21 anför
722 1391 104 26 komitön,
851 1393 32 19 att
898 1390 89 22 Urdiala

227 1424 152 27 sträckningen
402 1424 86 28 ätföljer
510 1425 149 22 Punkalaitios
675 1425 78 22 odlade
775 1425 40 22 och
837 1425 150 22 välbefolkade

228 1458 57 26 ådal,
302 1459 38 20 der
354 1465 27 14 en
388 1459 156 22 koncentrerad
559 1460 131 27 befolkning,
707 1462 84 19 ensamt
806 1460 58 21 inom
872 1460 115 21 Punkalai-

295 1499 191 22 Jernvägsutskottets
499 1499 116 18 betänkande
627 1499 38 18 N:o
679 1500 16 16 1.
