1056 1725
272 130 27 21 14

468 127 65 26 U.:B.
547 132 28 13 —
589 128 68 29 Prop.
672 128 48 24 N:o:
726 128 41 24 38.

380 196 99 21 Senatens
493 196 92 21 tillstånd
600 197 29 20 till
643 196 65 21 läneis
722 198 137 24 upptagande
874 198 67 20 tillika
954 204 49 19 upp-

607 276 26 21 12
649 276 39 22 och
706 276 27 21 13
748 274 31 29 88.

448 321 155 23 Oförändrade.

661 385 27 21 14
702 384 18 28 8.

446 435 66 22 Mom.
529 436 11 21 1
557 436 66 27 enligt
637 435 79 28 nådiga
731 436 168 27 propositionen.

445 470 80 21 Rätten
540 471 75 20 teckne
631 470 40 21 ock
686 469 13 22 å
714 469 238 28 fordringshandlingen
963 471 39 21 be-

378 505 31 20 vis
430 506 32 20 att
479 504 124 27 inteckning
623 504 56 22 skett
690 506 65 25 jemte
769 507 84 25 uppgift
875 506 6 21 å
896 512 105 15 samman-

377 541 66 24 lagda
465 541 88 24 beloppet
567 541 26 24 af
602 539 123 26 föregående
739 541 147 25 inteckningar
901 541 36 20 och
952 547 48 14 ena-

377 575 73 20 handa
473 575 82 25 uppgift
579 580 34 15 om
631 581 84 14 samma
735 575 44 25 dag
797 575 113 25 faststälda
929 576 71 20 inteck-

377 610 80 24 ningar
477 610 47 20 eller
539 610 35 20 ock
587 610 89 25 intygan
691 611 30 19 att
735 615 77 15 annan
826 610 119 25 inteckning
959 611 42 20 icke

376 644 117 20 meddelats.

657 689 28 21 15
699 688 18 28 8.

444 734 35 22 Då
496 735 123 27 inteckning
635 741 18 15 o.
669 741 17 15 s.
701 741 20 15 v.
737 735 78 27 (enligt
830 735 78 27 nådiga
923 741 77 21 propo-

377 769 82 25 tionen)
481 781 26 4 —
527 770 58 27 lyda;
603 772 50 20 dock
668 772 37 19 bör
720 771 76 25 hvarje
811 771 110 25 obligation
933 772 67 24 förses

376 806 47 19 med
437 804 78 22 sådant
529 806 58 26 bevis,
603 812 44 14 som
662 806 8 19 i
686 806 26 20 14
727 806 14 22 $
756 806 56 24 sägs.

656 879 27 21 16
698 879 19 27 8.

444 927 49 19 Har
510 926 99 26 jernväg,
631 927 65 20 sedan
718 927 41 20 den
778 926 101 26 öfvergätt
893 927 8 19 i
914 932 85 15 annans

376 966 40 20 ego,
439 961 113 20 intecknats
571 962 36 25 för
622 962 59 25 förre
699 967 89 20 egarens
803 961 130 26 förbindelse,
949 967 49 14 vare

377 995 143 25 inteckningen
539 997 52 18 utan
609 997 77 19 verkan
701 997 44 19 mot
759 996 41 19 den
814 1001 41 20 nye
870 1001 80 20 egaren,
964 1001 34 14 om

375 1030 43 19 han
432 1030 33 25 sig
480 1030 29 19 till
523 1029 120 21 erhållande
657 1031 26 25 af
695 1031 82 24 lagfart
787 1030 96 20 anmäler
893 1031 56 19 inom
958 1030 40 19 den

374 1065 8 19 i
397 1065 14 19 8
425 1065 13 22 $
450 1065 129 25 föreskrifna
594 1065 35 20 tid.
651 1065 142 20 Försummar
808 1065 44 19 han
867 1065 37 25 det,
921 1065 35 19 och
971 1066 28 18 är

372 1098 145 26 förbindelsen,
533 1098 67 21 hvarä
612 1100 145 24 inteckningen
766 1099 119 25 meddelats,
896 1099 101 25 utfärdad

372 1133 45 25 före
427 1133 128 25 jernvägens
569 1133 128 27 öfverlåtelse,
709 1139 50 15 vare
768 1134 143 24 inteckningen
921 1132 75 22 bestån-

374 1168 73 20 dande.

442 1197 33 19 År
496 1197 123 25 anteckning
637 1203 34 14 om
688 1197 189 25 lagfartsansökan
898 1197 9 19 i
925 1197 72 25 fastig-

374 1230 106 21 hetsboken
497 1231 67 25 gjord,
585 1230 69 22 såsom
673 1232 8 19 i
700 1237 76 15 senare
795 1237 62 15 mom.
877 1232 26 24 af
915 1232 13 19 7
943 1232 13 22 $
970 1232 28 19 är

374 1265 66 25 sagdt,
457 1266 35 19 och
507 1266 57 20 sökes
576 1266 45 24 före
637 1265 104 26 utgången
757 1266 26 25 af
791 1266 40 20 den
837 1266 35 25 för
882 1266 115 24 lagfartens

371 1299 133 25 fullföljande
521 1300 27 25 af
563 1300 110 20 domstolen
691 1301 81 19 utsatta
787 1300 30 20 tid
831 1300 118 24 inteckning
961 1300 36 25 för

371 1332 124 26 föregdende
513 1339 71 19 egares
601 1334 130 26 förbindelse,
752 1333 39 21 mä
809 1334 143 25 inteckningen
967 1334 30 20 be-

374 1368 61 25 viljas
457 1368 72 20 endast
549 1369 48 19 med
614 1368 102 26 förbehåll
734 1370 32 18 att
783 1369 124 20 densamma
921 1369 76 19 varder

372 1404 53 18 utan
445 1403 78 20 verkan
540 1404 43 19 mot
601 1404 39 19 den
658 1409 40 20 nye
717 1408 84 21 egaren,
821 1408 34 15 om
873 1404 45 19 han
937 1404 58 19 inom

373 1437 87 20 berörda
475 1438 29 19 tid
518 1436 88 21 erhåller
619 1438 84 25 lagfart.

304 1475 141 24 Lagutskottets
457 1475 117 19 betänkande
586 1476 37 18 N:o
635 1476 28 19 17.
