1056 1725
262 142 27 21 14
415 169 4 1 =
479 140 20 24 U
515 140 20 23 B.
552 152 25 3 —
594 140 54 28 Prop.
665 140 35 23 N:o
716 139 27 24 31.

250 202 118 14 olanmändn
403 202 39 12 ach
467 202 75 12 Lomin
563 202 66 10 12
971 201 16 7 a

232 202 145 22 holsovårds-
401 216 44 9 och
467 202 280 23 kommunalnämmäerua
770 201 72 23 lulva
855 197 44 37 sig
909 197 89 37 älngat

233 238 36 20 att
292 236 127 22 öfvervaka
441 236 29 22 de
493 237 102 21 sanitära
613 236 180 22 förhållandena
807 236 9 21 i
831 235 102 22 fabriker
948 235 43 22 och

231 270 144 29 verkstäder,
397 271 44 22 har
462 271 150 22 minoriteten
633 271 64 22 inom
717 270 117 22 utskottet
848 270 51 21 icke
915 272 77 19 ansett

233 305 81 29 nägon
328 305 138 29 ytterligare
481 305 133 29 inspektion
630 312 85 22 genom
726 304 115 22 särskilda
851 304 140 29 tjenstemän

231 339 81 29 nödig.
341 339 134 22 Utskottets
490 339 76 22 flertal
581 339 42 22 har
637 339 61 22 dock
713 339 69 22 slutit
792 339 35 28 sig
836 338 37 22 till
882 338 45 22 den
935 345 56 22 upp-

231 373 111 29 fattning,
359 381 55 20 som,
430 373 75 29 enligt
519 373 62 22 hvad
597 373 71 22 ofvan
683 373 98 25 anförts,
797 373 80 29 gjorde
893 373 36 28 sig
944 372 48 29 gäl-

231 407 71 22 lande
316 408 64 21 inom
395 408 50 29 lag-
460 407 44 23 och
516 408 225 22 ekonomiutskottet
752 407 41 22 vid
805 408 54 21 1882
871 407 36 21 års
915 406 77 22 landt-

232 441 53 29 dag,
308 441 70 22 hvars
399 442 122 22 uttalande
540 442 121 29 angående
677 441 214 30 otillräckligheten
906 441 23 22 af
945 441 46 21 till-

232 475 84 30 fälliga
330 476 161 29 inspektioner
506 477 65 21 torde
587 484 44 21 ega
645 476 44 22 full
703 475 168 30 tillämplighet
881 475 70 22 äfven
961 475 31 28 pä

233 509 46 22 den
302 510 88 29 tillsyn,
413 518 50 14 som
485 511 78 22 kunde
585 511 93 22 komma
698 513 36 19 att
749 510 27 22 af
788 509 203 23 intendenterna
976 505 17 39 i

232 544 219 29 industristyrelsen
466 545 100 21 utöfvas.

301 579 56 21 Man
379 579 47 21 kan
449 579 117 29 svärligen
588 580 35 21 uti
647 578 183 30 ifrägavarande
845 577 108 23 afseende
969 577 26 22 af

231 612 180 23 intendenterna
431 614 80 21 fordra
535 616 72 19 annat
629 617 30 18 än
681 616 36 19 att
741 614 29 21 de
794 613 65 22 skola
874 612 119 22 verksamt

232 647 128 22 ofvervaka
376 648 43 22 och
434 648 53 22 leda
497 648 257 29 yrkesinspektörernes
765 647 157 29 tillgöranden
933 648 60 20 samt

234 682 175 22 sammanställa
424 682 29 22 de
467 682 53 22 frän
535 682 52 22 dem
603 682 116 29 ingäende
735 682 143 22 berättelser.
907 681 84 21 Yrkes-

232 716 152 29 inspektören
407 716 103 22 deremot
531 716 46 22 kan
600 716 43 22 och
659 717 43 21 bör
716 716 149 22 uteslutande
881 723 60 21 egna
955 715 37 29 sig

233 750 26 22 åt
282 750 36 22 sin
340 750 189 22 kontrollerande
543 751 148 21 verksamhet
707 750 45 22 och
768 750 61 22 skall
844 750 98 22 sålunda
957 749 35 22 äf-

232 791 46 15 ven
294 784 26 22 af
333 784 72 22 andra
413 785 231 29 embetsäligganden
659 792 57 15 vara
732 784 152 23 oförhindrad
894 786 35 20 att
939 783 53 22 med

233 818 119 22 önskvärd
374 818 168 30 skyndsamhet
565 819 80 22 kunna
667 819 114 28 inskrida,
797 819 30 22 dä
841 818 72 23 behof
926 818 68 22 deraf

231 852 65 23 visar
310 852 42 30 sig.
383 848 168 34 Önskligheten
567 853 26 22 af
605 861 29 14 en
655 857 109 19 närmare
779 853 44 23 och
837 855 76 20 tätare
927 852 64 22 berö-

233 887 55 29 ring
302 887 87 22 mellan
404 887 45 22 den
464 888 179 29 inspekterande
666 888 45 22 och
734 888 29 21 de
778 887 173 22 kontrollerade
967 890 25 18 är

233 929 30 14 en
290 921 180 30 omständighet,
493 929 48 14 som
570 923 52 21 icke
651 923 74 21 heller
755 922 38 22 får
821 921 104 23 förbises.
955 921 36 28 Ty

232 955 84 22 endast
335 955 135 30 derigenom
485 958 35 20 att
534 957 150 28 inspektören
699 956 88 23 blifver
801 956 56 22 fullt
871 955 121 29 förtrogen

232 990 54 21 med
301 990 47 22 alla
363 990 29 21 de
406 990 169 29 förhållanden,
583 991 134 22 hvarunder
733 993 35 20 ett
781 991 59 28 yrke
850 991 47 21 kan
908 989 83 22 bedrif-

232 1032 50 20 vas,
298 1025 60 21 skall
373 1025 46 22 han
434 1025 183 29 framgängsrikt
631 1026 81 21 kunna
728 1025 74 22 verka
817 1025 76 22 säsom
908 1032 29 15 en
951 1025 40 28 pä-

230 1059 66 29 litlig
317 1059 134 28 rädgifvare
473 1059 64 22 såväl
559 1060 24 21 ät
601 1059 177 29 yrkesidkaren,
793 1059 70 22 hvars
878 1061 47 20 rätt
939 1059 53 21 icke

233 1101 86 21 genom
351 1093 102 30 onödiga
476 1093 155 23 föreskrifters
653 1094 142 22 utfärdande
818 1093 37 23 får
883 1093 107 26 kränkas,

231 1135 51 14 som
304 1128 25 21 åt
351 1127 29 22 de
401 1127 170 30 myndigheter,
593 1129 81 22 hvilka
699 1136 44 22 ega
766 1129 63 21 tillse
845 1128 40 21 det
900 1127 91 22 enskild

231 1164 70 26 nytta
316 1162 52 22 icke
383 1162 36 22 får
433 1163 31 29 pä
479 1162 128 23 bekostnad
623 1163 25 21 af
661 1163 41 21 det
717 1163 120 21 allmänna
851 1163 67 21 bästa
935 1166 56 25 göra

231 1196 38 29 sig
294 1196 116 29 gällande.
440 1197 149 22 Beträffande
604 1197 159 22 kostnaderna
777 1197 38 22 för
829 1196 162 30 yrkesinspek-

232 1230 81 22 tionen
336 1230 65 22 torde
425 1230 45 22 den
492 1231 103 29 farhäga,
612 1238 49 15 som
676 1232 66 21 inom
757 1231 116 22 utskottet
887 1231 104 28 uttalats,

231 1272 58 14 vara
311 1265 26 21 sä
358 1265 95 29 mycket
474 1265 89 22 mindre
585 1265 106 30 befogad,
709 1273 51 15 som
775 1266 84 28 frågan
873 1265 68 22 berör
955 1267 36 26 yt-

231 1301 61 20 terst
303 1300 73 21 vitala
385 1299 115 23 intressen
511 1300 43 22 och
564 1300 128 29 anledning
703 1300 53 22 icke
767 1307 70 21 synes
847 1299 143 22 förekomma

232 1336 36 19 att
289 1334 93 21 misstro
404 1334 149 29 regeringens
569 1334 105 30 förmäga
697 1336 43 26 att,
763 1334 74 22 under
861 1334 130 22 beaktande

232 1367 26 22 af
286 1368 65 22 säväl
380 1368 200 22 indistriidkarnes
605 1376 49 14 som
675 1369 136 21 arbetarnes
835 1370 53 26 rätt,
913 1368 78 29 lämpa

232 1402 199 28 statsutgifternes
446 1402 37 22 för
497 1403 159 29 inspektionen
672 1403 59 22 efter
745 1402 187 23 förhällandenas
943 1402 48 22 oaf-

231 1436 87 29 visliga
333 1436 59 22 kraf.

302 1476 201 19 Ekonomiutskottets
516 1477 119 18 betänkande
647 1477 36 19 N:o
697 1479 27 16 14.
