1056 1725
324 120 20 22 U.
360 118 20 24 B.
397 131 26 3 —
439 118 56 29 Prop.
512 119 33 23 N:o
561 119 34 24 34.
782 121 27 20 27

146 182 165 27 Sammanlagda
326 182 93 27 längden
434 182 40 21 och
490 182 146 21 kostnaderna
654 182 24 21 af
699 182 42 22 den
762 183 76 22 Karel-

77 217 39 21 ska
132 216 127 22 stambanan
271 216 67 27 jemte
352 216 92 22 bibanor
459 218 79 26 utgöra
549 216 90 22 sålunda
649 218 58 25 342,1
723 217 115 22 kilometer

76 250 41 22 och
134 252 128 25 22,870,000
276 250 68 21 mark.

146 296 31 21 På
192 297 68 27 grund
275 296 25 21 af
312 297 57 20 hvad
384 296 106 21 utskottet
513 296 40 21 här
575 296 77 27 anfört,
676 296 33 21 får
731 297 106 22 utskottet

77 331 110 21 vördsamt
203 330 84 27 föreslå,
304 332 32 19 att
351 330 121 22 Ständerna
487 330 51 22 ville
554 330 33 21 för
602 330 33 21 sin
651 331 34 20 del
700 331 93 21 besluta:

296 423 31 18 att
352 428 26 13 en
399 421 96 28 jernväg
521 420 76 28 bygges
627 421 80 20 mellan
744 421 92 28 Wiborg,

215 455 122 22 Sordavala
362 455 39 21 och
425 455 102 21 Joensuu
552 455 81 25 städer,
656 455 86 22 hvilken
767 455 70 22 skulle

214 490 59 21 ledas
296 490 62 27 öfver
388 489 189 27 Wuoksen-floden
597 489 59 21 inom
680 489 31 22 S:t
734 490 103 21 Andreae

215 523 77 22 socken
314 523 40 21 och
376 523 76 21 vidare
466 530 78 21 genom
559 523 91 25 Kirvus,
667 523 93 25 Hiitola,
777 523 59 22 Kro-

200 570 4 3 -
214 557 87 29 noborg,
316 557 170 26 Jaakimvaara,
503 557 131 26 Sordavala,
643 557 118 26 Ruskeala,
770 557 67 22 Pelk-

212 592 68 28 järvi,
306 592 148 27 Tohmajärvi,
478 592 181 28 Kiihtelysvaara
682 592 38 20 och
743 592 94 21 Kontio-

214 626 49 21 laks
278 620 100 31 socknar,
394 626 48 21 med
457 626 82 21 bibana
555 626 35 21 till
616 626 105 20 Wärtsilä
743 625 62 27 bruk,
829 627 8 19 i

216 662 221 26 0fverensstämmelse
453 662 49 20 med
517 661 84 28 nådiga
609 662 177 26 propositionen;
798 661 39 27 äf-

214 702 84 14 vensom

282 732 32 18 att
338 729 39 21 hos
399 729 66 21 Hans
489 729 126 28 Kejserliga
637 729 105 28 Majestät
765 729 8 20 i
795 736 42 14 un-

214 764 141 28 derdänighet
370 764 99 25 anhålla,
486 766 33 18 att
533 764 114 28 samtidigt
655 764 47 20 med
710 763 127 29 hufvudba-

213 805 45 14 nan
281 805 26 14 en
329 798 80 21 bibana
431 798 78 28 bygges
528 798 60 27 frän
601 796 38 22 S:t
652 798 96 21 Andreae
772 798 63 27 längs

220 832 116 21 Wuoksens
352 834 60 19 östra
427 832 80 21 strand
523 832 35 20 till
573 832 96 26 Imatra;
685 834 56 18 samt

282 869 32 18 att
338 867 43 28 för
410 867 63 21 dessa
495 867 194 27 jernvägsföretag
716 867 65 20 anslå
810 873 26 14 en

214 907 84 14 summa
323 901 31 28 af
370 902 136 25 22,870,000
525 901 71 25 mark,
617 901 70 27 deraf
701 901 134 24 20,700,000

212 935 63 20 mark
294 935 42 28 för
358 935 164 28 hufvudbanan
533 935 68 27 jemte
617 934 78 21 bibana
711 935 35 20 till
766 934 71 21 Wärt-

212 969 44 21 silä
278 969 39 21 och
338 971 120 24 2,170,000
481 969 63 20 mark
561 969 43 28 för
620 968 94 21 bibanan
721 968 60 28 från
804 967 32 22 S:t

213 1003 101 21 Andreae
341 1004 35 20 till
391 1003 93 21 Imatra.

144 1180 42 20 Vid
201 1179 157 27 behandlingen
374 1179 24 21 af
412 1179 77 27 frägan
505 1186 34 15 om
555 1179 114 21 utförande
688 1178 24 22 af
731 1185 26 15 en
777 1179 58 27 jern-

74 1215 42 25 väg
132 1213 47 21 frän
194 1214 73 20 Kotka
282 1214 48 21 stad
345 1214 34 20 till
394 1214 101 21 Kouvola
510 1213 79 21 station
605 1214 13 20 &
633 1214 70 20 banan
717 1212 118 22 Riihimäki

74 1260 30 2 —
119 1247 32 22 S:t
166 1248 130 27 Petersburg
310 1248 40 20 har
364 1248 109 21 utskottet
492 1249 53 20 utan
567 1248 104 21 afvikelse
686 1248 83 21 kunnat
791 1253 44 15 om-

74 1281 57 22 fatta
146 1281 103 27 förslaget
264 1282 75 21 härom
361 1282 7 20 i
384 1282 80 27 nädiga
487 1282 167 26 propositionen.
685 1281 112 22 Utskottet
812 1282 24 20 är

75 1322 51 15 ense
142 1316 80 26 derom,
238 1318 32 19 att
286 1316 70 21 denna
368 1316 90 27 jernväg
474 1316 69 21 mäste
559 1322 62 15 anses
637 1316 70 21 säsom
723 1321 26 15 en
762 1316 73 20 natur-

74 1350 31 28 lig
121 1350 139 27 fortsättning
275 1350 24 21 af
313 1350 104 22 Savolaks
432 1350 73 21 banan
520 1350 34 22 till
569 1350 65 22 hamn
652 1350 36 21 vid
702 1349 81 21 Finska
804 1349 31 21 vi-

74 1385 43 21 ken
132 1384 41 22 och
188 1386 33 19 att
236 1384 69 22 denna
320 1384 163 28 omständighet
497 1384 100 28 betingar
613 1385 47 21 dess
675 1384 114 21 utförande
801 1383 34 21 för

74 1420 83 20 statens
179 1418 97 29 räkning.
306 1419 77 21 Denna
406 1419 89 28 mening
517 1419 78 21 strider
610 1419 35 21 väl
660 1418 102 22 skenbart
777 1420 59 19 emot

74 1453 133 22 Ständernas
222 1453 35 21 vid
272 1453 59 21 såväl
349 1455 53 20 1882
419 1459 48 16 som
485 1454 54 21 1885
555 1453 35 22 års
601 1453 127 27 landtdagar
738 1452 97 22 uttalade

142 1492 192 23 Jernvägsutskottets
347 1493 118 18 betänkande
479 1495 34 16 N:o
527 1494 14 16 1.
