1056 1725
209 132 29 20 20

392 131 71 21 Ständ.
481 132 32 21 Sv.
529 144 26 2 —-
572 131 58 27 Prop.
647 132 35 21 N:o
697 132 36 21 29.

318 194 58 24 förra
399 194 112 25 benämning
534 196 97 24 upptagas
652 195 57 17 sånäl
727 195 8 17 i
751 195 90 19 redistret
859 200 40 14 som
915 194 26 21 pä

318 228 119 24 certifikatet.

603 286 15 27 $
633 286 30 21 16.

392 331 65 21 Under
477 331 86 26 byggnad
585 333 88 20 varande
691 332 60 24 finskt
765 333 67 24 fartyg
846 333 26 24 af
884 333 35 19 den
933 333 9 18 i

319 366 15 26 $
344 367 11 18 1
371 366 96 25 uppgifna
483 366 127 25 beskaffenhet
624 367 33 19 må
673 367 33 20 ock
715 367 34 24 för
764 367 120 26 intecknings
899 367 42 19 vin-

318 401 63 19 nande
395 400 9 21 i
419 401 152 24 skeppsregister
586 401 115 24 inskrifvas,
718 407 31 14 om
765 407 69 19 egaren
841 401 46 20 eller
897 407 43 18 ega-

319 441 44 14 rene
379 435 31 20 det
425 435 92 20 åstunda.

388 470 68 21 Sådan
478 471 119 24 inskrifning
622 471 62 24 sökes,
705 470 62 21 under
789 469 124 26 iakttagande
933 471 9 18 i

320 505 115 24 tillämpliga
457 505 55 20 delar
534 505 26 24 af
578 504 53 21 hvad
652 505 31 27 $$
703 505 12 20 6
733 505 34 20 och
787 505 14 19 7
816 505 75 24 stadga,
906 505 35 19 hos

318 539 212 25 registermyndigheten
545 540 34 24 för
594 539 31 20 det
639 540 86 23 område,
741 538 54 21 inom
805 539 70 20 hvilket
884 539 56 24 varf-

318 575 31 18 vet
364 574 24 19 är
403 573 78 25 beläget.

389 608 15 19 I
415 608 90 25 registret
524 610 97 23 upptagas
635 608 8 20 i
658 608 53 20 detta
726 608 39 24 fall
779 608 96 25 fartygets
891 608 50 20 tack-

320 642 48 24 lings
388 641 35 21 och
447 642 130 24 byggnadsart
595 642 52 20 samt
661 640 208 25 hufvuddimensioner,
885 642 55 24 varf-

319 677 36 22 vet,
372 675 34 20 der
421 676 32 19 det
468 676 72 25 bygges,
557 682 79 19 egarens
655 682 65 18 namn,
735 676 82 19 hemvist
831 676 34 20 och
879 676 61 19 natio-

319 710 67 20 nalitet
401 712 52 18 samt
468 710 60 25 dagen
543 711 33 24 för
590 710 155 25 registreringen.

389 744 140 25 Registrering,
546 750 41 14 som
602 745 8 19 i
625 744 61 20 denna
701 744 16 26 $
731 744 133 24 omförmäles,
879 744 62 25 gäller

319 778 40 20 icke
380 778 34 24 för
431 778 85 26 sjöfart;
535 779 33 20 och
586 779 35 25 får
640 779 96 24 certifikat
754 778 40 20 icke
811 779 9 19 i
837 778 52 21 detta
904 779 38 24 fall

319 812 34 24 för
367 812 86 25 fartyget
467 812 100 27 utfärdas.

598 871 15 27 $
627 872 33 19 17.

389 913 30 24 Är
438 918 128 24 registreradt
584 918 67 25 fartyg
669 918 59 25 enligt
749 917 16 26 $
782 918 27 19 10
827 918 9 19 i
857 918 84 25 sjölagen

317 952 168 25 pantförskrifvet
499 951 34 28 för
547 953 51 24 gäld,
615 953 33 19 och
663 952 89 20 anhäller
763 959 68 18 egaren
841 953 46 19 eller
897 953 43 19 bor-

319 988 82 23 genären
417 989 29 18 att
461 987 152 25 förskrifningen
628 987 33 20 mä
675 987 8 20 i
697 987 161 24 skeppsregistret
873 987 68 20 inteck-

320 1027 42 17 nas,
377 1021 61 20 varde
453 1021 35 20 den
503 1021 105 25 inteckning
623 1022 26 24 af
660 1021 215 26 registermyndigheten
887 1022 53 20 verk-

320 1055 53 20 stäld
388 1055 61 20 under
464 1055 23 20 de
501 1055 62 21 vilkor
578 1055 63 22 nedan
657 1057 52 24 sägs.

597 1121 16 25 S
627 1120 32 20 18.

388 1166 110 24 Inteckning
521 1166 32 20 mä
574 1166 69 20 endast
665 1166 82 24 beviljas
764 1166 41 19 viss
819 1166 122 24 namngifven

316 1206 73 18 person
412 1200 30 19 till
463 1200 88 20 säkerhet
573 1200 33 25 för
625 1200 86 24 fordran
730 1200 34 24 för
783 1200 50 20 visst
850 1200 66 24 belopp
934 1201 9 19 i

316 1234 116 24 penningar.

388 1268 29 25 Ej
435 1269 33 19 mä
487 1269 110 25 fartygsdel
617 1269 105 23 intecknas,
746 1269 45 19 eller
810 1269 47 24 flere
869 1268 72 27 fartyg

318 1304 117 24 gemensamt
444 1303 34 24 för
493 1310 22 13 en
529 1303 91 24 fordran.

598 1361 15 27 $
628 1362 32 19 19.

388 1406 96 21 Ansökan
507 1413 30 14 om
559 1407 106 25 inteckning
687 1407 52 20 skall
755 1409 59 23 göras
831 1407 110 25 skriftligen

319 1442 33 19 och
370 1440 83 26 ätföljas
472 1442 25 24 af
510 1442 211 25 pantförskrifningen,
738 1442 13 19 ä
765 1442 74 20 hvilken
854 1443 85 24 fartygs-
