1056 1725
247 88 13 20 4
361 104 3 3 .
454 86 23 24 U.
493 86 24 24 B.
533 100 24 3 —
575 87 61 29 Prop.
653 88 37 24 N:o
706 88 39 24 34.

292 151 12 21 3
320 157 68 15 mom.
405 150 14 22 å
433 150 68 22 sidan
517 152 27 21 33
559 150 43 23 har
617 151 28 22 af
656 150 174 31 Ridderskapet
845 152 44 22 och
899 150 84 28 Adeln,

220 184 112 29 Borgare-
355 184 44 22 och
420 184 184 23 Bondeständen
623 185 104 30 antagits
743 186 158 28 nförändredt,
916 186 59 22 hvar

220 221 64 20 emot
298 218 177 23 Prestaständet
489 219 64 23 velat
567 220 25 22 ät
606 225 69 18 mom.
692 220 67 30 gifva
773 215 104 35 följande
884 219 100 30 lydelse:

222 255 49 24 »att
293 253 43 22 hos
357 254 65 22 Hans
444 254 133 29 Kejserliga
591 254 111 30 Majestät
717 255 9 21 i
741 255 188 29 underdänighot
945 262 40 14 an-

220 288 72 27 hålla,
316 290 36 20 att
373 288 144 30 regeringen,
533 289 9 22 i
557 288 112 23 händelse
692 290 159 22 Nikolaistaäs
873 290 113 22 kommun

222 323 93 22 utöfver
337 323 63 22 hvad
422 323 45 22 den
489 323 72 22 redan
583 324 104 22 utlofvat
709 324 121 23 förbinder
849 325 36 28 sig
900 324 37 22 till
952 326 35 19 ett

222 365 64 14 mera
308 357 133 30 betydande
460 358 208 30 penningebidrag,
691 359 74 22 mätte
781 359 121 29 förelägga
918 359 68 21 Stän-

225 391 72 23 derna
319 392 73 29 nådig
413 393 145 28 proposition
572 393 9 21 i
595 393 68 29 fråga
685 401 38 14 om
739 394 154 28 fortsättning
909 393 26 22 af
947 392 40 22 ba-

226 433 48 15 nan
289 426 38 22 till
342 426 109 23 Wasklot
465 427 70 22 hamn
543 427 72 30 jemte
625 427 214 30 kajanläggningar
849 427 138 22 derstädes*.

298 461 35 22 Pä
348 461 76 29 grund
439 461 26 22 af
478 464 35 19 att
527 464 35 20 tre
577 462 76 22 Ständ
668 462 153 23 oförändradt
835 461 92 30 antagit
940 469 49 14 mo-

226 497 90 20 mentet
338 495 44 22 och
404 496 99 22 sälunda
524 496 104 29 lagenlig
643 497 122 29 pluralitet
780 495 145 24 beträffande
940 495 49 22 det-

228 537 88 14 samma
338 530 73 22 redan
433 531 102 28 vunnits,
557 531 38 22 fär
616 531 117 22 utskottet
755 531 120 22 vördsamt
894 530 96 28 inbjuda

231 565 184 22 Prestaständets
431 567 36 20 att
481 565 80 23 förena
576 565 37 29 sig
628 566 9 22 i
652 565 28 23 de
696 565 74 23 andra
781 565 116 23 Ständens
906 565 83 23 beslut.

303 601 11 21 1
330 607 69 15 mom.
415 600 14 22 å
444 600 67 22 sidan
526 602 27 20 46
569 600 122 30 angående
705 600 126 30 byggande
847 600 27 22 af
887 608 29 14 en
928 599 62 30 jern-

230 637 48 26 väg
293 634 37 22 till
344 634 146 30 Björneborg
504 634 43 23 har
562 635 27 21 af

302 668 172 30 Ridderskapet
489 670 43 21 och
547 669 77 23 Adeln
639 669 135 29 förkastats,
790 670 44 22 och
845 671 84 21 ersatts
939 668 53 22 med

232 705 50 25 »att
305 704 131 22 Ständerna
457 704 72 22 borde
551 704 42 22 hos
615 704 68 22 Hans
705 704 134 29 Kejserliga
860 703 133 30 Majestät
978 699 17 39 i

232 738 188 29 underdänighet
435 738 99 28 anhälla,
557 738 40 22 det
611 738 90 22 täcktes
717 738 66 22 Hans
797 738 134 30 Kejserliga
945 738 48 22 Ma-

230 772 74 30 jestät
317 773 50 22 läta
382 774 99 22 anställa
496 774 174 28 undersökning
680 781 38 14 om
726 773 150 29 lämpligaste
883 773 111 29 utgängs-

233 808 102 28 punkter
357 808 43 22 och
423 808 165 28 sträckningen
606 808 37 22 för
663 816 30 14 en
707 808 122 22 blifvande
841 807 100 30 jernväg
955 814 39 22 ge-

234 850 56 14 nom
313 843 128 22 Satakunta
463 845 60 19 samt
538 842 101 22 derefter
654 842 122 30 förelägga
791 844 204 20 nästsammanträ-

236 877 76 22 dande
328 877 99 22 Ständer
441 877 72 30 nädig
531 877 144 30 proposition
691 885 38 14 om
745 876 125 23 utförande
885 876 26 22 af
924 875 71 30 sagde

232 912 125 29 jernväg';

308 946 177 23 Prestaständet
506 946 103 29 antagits
624 945 53 23 med
693 945 46 23 den
755 945 105 29 ändring,
881 947 35 20 att
931 944 66 23 ordet

237 998 11 10 n
251 981 136 22 Kauvatsa"
403 981 75 22 skulle
492 981 67 29 utgå;

309 1017 114 28 Borgare-
439 1015 44 22 och
497 1015 175 22 Bondeständet
687 1014 154 23 oförändradt
855 1013 111 30 antagits.

310 1051 35 22 Pä
367 1050 76 29 grund
465 1050 27 22 af
512 1052 34 20 att
568 1052 35 20 tre
627 1049 74 22 Ständ
716 1050 9 21 i
740 1049 135 22 hufvudsak
889 1048 111 23 omfattat

238 1085 128 22 utskottets
389 1085 94 28 förslag,
506 1085 36 21 fär
563 1084 116 22 utskottet
697 1083 121 23 vördsamt
832 1083 97 29 inbjuda
943 1081 57 23 Rid-

240 1120 125 29 derskapet
387 1120 44 22 och
448 1119 77 22 Adeln
541 1121 34 20 att
590 1119 84 29 frångå
689 1119 42 22 sitt
746 1118 77 23 beslut
839 1117 44 22 och
898 1117 101 22 äfvenle-

240 1155 42 21 des
306 1157 86 27 antaga
417 1154 125 22 utskottets
567 1154 88 29 förslag
681 1155 60 21 samt
765 1152 177 23 Prestaständet
966 1153 36 21 att

242 1189 153 22 oförändradt
409 1191 86 27 antaga
510 1190 133 20 momentet.

312 1225 13 21 2
348 1231 67 15 mom.
439 1224 14 22 &
471 1224 67 22 sidan
553 1225 26 21 46
595 1223 42 22 har
655 1222 172 29 Ridderskapet
842 1221 44 22 och
901 1220 78 22 Adeln
994 1220 8 21 i

242 1259 148 29 konseqvens
408 1258 53 22 med
477 1258 51 22 dess
543 1258 76 22 beslut
634 1264 37 15 om
689 1260 8 19 1
715 1264 70 14 mom.
800 1256 122 27 förkastat,
937 1254 66 22 hvar-

244 1296 64 20 emot
330 1294 98 27 Presta-,
450 1294 112 28 Borgare-
585 1292 44 22 och
651 1290 183 24 Bondestånden
849 1289 92 29 antagit
955 1296 48 14 mo-

245 1331 91 20 mentet
357 1328 53 22 med
425 1328 122 22 enahanda
561 1327 132 29 ändringar,
709 1334 51 14 som
775 1325 67 22 dessa
857 1324 76 22 Stånd
947 1331 57 21 upp-

246 1364 58 21 stält
319 1362 144 23 beträffande
477 1362 100 29 tidigare
591 1363 104 21 moment
709 1360 122 30 angående
847 1359 88 29 anslag.

319 1398 35 21 På
370 1397 75 29 grund
459 1397 27 22 af
498 1396 124 22 utskottets
630 1396 88 28 förslag
725 1393 182 24 vidkommande
916 1394 10 21 1
936 1399 69 16 mom.
