1056 1725
320 122 18 22 U.
356 121 19 23 B.
392 120 54 29 Prop.
464 132 25 4 —
508 120 35 24 N:o
559 120 36 24 34.
799 124 12 19 9

77 184 63 27 lägen
155 184 28 27 på
201 186 27 25 1,9
244 184 123 22 kilometers
390 184 87 21 afstånd
497 184 48 22 från
560 184 103 22 Petolaks
679 184 37 22 vik
733 185 24 21 af
770 186 70 27 Pyhä-

76 218 56 28 järvi
149 219 37 27 sjö,
204 218 34 22 för
252 220 33 20 att
300 219 65 21 sedan
381 218 103 22 fortsätta
506 225 78 21 genom
600 218 131 22 Uukuniemi
747 220 40 21 och
802 220 38 21 Ki-

78 252 44 22 des.
153 253 47 20 Den
216 253 162 27 sammanlagda
395 252 94 28 längden
505 252 24 22 af
542 253 221 27 bansträckningarne
778 254 61 21 Will-

77 287 272 22 manstrand—Sordavala
364 286 39 23 och
419 286 245 23 Sordavala—Joensuu
679 289 71 26 utgör,
767 288 71 21 såsom

78 328 25 15 ur
125 321 94 22 tabellen
234 321 101 28 framgår,
352 323 58 25 283,8
430 321 123 27 kilometer,
569 321 41 22 och
625 323 24 20 är
664 322 176 21 totalkostnaden

79 355 33 22 för
128 356 110 21 desamma
252 356 122 21 beräknade
389 355 34 22 till
441 357 129 25 18,200,000
586 356 68 21 mark.

148 391 69 20 Dessa
240 390 29 21 tal
292 390 193 21 öfverensstämma
499 390 48 21 icke
567 390 49 21 med
633 385 183 33 Öfverstyrelsens
832 390 7 21 i

79 425 161 26 propositionen
262 424 90 21 anförda
374 424 151 27 beräkningar,
548 424 75 21 hvilka
646 425 87 27 angifva
747 425 92 27 längden

79 459 33 20 till
128 460 58 25 292,1
201 459 43 20 km.
260 459 39 21 och
314 459 120 21 kostnaden
449 459 35 20 till
501 459 128 26 17,654,000
645 459 67 20 mark.

149 493 113 21 Utskottet
284 493 40 21 har
346 493 87 21 erhällit
455 499 27 14 en
498 492 201 22 tillfredsställande
715 493 124 26 förklaring,

80 527 55 20 huru
151 527 69 20 denna
236 527 83 21 skilnad
340 527 105 27 uppstätt,
461 533 50 15 men
527 527 27 21 dä
569 527 44 20 alla
627 527 98 27 kalkyler
741 526 100 27 föröfrigt

81 561 83 27 grunda
187 561 33 27 sig
238 561 28 27 pä
281 560 174 28 längduppgifter
478 561 41 21 och
534 561 256 27 kostnadsberäkningar,
807 560 34 22 sä-

82 595 54 21 dana
152 596 26 20 de
194 595 84 27 framgå
291 602 26 14 ur
333 596 40 20 den
389 595 23 21 af
427 595 159 27 öfveringeniör
601 595 38 21 Th.
657 595 104 27 Tallgvist
777 594 63 22 ledda

81 629 101 21 tekniska
204 630 192 26 undersökningen,
412 629 40 21 har
467 630 109 21 utskottet
591 631 71 20 ansett
679 630 32 27 sig
727 629 63 21 äfven
805 630 36 20 be-

82 663 105 21 träffande
210 670 28 14 nu
260 663 164 28 ifrägavarande
446 664 53 21 linie
521 664 54 21 böra
597 664 53 27 följa
668 670 82 15 samma
765 664 76 21 beräk-

82 698 113 27 ningssätt.
226 698 42 21 För
283 700 32 19 att
331 698 33 21 stä
379 698 7 20 i
401 698 40 21 full
457 698 224 22 öfverensstämmelse
699 698 92 26 dermed,
803 698 39 21 bör

83 732 40 21 den
145 732 28 27 pä
196 732 60 21 sidan
274 734 25 18 14
314 732 7 20 i
336 732 163 26 propositionen
521 733 76 27 gjorda
617 732 226 27 sammanställningen

83 766 78 22 ändras
177 766 40 22 och
233 766 123 22 densamma
371 766 93 28 gestalta
481 767 32 27 sig
528 767 28 27 pä
572 767 95 27 följande
683 768 53 20 sätt:

601 840 69 22 Längd
682 840 7 16 i
720 838 89 18 Kostnad
821 839 6 17 i

589 864 107 33 kilometer.
752 869 35 21 Fy

84 897 88 26 Wiborg
212 897 86 21 —Jääskis
318 893 12 35 —
336 897 109 27 Paikjärvi
464 893 13 35 —
482 897 67 22 Kides

153 931 95 21 Joensuu
288 947 4 5 .
324 948 4 4 .
360 947 4 5 .
395 948 4 4 .
431 948 4 4 «
468 948 5 4 «
505 948 4 4 .
541 948 4 5 .
577 948 4 5 .
613 933 64 25 268,9.
709 933 134 25 18,792,000.

84 965 256 27 Paikjärvi—Sordavala
356 966 48 21 stad
432 982 4 4 .
468 982 5 5 .
505 982 4 5 .
541 983 4 4 .
578 983 4 4 .
628 967 49 25 32,8.
723 967 121 25 2,132,000.

84 999 122 27 Hamnspår
221 1000 7 20 i
244 999 122 27 Sordavala,
383 999 63 22 hvars
459 1000 67 27 längd
536 999 25 22 af
570 1001 11 20 2

154 1034 43 20 km.
214 1033 46 22 icke
276 1034 61 27 ingår
352 1034 6 21 i
374 1034 93 27 längden
484 1034 33 21 för
532 1034 50 21 huf-

154 1068 113 21 vudbanan
288 1085 4 4 .
324 1085 258 4 «ss.
641 1081 28 2 —
747 1069 97 25 130,000.

85 1102 82 21 Bibana
183 1102 33 21 till
232 1103 102 20 Harakka
360 1119 4 4 .
396 1119 4 4 .
433 1119 3 4 .
469 1119 5 4 .
506 1119 4 4 .
542 1119 4 4 .
579 1119 4 4 .
629 1103 50 25 21,5.
725 1103 119 25 1,462,000.

614 1149 65 26 323,6.
710 1148 135 27 22,516,000.

154 1210 117 21 Skilnaden
293 1210 79 22 mellan
396 1211 41 21 den
453 1211 25 21 af
492 1207 171 31 Öfverstyrelsen
685 1211 39 21 och
739 1211 108 21 utskottet

85 1244 139 27 kalkylerade
246 1245 92 27 längden
360 1245 34 21 för
416 1245 155 22 hufvudbanan
593 1247 64 25 utgör
680 1247 31 25 4,
726 1245 119 26 kilometer,

86 1278 102 22 hvarmed
204 1278 153 22 hufvudbanan
373 1279 118 22 förkortas.

154 1313 76 21 Denna
244 1314 89 20 rättelse
348 1314 99 21 inverkar
464 1314 64 22 äfven
543 1314 28 27 pä
586 1314 67 21 linien
671 1313 48 21 frän
734 1312 112 22 Willman-

86 1347 74 21 strand
183 1347 59 21 öfver
260 1348 87 26 Imatra,
364 1354 45 15 som
425 1348 160 27 sammanlöper
600 1348 49 21 med
664 1347 183 27 Wiborg—Jääs-

84 1381 173 27 kis—Paikjärvi
279 1382 66 21 linien
366 1382 13 21 &
398 1384 25 19 73
440 1383 45 20 km.
501 1382 48 22 från
567 1382 89 28 Wiborg
679 1382 56 21 ända
749 1381 35 21 till
798 1383 49 19 när-

85 1415 64 21 heten
165 1415 24 21 af
202 1416 115 27 Paikjärvi,
341 1416 33 21 för
397 1418 32 20 att
444 1417 40 21 der
499 1417 28 27 pä
542 1423 26 15 en
583 1417 50 21 kort
649 1416 86 21 sträcka
750 1415 50 27 löpa
815 1415 32 21 ät-

85 1450 67 27 skiljs,
176 1457 48 14 men
248 1451 46 20 äter
316 1451 151 21 sammanfalla
483 1452 49 20 med
548 1452 124 20 densamma
687 1451 35 21 vid
738 1450 109 21 Petolaks.

152 1490 190 22 Jernvägsutskottets
356 1490 117 18 betänkande
486 1492 35 16 N:o
535 1491 18 17 5.
