1056 1725
293 106 3 1 :
307 97 25 26 JU.
348 96 18 23 B.
383 108 26 5 —
426 98 56 28 Prop.
498 98 34 22 N:o
548 96 34 24 32.
771 99 24 20 11

208 160 41 20 har
271 159 71 21 sådan
358 159 66 21 likhet
439 159 48 21 med
502 166 87 14 annans
603 159 169 28 inregisirerade
787 165 38 15 va-

208 193 101 21 rumärke
324 196 32 18 att
366 193 131 28 förvexling
513 194 40 20 lätt
568 193 44 21 kan
627 192 41 22 ske.

419 255 11 27 $
446 256 33 20 11.

71 295 43 21 lika
128 295 49 21 med
192 295 14 26 $
223 296 23 20 11
264 295 6 20 i
286 301 59 20 prop.

414 329 20 27 8]
450 330 33 21 12.

71 363 43 21 lika
129 363 48 22 med
193 364 11 25 $
222 363 25 20 12
263 363 6 20 i
284 369 62 21 prop.

417 427 13 26 8
447 427 32 20 13.

280 465 116 22 Tvistemä!
422 465 112 28 angående
561 465 105 22 inhemskt
695 466 130 21 varumärke

208 501 109 26 upptagas
340 500 38 21 och
400 500 91 27 afgöras
506 499 31 28 af
547 499 91 21 domstol
652 500 9 20 i
675 500 42 21 den
733 503 39 24 ort,
788 500 39 21 der

208 533 122 21 svaranden
353 535 35 20 sin
412 533 164 28 hufvudrörelse
601 533 114 28 bedrifver,
740 537 55 18 samt
819 534 8 21 i

204 568 71 28 fråga
293 574 33 15 om
340 567 113 22 utländskt
468 567 129 22 varumärke
613 567 29 27 af
653 567 173 27 Rådstufvurät-

210 604 35 19 ten
260 602 9 21 i
283 602 147 28 Helsingfors.

417 660 15 26 8
449 660 33 22 14.

68 699 44 21 lika
126 700 48 21 med
191 700 13 26 $
221 700 27 20 14
263 699 7 21 i
285 706 61 20 prop.

417 734 13 26 8
447 733 33 21 15.

69 767 43 22 lika
128 768 48 21 med
192 768 14 27 &
222 768 26 20 15
264 767 7 21 i
286 774 60 20 prop.

417 802 12 26 8
447 802 32 20 16.

70 835 44 21 lika
128 835 48 22 med
192 836 14 27 &
224 836 26 21 16
265 836 7 21 i
287 842 60 20 prop.

420 870 11 27 8
448 871 34 20 17.

71 903 43 22 lika
130 904 48 21 meä
194 905 10 25 $
221 904 26 21 17
262 904 7 21 i
284 910 62 21 prop.

421 938 10 25 S
452 938 32 20 18.

279 971 81 21 Denna
377 970 136 29 förordning
535 971 57 21 skall
615 971 68 21 lända
705 971 34 21 till
759 972 70 26 efter-

210 1006 87 21 rättelse
313 1005 52 24 från
380 1005 38 22 och
433 1005 49 21 med
497 1005 42 21 den

142 1068 37 21 Uti
195 1069 41 20 den
251 1069 87 26 slutliga
353 1069 156 26 behandlingen
523 1068 24 21 af
559 1068 89 21 ärendet
657 1068 57 21 inom
722 1068 108 21 utskottet

74 1102 63 21 hafva
152 1103 89 26 deltagit
256 1102 143 22 ordföranden
414 1103 22 21 L.
453 1103 24 21 L.
493 1102 104 26 Lindelöf,
613 1103 143 20 ledamöterne
771 1102 24 21 T.
808 1101 20 22 J.

74 1136 98 26 Aminoff,
188 1137 26 21 A.
231 1137 23 21 L.
269 1143 41 15 von
325 1137 113 27 Knorring,
454 1137 19 21 J.
489 1136 128 27 Johansson,
633 1136 24 22 G.
673 1136 25 22 G.
716 1135 115 25 Forsman,

74 1172 24 20 F.
113 1172 33 20 W.
163 1170 107 27 Sandelin,
285 1172 33 20 W.
334 1171 85 26 Wallin,
435 1172 25 20 E.
472 1171 117 26 Molander,
605 1171 25 21 R.
646 1171 25 21 A.
687 1170 141 25 Hasselblatt,

74 1206 25 21 L.
114 1211 41 15 von
170 1204 78 28 Pfaler,
264 1205 27 21 M.
308 1206 110 26 Hallberg,
441 1206 24 20 E.
481 1205 106 27 Duncker,
604 1205 23 21 F.
643 1205 32 21 W.
691 1204 138 27 Lagerstedt,

75 1240 27 21 K.
118 1240 24 20 A.
158 1239 112 21 Karlstedt
285 1239 40 21 och
340 1240 25 21 A.
381 1240 109 26 Häyrinen
505 1240 56 20 samt
576 1239 138 27 suppleanten
737 1239 25 21 V.
785 1244 44 16 von

76 1274 90 27 Wright.

146 1336 133 27 Helsingfors
294 1336 40 22 den
350 1337 13 20 8
379 1336 58 21 Mars
453 1337 62 21 1888.

148 1467 189 17 Ekonomiutskottets
350 1466 116 17 betänkande
479 1468 36 16 N:o
529 1466 18 17 9.
