1056 1725
263 122 14 21 2
454 119 65 26 Ständ.
534 122 31 24 $v.
579 134 30 4 —
623 122 56 30 Prop.
695 122 32 24 N:o
743 121 34 26 38.

233 187 112 27 förelägga
367 187 121 23 Ständerna
509 188 65 27 nådig
593 190 133 26 proposition
745 190 48 21 med
808 190 81 28 förslag
903 191 34 21 till
951 191 43 21 för-

234 222 92 26 ordning
344 222 109 27 angående
477 222 95 22 enskilda
588 223 116 27 jernvägar
718 223 34 22 för
767 224 80 22 allmän
861 225 133 22 samfärdsel.

304 255 42 22 Vid
364 256 156 28 behandlingen
538 257 24 21 af
583 257 60 22 detta
657 258 123 27 lagförslag,
796 258 64 22 hafva
875 258 120 23 Ständerna

232 291 59 26 gjort
312 291 68 27 några
402 291 115 27 ändringar
539 292 40 21 och
601 292 76 27 tillägg
699 293 32 21 uti
749 293 109 27 förslaget,
873 293 34 22 för
921 293 73 22 hvilka

234 325 120 22 Ständerna
368 325 87 28 utbedja
471 326 32 27 sig
517 327 33 20 att
564 326 7 21 i
587 326 37 21 det
639 326 94 27 följande
749 327 22 21 få
785 328 112 26 redogöra.
992 321 4 3 |

303 359 39 22 Uti
358 360 10 26 $
386 360 11 21 1
413 360 64 21 hafva
499 361 65 21 orden
588 377 11 10 ,,
602 361 98 22 enskilda
722 361 116 27 personer'
859 362 86 21 ändrats
961 363 33 20 till

233 393 133 28 enskilde",
381 396 50 19 enär
447 395 66 26 enligt
527 394 12 28 $
550 395 13 21 2
573 395 237 28 anläggningstillständ
823 396 43 21 kan
876 395 117 28 medgifvas

232 428 64 21 äfven
319 429 101 21 kommun
443 429 40 22 och
505 429 127 28 aktiebolag.
670 430 10 21 I
703 431 142 22 nästnämnda
867 430 12 27 &
901 431 46 21 åter
969 433 24 18 är

232 463 110 27 uttrycket
365 480 5 10 ,
372 463 115 27 tillemadt
509 463 65 22 finskt
595 464 136 27 aktiebolag"
755 465 72 26 utbytt
848 466 45 20 mot
915 481 4 10 ,
922 464 71 27 finskt

232 497 146 28 aktiebolag",
398 497 136 27 hvarigenom
555 497 84 22 tillfälle
657 498 81 21 lemnas
751 498 79 27 jemväl
845 499 22 21 åt
882 500 31 20 ett
928 499 65 20 redan

232 531 128 27 förefintligt
378 532 121 27 aktiebolag
517 533 32 20 att
563 532 83 22 erhålla
660 532 126 22 koncession
802 532 13 21 å
827 533 96 27 jernväg.
953 533 40 22 Till

232 566 161 28 förebyggande
413 567 23 21 af
449 567 32 21 att
496 566 69 28 någon
582 566 67 22 sådan
662 568 81 20 statens
759 567 138 27 embetsman,
913 567 12 22 å
939 567 54 22 hvil-

232 602 42 20 ken
291 601 36 21 det
342 600 123 22 ankommer
481 602 32 20 att
527 601 107 22 behandla
649 602 78 20 ärende
743 602 109 26 angående
865 602 128 27 anläggning

232 636 24 21 af
278 635 84 21 enskild
382 635 88 27 jernväg
493 635 52 21 eller
559 637 33 19 att
607 636 116 21 öfvervaka
738 636 48 21 dess
802 636 119 26 utförande,
937 636 56 27 finge

232 669 84 22 erhålla
331 669 52 21 eller
397 669 113 22 innehafva
525 670 127 22 koncession
667 669 13 21 &
693 670 59 27 dylik
762 670 133 27 anläggning,
907 670 86 27 deltaga

232 705 7 21 i
253 704 170 28 jernvägsbolag,
439 711 51 15 vara
505 704 90 22 medlem
610 704 7 21 i
633 704 106 22 direktion
755 704 51 22 eller
821 704 63 27 åtaga
899 705 32 26 sig
949 710 43 16 om-

232 739 100 26 budskap
347 738 34 21 för
395 739 180 26 koncessionärer,
591 738 65 22 hafva
671 739 79 26 nödiga
765 738 131 28 stadganden
911 739 8 21 i
932 739 60 21 detta

232 772 102 22 afseende
349 772 75 22 införts
439 774 7 20 i
461 775 32 19 ett
507 772 102 22 särskildt
623 779 64 15 mom.
703 773 68 21 under
786 772 11 28 $
813 773 20 21 2.

303 806 51 22 Med
376 807 99 21 afseende
490 806 13 22 &
518 807 150 27 omöjligheten
690 808 33 20 att
745 807 70 21 lemna
829 807 65 21 exakt
909 807 83 27 uppgift

232 848 35 16 om
288 842 41 21 den
344 848 87 21 person-
447 842 40 21 och
501 841 124 28 godstrafik,
642 847 45 17 som
702 842 34 21 för
752 842 98 21 tillernad
864 842 89 27 jernväg
968 844 23 18 är

232 878 32 20 att
280 876 102 27 päräkna,
397 876 40 21 har
452 876 61 21 ordet
528 876 142 27 ,utredning'
685 877 7 20 i
707 876 12 27 $
734 877 14 20 3
763 877 115 21 uteslutits.

303 910 94 22 Emedan
413 911 186 26 bestämningarna
614 911 31 21 uti
661 910 11 27 $
687 911 14 20 3
717 910 23 22 af
753 910 77 27 nädiga
840 910 152 27 förordningen

232 945 42 22 den
294 945 29 21 24
342 944 121 22 November
483 945 55 21 1864
556 944 110 28 angäende
681 951 106 20 anonyma
802 944 53 22 eller
870 944 123 27 aktiebolag

231 980 73 21 lemna
318 979 133 27 Regeringen
465 979 84 21 tillfälle
565 981 32 19 att
612 979 36 21 vid
663 979 158 21 fastställandet
835 979 22 20 af
869 979 124 26 bolagsord-

231 1015 52 26 ning
299 1013 33 22 för
347 1013 128 28 aktiebolag,
491 1020 45 15 som
551 1013 70 22 bildat
635 1014 33 27 sig
682 1013 34 22 för
729 1013 190 28 jernvägsföretag,
933 1013 59 21 med-

232 1049 49 21 dela
304 1049 26 20 de
352 1048 139 27 föreskrifter,
514 1048 73 22 hvilka
609 1048 73 21 kunna
701 1054 63 15 anses
779 1053 52 16 vara
846 1047 146 27 erforderliga,

231 1082 35 22 för
281 1084 32 21 att
328 1084 76 25 trygga
419 1082 68 27 tredje
501 1089 60 15 mans
578 1084 49 25 rätt,
643 1088 49 15 men
704 1089 26 14 en
741 1081 99 28 pröfning
851 1081 66 27 deraf,
928 1082 65 21 huru-

231 1117 51 22 vida
305 1117 162 26 aktiekapitalet
487 1119 24 19 är
529 1117 142 21 fulltecknadt
686 1116 23 22 af
723 1115 146 28 vederhäftiga
884 1122 109 21 personer,

232 1152 42 21 blir
289 1152 102 26 antingen
405 1152 56 21 blott
475 1151 76 22 formel
566 1151 40 22 och
621 1152 7 20 i
644 1151 53 27 följd
705 1150 62 22 deraf
776 1151 88 27 onyttig,
873 1150 52 22 eller
936 1150 57 22 ock
983 1146 13 37 i

233 1187 90 21 motsatt
342 1186 44 26 fall,
400 1186 141 26 synnerligast
561 1192 34 14 om
614 1186 160 26 aktieteckning
789 1185 58 21 skett
862 1184 61 22 äfven
938 1185 7 21 i
961 1186 32 20 ut-

232 1221 81 26 landet,
328 1220 113 27 högeligen
456 1220 135 27 betungande
601 1220 59 21 såväl
670 1219 33 21 för
714 1220 41 21 den
765 1218 129 28 myndighet,
905 1219 89 27 gransk-

231 1256 79 26 ningen
333 1254 87 28 äligger,
443 1261 46 15 som
511 1254 32 21 för
566 1254 129 26 sökandene,
719 1254 73 20 hvilka
814 1252 68 22 mäste
897 1252 96 23 anskaffa

233 1290 66 26 nödig
314 1289 113 27 utredning
441 1289 7 21 i
463 1289 72 25 saken,
551 1288 64 22 hafva
629 1288 121 22 Ständerna
763 1287 73 27 utbytt
848 1286 146 28 förpligtelsen

232 1324 36 21 för
283 1323 232 27 anläggningssökande
531 1324 31 20 att
577 1323 67 27 enligt
659 1322 11 27 $
685 1322 14 22 5
714 1322 84 26 utreda,
815 1322 36 21 det
861 1322 133 26 ,aktiekapi-

232 1358 55 22 talet
307 1360 24 19 är
350 1358 140 21 fulltecknadt
506 1357 23 22 af
541 1357 147 27 vederhäftiga
703 1356 122 28 personer'',
841 1357 46 21 mot
901 1356 93 26 skyldig-

231 1392 65 22 heten
316 1393 32 21 att
368 1392 79 27 styrka,
464 1392 36 21 det
516 1408 10 10 ,
529 1392 86 26 bolaget
630 1392 59 20 trädt
704 1392 7 20 i
727 1390 136 22 verksamhet
877 1390 7 22 i
900 1390 95 27 enlighet

231 1427 51 22 med
298 1426 40 22 den
354 1426 34 21 för
402 1426 87 25 bolaget
504 1426 113 22 faststälda
631 1425 188 28 bolagsordning''.
