<?xml version="1.0" encoding="UTF-8"?>
<alto xmlns="http://www.loc.gov/standards/alto/ns-v3#" xmlns:xlink="http://www.w3.org/1999/xlink" xmlns:xsi="http://www.w3.org/2001/XMLSchema-instance" xsi:schemaLocation="http://www.loc.gov/standards/alto/ns-v3# http://www.loc.gov/alto/v3/alto-3-0.xsd">
	<Description>
		<MeasurementUnit>pixel</MeasurementUnit>
		<sourceImageInformation>
			<fileName>/tmp/tess_a5rqhzju_input.PNG</fileName>
		</sourceImageInformation>
		<OCRProcessing ID="OCR_0">
			<ocrProcessingStep>
				<processingSoftware>
					<softwareName>tesseract 5.3.4</softwareName>
				</processingSoftware>
			</ocrProcessingStep>
		</OCRProcessing>
	</Description>
	<Layout>
		<Page WIDTH="1056" HEIGHT="1725" PHYSICAL_IMG_NR="0" ID="page_0">
			<PrintSpace HPOS="0" VPOS="0" WIDTH="1056" HEIGHT="1725">
				<ComposedBlock ID="cblock_0" HPOS="237" VPOS="132" WIDTH="441" HEIGHT="27">
					<TextBlock ID="block_0" HPOS="237" VPOS="132" WIDTH="441" HEIGHT="27">
						<TextLine ID="line_0" HPOS="237" VPOS="132" WIDTH="441" HEIGHT="27">
							<String ID="string_0" HPOS="237" VPOS="133" WIDTH="42" HEIGHT="23" WC="0.89" CONTENT="U."/><SP WIDTH="15" VPOS="133" HPOS="279"/>
							<String ID="string_1" HPOS="294" VPOS="134" WIDTH="44" HEIGHT="24" WC="0.91" CONTENT="B."/><SP WIDTH="16" VPOS="134" HPOS="338"/>
							<String ID="string_2" HPOS="354" VPOS="145" WIDTH="28" HEIGHT="5" WC="0.91" CONTENT="—"/><SP WIDTH="16" VPOS="145" HPOS="382"/>
							<String ID="string_3" HPOS="398" VPOS="133" WIDTH="111" HEIGHT="26" WC="0.95" CONTENT="Prop."/><SP WIDTH="17" VPOS="133" HPOS="509"/>
							<String ID="string_4" HPOS="526" VPOS="132" WIDTH="69" HEIGHT="23" WC="0.96" CONTENT="N:o"/><SP WIDTH="16" VPOS="132" HPOS="595"/>
							<String ID="string_5" HPOS="611" VPOS="133" WIDTH="67" HEIGHT="22" WC="0.92" CONTENT="29."/>
						</TextLine>
					</TextBlock>
				</ComposedBlock>
				<ComposedBlock ID="cblock_1" HPOS="283" VPOS="616" WIDTH="554" HEIGHT="134">
					<TextBlock ID="block_1" HPOS="283" VPOS="616" WIDTH="554" HEIGHT="134">
						<TextLine ID="line_1" HPOS="352" VPOS="616" WIDTH="485" HEIGHT="29">
							<String ID="string_6" HPOS="352" VPOS="616" WIDTH="192" HEIGHT="29" WC="0.91" CONTENT="Lagutskottets"/><SP WIDTH="22" VPOS="616" HPOS="544"/>
							<String ID="string_7" HPOS="566" VPOS="616" WIDTH="156" HEIGHT="24" WC="0.95" CONTENT="betänkande"/><SP WIDTH="19" VPOS="616" HPOS="722"/>
							<String ID="string_8" HPOS="741" VPOS="616" WIDTH="31" HEIGHT="24" WC="0.94" CONTENT="N:o"/><SP WIDTH="16" VPOS="616" HPOS="772"/>
							<String ID="string_9" HPOS="788" VPOS="616" WIDTH="27" HEIGHT="24" WC="0.96" CONTENT="23"/><SP WIDTH="16" VPOS="616" HPOS="815"/>
							<String ID="string_10" HPOS="831" VPOS="617" WIDTH="6" HEIGHT="23" WC="0.92" CONTENT="|"/>
						</TextLine>
						<TextLine ID="line_2" HPOS="283" VPOS="651" WIDTH="553" HEIGHT="29">
							<String ID="string_11" HPOS="283" VPOS="652" WIDTH="100" HEIGHT="28" WC="0.92" CONTENT="anledning"/><SP WIDTH="18" VPOS="652" HPOS="383"/>
							<String ID="string_12" HPOS="401" VPOS="652" WIDTH="21" HEIGHT="23" WC="0.93" CONTENT="af"/><SP WIDTH="15" VPOS="652" HPOS="422"/>
							<String ID="string_13" HPOS="437" VPOS="651" WIDTH="69" HEIGHT="29" WC="0.92" CONTENT="nädiga"/><SP WIDTH="15" VPOS="651" HPOS="506"/>
							<String ID="string_14" HPOS="521" VPOS="652" WIDTH="147" HEIGHT="28" WC="0.93" CONTENT="propositionen,"/><SP WIDTH="16" VPOS="652" HPOS="668"/>
							<String ID="string_15" HPOS="684" VPOS="651" WIDTH="99" HEIGHT="29" WC="0.92" CONTENT="angäende"/><SP WIDTH="15" VPOS="651" HPOS="783"/>
							<String ID="string_16" HPOS="798" VPOS="652" WIDTH="38" HEIGHT="23" WC="0.90" CONTENT="än-"/>
						</TextLine>
						<TextLine ID="line_3" HPOS="284" VPOS="686" WIDTH="551" HEIGHT="29">
							<String ID="string_17" HPOS="284" VPOS="686" WIDTH="58" HEIGHT="24" WC="0.92" CONTENT="drade"/><SP WIDTH="16" VPOS="686" HPOS="342"/>
							<String ID="string_18" HPOS="358" VPOS="686" WIDTH="175" HEIGHT="29" WC="0.84" CONTENT="lagbestämningar"/><SP WIDTH="14" VPOS="686" HPOS="533"/>
							<String ID="string_19" HPOS="547" VPOS="692" WIDTH="28" HEIGHT="17" WC="0.93" CONTENT="om"/><SP WIDTH="11" VPOS="692" HPOS="575"/>
							<String ID="string_20" HPOS="586" VPOS="686" WIDTH="75" HEIGHT="29" WC="0.96" CONTENT="fartygs"/><SP WIDTH="11" VPOS="686" HPOS="661"/>
							<String ID="string_21" HPOS="672" VPOS="686" WIDTH="118" HEIGHT="24" WC="0.87" CONTENT="nationalitet"/><SP WIDTH="10" VPOS="686" HPOS="790"/>
							<String ID="string_22" HPOS="800" VPOS="686" WIDTH="35" HEIGHT="24" WC="0.95" CONTENT="och"/>
						</TextLine>
						<TextLine ID="line_4" HPOS="284" VPOS="720" WIDTH="439" HEIGHT="30">
							<String ID="string_23" HPOS="284" VPOS="721" WIDTH="127" HEIGHT="29" WC="0.96" CONTENT="registrering"/><SP WIDTH="16" VPOS="721" HPOS="411"/>
							<String ID="string_24" HPOS="427" VPOS="722" WIDTH="50" HEIGHT="22" WC="0.96" CONTENT="samt"/><SP WIDTH="15" VPOS="722" HPOS="477"/>
							<String ID="string_25" HPOS="492" VPOS="727" WIDTH="28" HEIGHT="17" WC="0.93" CONTENT="om"/><SP WIDTH="17" VPOS="727" HPOS="520"/>
							<String ID="string_26" HPOS="537" VPOS="720" WIDTH="79" HEIGHT="30" WC="0.93" CONTENT="hypotek"/><SP WIDTH="16" VPOS="720" HPOS="616"/>
							<String ID="string_27" HPOS="632" VPOS="721" WIDTH="5" HEIGHT="22" WC="0.93" CONTENT="i"/><SP WIDTH="16" VPOS="721" HPOS="637"/>
							<String ID="string_28" HPOS="653" VPOS="720" WIDTH="70" HEIGHT="29" WC="0.92" CONTENT="fartyg."/>
						</TextLine>
					</TextBlock>
				</ComposedBlock>
				<ComposedBlock ID="cblock_2" HPOS="76" VPOS="784" WIDTH="761" HEIGHT="235">
					<TextBlock ID="block_2" HPOS="76" VPOS="784" WIDTH="761" HEIGHT="235">
						<TextLine ID="line_5" HPOS="146" VPOS="784" WIDTH="691" HEIGHT="28">
							<String ID="string_29" HPOS="146" VPOS="785" WIDTH="48" HEIGHT="21" WC="0.93" CONTENT="Den"/><SP WIDTH="20" VPOS="785" HPOS="194"/>
							<String ID="string_30" HPOS="214" VPOS="784" WIDTH="77" HEIGHT="28" WC="0.92" CONTENT="nädiga"/><SP WIDTH="19" VPOS="784" HPOS="291"/>
							<String ID="string_31" HPOS="310" VPOS="785" WIDTH="162" HEIGHT="26" WC="0.96" CONTENT="propositionen"/><SP WIDTH="19" VPOS="785" HPOS="472"/>
							<String ID="string_32" HPOS="491" VPOS="785" WIDTH="40" HEIGHT="21" WC="0.96" CONTENT="har"/><SP WIDTH="18" VPOS="785" HPOS="531"/>
							<String ID="string_33" HPOS="549" VPOS="784" WIDTH="22" HEIGHT="22" WC="0.96" CONTENT="af"/><SP WIDTH="14" VPOS="784" HPOS="571"/>
							<String ID="string_34" HPOS="585" VPOS="784" WIDTH="43" HEIGHT="22" WC="0.92" CONTENT="alla"/><SP WIDTH="16" VPOS="784" HPOS="628"/>
							<String ID="string_35" HPOS="644" VPOS="784" WIDTH="66" HEIGHT="21" WC="0.92" CONTENT="Ständ"/><SP WIDTH="17" VPOS="784" HPOS="710"/>
							<String ID="string_36" HPOS="727" VPOS="784" WIDTH="110" HEIGHT="22" WC="0.91" CONTENT="öfverlem-"/>
						</TextLine>
						<TextLine ID="line_6" HPOS="77" VPOS="818" WIDTH="760" HEIGHT="28">
							<String ID="string_37" HPOS="77" VPOS="821" WIDTH="49" HEIGHT="19" WC="0.91" CONTENT="nats"/><SP WIDTH="20" VPOS="821" HPOS="126"/>
							<String ID="string_38" HPOS="146" VPOS="819" WIDTH="33" HEIGHT="21" WC="0.93" CONTENT="till"/><SP WIDTH="19" VPOS="819" HPOS="179"/>
							<String ID="string_39" HPOS="198" VPOS="818" WIDTH="158" HEIGHT="27" WC="0.89" CONTENT="Lagutskottet,"/><SP WIDTH="16" VPOS="818" HPOS="356"/>
							<String ID="string_40" HPOS="372" VPOS="824" WIDTH="53" HEIGHT="20" WC="0.96" CONTENT="som,"/><SP WIDTH="16" VPOS="824" HPOS="425"/>
							<String ID="string_41" HPOS="441" VPOS="818" WIDTH="28" HEIGHT="27" WC="0.93" CONTENT="pä"/><SP WIDTH="14" VPOS="818" HPOS="469"/>
							<String ID="string_42" HPOS="483" VPOS="819" WIDTH="100" HEIGHT="26" WC="0.92" CONTENT="begäran,"/><SP WIDTH="15" VPOS="819" HPOS="583"/>
							<String ID="string_43" HPOS="598" VPOS="818" WIDTH="42" HEIGHT="21" WC="0.92" CONTENT="fätt"/><SP WIDTH="14" VPOS="818" HPOS="640"/>
							<String ID="string_44" HPOS="654" VPOS="818" WIDTH="48" HEIGHT="21" WC="0.92" CONTENT="frän"/><SP WIDTH="16" VPOS="818" HPOS="702"/>
							<String ID="string_45" HPOS="718" VPOS="818" WIDTH="119" HEIGHT="28" WC="0.91" CONTENT="Kejserliga"/>
						</TextLine>
						<TextLine ID="line_7" HPOS="76" VPOS="852" WIDTH="761" HEIGHT="29">
							<String ID="string_46" HPOS="76" VPOS="853" WIDTH="95" HEIGHT="22" WC="0.92" CONTENT="Senaten"/><SP WIDTH="19" VPOS="853" HPOS="171"/>
							<String ID="string_47" HPOS="190" VPOS="854" WIDTH="108" HEIGHT="26" WC="0.92" CONTENT="emottaga"/><SP WIDTH="16" VPOS="854" HPOS="298"/>
							<String ID="string_48" HPOS="314" VPOS="853" WIDTH="128" HEIGHT="27" WC="0.92" CONTENT="handlingar"/><SP WIDTH="15" VPOS="853" HPOS="442"/>
							<String ID="string_49" HPOS="457" VPOS="853" WIDTH="7" HEIGHT="21" WC="0.93" CONTENT="i"/><SP WIDTH="15" VPOS="853" HPOS="464"/>
							<String ID="string_50" HPOS="479" VPOS="852" WIDTH="90" HEIGHT="22" WC="0.92" CONTENT="ärendet"/><SP WIDTH="14" VPOS="852" HPOS="569"/>
							<String ID="string_51" HPOS="583" VPOS="854" WIDTH="56" HEIGHT="20" WC="0.93" CONTENT="samt"/><SP WIDTH="14" VPOS="854" HPOS="639"/>
							<String ID="string_52" HPOS="653" VPOS="852" WIDTH="78" HEIGHT="28" WC="0.92" CONTENT="utdrag"/><SP WIDTH="15" VPOS="852" HPOS="731"/>
							<String ID="string_53" HPOS="746" VPOS="859" WIDTH="25" HEIGHT="15" WC="0.93" CONTENT="ur"/><SP WIDTH="16" VPOS="859" HPOS="771"/>
							<String ID="string_54" HPOS="787" VPOS="853" WIDTH="50" HEIGHT="28" WC="0.93" CONTENT="Kej-"/>
						</TextLine>
						<TextLine ID="line_8" HPOS="77" VPOS="887" WIDTH="760" HEIGHT="28">
							<String ID="string_55" HPOS="77" VPOS="889" WIDTH="79" HEIGHT="26" WC="0.87" CONTENT="serliga"/><SP WIDTH="15" VPOS="889" HPOS="156"/>
							<String ID="string_56" HPOS="171" VPOS="888" WIDTH="103" HEIGHT="21" WC="0.92" CONTENT="Senatens"/><SP WIDTH="15" VPOS="888" HPOS="274"/>
							<String ID="string_57" HPOS="289" VPOS="887" WIDTH="114" HEIGHT="28" WC="0.92" CONTENT="protokoll,"/><SP WIDTH="17" VPOS="887" HPOS="403"/>
							<String ID="string_58" HPOS="420" VPOS="888" WIDTH="112" HEIGHT="21" WC="0.92" CONTENT="utvisande"/><SP WIDTH="22" VPOS="888" HPOS="532"/>
							<String ID="string_59" HPOS="554" VPOS="887" WIDTH="41" HEIGHT="22" WC="0.96" CONTENT="den"/><SP WIDTH="16" VPOS="887" HPOS="595"/>
							<String ID="string_60" HPOS="611" VPOS="888" WIDTH="57" HEIGHT="21" WC="0.93" CONTENT="inom"/><SP WIDTH="12" VPOS="888" HPOS="668"/>
							<String ID="string_61" HPOS="680" VPOS="887" WIDTH="92" HEIGHT="22" WC="0.93" CONTENT="Senaten"/><SP WIDTH="9" VPOS="887" HPOS="772"/>
							<String ID="string_62" HPOS="781" VPOS="888" WIDTH="56" HEIGHT="21" WC="0.91" CONTENT="före-"/>
						</TextLine>
						<TextLine ID="line_9" HPOS="77" VPOS="922" WIDTH="760" HEIGHT="27">
							<String ID="string_63" HPOS="77" VPOS="922" WIDTH="67" HEIGHT="21" WC="0.89" CONTENT="fallna"/><SP WIDTH="22" VPOS="922" HPOS="144"/>
							<String ID="string_64" HPOS="166" VPOS="923" WIDTH="131" HEIGHT="26" WC="0.89" CONTENT="omröstning"/><SP WIDTH="23" VPOS="923" HPOS="297"/>
							<String ID="string_65" HPOS="320" VPOS="923" WIDTH="36" HEIGHT="20" WC="0.93" CONTENT="vid"/><SP WIDTH="23" VPOS="923" HPOS="356"/>
							<String ID="string_66" HPOS="379" VPOS="923" WIDTH="148" HEIGHT="26" WC="0.92" CONTENT="uppgörandet"/><SP WIDTH="15" VPOS="923" HPOS="527"/>
							<String ID="string_67" HPOS="542" VPOS="922" WIDTH="23" HEIGHT="21" WC="0.93" CONTENT="af"/><SP WIDTH="14" VPOS="922" HPOS="565"/>
							<String ID="string_68" HPOS="579" VPOS="922" WIDTH="102" HEIGHT="27" WC="0.92" CONTENT="förslaget"/><SP WIDTH="15" VPOS="922" HPOS="681"/>
							<String ID="string_69" HPOS="696" VPOS="923" WIDTH="33" HEIGHT="20" WC="0.96" CONTENT="till"/><SP WIDTH="16" VPOS="923" HPOS="729"/>
							<String ID="string_70" HPOS="745" VPOS="923" WIDTH="40" HEIGHT="21" WC="0.93" CONTENT="den"/><SP WIDTH="15" VPOS="923" HPOS="785"/>
							<String ID="string_71" HPOS="800" VPOS="923" WIDTH="37" HEIGHT="21" WC="0.92" CONTENT="nä-"/>
						</TextLine>
						<TextLine ID="line_10" HPOS="76" VPOS="957" WIDTH="761" HEIGHT="27">
							<String ID="string_72" HPOS="76" VPOS="957" WIDTH="52" HEIGHT="27" WC="0.92" CONTENT="diga"/><SP WIDTH="22" VPOS="957" HPOS="128"/>
							<String ID="string_73" HPOS="150" VPOS="957" WIDTH="166" HEIGHT="27" WC="0.93" CONTENT="propositionen,"/><SP WIDTH="24" VPOS="957" HPOS="316"/>
							<String ID="string_74" HPOS="340" VPOS="957" WIDTH="86" HEIGHT="21" WC="0.91" CONTENT="hvilken"/><SP WIDTH="21" VPOS="957" HPOS="426"/>
							<String ID="string_75" HPOS="447" VPOS="957" WIDTH="70" HEIGHT="21" WC="0.90" CONTENT="blifvit"/><SP WIDTH="14" VPOS="957" HPOS="517"/>
							<String ID="string_76" HPOS="531" VPOS="957" WIDTH="8" HEIGHT="20" WC="0.93" CONTENT="i"/><SP WIDTH="15" VPOS="957" HPOS="539"/>
							<String ID="string_77" HPOS="554" VPOS="957" WIDTH="219" HEIGHT="21" WC="0.92" CONTENT="öfverensstämmelse"/><SP WIDTH="16" VPOS="957" HPOS="773"/>
							<String ID="string_78" HPOS="789" VPOS="957" WIDTH="48" HEIGHT="22" WC="0.96" CONTENT="med"/>
						</TextLine>
						<TextLine ID="line_11" HPOS="77" VPOS="991" WIDTH="604" HEIGHT="28">
							<String ID="string_79" HPOS="77" VPOS="991" WIDTH="105" HEIGHT="22" WC="0.82" CONTENT="flertalets"/><SP WIDTH="15" VPOS="991" HPOS="182"/>
							<String ID="string_80" HPOS="197" VPOS="992" WIDTH="58" HEIGHT="21" WC="0.93" CONTENT="inom"/><SP WIDTH="15" VPOS="992" HPOS="255"/>
							<String ID="string_81" HPOS="270" VPOS="991" WIDTH="120" HEIGHT="28" WC="0.95" CONTENT="Kejserliga"/><SP WIDTH="15" VPOS="991" HPOS="390"/>
							<String ID="string_82" HPOS="405" VPOS="991" WIDTH="93" HEIGHT="22" WC="0.93" CONTENT="Senaten"/><SP WIDTH="16" VPOS="991" HPOS="498"/>
							<String ID="string_83" HPOS="514" VPOS="991" WIDTH="55" HEIGHT="28" WC="0.92" CONTENT="äsigt"/><SP WIDTH="15" VPOS="991" HPOS="569"/>
							<String ID="string_84" HPOS="584" VPOS="991" WIDTH="97" HEIGHT="22" WC="0.86" CONTENT="affattad."/>
						</TextLine>
					</TextBlock>
				</ComposedBlock>
				<ComposedBlock ID="cblock_3" HPOS="77" VPOS="1128" WIDTH="762" HEIGHT="333">
					<TextBlock ID="block_3" HPOS="77" VPOS="1128" WIDTH="762" HEIGHT="333">
						<TextLine ID="line_12" HPOS="149" VPOS="1128" WIDTH="689" HEIGHT="28">
							<String ID="string_85" HPOS="149" VPOS="1129" WIDTH="10" HEIGHT="20" WC="0.96" CONTENT="I"/><SP WIDTH="15" VPOS="1129" HPOS="159"/>
							<String ID="string_86" HPOS="174" VPOS="1129" WIDTH="76" HEIGHT="27" WC="0.96" CONTENT="början"/><SP WIDTH="15" VPOS="1129" HPOS="250"/>
							<String ID="string_87" HPOS="265" VPOS="1129" WIDTH="23" HEIGHT="20" WC="0.95" CONTENT="af"/><SP WIDTH="13" VPOS="1129" HPOS="288"/>
							<String ID="string_88" HPOS="301" VPOS="1129" WIDTH="24" HEIGHT="21" WC="0.93" CONTENT="är"/><SP WIDTH="17" VPOS="1129" HPOS="325"/>
							<String ID="string_89" HPOS="342" VPOS="1129" WIDTH="54" HEIGHT="21" WC="0.93" CONTENT="1883"/><SP WIDTH="16" VPOS="1129" HPOS="396"/>
							<String ID="string_90" HPOS="412" VPOS="1128" WIDTH="99" HEIGHT="21" WC="0.91" CONTENT="nedsatte"/><SP WIDTH="12" VPOS="1128" HPOS="511"/>
							<String ID="string_91" HPOS="523" VPOS="1129" WIDTH="133" HEIGHT="27" WC="0.96" CONTENT="Regeringen"/><SP WIDTH="11" VPOS="1129" HPOS="656"/>
							<String ID="string_92" HPOS="667" VPOS="1135" WIDTH="26" HEIGHT="14" WC="0.93" CONTENT="en"/><SP WIDTH="10" VPOS="1135" HPOS="693"/>
							<String ID="string_93" HPOS="703" VPOS="1129" WIDTH="86" HEIGHT="27" WC="0.86" CONTENT="komit6,"/><SP WIDTH="12" VPOS="1129" HPOS="789"/>
							<String ID="string_94" HPOS="801" VPOS="1129" WIDTH="37" HEIGHT="22" WC="0.93" CONTENT="be-"/>
						</TextLine>
						<TextLine ID="line_13" HPOS="77" VPOS="1163" WIDTH="761" HEIGHT="27">
							<String ID="string_95" HPOS="77" VPOS="1164" WIDTH="89" HEIGHT="20" WC="0.92" CONTENT="stäende"/><SP WIDTH="16" VPOS="1164" HPOS="166"/>
							<String ID="string_96" HPOS="182" VPOS="1164" WIDTH="23" HEIGHT="20" WC="0.96" CONTENT="af"/><SP WIDTH="15" VPOS="1164" HPOS="205"/>
							<String ID="string_97" HPOS="220" VPOS="1165" WIDTH="32" HEIGHT="19" WC="0.97" CONTENT="ett"/><SP WIDTH="14" VPOS="1165" HPOS="252"/>
							<String ID="string_98" HPOS="266" VPOS="1163" WIDTH="70" HEIGHT="21" WC="0.96" CONTENT="flertal"/><SP WIDTH="15" VPOS="1163" HPOS="336"/>
							<String ID="string_99" HPOS="351" VPOS="1164" WIDTH="48" HEIGHT="21" WC="0.93" CONTENT="med"/><SP WIDTH="15" VPOS="1164" HPOS="399"/>
							<String ID="string_100" HPOS="414" VPOS="1164" WIDTH="84" HEIGHT="20" WC="0.92" CONTENT="landets"/><SP WIDTH="15" VPOS="1164" HPOS="498"/>
							<String ID="string_101" HPOS="513" VPOS="1164" WIDTH="195" HEIGHT="26" WC="0.92" CONTENT="skeppsbyggnads-"/><SP WIDTH="16" VPOS="1164" HPOS="708"/>
							<String ID="string_102" HPOS="724" VPOS="1164" WIDTH="39" HEIGHT="21" WC="0.93" CONTENT="och"/><SP WIDTH="15" VPOS="1164" HPOS="763"/>
							<String ID="string_103" HPOS="778" VPOS="1164" WIDTH="60" HEIGHT="21" WC="0.92" CONTENT="rede-"/>
						</TextLine>
						<TextLine ID="line_14" HPOS="78" VPOS="1197" WIDTH="761" HEIGHT="28">
							<String ID="string_104" HPOS="78" VPOS="1198" WIDTH="99" HEIGHT="20" WC="0.93" CONTENT="rirörelse"/><SP WIDTH="15" VPOS="1198" HPOS="177"/>
							<String ID="string_105" HPOS="192" VPOS="1197" WIDTH="111" HEIGHT="27" WC="0.96" CONTENT="förtrogna"/><SP WIDTH="15" VPOS="1197" HPOS="303"/>
							<String ID="string_106" HPOS="318" VPOS="1204" WIDTH="109" HEIGHT="20" WC="0.93" CONTENT="personer,"/><SP WIDTH="16" VPOS="1204" HPOS="427"/>
							<String ID="string_107" HPOS="443" VPOS="1198" WIDTH="86" HEIGHT="20" WC="0.93" CONTENT="hvilken"/><SP WIDTH="16" VPOS="1198" HPOS="529"/>
							<String ID="string_108" HPOS="545" VPOS="1198" WIDTH="79" HEIGHT="21" WC="0.79" CONTENT="komite"/><SP WIDTH="16" VPOS="1198" HPOS="624"/>
							<String ID="string_109" HPOS="640" VPOS="1198" WIDTH="67" HEIGHT="20" WC="0.96" CONTENT="erhöll"/><SP WIDTH="16" VPOS="1198" HPOS="707"/>
							<String ID="string_110" HPOS="723" VPOS="1198" WIDTH="7" HEIGHT="20" WC="0.93" CONTENT="i"/><SP WIDTH="11" VPOS="1198" HPOS="730"/>
							<String ID="string_111" HPOS="741" VPOS="1198" WIDTH="98" HEIGHT="27" WC="0.96" CONTENT="uppdrag"/>
						</TextLine>
						<TextLine ID="line_15" HPOS="78" VPOS="1231" WIDTH="761" HEIGHT="28">
							<String ID="string_112" HPOS="78" VPOS="1233" WIDTH="32" HEIGHT="20" WC="0.91" CONTENT="att"/><SP WIDTH="23" VPOS="1233" HPOS="110"/>
							<String ID="string_113" HPOS="133" VPOS="1232" WIDTH="114" HEIGHT="26" WC="0.91" CONTENT="öfverväga"/><SP WIDTH="21" VPOS="1232" HPOS="247"/>
							<String ID="string_114" HPOS="268" VPOS="1232" WIDTH="38" HEIGHT="21" WC="0.93" CONTENT="och"/><SP WIDTH="16" VPOS="1232" HPOS="306"/>
							<String ID="string_115" HPOS="322" VPOS="1232" WIDTH="79" HEIGHT="21" WC="0.92" CONTENT="föreslä"/><SP WIDTH="17" VPOS="1232" HPOS="401"/>
							<String ID="string_116" HPOS="418" VPOS="1232" WIDTH="26" HEIGHT="20" WC="0.93" CONTENT="de"/><SP WIDTH="17" VPOS="1232" HPOS="444"/>
							<String ID="string_117" HPOS="461" VPOS="1231" WIDTH="106" HEIGHT="27" WC="0.92" CONTENT="ätgärder,"/><SP WIDTH="16" VPOS="1231" HPOS="567"/>
							<String ID="string_118" HPOS="583" VPOS="1238" WIDTH="45" HEIGHT="15" WC="0.93" CONTENT="som"/><SP WIDTH="15" VPOS="1238" HPOS="628"/>
							<String ID="string_119" HPOS="643" VPOS="1238" WIDTH="50" HEIGHT="15" WC="0.92" CONTENT="vore"/><SP WIDTH="16" VPOS="1238" HPOS="693"/>
							<String ID="string_120" HPOS="709" VPOS="1233" WIDTH="81" HEIGHT="26" WC="0.89" CONTENT="egnade"/><SP WIDTH="16" VPOS="1233" HPOS="790"/>
							<String ID="string_121" HPOS="806" VPOS="1234" WIDTH="33" HEIGHT="19" WC="0.96" CONTENT="att"/>
						</TextLine>
						<TextLine ID="line_16" HPOS="77" VPOS="1266" WIDTH="762" HEIGHT="28">
							<String ID="string_122" HPOS="77" VPOS="1266" WIDTH="49" HEIGHT="22" WC="0.92" CONTENT="frän"/><SP WIDTH="16" VPOS="1266" HPOS="126"/>
							<String ID="string_123" HPOS="142" VPOS="1266" WIDTH="119" HEIGHT="26" WC="0.93" CONTENT="Styrelsens"/><SP WIDTH="16" VPOS="1266" HPOS="261"/>
							<String ID="string_124" HPOS="277" VPOS="1267" WIDTH="47" HEIGHT="20" WC="0.93" CONTENT="sida"/><SP WIDTH="14" VPOS="1267" HPOS="324"/>
							<String ID="string_125" HPOS="338" VPOS="1266" WIDTH="99" HEIGHT="27" WC="0.91" CONTENT="vidtagas"/><SP WIDTH="16" VPOS="1266" HPOS="437"/>
							<String ID="string_126" HPOS="453" VPOS="1266" WIDTH="34" HEIGHT="21" WC="0.93" CONTENT="till"/><SP WIDTH="15" VPOS="1266" HPOS="487"/>
							<String ID="string_127" HPOS="502" VPOS="1266" WIDTH="157" HEIGHT="27" WC="0.92" CONTENT="upphjelpande"/><SP WIDTH="12" VPOS="1266" HPOS="659"/>
							<String ID="string_128" HPOS="671" VPOS="1266" WIDTH="22" HEIGHT="21" WC="0.93" CONTENT="af"/><SP WIDTH="9" VPOS="1266" HPOS="693"/>
							<String ID="string_129" HPOS="702" VPOS="1267" WIDTH="84" HEIGHT="21" WC="0.91" CONTENT="landets"/><SP WIDTH="11" VPOS="1267" HPOS="786"/>
							<String ID="string_130" HPOS="797" VPOS="1267" WIDTH="42" HEIGHT="27" WC="0.90" CONTENT="sjö-"/>
						</TextLine>
						<TextLine ID="line_17" HPOS="78" VPOS="1300" WIDTH="760" HEIGHT="28">
							<String ID="string_131" HPOS="78" VPOS="1300" WIDTH="49" HEIGHT="22" WC="0.94" CONTENT="fart."/><SP WIDTH="30" VPOS="1300" HPOS="127"/>
							<String ID="string_132" HPOS="157" VPOS="1300" WIDTH="69" HEIGHT="22" WC="0.93" CONTENT="Bland"/><SP WIDTH="16" VPOS="1300" HPOS="226"/>
							<String ID="string_133" HPOS="242" VPOS="1301" WIDTH="80" HEIGHT="21" WC="0.96" CONTENT="sådana"/><SP WIDTH="14" VPOS="1301" HPOS="322"/>
							<String ID="string_134" HPOS="336" VPOS="1300" WIDTH="100" HEIGHT="28" WC="0.96" CONTENT="åtgärder"/><SP WIDTH="16" VPOS="1300" HPOS="436"/>
							<String ID="string_135" HPOS="452" VPOS="1300" WIDTH="115" HEIGHT="22" WC="0.92" CONTENT="förordade"/><SP WIDTH="10" VPOS="1300" HPOS="567"/>
							<String ID="string_136" HPOS="577" VPOS="1301" WIDTH="95" HEIGHT="21" WC="0.51" CONTENT="komit&amp;n"/><SP WIDTH="9" VPOS="1301" HPOS="672"/>
							<String ID="string_137" HPOS="681" VPOS="1300" WIDTH="76" HEIGHT="22" WC="0.96" CONTENT="främst"/><SP WIDTH="10" VPOS="1300" HPOS="757"/>
							<String ID="string_138" HPOS="767" VPOS="1307" WIDTH="26" HEIGHT="15" WC="0.96" CONTENT="en"/><SP WIDTH="10" VPOS="1307" HPOS="793"/>
							<String ID="string_139" HPOS="803" VPOS="1301" WIDTH="35" HEIGHT="27" WC="0.96" CONTENT="lag"/>
						</TextLine>
						<TextLine ID="line_18" HPOS="78" VPOS="1334" WIDTH="761" HEIGHT="28">
							<String ID="string_140" HPOS="78" VPOS="1340" WIDTH="35" HEIGHT="16" WC="0.93" CONTENT="om"/><SP WIDTH="15" VPOS="1340" HPOS="113"/>
							<String ID="string_141" HPOS="128" VPOS="1334" WIDTH="123" HEIGHT="28" WC="0.86" CONTENT="inteckning"/><SP WIDTH="22" VPOS="1334" HPOS="251"/>
							<String ID="string_142" HPOS="273" VPOS="1336" WIDTH="7" HEIGHT="20" WC="0.93" CONTENT="i"/><SP WIDTH="18" VPOS="1336" HPOS="280"/>
							<String ID="string_143" HPOS="298" VPOS="1335" WIDTH="78" HEIGHT="27" WC="0.95" CONTENT="fartyg."/><SP WIDTH="30" VPOS="1335" HPOS="376"/>
							<String ID="string_144" HPOS="406" VPOS="1335" WIDTH="11" HEIGHT="20" WC="0.95" CONTENT="I"/><SP WIDTH="15" VPOS="1335" HPOS="417"/>
							<String ID="string_145" HPOS="432" VPOS="1335" WIDTH="116" HEIGHT="27" WC="0.95" CONTENT="anledning"/><SP WIDTH="15" VPOS="1335" HPOS="548"/>
							<String ID="string_146" HPOS="563" VPOS="1334" WIDTH="64" HEIGHT="22" WC="0.97" CONTENT="häraf"/><SP WIDTH="14" VPOS="1334" HPOS="627"/>
							<String ID="string_147" HPOS="641" VPOS="1335" WIDTH="98" HEIGHT="27" WC="0.93" CONTENT="uppdrog"/><SP WIDTH="15" VPOS="1335" HPOS="739"/>
							<String ID="string_148" HPOS="754" VPOS="1335" WIDTH="85" HEIGHT="27" WC="0.93" CONTENT="Kejser-"/>
						</TextLine>
						<TextLine ID="line_19" HPOS="78" VPOS="1369" WIDTH="760" HEIGHT="27">
							<String ID="string_149" HPOS="78" VPOS="1370" WIDTH="43" HEIGHT="26" WC="0.96" CONTENT="liga"/><SP WIDTH="23" VPOS="1370" HPOS="121"/>
							<String ID="string_150" HPOS="144" VPOS="1369" WIDTH="91" HEIGHT="22" WC="0.95" CONTENT="Senaten"/><SP WIDTH="24" VPOS="1369" HPOS="235"/>
							<String ID="string_151" HPOS="259" VPOS="1370" WIDTH="22" HEIGHT="21" WC="0.95" CONTENT="åt"/><SP WIDTH="23" VPOS="1370" HPOS="281"/>
							<String ID="string_152" HPOS="304" VPOS="1376" WIDTH="25" HEIGHT="15" WC="0.95" CONTENT="en"/><SP WIDTH="16" VPOS="1376" HPOS="329"/>
							<String ID="string_153" HPOS="345" VPOS="1376" WIDTH="28" HEIGHT="20" WC="0.93" CONTENT="ny"/><SP WIDTH="17" VPOS="1376" HPOS="373"/>
							<String ID="string_154" HPOS="390" VPOS="1370" WIDTH="79" HEIGHT="21" WC="0.90" CONTENT="komité"/><SP WIDTH="16" VPOS="1370" HPOS="469"/>
							<String ID="string_155" HPOS="485" VPOS="1371" WIDTH="32" HEIGHT="19" WC="0.96" CONTENT="att"/><SP WIDTH="15" VPOS="1371" HPOS="517"/>
							<String ID="string_156" HPOS="532" VPOS="1369" WIDTH="99" HEIGHT="21" WC="0.96" CONTENT="utarbeta"/><SP WIDTH="16" VPOS="1369" HPOS="631"/>
							<String ID="string_157" HPOS="647" VPOS="1370" WIDTH="40" HEIGHT="20" WC="0.93" CONTENT="och"/><SP WIDTH="15" VPOS="1370" HPOS="687"/>
							<String ID="string_158" HPOS="702" VPOS="1370" WIDTH="78" HEIGHT="26" WC="0.92" CONTENT="afgifva"/><SP WIDTH="15" VPOS="1370" HPOS="780"/>
							<String ID="string_159" HPOS="795" VPOS="1369" WIDTH="43" HEIGHT="22" WC="0.91" CONTENT="för-"/>
						</TextLine>
						<TextLine ID="line_20" HPOS="78" VPOS="1404" WIDTH="760" HEIGHT="27">
							<String ID="string_160" HPOS="78" VPOS="1404" WIDTH="47" HEIGHT="26" WC="0.95" CONTENT="slag"/><SP WIDTH="14" VPOS="1404" HPOS="125"/>
							<String ID="string_161" HPOS="139" VPOS="1404" WIDTH="34" HEIGHT="21" WC="0.96" CONTENT="till"/><SP WIDTH="15" VPOS="1404" HPOS="173"/>
							<String ID="string_162" HPOS="188" VPOS="1404" WIDTH="58" HEIGHT="26" WC="0.96" CONTENT="dylik"/><SP WIDTH="15" VPOS="1404" HPOS="246"/>
							<String ID="string_163" HPOS="261" VPOS="1404" WIDTH="35" HEIGHT="27" WC="0.96" CONTENT="lag"/><SP WIDTH="16" VPOS="1404" HPOS="296"/>
							<String ID="string_164" HPOS="312" VPOS="1405" WIDTH="55" HEIGHT="20" WC="0.96" CONTENT="samt"/><SP WIDTH="15" VPOS="1405" HPOS="367"/>
							<String ID="string_165" HPOS="382" VPOS="1404" WIDTH="32" HEIGHT="21" WC="0.95" CONTENT="till"/><SP WIDTH="16" VPOS="1404" HPOS="414"/>
							<String ID="string_166" HPOS="430" VPOS="1404" WIDTH="26" HEIGHT="21" WC="0.95" CONTENT="de"/><SP WIDTH="11" VPOS="1404" HPOS="456"/>
							<String ID="string_167" HPOS="467" VPOS="1404" WIDTH="128" HEIGHT="21" WC="0.92" CONTENT="förändrade"/><SP WIDTH="11" VPOS="1404" HPOS="595"/>
							<String ID="string_168" HPOS="606" VPOS="1404" WIDTH="175" HEIGHT="27" WC="0.90" CONTENT="lagstadganden,"/><SP WIDTH="12" VPOS="1404" HPOS="781"/>
							<String ID="string_169" HPOS="793" VPOS="1411" WIDTH="45" HEIGHT="15" WC="0.95" CONTENT="som"/>
						</TextLine>
						<TextLine ID="line_21" HPOS="79" VPOS="1438" WIDTH="289" HEIGHT="23">
							<String ID="string_170" HPOS="79" VPOS="1438" WIDTH="61" HEIGHT="23" WC="0.96" CONTENT="deraf"/><SP WIDTH="14" VPOS="1438" HPOS="140"/>
							<String ID="string_171" HPOS="154" VPOS="1438" WIDTH="71" HEIGHT="22" WC="0.92" CONTENT="kunde"/><SP WIDTH="15" VPOS="1438" HPOS="225"/>
							<String ID="string_172" HPOS="240" VPOS="1438" WIDTH="128" HEIGHT="22" WC="0.91" CONTENT="föranledas."/>
						</TextLine>
					</TextBlock>
				</ComposedBlock>
				<ComposedBlock ID="cblock_4" HPOS="149" VPOS="1484" WIDTH="354" HEIGHT="23">
					<TextBlock ID="block_4" HPOS="149" VPOS="1484" WIDTH="354" HEIGHT="23">
						<TextLine ID="line_22" HPOS="149" VPOS="1484" WIDTH="354" HEIGHT="23">
							<String ID="string_173" HPOS="149" VPOS="1484" WIDTH="137" HEIGHT="23" WC="0.91" CONTENT="Lagutskottets"/><SP WIDTH="13" VPOS="1484" HPOS="286"/>
							<String ID="string_174" HPOS="299" VPOS="1484" WIDTH="117" HEIGHT="18" WC="0.96" CONTENT="betänkande"/><SP WIDTH="13" VPOS="1484" HPOS="416"/>
							<String ID="string_175" HPOS="429" VPOS="1489" WIDTH="32" HEIGHT="12" WC="0.95" CONTENT="n:o"/><SP WIDTH="13" VPOS="1489" HPOS="461"/>
							<String ID="string_176" HPOS="474" VPOS="1485" WIDTH="29" HEIGHT="17" WC="0.95" CONTENT="23."/>
						</TextLine>
					</TextBlock>
				</ComposedBlock>
			</PrintSpace>
		</Page>
	</Layout>
</alto>
