1056 1725
264 138 26 22 18

372 205 84 22 hvilken
480 206 20 26 o
521 205 38 22 mä
581 206 32 21 till
633 206 102 26 säljaren
755 206 112 27 utbetalas,
883 206 110 21 innan
969 201 30 39 on

372 239 86 22 månad
478 240 94 27 förflutit
594 240 54 28 efter
667 240 42 22 den
730 241 38 27 tid,
787 246 48 16 som
849 246 78 21 genom
942 239 53 22 kun-

372 275 83 27 görelse
468 275 9 21 i
486 275 85 22 landets
586 275 116 22 allmänna
718 276 72 21 samt
803 275 192 28 försäljnings-

373 311 90 20 ortens
473 311 65 20 mest
547 310 112 27 spridda
670 310 117 27 tidningar
795 310 108 27 förelagts
911 309 84 22 okände

372 344 133 27 borgenärer
520 345 31 20 att
566 345 51 21 sina
632 343 103 28 anspråk
751 345 87 21 bevaka.

441 379 89 21 Momm.
546 379 15 21 2
575 379 38 21 och
627 379 16 21 8
658 379 151 28 oförändrade
825 379 66 27 enligt
901 378 41 21 den
956 377 39 22 nå-

373 413 52 26 diga
438 413 171 27 propositionen.

461 482 28 24 SS
504 483 33 26 16,
555 483 32 26 17,
603 482 35 27 31,
653 482 35 27 37,
704 483 36 26 49,
756 483 29 21 50
800 482 37 22 och
854 483 47 21 182.

446 533 153 28 Oförändrade
609 534 66 27 enligt
682 534 43 21 den
732 533 85 28 nädiga
823 534 170 27 propositionen.

646 598 14 24 $
674 597 50 21 236.

443 654 65 22 Mom.
525 655 11 21 1
555 654 146 28 oförändradt
719 655 67 26 enligt
799 654 41 22 den
852 654 84 27 nädiga
944 660 51 21 pro-

371 689 128 27 positionen.

442 722 82 23 Såsom
550 723 104 21 rederiets
680 723 93 22 hemvist
798 729 65 15 anses
884 724 111 26 fartygets

374 758 88 21 hemort.
493 758 68 21 Dock
583 757 43 22 må
648 758 116 21 rederiet
785 758 78 21 sökas
885 758 80 27 äfven
980 757 14 22 å

374 793 48 21 den
442 794 50 25 ort,
508 792 109 22 hvarest
631 792 225 28 hufvudredaren
871 792 74 27 eller,
961 792 33 22 då

374 826 83 23 sådan
491 827 57 21 icke
575 827 102 27 finnes,
703 832 94 16 annan
821 827 97 21 redare
943 826 51 22 har

374 862 45 21 sitt
433 862 28 21 bo
477 861 45 22 och
537 861 121 22 hemvist.

642 925 14 24 $
669 925 50 21 241.

445 983 143 27 Oförändrad
598 982 66 27 enligt
679 982 41 21 den
732 981 85 28 nådiga
822 982 170 27 propositionen.

440 1127 34 20 2:0
496 1127 41 20 att
561 1126 159 21 Ständerna
742 1126 63 21 ville
827 1127 100 25 antaga
939 1126 53 27 för-

372 1161 89 26 slaget
485 1161 41 21 till
546 1160 163 28 förordning
729 1160 140 27 angående
883 1160 109 22 ändrad

372 1195 105 27 lydelse
500 1196 33 26 af
553 1195 30 21 13
605 1196 14 24 $
637 1195 8 21 i
658 1195 212 27 förordningen
890 1201 39 15 om
947 1196 45 20 nä-

372 1230 154 26 ringarna,
542 1230 33 26 af
586 1230 51 20 den
651 1230 30 20 31
698 1229 78 21 Mars
792 1230 76 26 1879,
883 1230 109 26 oförän-

372 1264 89 21 dradt.

439 1379 34 21 8:0o
489 1379 40 21 att
544 1378 165 22 Ständerna
721 1378 75 27 ville,
807 1378 59 21 med
875 1378 116 27 godkän-

371 1413 90 21 nande
477 1414 32 26 af
520 1413 104 27 deutaf
639 1412 136 22 Utskottet
787 1413 147 27 förordade
949 1414 42 20 än-

372 1448 124 27 dringar
510 1448 9 21 i
533 1448 41 21 det
589 1447 88 26 tredje
689 1447 302 28 författningsförsla-

304 1493 136 22 Lagutskottets
453 1492 116 17 betänkande
581 1497 32 13 n:o
625 1492 28 17 23.
