1095 1766
289 125 12 20 8
592 131 39 21 N:o
648 133 33 20 36.

252 193 48 26 och
316 193 76 23 länder
408 195 7 22 i
431 196 60 23 detta
505 198 38 22 fall
560 201 26 20 28
602 200 11 27 $
629 201 7 20 i
652 201 152 29 förordningen
820 211 34 15 om
867 206 60 27 jords
938 209 76 26 upplå-

259 228 65 21 tande
339 229 34 21 för
388 231 90 22 allmänt
494 232 66 23 behof
573 235 33 20 till
622 235 152 24 efterrättelse.

602 312 25 20 13
648 312 20 28 8.

330 345 45 21 Har
388 347 232 31 jernvägsanläggning
636 353 130 26 uppehållits
777 361 76 20 genom
864 357 54 27 krig,
931 358 80 21 blokad

257 378 52 21 eller
332 386 70 16 annan
424 384 168 28 utomordentlig
612 387 136 28 tilldragelse,
765 389 58 27 njute
839 391 130 27 anläggaren
985 394 25 20 så

256 413 85 27 mycket
363 417 74 26 längre
460 418 31 21 tid
514 425 45 15 som
583 421 46 26 den,
648 421 122 23 hvarunder
786 425 85 21 hindret
886 429 68 25 varat,
971 428 39 21 der

256 447 42 22 han
314 450 19 26 ej
350 450 125 28 föredrager
490 455 32 19 att
538 454 72 27 afsäga
622 456 31 27 sig
664 457 211 29 anläggningsrätten
888 461 39 20 och
939 462 69 21 återfå

256 483 41 20 den
320 483 33 22 för
373 485 239 29 jernvägsbyggnadens
635 491 113 22 utförande
764 494 71 20 stälda
851 495 133 27 säkerheten,
1001 497 9 20 i

255 517 82 22 hvilket
352 519 39 21 fall
406 519 33 22 för
455 521 65 28 öfrigt
536 523 92 22 förfares
644 526 27 25 på
687 528 42 19 sätt
744 527 7 20 i
769 529 24 19 12
810 529 10 26 $
837 531 24 18 är
876 531 70 25 sagdt.

326 553 93 22 Senaten
441 555 43 22 kan
504 557 79 26 jemväl
602 559 28 26 på
646 560 68 21 andra
730 561 52 28 skäl,
799 568 34 15 om
850 564 157 27 anläggningen

254 587 66 20 redan
341 587 139 29 framskridit,
500 590 78 28 bevilja
593 592 98 28 förlängd
707 595 32 20 tid
754 595 34 21 för
804 596 48 22 dess
868 598 140 22 slutförande.

597 668 25 20 14
638 668 18 27 8.

323 703 52 21 Rätt
398 706 32 19 att
453 704 12 21 å
486 705 88 29 jernväg
597 708 101 22 befordra
721 716 103 20 personer
840 712 38 21 och
894 714 53 25 gods
963 714 44 21 till-

252 736 96 22 kommer
371 739 135 22 uteslutande
530 747 83 20 egaren.
653 743 25 27 Ej
695 745 33 19 må
745 745 55 21 dock
815 746 98 22 tillstånd
929 750 77 25 vägras

252 773 32 19 att
307 772 33 20 till
362 773 116 22 bestående
502 775 55 21 bana
579 777 35 21 vid
633 778 97 27 lämpligt
746 780 62 22 ställe
824 782 84 21 ansluta
924 790 80 21 annan,

252 812 46 15 som
314 806 22 21 af
350 809 71 20 staten
437 809 53 21 eller
504 810 84 22 enskild
604 812 107 27 anlägges.

420 903 3 1 s
589 887 23 20 15
631 887 18 27 $.

320 922 95 28 Jernväg
437 924 35 21 mä
495 925 18 27 ej
534 926 34 21 för
583 933 85 20 person-
684 929 39 20 och
738 930 170 26 godsbefordran
924 932 79 28 begag-

248 962 46 20 nas,
317 956 65 22 innan
406 958 41 21 den
470 959 70 22 blifvit
558 960 3 21 i
577 961 90 28 behörig
682 963 90 27 ordning
788 965 90 27 afsynad
895 967 38 20 och
950 968 52 25 god-

247 990 63 21 känd.
584 992 2 2 i

591 1036 26 20 16
638 1036 18 27 8.

317 1072 93 27 Jernväg
433 1073 55 21 skall
511 1081 51 15 vara
584 1075 87 22 försedd
693 1078 47 20 med
764 1079 36 21 det
823 1080 67 27 enligt
912 1082 88 28 anlägg-

245 1106 186 26 ningstillståndet
454 1108 143 28 erforderliga
616 1112 82 20 antalet
721 1112 117 24 lokomotiv
861 1116 39 20 och
916 1123 84 21 vagnar

244 1142 57 20 samt
320 1141 67 27 jemte
408 1142 63 21 dessa
486 1143 69 22 hållas
571 1144 7 21 i
594 1145 36 21 det
645 1146 67 27 skick,
730 1153 44 16 som
790 1149 153 23 samfärdselns
960 1152 39 22 be-

244 1174 76 27 höriga
335 1176 189 26 upprätthållande
540 1178 91 22 kräfver.

315 1210 25 27 Ej
367 1211 35 20 må
429 1211 82 22 banans
538 1213 50 22 eller
610 1215 217 27 jernvägsfordonens
851 1219 147 28 byggnadsart

243 1247 51 18 utan
312 1245 104 22 Senatens
432 1247 97 21 tillstånd
545 1249 83 21 ändras.

591 1325 25 20 17
632 1325 19 26 8.

311 1366 91 21 Person-
425 1367 39 21 och
487 1368 168 26 godsbefordran
678 1372 27 25 på
728 1373 82 21 enskild
832 1375 89 28 jernväg
936 1377 57 22 skall

239 1401 159 26 upprätthållas
421 1401 11 21 i
451 1403 40 20 den
515 1405 149 26 utsträckning
687 1406 39 21 och
748 1407 8 20 i
778 1408 64 27 öfrigt
865 1411 27 26 pä
913 1412 80 22 sädant

238 1436 50 24 sätt,
304 1441 45 15 som
365 1436 109 21 allmänna
489 1437 152 23 samfärdselns
657 1439 66 22 behof
736 1441 107 26 päkallar.
