1056 1725
326 146 20 23 U.
362 146 19 24 B.
396 159 28 4 —
439 146 56 30 Prop.
511 146 32 24 N:o
558 146 34 24 29.
801 147 14 21 5

84 212 88 27 gående,
192 212 34 22 får
245 212 133 22 Utskottet
370 208 15 35 i
393 212 86 22 korthet
493 213 40 21 här
549 213 124 21 äterhemta.
705 212 139 27 Skeppsregi-

84 248 66 20 strets
172 246 99 22 ändamål
286 258 28 4 —
330 248 67 26 yttrar
418 248 32 26 sig
473 247 148 27 Beredningen
637 259 26 3 —
679 253 52 15 vore
749 249 96 19 närmast

84 282 33 21 att
132 282 58 26 tjena
206 281 184 26 rederinäringens
406 282 39 21 och
461 281 114 28 sjöfartens
590 282 112 26 intressen,
719 288 45 15 som
780 281 23 21 af
811 287 34 16 re-

84 316 154 27 gistreringens
254 315 110 22 ordnande
380 316 39 21 och
433 316 164 21 handhafvande
608 316 125 27 oafvisligen
743 315 101 22 fordrade

85 351 33 20 att
132 351 100 26 uppehåll
253 351 39 20 och
307 350 76 21 hinder
398 351 6 20 i
419 351 114 26 näringens
548 350 117 21 utöfvande
680 350 47 21 icke
742 350 102 21 vållades.

85 384 51 22 Men
150 385 49 22 med
215 385 40 21 den
274 384 159 27 skyndsamhet,
449 391 45 15 som
510 385 97 27 utgjorde
621 384 128 22 lifsvilkoret
763 383 34 22 för
811 391 34 14 re-

85 419 149 26 derirörelsen,
249 419 43 21 läte
308 419 33 27 sig
355 419 46 21 icke
417 419 62 21 alltid
495 419 74 21 förena
579 419 42 21 den
632 418 163 27 fullständighet
805 418 40 21 och

85 453 148 28 noggrannhet
248 454 8 21 i
271 453 113 27 utredning
399 453 40 22 och
454 453 105 27 pröfning,
575 460 46 15 som
636 460 26 14 en
678 453 145 21 realrättsbok
838 453 7 21 i

85 488 195 21 rättssäkerhetens
298 488 90 21 intresse
404 487 67 22 måste
487 488 78 21 fordra.
596 487 41 22 Till
652 487 116 27 belysande
783 487 64 21 häraf

85 522 86 27 tjenade
194 529 27 14 en
243 523 127 26 hänvisning
390 523 32 20 till
437 523 165 26 egareombyten
618 522 6 21 i
640 521 53 28 följd
709 521 23 21 af
746 521 99 22 dödsfall.

85 556 173 22 Förhållandena
273 557 36 21 vid
324 557 62 21 dessa
400 563 51 16 voro
468 558 44 21 ofta
527 557 23 22 af
564 557 41 21 den
620 557 124 21 invecklade
759 555 86 23 beskaf-

85 591 79 27 fenhet,
188 593 32 20 att
242 598 25 14 en
283 592 119 27 utredning,
418 592 104 22 hvarmed
538 591 83 27 afsåges
636 591 108 21 vinnande
760 591 23 21 af
805 590 40 21 full

85 626 86 26 visshet,
187 626 47 21 icke
249 626 71 21 kunde
336 625 157 23 åstadkommas
508 626 68 22 under
592 632 26 15 en
631 625 154 28 jemförelsevis
796 625 50 21 kort

85 660 39 22 tid.
155 660 50 21 Med
228 660 101 22 afseende
351 660 13 21 å
386 661 94 27 antydda
502 660 149 22 förhållanden
671 660 72 21 visade
759 660 32 26 sig
805 659 41 21 ock

86 695 41 21 den
149 694 106 28 pröfning,
274 695 259 27 realrättsbokssystemet
554 694 61 22 ålade
631 694 214 27 registermyndighe-

85 731 43 25 ten,
144 729 104 21 innefatta
263 736 26 14 en
305 728 84 28 uppgift
401 729 23 21 af
433 730 96 21 svåraste
540 730 52 26 slag,
603 730 62 20 hvars
676 728 169 27 tillgodoseende

85 763 75 22 kräfde
184 764 75 26 längre
283 764 32 20 tid
338 765 25 19 än
386 764 114 26 sjöfartens
515 764 133 26 berättigade
664 762 93 28 anspråk
773 762 27 27 på
815 763 30 21 ett

85 798 125 27 skyndsamt
222 798 116 27 afgörande
350 799 116 27 medgåfve.
483 799 38 21 Ett
531 800 66 20 annat
605 798 76 27 vigtigt
689 798 47 21 skäl
744 799 45 20 mot
797 796 54 22 rael-

85 832 223 27 rättsbokssystemets
324 832 137 28 fullständiga
477 833 134 27 tillämpning
623 833 7 21 i
643 833 68 21 denna
724 832 61 26 fråga
794 836 50 16 vore

85 868 32 20 att
126 867 116 21 detsamma
250 867 62 22 stode
320 868 47 21 vårt
374 867 57 22 folks
439 868 108 21 allmänna
555 868 136 26 uppfattning
700 867 72 21 alltför
780 865 64 22 främ-

85 901 84 21 mande.
200 901 42 22 Det
257 902 69 21 skulle
342 902 70 21 derför
427 902 86 21 komma
529 903 32 20 att
576 902 49 27 åtgå
640 901 69 27 någon
725 901 38 26 tid,
779 901 65 20 innan

86 935 40 21 den
141 942 41 20 nya
197 936 62 27 lagen
275 936 65 27 slagit
354 938 33 19 rot
402 937 7 20 i
424 937 211 25 rättsmedvetandet,
647 936 39 21 och
697 935 69 21 under
774 935 71 20 denna

84 969 32 22 tid
132 969 69 22 skulle
222 970 73 27 lagens
314 971 133 26 tillämpning
462 971 7 20 i
485 971 76 26 många
576 971 37 20 fall
628 970 89 21 framstå
733 969 68 22 såsom
817 975 27 15 en

85 1004 116 27 otillbörlig
216 1004 98 21 hårdhet.
328 1016 30 4 —
372 1005 69 21 Dessa
455 1005 66 21 motiv
537 1017 26 2 —
579 1005 73 21 hvilka
666 1005 65 20 likväl
742 1004 46 21 icke
799 1003 46 21 hin-

85 1038 49 21 drat
149 1040 32 19 att
196 1039 196 26 Lagberedningen,
416 1039 70 22 såsom
502 1039 23 22 af
539 1040 40 21 den
594 1039 77 27 nådiga
686 1038 159 27 propositionen

84 1072 101 27 framgår,
202 1073 66 21 delvis
283 1073 106 27 tillämpat
404 1073 168 27 grundsatserna
588 1074 5 21 i
603 1073 115 22 omordade
729 1074 78 25 system
818 1071 27 28 på

86 1107 178 27 skeppsregistret
279 1119 28 3 —
323 1107 62 22 hafva
401 1108 63 21 äfven
479 1109 56 20 varit
549 1109 33 20 för
593 1109 162 26 Lagutskottets
773 1106 72 22 stånd-

84 1141 70 27 punkt
168 1141 8 21 i
190 1141 76 27 frågan
282 1142 168 22 bestämmande.

154 1243 152 27 Lagutskottet
327 1245 96 27 öfvergår
442 1252 30 14 nu
491 1246 33 21 till
540 1246 25 21 de
581 1246 70 21 skilda
665 1244 181 28 författningsför-

86 1278 73 27 slagen
175 1278 40 22 och
230 1278 76 22 främst
321 1279 33 21 till

294 1349 40 23 1:0)
355 1348 115 27 Förslaget
490 1349 32 21 till
542 1350 134 26 förordning
696 1349 150 27 innefattande

224 1382 98 27 ändring
338 1383 28 27 af
376 1383 116 21 särskilda
506 1384 27 24 $$
547 1384 9 20 i
570 1384 103 26 sjölagen.

155 1449 59 22 Enär
229 1451 95 26 sjölagen
340 1450 32 21 för
386 1452 137 21 närvarande
536 1451 124 27 innehåller,
677 1452 38 21 och
731 1451 62 22 äfven
808 1451 39 21 bör

157 1495 141 22 Lagutskottets
311 1495 117 18 betänkande
440 1502 33 12 n:o
485 1497 29 17 23.
