<?xml version="1.0" encoding="UTF-8"?>
<alto xmlns="http://www.loc.gov/standards/alto/ns-v3#" xmlns:xlink="http://www.w3.org/1999/xlink" xmlns:xsi="http://www.w3.org/2001/XMLSchema-instance" xsi:schemaLocation="http://www.loc.gov/standards/alto/ns-v3# http://www.loc.gov/alto/v3/alto-3-0.xsd">
	<Description>
		<MeasurementUnit>pixel</MeasurementUnit>
		<sourceImageInformation>
			<fileName>/tmp/tess_mz47t3za_input.PNG</fileName>
		</sourceImageInformation>
		<OCRProcessing ID="OCR_0">
			<ocrProcessingStep>
				<processingSoftware>
					<softwareName>tesseract 5.3.4</softwareName>
				</processingSoftware>
			</ocrProcessingStep>
		</OCRProcessing>
	</Description>
	<Layout>
		<Page WIDTH="1056" HEIGHT="1725" PHYSICAL_IMG_NR="0" ID="page_0">
			<PrintSpace HPOS="0" VPOS="0" WIDTH="1056" HEIGHT="1725">
				<ComposedBlock ID="cblock_0" HPOS="229" VPOS="146" WIDTH="517" HEIGHT="28">
					<TextBlock ID="block_0" HPOS="229" VPOS="146" WIDTH="517" HEIGHT="28">
						<TextLine ID="line_0" HPOS="229" VPOS="146" WIDTH="517" HEIGHT="28">
							<String ID="string_0" HPOS="229" VPOS="147" WIDTH="12" HEIGHT="19" WC="0.94" CONTENT="6"/><SP WIDTH="167" VPOS="147" HPOS="241"/>
							<String ID="string_1" HPOS="408" VPOS="146" WIDTH="70" HEIGHT="22" WC="0.92" CONTENT="Ständ."/><SP WIDTH="15" VPOS="146" HPOS="478"/>
							<String ID="string_2" HPOS="493" VPOS="147" WIDTH="32" HEIGHT="21" WC="0.93" CONTENT="Sv."/><SP WIDTH="16" VPOS="147" HPOS="525"/>
							<String ID="string_3" HPOS="541" VPOS="160" WIDTH="28" HEIGHT="2" WC="0.93" CONTENT="—"/><SP WIDTH="16" VPOS="160" HPOS="569"/>
							<String ID="string_4" HPOS="585" VPOS="148" WIDTH="58" HEIGHT="26" WC="0.96" CONTENT="Prop."/><SP WIDTH="17" VPOS="148" HPOS="643"/>
							<String ID="string_5" HPOS="660" VPOS="148" WIDTH="33" HEIGHT="22" WC="0.96" CONTENT="N:o"/><SP WIDTH="18" VPOS="148" HPOS="693"/>
							<String ID="string_6" HPOS="711" VPOS="149" WIDTH="35" HEIGHT="21" WC="0.96" CONTENT="32."/>
						</TextLine>
					</TextBlock>
				</ComposedBlock>
				<ComposedBlock ID="cblock_1" HPOS="198" VPOS="208" WIDTH="758" HEIGHT="446">
					<TextBlock ID="block_1" HPOS="198" VPOS="208" WIDTH="758" HEIGHT="96">
						<TextLine ID="line_1" HPOS="198" VPOS="208" WIDTH="757" HEIGHT="28">
							<String ID="string_7" HPOS="198" VPOS="209" WIDTH="92" HEIGHT="19" WC="0.93" CONTENT="emedan"/><SP WIDTH="16" VPOS="209" HPOS="290"/>
							<String ID="string_8" HPOS="306" VPOS="208" WIDTH="66" HEIGHT="28" WC="0.88" CONTENT="någat"/><SP WIDTH="16" VPOS="208" HPOS="372"/>
							<String ID="string_9" HPOS="388" VPOS="208" WIDTH="45" HEIGHT="22" WC="0.95" CONTENT="skäl"/><SP WIDTH="16" VPOS="208" HPOS="433"/>
							<String ID="string_10" HPOS="449" VPOS="208" WIDTH="48" HEIGHT="22" WC="0.91" CONTENT="icke"/><SP WIDTH="16" VPOS="208" HPOS="497"/>
							<String ID="string_11" HPOS="513" VPOS="209" WIDTH="143" HEIGHT="23" WC="0.76" CONTENT="förekommor"/><SP WIDTH="22" VPOS="209" HPOS="656"/>
							<String ID="string_12" HPOS="678" VPOS="213" WIDTH="40" HEIGHT="23" WC="0.90" CONTENT="att,"/><SP WIDTH="18" VPOS="213" HPOS="718"/>
							<String ID="string_13" HPOS="736" VPOS="211" WIDTH="36" HEIGHT="22" WC="0.93" CONTENT="vid"/><SP WIDTH="17" VPOS="211" HPOS="772"/>
							<String ID="string_14" HPOS="789" VPOS="212" WIDTH="124" HEIGHT="23" WC="0.78" CONTENT="beiirandet"/><SP WIDTH="18" VPOS="212" HPOS="913"/>
							<String ID="string_15" HPOS="931" VPOS="214" WIDTH="24" HEIGHT="22" WC="0.95" CONTENT="af"/>
						</TextLine>
						<TextLine ID="line_2" HPOS="199" VPOS="241" WIDTH="757" HEIGHT="34">
							<String ID="string_16" HPOS="199" VPOS="241" WIDTH="165" HEIGHT="22" WC="0.92" CONTENT="öfverträdelser"/><SP WIDTH="16" VPOS="241" HPOS="364"/>
							<String ID="string_17" HPOS="380" VPOS="244" WIDTH="57" HEIGHT="20" WC="0.96" CONTENT="emot"/><SP WIDTH="15" VPOS="244" HPOS="437"/>
							<String ID="string_18" HPOS="452" VPOS="242" WIDTH="161" HEIGHT="29" WC="0.96" CONTENT="förordningen,"/><SP WIDTH="9" VPOS="242" HPOS="613"/>
							<String ID="string_19" HPOS="622" VPOS="244" WIDTH="77" HEIGHT="28" WC="0.96" CONTENT="frångå"/><SP WIDTH="16" VPOS="244" HPOS="699"/>
							<String ID="string_20" HPOS="715" VPOS="246" WIDTH="41" HEIGHT="20" WC="0.96" CONTENT="den"/><SP WIDTH="16" VPOS="246" HPOS="756"/>
							<String ID="string_21" HPOS="772" VPOS="246" WIDTH="110" HEIGHT="23" WC="0.93" CONTENT="allmänna"/><SP WIDTH="15" VPOS="246" HPOS="882"/>
							<String ID="string_22" HPOS="897" VPOS="248" WIDTH="59" HEIGHT="27" WC="0.92" CONTENT="prin-"/>
						</TextLine>
						<TextLine ID="line_3" HPOS="199" VPOS="276" WIDTH="416" HEIGHT="28">
							<String ID="string_23" HPOS="199" VPOS="276" WIDTH="63" HEIGHT="28" WC="0.91" CONTENT="cipen"/><SP WIDTH="16" VPOS="276" HPOS="262"/>
							<String ID="string_24" HPOS="278" VPOS="283" WIDTH="34" HEIGHT="14" WC="0.96" CONTENT="om"/><SP WIDTH="16" VPOS="283" HPOS="312"/>
							<String ID="string_25" HPOS="328" VPOS="276" WIDTH="71" HEIGHT="22" WC="0.96" CONTENT="forum"/><SP WIDTH="14" VPOS="276" HPOS="399"/>
							<String ID="string_26" HPOS="413" VPOS="277" WIDTH="8" HEIGHT="21" WC="0.93" CONTENT="i"/><SP WIDTH="16" VPOS="277" HPOS="421"/>
							<String ID="string_27" HPOS="437" VPOS="277" WIDTH="114" HEIGHT="22" WC="0.92" CONTENT="kriminela"/><SP WIDTH="15" VPOS="277" HPOS="551"/>
							<String ID="string_28" HPOS="566" VPOS="278" WIDTH="49" HEIGHT="22" WC="0.95" CONTENT="mål."/>
						</TextLine>
					</TextBlock>
					<TextBlock ID="block_2" HPOS="198" VPOS="311" WIDTH="758" HEIGHT="269">
						<TextLine ID="line_4" HPOS="269" VPOS="311" WIDTH="687" HEIGHT="28">
							<String ID="string_29" HPOS="269" VPOS="311" WIDTH="209" HEIGHT="28" WC="0.92" CONTENT="Omformuleringen"/><SP WIDTH="16" VPOS="311" HPOS="478"/>
							<String ID="string_30" HPOS="494" VPOS="312" WIDTH="24" HEIGHT="21" WC="0.93" CONTENT="af"/><SP WIDTH="13" VPOS="312" HPOS="518"/>
							<String ID="string_31" HPOS="531" VPOS="314" WIDTH="14" HEIGHT="25" WC="0.89" CONTENT="$"/><SP WIDTH="18" VPOS="314" HPOS="545"/>
							<String ID="string_32" HPOS="563" VPOS="314" WIDTH="25" HEIGHT="21" WC="0.95" CONTENT="18"/><SP WIDTH="15" VPOS="314" HPOS="588"/>
							<String ID="string_33" HPOS="603" VPOS="313" WIDTH="40" HEIGHT="22" WC="0.96" CONTENT="har"/><SP WIDTH="17" VPOS="313" HPOS="643"/>
							<String ID="string_34" HPOS="660" VPOS="315" WIDTH="66" HEIGHT="20" WC="0.96" CONTENT="redan"/><SP WIDTH="17" VPOS="315" HPOS="726"/>
							<String ID="string_35" HPOS="743" VPOS="315" WIDTH="68" HEIGHT="22" WC="0.96" CONTENT="delvis"/><SP WIDTH="11" VPOS="315" HPOS="811"/>
							<String ID="string_36" HPOS="822" VPOS="316" WIDTH="134" HEIGHT="23" WC="0.96" CONTENT="motiverats."/>
						</TextLine>
						<TextLine ID="line_5" HPOS="199" VPOS="346" WIDTH="757" HEIGHT="31">
							<String ID="string_37" HPOS="199" VPOS="346" WIDTH="77" HEIGHT="21" WC="0.95" CONTENT="Såsom"/><SP WIDTH="15" VPOS="346" HPOS="276"/>
							<String ID="string_38" HPOS="291" VPOS="346" WIDTH="124" HEIGHT="27" WC="0.95" CONTENT="ytterligare"/><SP WIDTH="16" VPOS="346" HPOS="415"/>
							<String ID="string_39" HPOS="431" VPOS="346" WIDTH="49" HEIGHT="22" WC="0.93" CONTENT="skäl"/><SP WIDTH="16" VPOS="346" HPOS="480"/>
							<String ID="string_40" HPOS="496" VPOS="347" WIDTH="33" HEIGHT="21" WC="0.92" CONTENT="tör"/><SP WIDTH="16" VPOS="347" HPOS="529"/>
							<String ID="string_41" HPOS="545" VPOS="349" WIDTH="94" HEIGHT="20" WC="0.96" CONTENT="nämnda"/><SP WIDTH="16" VPOS="349" HPOS="639"/>
							<String ID="string_42" HPOS="655" VPOS="348" WIDTH="126" HEIGHT="29" WC="0.96" CONTENT="förändring"/><SP WIDTH="15" VPOS="348" HPOS="781"/>
							<String ID="string_43" HPOS="796" VPOS="350" WIDTH="23" HEIGHT="21" WC="0.93" CONTENT="få"/><SP WIDTH="14" VPOS="350" HPOS="819"/>
							<String ID="string_44" HPOS="833" VPOS="350" WIDTH="123" HEIGHT="22" WC="0.91" CONTENT="Ständerna"/>
						</TextLine>
						<TextLine ID="line_6" HPOS="199" VPOS="380" WIDTH="756" HEIGHT="31">
							<String ID="string_45" HPOS="199" VPOS="380" WIDTH="121" HEIGHT="26" WC="0.54" CONTENT="framhälla,"/><SP WIDTH="23" VPOS="380" HPOS="320"/>
							<String ID="string_46" HPOS="343" VPOS="383" WIDTH="33" HEIGHT="18" WC="0.96" CONTENT="att"/><SP WIDTH="21" VPOS="383" HPOS="376"/>
							<String ID="string_47" HPOS="397" VPOS="387" WIDTH="78" HEIGHT="21" WC="0.93" CONTENT="genom"/><SP WIDTH="22" VPOS="387" HPOS="475"/>
							<String ID="string_48" HPOS="497" VPOS="381" WIDTH="142" HEIGHT="28" WC="0.91" CONTENT="tilläggandet"/><SP WIDTH="16" VPOS="381" HPOS="639"/>
							<String ID="string_49" HPOS="655" VPOS="383" WIDTH="24" HEIGHT="20" WC="0.96" CONTENT="af"/><SP WIDTH="19" VPOS="383" HPOS="679"/>
							<String ID="string_50" HPOS="698" VPOS="384" WIDTH="27" HEIGHT="20" WC="0.96" CONTENT="de"/><SP WIDTH="16" VPOS="384" HPOS="725"/>
							<String ID="string_51" HPOS="741" VPOS="383" WIDTH="123" HEIGHT="28" WC="0.96" CONTENT="åberopade"/><SP WIDTH="23" VPOS="383" HPOS="864"/>
							<String ID="string_52" HPOS="887" VPOS="386" WIDTH="68" HEIGHT="20" WC="0.96" CONTENT="orden"/>
						</TextLine>
						<TextLine ID="line_7" HPOS="199" VPOS="415" WIDTH="756" HEIGHT="32">
							<String ID="string_53" HPOS="199" VPOS="415" WIDTH="145" HEIGHT="26" WC="0.30" CONTENT="beträffande"/><SP WIDTH="15" VPOS="415" HPOS="344"/>
							<String ID="string_54" HPOS="359" VPOS="415" WIDTH="165" HEIGHT="27" WC="0.92" CONTENT="inregistrerade"/><SP WIDTH="15" VPOS="415" HPOS="524"/>
							<String ID="string_55" HPOS="539" VPOS="417" WIDTH="155" HEIGHT="21" WC="0.79" CONTENT="varumärken&quot;"/><SP WIDTH="11" VPOS="417" HPOS="694"/>
							<String ID="string_56" HPOS="705" VPOS="417" WIDTH="142" HEIGHT="23" WC="0.92" CONTENT="förekommes"/><SP WIDTH="12" VPOS="417" HPOS="847"/>
							<String ID="string_57" HPOS="859" VPOS="421" WIDTH="30" HEIGHT="19" WC="0.93" CONTENT="ett"/><SP WIDTH="10" VPOS="421" HPOS="889"/>
							<String ID="string_58" HPOS="899" VPOS="419" WIDTH="56" HEIGHT="28" WC="0.92" CONTENT="möj-"/>
						</TextLine>
						<TextLine ID="line_8" HPOS="198" VPOS="449" WIDTH="757" HEIGHT="32">
							<String ID="string_59" HPOS="198" VPOS="449" WIDTH="40" HEIGHT="28" WC="0.92" CONTENT="ligt"/><SP WIDTH="15" VPOS="449" HPOS="238"/>
							<String ID="string_60" HPOS="253" VPOS="449" WIDTH="157" HEIGHT="25" WC="0.92" CONTENT="missförständ,"/><SP WIDTH="17" VPOS="449" HPOS="410"/>
							<String ID="string_61" HPOS="427" VPOS="452" WIDTH="32" HEIGHT="19" WC="0.93" CONTENT="att"/><SP WIDTH="16" VPOS="452" HPOS="459"/>
							<String ID="string_62" HPOS="475" VPOS="450" WIDTH="81" HEIGHT="27" WC="0.89" CONTENT="olotligt"/><SP WIDTH="23" VPOS="450" HPOS="556"/>
							<String ID="string_63" HPOS="579" VPOS="451" WIDTH="143" HEIGHT="27" WC="0.92" CONTENT="begagnande"/><SP WIDTH="23" VPOS="451" HPOS="722"/>
							<String ID="string_64" HPOS="745" VPOS="453" WIDTH="24" HEIGHT="20" WC="0.93" CONTENT="af"/><SP WIDTH="20" VPOS="453" HPOS="769"/>
							<String ID="string_65" HPOS="789" VPOS="453" WIDTH="166" HEIGHT="28" WC="0.92" CONTENT="inregistreradt"/>
						</TextLine>
						<TextLine ID="line_9" HPOS="199" VPOS="483" WIDTH="756" HEIGHT="32">
							<String ID="string_66" HPOS="199" VPOS="483" WIDTH="129" HEIGHT="22" WC="0.91" CONTENT="varumärke"/><SP WIDTH="22" VPOS="483" HPOS="328"/>
							<String ID="string_67" HPOS="350" VPOS="483" WIDTH="43" HEIGHT="22" WC="0.96" CONTENT="kan"/><SP WIDTH="20" VPOS="483" HPOS="393"/>
							<String ID="string_68" HPOS="413" VPOS="491" WIDTH="53" HEIGHT="14" WC="0.92" CONTENT="vara"/><SP WIDTH="19" VPOS="491" HPOS="466"/>
							<String ID="string_69" HPOS="485" VPOS="485" WIDTH="158" HEIGHT="22" WC="0.92" CONTENT="underkastadt"/><SP WIDTH="21" VPOS="485" HPOS="643"/>
							<String ID="string_70" HPOS="664" VPOS="486" WIDTH="62" HEIGHT="21" WC="0.96" CONTENT="straff"/><SP WIDTH="13" VPOS="486" HPOS="726"/>
							<String ID="string_71" HPOS="739" VPOS="488" WIDTH="22" HEIGHT="20" WC="0.96" CONTENT="sä"/><SP WIDTH="17" VPOS="488" HPOS="761"/>
							<String ID="string_72" HPOS="778" VPOS="487" WIDTH="35" HEIGHT="21" WC="0.96" CONTENT="väl"/><SP WIDTH="16" VPOS="487" HPOS="813"/>
							<String ID="string_73" HPOS="829" VPOS="488" WIDTH="66" HEIGHT="27" WC="0.93" CONTENT="enligt"/><SP WIDTH="16" VPOS="488" HPOS="895"/>
							<String ID="string_74" HPOS="911" VPOS="487" WIDTH="44" HEIGHT="22" WC="0.93" CONTENT="för-"/>
						</TextLine>
						<TextLine ID="line_10" HPOS="199" VPOS="518" WIDTH="754" HEIGHT="31">
							<String ID="string_75" HPOS="199" VPOS="518" WIDTH="121" HEIGHT="27" WC="0.92" CONTENT="ordningen"/><SP WIDTH="16" VPOS="518" HPOS="320"/>
							<String ID="string_76" HPOS="336" VPOS="525" WIDTH="34" HEIGHT="14" WC="0.96" CONTENT="om"/><SP WIDTH="16" VPOS="525" HPOS="370"/>
							<String ID="string_77" HPOS="386" VPOS="518" WIDTH="67" HEIGHT="27" WC="0.96" CONTENT="skydd"/><SP WIDTH="16" VPOS="518" HPOS="453"/>
							<String ID="string_78" HPOS="469" VPOS="519" WIDTH="32" HEIGHT="21" WC="0.93" CONTENT="för"/><SP WIDTH="16" VPOS="519" HPOS="501"/>
							<String ID="string_79" HPOS="517" VPOS="520" WIDTH="149" HEIGHT="26" WC="0.92" CONTENT="varumärken,"/><SP WIDTH="11" VPOS="520" HPOS="666"/>
							<String ID="string_80" HPOS="677" VPOS="527" WIDTH="46" HEIGHT="14" WC="0.97" CONTENT="som"/><SP WIDTH="11" VPOS="527" HPOS="723"/>
							<String ID="string_81" HPOS="734" VPOS="521" WIDTH="67" HEIGHT="28" WC="0.95" CONTENT="enligt"/><SP WIDTH="12" VPOS="521" HPOS="801"/>
							<String ID="string_82" HPOS="813" VPOS="529" WIDTH="28" HEIGHT="14" WC="0.96" CONTENT="nu"/><SP WIDTH="11" VPOS="529" HPOS="841"/>
							<String ID="string_83" HPOS="852" VPOS="523" WIDTH="101" HEIGHT="26" WC="0.96" CONTENT="gällande"/>
						</TextLine>
						<TextLine ID="line_11" HPOS="199" VPOS="553" WIDTH="291" HEIGHT="27">
							<String ID="string_84" HPOS="199" VPOS="553" WIDTH="173" HEIGHT="27" WC="0.92" CONTENT="lagstadganden"/><SP WIDTH="16" VPOS="553" HPOS="372"/>
							<String ID="string_85" HPOS="388" VPOS="553" WIDTH="6" HEIGHT="20" WC="0.93" CONTENT="i"/><SP WIDTH="16" VPOS="553" HPOS="394"/>
							<String ID="string_86" HPOS="410" VPOS="554" WIDTH="80" HEIGHT="20" WC="0.92" CONTENT="ämnet."/>
						</TextLine>
					</TextBlock>
					<TextBlock ID="block_3" HPOS="201" VPOS="593" WIDTH="752" HEIGHT="61">
						<TextLine ID="line_12" HPOS="268" VPOS="593" WIDTH="685" HEIGHT="25">
							<String ID="string_87" HPOS="268" VPOS="594" WIDTH="9" HEIGHT="20" WC="0.91" CONTENT="I"/><SP WIDTH="24" VPOS="594" HPOS="277"/>
							<String ID="string_88" HPOS="301" VPOS="593" WIDTH="220" HEIGHT="22" WC="0.92" CONTENT="öfverensstämmelse"/><SP WIDTH="23" VPOS="593" HPOS="521"/>
							<String ID="string_89" HPOS="544" VPOS="594" WIDTH="90" HEIGHT="22" WC="0.92" CONTENT="härmed"/><SP WIDTH="23" VPOS="594" HPOS="634"/>
							<String ID="string_90" HPOS="657" VPOS="595" WIDTH="22" HEIGHT="21" WC="0.92" CONTENT="fä"/><SP WIDTH="22" VPOS="595" HPOS="679"/>
							<String ID="string_91" HPOS="701" VPOS="596" WIDTH="122" HEIGHT="22" WC="0.91" CONTENT="Ständerna"/><SP WIDTH="23" VPOS="596" HPOS="823"/>
							<String ID="string_92" HPOS="846" VPOS="598" WIDTH="107" HEIGHT="20" WC="0.90" CONTENT="underdä-"/>
						</TextLine>
						<TextLine ID="line_13" HPOS="201" VPOS="628" WIDTH="171" HEIGHT="26">
							<String ID="string_93" HPOS="201" VPOS="628" WIDTH="57" HEIGHT="26" WC="0.91" CONTENT="nigst"/><SP WIDTH="16" VPOS="628" HPOS="258"/>
							<String ID="string_94" HPOS="274" VPOS="628" WIDTH="98" HEIGHT="21" WC="0.95" CONTENT="anmäla:"/>
						</TextLine>
					</TextBlock>
				</ComposedBlock>
				<ComposedBlock ID="cblock_2" HPOS="334" VPOS="686" WIDTH="620" HEIGHT="95">
					<TextBlock ID="block_4" HPOS="334" VPOS="686" WIDTH="620" HEIGHT="95">
						<TextLine ID="line_14" HPOS="407" VPOS="686" WIDTH="547" HEIGHT="30">
							<String ID="string_95" HPOS="407" VPOS="688" WIDTH="30" HEIGHT="18" WC="0.92" CONTENT="att"/><SP WIDTH="12" VPOS="688" HPOS="437"/>
							<String ID="string_96" HPOS="449" VPOS="686" WIDTH="120" HEIGHT="21" WC="0.76" CONTENT="Ständerna"/><SP WIDTH="16" VPOS="686" HPOS="569"/>
							<String ID="string_97" HPOS="585" VPOS="687" WIDTH="43" HEIGHT="20" WC="0.96" CONTENT="icke"/><SP WIDTH="9" VPOS="687" HPOS="628"/>
							<String ID="string_98" HPOS="637" VPOS="688" WIDTH="93" HEIGHT="26" WC="0.74" CONTENT="godkänt"/><SP WIDTH="11" VPOS="688" HPOS="730"/>
							<String ID="string_99" HPOS="741" VPOS="688" WIDTH="33" HEIGHT="20" WC="0.84" CONTENT="det"/><SP WIDTH="7" VPOS="688" HPOS="774"/>
							<String ID="string_100" HPOS="781" VPOS="688" WIDTH="117" HEIGHT="27" WC="0.59" CONTENT="förelagda"/><SP WIDTH="12" VPOS="688" HPOS="898"/>
							<String ID="string_101" HPOS="910" VPOS="689" WIDTH="44" HEIGHT="27" WC="0.92" CONTENT="lag-"/>
						</TextLine>
						<TextLine ID="line_15" HPOS="334" VPOS="720" WIDTH="619" HEIGHT="29">
							<String ID="string_102" HPOS="334" VPOS="720" WIDTH="107" HEIGHT="27" WC="0.81" CONTENT="förslaget"/><SP WIDTH="15" VPOS="720" HPOS="441"/>
							<String ID="string_103" HPOS="456" VPOS="720" WIDTH="149" HEIGHT="27" WC="0.88" CONTENT="oförändradt,"/><SP WIDTH="18" VPOS="720" HPOS="605"/>
							<String ID="string_104" HPOS="623" VPOS="724" WIDTH="51" HEIGHT="18" WC="0.96" CONTENT="utan"/><SP WIDTH="11" VPOS="724" HPOS="674"/>
							<String ID="string_105" HPOS="685" VPOS="722" WIDTH="42" HEIGHT="27" WC="0.96" CONTENT="för"/><SP WIDTH="14" VPOS="722" HPOS="727"/>
							<String ID="string_106" HPOS="741" VPOS="722" WIDTH="35" HEIGHT="20" WC="0.96" CONTENT="sin"/><SP WIDTH="15" VPOS="722" HPOS="776"/>
							<String ID="string_107" HPOS="791" VPOS="722" WIDTH="34" HEIGHT="21" WC="0.87" CONTENT="del"/><SP WIDTH="10" VPOS="722" HPOS="825"/>
							<String ID="string_108" HPOS="835" VPOS="722" WIDTH="83" HEIGHT="27" WC="0.96" CONTENT="antagit"/><SP WIDTH="11" VPOS="722" HPOS="918"/>
							<String ID="string_109" HPOS="929" VPOS="730" WIDTH="24" HEIGHT="13" WC="0.96" CONTENT="en"/>
						</TextLine>
						<TextLine ID="line_16" HPOS="339" VPOS="754" WIDTH="130" HEIGHT="27">
							<String ID="string_110" HPOS="339" VPOS="755" WIDTH="23" HEIGHT="19" WC="0.91" CONTENT="sä"/><SP WIDTH="16" VPOS="755" HPOS="362"/>
							<String ID="string_111" HPOS="378" VPOS="754" WIDTH="91" HEIGHT="27" WC="0.89" CONTENT="lydande"/>
						</TextLine>
					</TextBlock>
				</ComposedBlock>
				<ComposedBlock ID="cblock_3" HPOS="395" VPOS="828" WIDTH="488" HEIGHT="30">
					<TextBlock ID="block_5" HPOS="395" VPOS="828" WIDTH="488" HEIGHT="30">
						<TextLine ID="line_17" HPOS="395" VPOS="828" WIDTH="488" HEIGHT="30">
							<String ID="string_112" HPOS="395" VPOS="828" WIDTH="134" HEIGHT="30" WC="0.91" CONTENT="Förordning"/><SP WIDTH="15" VPOS="828" HPOS="529"/>
							<String ID="string_113" HPOS="544" VPOS="836" WIDTH="33" HEIGHT="16" WC="0.93" CONTENT="om"/><SP WIDTH="16" VPOS="836" HPOS="577"/>
							<String ID="string_114" HPOS="593" VPOS="829" WIDTH="72" HEIGHT="29" WC="0.92" CONTENT="skydä"/><SP WIDTH="16" VPOS="829" HPOS="665"/>
							<String ID="string_115" HPOS="681" VPOS="830" WIDTH="32" HEIGHT="23" WC="0.93" CONTENT="för"/><SP WIDTH="16" VPOS="830" HPOS="713"/>
							<String ID="string_116" HPOS="729" VPOS="830" WIDTH="154" HEIGHT="24" WC="0.91" CONTENT="varumärken."/>
						</TextLine>
					</TextBlock>
				</ComposedBlock>
				<ComposedBlock ID="cblock_4" HPOS="334" VPOS="889" WIDTH="623" HEIGHT="382">
					<TextBlock ID="block_6" HPOS="621" VPOS="889" WIDTH="50" HEIGHT="26">
						<TextLine ID="line_18" HPOS="621" VPOS="889" WIDTH="50" HEIGHT="26">
							<String ID="string_117" HPOS="621" VPOS="889" WIDTH="16" HEIGHT="26" WC="0.93" CONTENT="$"/><SP WIDTH="15" VPOS="889" HPOS="637"/>
							<String ID="string_118" HPOS="652" VPOS="889" WIDTH="19" HEIGHT="19" WC="0.17" CONTENT="1"/>
						</TextLine>
					</TextBlock>
					<TextBlock ID="block_7" HPOS="334" VPOS="933" WIDTH="623" HEIGHT="269">
						<TextLine ID="line_19" HPOS="406" VPOS="933" WIDTH="547" HEIGHT="28">
							<String ID="string_119" HPOS="406" VPOS="933" WIDTH="67" HEIGHT="26" WC="0.58" CONTENT="Hvar,"/><SP WIDTH="16" VPOS="933" HPOS="473"/>
							<String ID="string_120" HPOS="489" VPOS="941" WIDTH="42" HEIGHT="13" WC="0.92" CONTENT="som"/><SP WIDTH="17" VPOS="941" HPOS="531"/>
							<String ID="string_121" HPOS="548" VPOS="934" WIDTH="6" HEIGHT="20" WC="0.92" CONTENT="i"/><SP WIDTH="18" VPOS="934" HPOS="554"/>
							<String ID="string_122" HPOS="572" VPOS="933" WIDTH="95" HEIGHT="21" WC="0.96" CONTENT="Finland"/><SP WIDTH="22" VPOS="933" HPOS="667"/>
							<String ID="string_123" HPOS="689" VPOS="934" WIDTH="109" HEIGHT="20" WC="0.93" CONTENT="tillverkar"/><SP WIDTH="23" VPOS="934" HPOS="798"/>
							<String ID="string_124" HPOS="821" VPOS="934" WIDTH="50" HEIGHT="21" WC="0.85" CONTENT="eller"/><SP WIDTH="14" VPOS="934" HPOS="871"/>
							<String ID="string_125" HPOS="885" VPOS="935" WIDTH="68" HEIGHT="26" WC="0.96" CONTENT="säljer"/>
						</TextLine>
						<TextLine ID="line_20" HPOS="339" VPOS="967" WIDTH="615" HEIGHT="28">
							<String ID="string_126" HPOS="339" VPOS="974" WIDTH="67" HEIGHT="19" WC="0.48" CONTENT="caror,"/><SP WIDTH="16" VPOS="974" HPOS="406"/>
							<String ID="string_127" HPOS="422" VPOS="970" WIDTH="26" HEIGHT="18" WC="0.94" CONTENT="är"/><SP WIDTH="15" VPOS="970" HPOS="448"/>
							<String ID="string_128" HPOS="463" VPOS="967" WIDTH="117" HEIGHT="27" WC="0.94" CONTENT="berättigad"/><SP WIDTH="15" VPOS="967" HPOS="580"/>
							<String ID="string_129" HPOS="595" VPOS="970" WIDTH="31" HEIGHT="18" WC="0.94" CONTENT="att"/><SP WIDTH="14" VPOS="970" HPOS="626"/>
							<String ID="string_130" HPOS="640" VPOS="975" WIDTH="73" HEIGHT="19" WC="0.95" CONTENT="genom"/><SP WIDTH="24" VPOS="975" HPOS="713"/>
							<String ID="string_131" HPOS="737" VPOS="968" WIDTH="142" HEIGHT="27" WC="0.91" CONTENT="registrering,"/><SP WIDTH="18" VPOS="968" HPOS="879"/>
							<String ID="string_132" HPOS="897" VPOS="968" WIDTH="8" HEIGHT="20" WC="0.91" CONTENT="i"/><SP WIDTH="15" VPOS="968" HPOS="905"/>
							<String ID="string_133" HPOS="920" VPOS="975" WIDTH="34" HEIGHT="13" WC="0.91" CONTENT="en-"/>
						</TextLine>
						<TextLine ID="line_21" HPOS="338" VPOS="1001" WIDTH="615" HEIGHT="28">
							<String ID="string_134" HPOS="338" VPOS="1001" WIDTH="63" HEIGHT="28" WC="0.94" CONTENT="lighet"/><SP WIDTH="18" VPOS="1001" HPOS="401"/>
							<String ID="string_135" HPOS="419" VPOS="1002" WIDTH="44" HEIGHT="20" WC="0.96" CONTENT="med"/><SP WIDTH="20" VPOS="1002" HPOS="463"/>
							<String ID="string_136" HPOS="483" VPOS="1002" WIDTH="55" HEIGHT="21" WC="0.92" CONTENT="hvad"/><SP WIDTH="15" VPOS="1002" HPOS="538"/>
							<String ID="string_137" HPOS="553" VPOS="1002" WIDTH="40" HEIGHT="20" WC="0.95" CONTENT="här"/><SP WIDTH="16" VPOS="1002" HPOS="593"/>
							<String ID="string_138" HPOS="609" VPOS="1002" WIDTH="69" HEIGHT="21" WC="0.95" CONTENT="nedan"/><SP WIDTH="16" VPOS="1002" HPOS="678"/>
							<String ID="string_139" HPOS="694" VPOS="1002" WIDTH="125" HEIGHT="26" WC="0.92" CONTENT="bestämmes,"/><SP WIDTH="14" VPOS="1002" HPOS="819"/>
							<String ID="string_140" HPOS="833" VPOS="1002" WIDTH="120" HEIGHT="27" WC="0.91" CONTENT="förvärfva"/>
						</TextLine>
						<TextLine ID="line_22" HPOS="340" VPOS="1036" WIDTH="615" HEIGHT="27">
							<String ID="string_141" HPOS="340" VPOS="1036" WIDTH="129" HEIGHT="21" WC="0.96" CONTENT="uteslutande"/><SP WIDTH="16" VPOS="1036" HPOS="469"/>
							<String ID="string_142" HPOS="485" VPOS="1038" WIDTH="41" HEIGHT="19" WC="0.92" CONTENT="rätt"/><SP WIDTH="15" VPOS="1038" HPOS="526"/>
							<String ID="string_143" HPOS="541" VPOS="1039" WIDTH="31" HEIGHT="18" WC="0.96" CONTENT="att"/><SP WIDTH="15" VPOS="1039" HPOS="572"/>
							<String ID="string_144" HPOS="587" VPOS="1036" WIDTH="94" HEIGHT="27" WC="0.96" CONTENT="begagna"/><SP WIDTH="16" VPOS="1036" HPOS="681"/>
							<String ID="string_145" HPOS="697" VPOS="1036" WIDTH="102" HEIGHT="21" WC="0.91" CONTENT="särskildt"/><SP WIDTH="25" VPOS="1036" HPOS="799"/>
							<String ID="string_146" HPOS="824" VPOS="1036" WIDTH="131" HEIGHT="26" WC="0.90" CONTENT="varumärke,"/>
						</TextLine>
						<TextLine ID="line_23" HPOS="334" VPOS="1071" WIDTH="623" HEIGHT="26">
							<String ID="string_147" HPOS="334" VPOS="1071" WIDTH="20" HEIGHT="26" WC="0.96" CONTENT="för"/><SP WIDTH="36" VPOS="1071" HPOS="354"/>
							<String ID="string_148" HPOS="390" VPOS="1073" WIDTH="30" HEIGHT="18" WC="0.95" CONTENT="att"/><SP WIDTH="17" VPOS="1073" HPOS="420"/>
							<String ID="string_149" HPOS="437" VPOS="1071" WIDTH="6" HEIGHT="20" WC="0.94" CONTENT="i"/><SP WIDTH="15" VPOS="1071" HPOS="443"/>
							<String ID="string_150" HPOS="458" VPOS="1071" WIDTH="40" HEIGHT="20" WC="0.95" CONTENT="den"/><SP WIDTH="15" VPOS="1071" HPOS="498"/>
							<String ID="string_151" HPOS="513" VPOS="1071" WIDTH="110" HEIGHT="20" WC="0.94" CONTENT="allmänna"/><SP WIDTH="15" VPOS="1071" HPOS="623"/>
							<String ID="string_152" HPOS="638" VPOS="1071" WIDTH="93" HEIGHT="20" WC="0.96" CONTENT="handeln"/><SP WIDTH="15" VPOS="1071" HPOS="731"/>
							<String ID="string_153" HPOS="746" VPOS="1071" WIDTH="67" HEIGHT="26" WC="0.96" CONTENT="skilja"/><SP WIDTH="15" VPOS="1071" HPOS="813"/>
							<String ID="string_154" HPOS="828" VPOS="1071" WIDTH="50" HEIGHT="20" WC="0.96" CONTENT="sina"/><SP WIDTH="15" VPOS="1071" HPOS="878"/>
							<String ID="string_155" HPOS="893" VPOS="1077" WIDTH="64" HEIGHT="14" WC="0.95" CONTENT="varor"/>
						</TextLine>
						<TextLine ID="line_24" HPOS="334" VPOS="1105" WIDTH="619" HEIGHT="28">
							<String ID="string_156" HPOS="334" VPOS="1106" WIDTH="58" HEIGHT="27" WC="0.94" CONTENT="från"/><SP WIDTH="15" VPOS="1106" HPOS="392"/>
							<String ID="string_157" HPOS="407" VPOS="1105" WIDTH="86" HEIGHT="20" WC="0.95" CONTENT="andras."/><SP WIDTH="32" VPOS="1105" HPOS="493"/>
							<String ID="string_158" HPOS="525" VPOS="1105" WIDTH="75" HEIGHT="21" WC="0.92" CONTENT="Sådan"/><SP WIDTH="16" VPOS="1105" HPOS="600"/>
							<String ID="string_159" HPOS="616" VPOS="1107" WIDTH="42" HEIGHT="18" WC="0.95" CONTENT="rätt"/><SP WIDTH="15" VPOS="1107" HPOS="658"/>
							<String ID="string_160" HPOS="673" VPOS="1105" WIDTH="56" HEIGHT="21" WC="0.96" CONTENT="skall"/><SP WIDTH="16" VPOS="1105" HPOS="729"/>
							<String ID="string_161" HPOS="745" VPOS="1105" WIDTH="91" HEIGHT="28" WC="0.96" CONTENT="omfatta"/><SP WIDTH="15" VPOS="1105" HPOS="836"/>
							<String ID="string_162" HPOS="851" VPOS="1105" WIDTH="45" HEIGHT="21" WC="0.96" CONTENT="alla"/><SP WIDTH="11" VPOS="1105" HPOS="896"/>
							<String ID="string_163" HPOS="907" VPOS="1105" WIDTH="46" HEIGHT="27" WC="0.96" CONTENT="slag"/>
						</TextLine>
						<TextLine ID="line_25" HPOS="339" VPOS="1139" WIDTH="618" HEIGHT="29">
							<String ID="string_164" HPOS="339" VPOS="1141" WIDTH="30" HEIGHT="27" WC="0.94" CONTENT="af"/><SP WIDTH="13" VPOS="1141" HPOS="369"/>
							<String ID="string_165" HPOS="382" VPOS="1147" WIDTH="67" HEIGHT="19" WC="0.95" CONTENT="varor,"/><SP WIDTH="16" VPOS="1147" HPOS="449"/>
							<String ID="string_166" HPOS="465" VPOS="1140" WIDTH="36" HEIGHT="21" WC="0.95" CONTENT="der"/><SP WIDTH="15" VPOS="1140" HPOS="501"/>
							<String ID="string_167" HPOS="516" VPOS="1140" WIDTH="40" HEIGHT="21" WC="0.95" CONTENT="den"/><SP WIDTH="15" VPOS="1140" HPOS="556"/>
							<String ID="string_168" HPOS="571" VPOS="1141" WIDTH="20" HEIGHT="26" WC="0.95" CONTENT="ej"/><SP WIDTH="16" VPOS="1141" HPOS="591"/>
							<String ID="string_169" HPOS="607" VPOS="1140" WIDTH="72" HEIGHT="28" WC="0.95" CONTENT="blifvit"/><SP WIDTH="14" VPOS="1140" HPOS="679"/>
							<String ID="string_170" HPOS="693" VPOS="1140" WIDTH="35" HEIGHT="20" WC="0.96" CONTENT="vid"/><SP WIDTH="15" VPOS="1140" HPOS="728"/>
							<String ID="string_171" HPOS="743" VPOS="1139" WIDTH="166" HEIGHT="28" WC="0.96" CONTENT="registreringen"/><SP WIDTH="14" VPOS="1139" HPOS="909"/>
							<String ID="string_172" HPOS="923" VPOS="1139" WIDTH="34" HEIGHT="21" WC="0.96" CONTENT="till"/>
						</TextLine>
						<TextLine ID="line_26" HPOS="340" VPOS="1175" WIDTH="304" HEIGHT="27">
							<String ID="string_173" HPOS="340" VPOS="1175" WIDTH="54" HEIGHT="21" WC="0.92" CONTENT="vissa"/><SP WIDTH="17" VPOS="1175" HPOS="394"/>
							<String ID="string_174" HPOS="411" VPOS="1176" WIDTH="98" HEIGHT="26" WC="0.91" CONTENT="varuslag"/><SP WIDTH="18" VPOS="1176" HPOS="509"/>
							<String ID="string_175" HPOS="527" VPOS="1175" WIDTH="117" HEIGHT="20" WC="0.92" CONTENT="inskränkt."/>
						</TextLine>
					</TextBlock>
					<TextBlock ID="block_8" HPOS="339" VPOS="1208" WIDTH="615" HEIGHT="63">
						<TextLine ID="line_27" HPOS="411" VPOS="1208" WIDTH="543" HEIGHT="28">
							<String ID="string_176" HPOS="411" VPOS="1209" WIDTH="132" HEIGHT="21" WC="0.67" CONTENT="Varumärke"/><SP WIDTH="22" VPOS="1209" HPOS="543"/>
							<String ID="string_177" HPOS="565" VPOS="1209" WIDTH="116" HEIGHT="26" WC="0.93" CONTENT="anbringas"/><SP WIDTH="16" VPOS="1209" HPOS="681"/>
							<String ID="string_178" HPOS="697" VPOS="1210" WIDTH="12" HEIGHT="19" WC="0.71" CONTENT="å"/><SP WIDTH="16" VPOS="1210" HPOS="709"/>
							<String ID="string_179" HPOS="725" VPOS="1208" WIDTH="81" HEIGHT="28" WC="0.92" CONTENT="sjelfva"/><SP WIDTH="15" VPOS="1208" HPOS="806"/>
							<String ID="string_180" HPOS="821" VPOS="1215" WIDTH="68" HEIGHT="13" WC="0.96" CONTENT="varan"/><SP WIDTH="16" VPOS="1215" HPOS="889"/>
							<String ID="string_181" HPOS="905" VPOS="1208" WIDTH="49" HEIGHT="20" WC="0.96" CONTENT="eller"/>
						</TextLine>
						<TextLine ID="line_28" HPOS="339" VPOS="1243" WIDTH="497" HEIGHT="28">
							<String ID="string_182" HPOS="339" VPOS="1244" WIDTH="13" HEIGHT="20" WC="0.89" CONTENT="å"/><SP WIDTH="16" VPOS="1244" HPOS="352"/>
							<String ID="string_183" HPOS="368" VPOS="1244" WIDTH="48" HEIGHT="20" WC="0.94" CONTENT="kärl"/><SP WIDTH="15" VPOS="1244" HPOS="416"/>
							<String ID="string_184" HPOS="431" VPOS="1244" WIDTH="49" HEIGHT="20" WC="0.95" CONTENT="eller"/><SP WIDTH="14" VPOS="1244" HPOS="480"/>
							<String ID="string_185" HPOS="494" VPOS="1244" WIDTH="86" HEIGHT="27" WC="0.93" CONTENT="omslag,"/><SP WIDTH="16" VPOS="1244" HPOS="580"/>
							<String ID="string_186" HPOS="596" VPOS="1243" WIDTH="61" HEIGHT="21" WC="0.82" CONTENT="hvari"/><SP WIDTH="16" VPOS="1243" HPOS="657"/>
							<String ID="string_187" HPOS="673" VPOS="1243" WIDTH="39" HEIGHT="21" WC="0.93" CONTENT="den"/><SP WIDTH="12" VPOS="1243" HPOS="712"/>
							<String ID="string_188" HPOS="724" VPOS="1243" WIDTH="112" HEIGHT="27" WC="0.96" CONTENT="förvaras."/>
						</TextLine>
					</TextBlock>
				</ComposedBlock>
				<Illustration ID="cblock_5" HPOS="879" VPOS="991" WIDTH="5" HEIGHT="4"></Illustration>
				<Illustration ID="cblock_6" HPOS="895" VPOS="998" WIDTH="2" HEIGHT="25"></Illustration>
				<Illustration ID="cblock_7" HPOS="339" VPOS="1057" WIDTH="41" HEIGHT="35"></Illustration>
				<ComposedBlock ID="cblock_8" HPOS="336" VPOS="1307" WIDTH="623" HEIGHT="175">
					<TextBlock ID="block_9" HPOS="336" VPOS="1307" WIDTH="623" HEIGHT="175">
						<TextLine ID="line_29" HPOS="621" VPOS="1307" WIDTH="49" HEIGHT="26">
							<String ID="string_189" HPOS="621" VPOS="1307" WIDTH="15" HEIGHT="26" WC="0.92" CONTENT="$"/><SP WIDTH="14" VPOS="1307" HPOS="636"/>
							<String ID="string_190" HPOS="650" VPOS="1307" WIDTH="20" HEIGHT="20" WC="0.87" CONTENT="2"/>
						</TextLine>
						<TextLine ID="line_30" HPOS="411" VPOS="1350" WIDTH="548" HEIGHT="29">
							<String ID="string_191" HPOS="411" VPOS="1352" WIDTH="230" HEIGHT="27" WC="0.80" CONTENT="Varumärkesregister"/><SP WIDTH="12" VPOS="1352" HPOS="641"/>
							<String ID="string_192" HPOS="653" VPOS="1352" WIDTH="63" HEIGHT="27" WC="0.92" CONTENT="föres"/><SP WIDTH="20" VPOS="1352" HPOS="716"/>
							<String ID="string_193" HPOS="736" VPOS="1352" WIDTH="30" HEIGHT="26" WC="0.90" CONTENT="af"/><SP WIDTH="17" VPOS="1352" HPOS="766"/>
							<String ID="string_194" HPOS="783" VPOS="1350" WIDTH="176" HEIGHT="28" WC="0.90" CONTENT="Industristyrel-"/>
						</TextLine>
						<TextLine ID="line_31" HPOS="339" VPOS="1384" WIDTH="619" HEIGHT="28">
							<String ID="string_195" HPOS="339" VPOS="1393" WIDTH="42" HEIGHT="19" WC="0.95" CONTENT="sen,"/><SP WIDTH="16" VPOS="1393" HPOS="381"/>
							<String ID="string_196" HPOS="397" VPOS="1393" WIDTH="43" HEIGHT="13" WC="0.96" CONTENT="som"/><SP WIDTH="22" VPOS="1393" HPOS="440"/>
							<String ID="string_197" HPOS="462" VPOS="1386" WIDTH="55" HEIGHT="20" WC="0.95" CONTENT="skall"/><SP WIDTH="16" VPOS="1386" HPOS="517"/>
							<String ID="string_198" HPOS="533" VPOS="1386" WIDTH="6" HEIGHT="20" WC="0.96" CONTENT="i"/><SP WIDTH="16" VPOS="1386" HPOS="539"/>
							<String ID="string_199" HPOS="555" VPOS="1386" WIDTH="81" HEIGHT="20" WC="0.93" CONTENT="landets"/><SP WIDTH="23" VPOS="1386" HPOS="636"/>
							<String ID="string_200" HPOS="659" VPOS="1385" WIDTH="94" HEIGHT="27" WC="0.92" CONTENT="officiela"/><SP WIDTH="24" VPOS="1385" HPOS="753"/>
							<String ID="string_201" HPOS="777" VPOS="1385" WIDTH="112" HEIGHT="27" WC="0.96" CONTENT="tidningar"/><SP WIDTH="22" VPOS="1385" HPOS="889"/>
							<String ID="string_202" HPOS="911" VPOS="1384" WIDTH="47" HEIGHT="20" WC="0.95" CONTENT="låta"/>
						</TextLine>
						<TextLine ID="line_32" HPOS="341" VPOS="1418" WIDTH="616" HEIGHT="29">
							<String ID="string_203" HPOS="341" VPOS="1421" WIDTH="50" HEIGHT="26" WC="0.92" CONTENT="ingå"/><SP WIDTH="14" VPOS="1421" HPOS="391"/>
							<String ID="string_204" HPOS="405" VPOS="1420" WIDTH="124" HEIGHT="27" WC="0.91" CONTENT="afbildning"/><SP WIDTH="16" VPOS="1420" HPOS="529"/>
							<String ID="string_205" HPOS="545" VPOS="1420" WIDTH="30" HEIGHT="27" WC="0.95" CONTENT="af"/><SP WIDTH="15" VPOS="1420" HPOS="575"/>
							<String ID="string_206" HPOS="590" VPOS="1420" WIDTH="33" HEIGHT="20" WC="0.92" CONTENT="det"/><SP WIDTH="16" VPOS="1420" HPOS="623"/>
							<String ID="string_207" HPOS="639" VPOS="1419" WIDTH="163" HEIGHT="28" WC="0.90" CONTENT="inregistrerade"/><SP WIDTH="19" VPOS="1419" HPOS="802"/>
							<String ID="string_208" HPOS="821" VPOS="1418" WIDTH="136" HEIGHT="22" WC="0.91" CONTENT="varumärket"/>
						</TextLine>
						<TextLine ID="line_33" HPOS="336" VPOS="1455" WIDTH="432" HEIGHT="27">
							<String ID="string_209" HPOS="336" VPOS="1456" WIDTH="65" HEIGHT="26" WC="0.74" CONTENT="jemte"/><SP WIDTH="14" VPOS="1456" HPOS="401"/>
							<String ID="string_210" HPOS="415" VPOS="1455" WIDTH="121" HEIGHT="26" WC="0.95" CONTENT="kungörelse"/><SP WIDTH="15" VPOS="1455" HPOS="536"/>
							<String ID="string_211" HPOS="551" VPOS="1461" WIDTH="32" HEIGHT="14" WC="0.96" CONTENT="om"/><SP WIDTH="16" VPOS="1461" HPOS="583"/>
							<String ID="string_212" HPOS="599" VPOS="1455" WIDTH="169" HEIGHT="26" WC="0.95" CONTENT="registreringen."/>
						</TextLine>
					</TextBlock>
				</ComposedBlock>
			</PrintSpace>
		</Page>
	</Layout>
</alto>
