1056 1725
330 117 20 21 U.
367 116 20 22 B.
403 129 27 2 —
446 116 58 27 Prop.
521 116 35 22 N:o
571 116 37 22 36.
795 117 24 21 11

93 178 145 29 utvidgande
256 178 26 21 af
296 180 32 19 ett
345 178 138 28 förefintliot
497 178 211 29 jernvägsföretag,
720 178 85 22 ändrat
815 181 36 19 ut-

92 213 94 28 trycket
202 212 136 26 ,tillärnadt
355 212 149 29 aktiebolag'
521 213 38 21 till
570 212 172 28 ,aktiebolag'.

159 248 35 20 Pä
216 249 48 19 sätt
278 246 102 29 tidigare
399 247 140 28 uppgifvits,
556 247 88 28 ansägo
661 248 54 20 1872
731 247 37 21 ärs
784 247 67 22 Stän-

92 282 40 21 der
147 289 29 14 en
192 281 131 28 uttrycklig
339 281 150 29 bestämning
503 281 140 28 erforderlig
653 281 9 21 i
673 281 61 28 syfte
746 283 35 20 att
791 281 60 22 före-

92 316 85 29 bygga,
193 316 41 21 det
248 316 78 28 nägon
342 317 89 20 statens
448 315 73 29 högre
535 316 144 21 embetsman
689 315 62 28 finge
763 315 88 22 erhälla

92 350 57 21 eller
164 350 126 21 innehatva
306 350 140 21 koncession
457 351 14 20 ä
478 350 268 29 jernvägsanläggning,
757 350 94 28 deltaga

92 385 9 22 i
114 384 190 29 jernvägsbolag,
320 391 57 14 vara
392 384 99 21 medlem
506 385 8 20 i
530 384 119 22 direktion
665 384 57 21 eller
736 385 69 28 ätaga
815 384 36 28 sig

92 419 145 28 ombudskap
253 419 37 21 för
304 419 200 22 koncessionärer.
534 419 133 21 Föreskrift
687 419 80 21 härom
783 419 68 28 ingär

92 453 71 22 äfven
178 453 36 21 uti
230 453 165 21 förutnämnda
409 453 198 28 motionsförslag.
638 453 93 28 Nödiga
741 453 109 28 stadgan-

92 487 46 22 den
152 488 8 21 i
176 488 65 21 detta
258 487 108 22 afseende
381 487 42 21 har
437 487 125 22 Utskottet
572 487 95 28 inryckt
678 487 7 21 i
697 489 34 19 ett
739 487 111 22 särskildt

91 529 69 15 mom.
174 521 74 22 under
264 523 12 25 $
292 524 20 19 2.

160 556 36 22 Dä
218 556 96 28 uppgift
336 563 37 14 om
393 556 46 22 den
464 563 94 21 person-
583 555 44 23 och
648 555 135 29 godstrafik,
799 561 50 16 som

92 591 36 21 för
142 590 112 22 tillernad
268 590 100 28 jernväg
383 594 25 18 är
423 592 34 20 att
473 591 112 28 päräkna,
602 590 118 29 sjelffallet
735 590 52 22 icke
803 590 47 21 kan

92 632 57 14 vara
164 625 76 24 exakt,
256 625 40 21 har
312 624 66 22 ordet
393 625 156 28 .,utredning'*
566 625 8 21 i
590 626 13 26 $
619 626 13 21 3
651 627 66 25 synts
730 625 120 22 Utskottet

94 659 90 22 mindre
199 659 109 29 lämpligt
323 659 44 21 och
383 659 128 21 uteslutits.

160 694 186 21 Vidkommande
358 694 12 26 $
382 694 13 21 4
406 693 42 21 har
463 694 64 20 inom
543 694 124 21 Utskottet
677 694 120 21 anmärkts
806 696 41 21 att,

94 732 55 18 enär
171 729 133 27 grunderna
320 728 36 21 för
382 728 160 28 Regeringens
562 728 172 28 pröfningsrätt
749 728 51 21 med
815 728 35 20 af-

93 762 85 22 seende
190 763 14 21 ä
214 762 131 28 ansökning
356 769 36 15 om
403 762 108 21 tillständ
525 762 38 21 till
576 762 207 28 jernvägsföretag
798 762 51 21 icke

91 804 55 14 vore
167 796 104 29 angifna,
287 796 137 29 paragrafen
440 797 8 20 i
464 796 52 22 dess
531 797 136 21 nuvarande
683 796 88 28 lydelse
788 796 61 22 med-

92 831 70 28 gäfve
177 830 154 30 möjligheten
346 831 26 21 af
386 831 51 21 dess
453 831 154 29 tillämpning
623 831 94 26 derhän,
733 833 34 19 att
783 830 67 28 dylik

92 865 264 29 anläggningsansökan
377 865 62 28 finge
463 866 71 21 afsläs
555 866 31 29 pä
609 866 40 21 det
667 865 59 22 enda
742 865 57 22 skäl
815 868 35 18 att

92 900 146 21 konkurrens
254 900 52 21 med
321 900 71 21 redan
408 900 8 21 i
431 901 62 20 bruk
515 901 102 21 varande
631 901 99 28 jernväg
744 907 55 14 vore
815 902 35 19 att

91 934 88 26 befara,
194 935 82 21 medan
288 934 60 22 dock
366 934 119 29 sjelffallet
503 935 39 21 det
553 935 121 21 fiskaliska
685 935 102 24 intresse,
800 941 49 14 som

94 969 120 28 Styrelsen
230 969 47 21 kan
292 969 70 21 hafva
374 969 26 21 af
413 971 34 19 att
458 977 30 13 en
499 969 73 21 sädan
583 969 146 21 konkurrens
741 969 108 27 förebyg-

92 1011 47 20 ges,
154 1004 73 21 mäste
243 1003 67 22 träda
325 1003 99 22 tillbaka
440 1003 37 22 för
486 1003 124 28 hänsynen
619 1003 37 21 till
665 1003 43 22 den
716 1006 75 25 nytta,
801 1010 49 14 som

93 1045 33 21 ny
134 1038 114 28 jernbana
258 1038 8 21 i
277 1038 127 21 allmänhet
415 1038 96 21 medför.
543 1038 64 21 Enär
616 1038 73 21 likväl
700 1037 150 28 Regeringen

93 1072 9 21 i
116 1073 104 21 motiven
243 1072 37 21 till
295 1072 270 29 författningsförslaget
588 1072 160 28 uttryckligen
764 1071 86 21 uttalat

92 1106 37 29 sig
144 1109 48 18 mot
208 1114 28 13 en
253 1107 72 21 sädan
340 1107 115 28 tolkning,
473 1107 43 21 har
531 1107 124 21 Utskottet
670 1108 76 19 ansett
761 1113 30 14 en
803 1113 46 14 om-

91 1141 136 28 redigering
250 1141 26 21 af
296 1141 140 29 paragrafen
457 1141 37 21 för
511 1143 35 19 att
561 1148 84 21 genom
665 1140 130 28 uttrycklig
811 1140 38 22 be-

92 1176 118 27 stämning
228 1176 50 21 deri
293 1176 143 21 förekomma
459 1176 68 27 dylik
542 1175 159 28 misstydning
725 1175 52 21 icke
793 1182 56 14 vara

94 1210 143 28 erforderlig.
254 1223 25 3 —
297 1210 69 22 Hvad
387 1210 110 21 beträffar
521 1210 46 21 den
587 1210 8 21 i
615 1210 151 21 förevarande
781 1216 68 22 para-

93 1244 55 28 graf
162 1244 265 28 ingåendebestämning
442 1251 38 15 om
492 1244 110 21 säkerhet
613 1244 37 21 för
662 1244 188 28 jernvägsbygg-

90 1278 88 22 nadens
188 1278 112 30 behöriga
309 1279 43 21 och
359 1279 134 29 ofördröjda
505 1278 132 28 utförande,
645 1278 43 22 och
694 1279 37 21 må
739 1278 109 28 påpekas,

90 1313 111 21 hurusom
217 1314 75 22 denna
308 1314 149 28 bestämning
472 1314 149 28 väsentligen
633 1313 91 22 afviker
732 1314 51 20 från
791 1316 58 18 mot-

91 1348 114 21 svarande
222 1349 127 28 stadgande
365 1349 8 21 i
388 1348 170 28 förordningen
574 1348 45 22 den
634 1350 13 20 3
663 1348 112 22 Februari
795 1349 54 21 1876

91 1382 45 22 och
150 1382 114 22 likaledes
272 1384 52 21 från
334 1383 225 28 motionsförslaget,
568 1383 8 21 i
585 1383 40 21 det
633 1382 65 22 dessa
707 1382 142 22 föreskrifva

160 1435 134 24 Lagutskottets
306 1436 109 18 betänkande
427 1435 36 18 N:o
476 1436 29 17 12.

896 557 13 25 $
919 556 25 26 3.

896 694 12 26 8
924 693 21 21 4.
