1056 1725
298 132 19 22 U.
333 131 19 23 B.
370 144 24 2 —
412 131 55 28 Prop.
484 131 33 23 N:o
533 130 35 24 34.
761 135 26 19 67

126 194 68 27 Tages
210 193 100 27 slutligen
326 193 112 21 skilnaden
454 194 92 20 emellan
565 194 68 27 begge
655 194 102 24 liniernas
780 203 37 15 an-

57 227 236 28 läggningskostnader,
316 226 100 28 framgår,
441 229 32 19 att
494 228 117 26 jernvägen
636 227 47 22 från
699 230 48 21 73:e
762 231 55 21 kilo-

57 263 83 19 metern
155 262 33 21 till
203 261 178 21 Willmanstrand
396 261 41 21 blir
453 262 115 25 2,824,600
583 262 62 20 mark
663 262 98 29 billigare
784 267 33 19 att

58 296 92 27 anlägga
172 297 27 20 än
219 296 116 27 jernvägen
358 295 47 21 frän
429 301 82 16 samma
534 295 205 28 förgreningspunkt
758 298 60 22 öfver

58 329 86 22 Jääskis
159 330 34 21 till
208 329 94 27 Wiborg.

127 364 34 21 Då
183 370 29 14 nu
234 363 106 21 utskottet
361 363 107 21 beräknat
483 363 34 21 för
531 363 287 28 Wiborg
631 358 14 37 —
653 363 106 28 Jääskis—
770 358 50 37 Sor-

60 398 76 21 davala
158 398 66 21 linien
247 403 26 15 en
296 397 65 27 längd
384 397 23 20 af
423 399 58 24 178,s
496 397 115 22 kilometer
626 399 40 20 och
681 406 26 15 en
730 401 89 27 anlägg-

59 432 156 27 ningskostnad
230 431 24 22 af
270 433 126 24 13,839,000
416 432 69 26 mark,
501 432 96 21 kommer
620 433 64 22 alltsä
705 434 114 22 Willman-

60 461 95 38 strand—
163 461 80 38 Imatra
252 478 12 3 —
275 465 116 22 Sordavala
401 465 67 21 linien
484 467 32 20 att
531 466 58 21 hålla
604 466 8 21 i
623 467 64 28 längd
697 470 56 25 164,8
763 469 56 22 kilo-

60 502 68 20 meter
148 502 56 19 samt
219 499 97 22 erfordra
330 499 8 21 i
354 499 131 28 anläggning
502 502 127 25 11,014,400
645 502 66 26 mark,
728 503 7 20 i
751 503 68 28 begge

61 534 66 21 fallen
141 535 49 20 med
206 533 140 28 inberäkning
362 533 24 21 af
398 533 141 27 hamnspäret
554 534 7 21 i
577 534 123 23 Sordavala.

129 567 108 23 Jemföras
256 567 116 22 sistnämda
394 568 93 21 resultat
509 568 49 21 med
578 569 112 21 enahanda
705 569 34 23 för
753 571 67 22 linien

60 602 152 28 Wiborg—S:t
227 602 253 26 Andreae—Sordavala,
497 602 94 28 framgår
613 605 33 19 att
669 605 150 28 sträckniugen

62 636 47 22 frän
125 636 117 22 Sordavala
258 636 59 21 öfver
331 636 82 21 Imatra
427 636 35 21 till
478 636 178 22 Willmanstrand
671 640 24 19 är
712 641 43 25 11,2
765 640 56 21 kilo-

61 673 68 19 meter
143 671 88 21 kortare
246 670 39 22 och
301 670 108 21 erfordrar
425 671 114 26 1,545,600
554 671 62 21 mark
630 672 83 22 mindre
733 674 88 28 anlägg-

62 705 152 27 ningskapital,
230 706 27 19 än
272 705 41 21 den
328 704 24 21 af
364 704 109 22 utskottet
489 704 114 22 förordade
614 706 151 28 sträckningen
773 708 48 22 från

63 739 119 22 Sordavala
205 738 59 22 öfver
286 738 32 22 S:t
340 738 99 21 Andreae
462 738 35 22 till
512 738 96 28 Wiborg.
638 740 67 28 Tages
719 742 102 26 jemväl
809 734 17 38 i

62 773 142 22 betraktande
220 773 40 21 den
274 772 78 22 bibana
367 772 34 21 till
417 772 89 27 Imatra,
522 773 98 21 hvilkens
635 774 130 29 anläggning
779 776 42 22 blir

62 807 122 27 nödvändig
198 806 37 22 vid
250 806 137 22 stambanans
402 806 89 28 ledning
507 806 59 22 öfver
581 807 32 21 S:t
635 808 106 27 Andreae,
757 810 65 21 fram-

63 842 45 21 stär
124 848 26 15 en
164 840 139 22 merkostnad
318 840 34 22 för
366 840 120 22 utskottets
501 840 81 29 förslag
597 841 24 21 af
634 842 47 22 icke
696 844 83 21 mindre
795 846 27 20 än

64 877 113 26 3,715,600
192 875 68 21 mark.

132 910 51 21 Med
212 909 241 27 —anslutningspunktens
484 909 140 28 förläggande
648 911 32 21 till
710 912 112 22 Willman-

64 944 75 21 strand
153 944 8 21 i
176 944 74 21 stället
265 943 33 21 för
312 943 34 21 till
361 943 91 27 Wiborg
467 945 38 19 äro
521 943 94 22 förutom
640 945 69 21 denna
723 947 100 28 billigare

64 978 150 27 anläggnings-
230 977 40 22 och
285 977 63 21 äfven
363 976 231 29 trafikeringskostnad
609 979 124 28 ytterligare
744 981 79 22 nedan-

64 1013 79 20 nämda
158 1012 94 21 fördelar
266 1011 112 21 förenade:

133 1046 43 21 Vid
192 1045 150 28 sträckningen
358 1045 34 21 till
407 1045 179 22 Willmanstrand
601 1047 96 22 kommer
717 1049 41 21 den
779 1049 45 22 Ka-

64 1080 72 21 relska
159 1080 126 21 stambanan
305 1081 32 20 att
352 1079 77 22 beröra
445 1079 74 22 Saima
535 1080 31 27 sjö
581 1080 56 22 både
651 1081 36 22 vid
702 1083 123 22 Lauritsala

65 1114 40 22 och
120 1114 184 26 Willmanstrand,
319 1113 77 21 medan
412 1113 42 21 den
470 1113 25 21 af
507 1114 107 22 utskottet
629 1115 114 22 förordade
758 1117 66 22 linien

64 1149 48 21 icke
126 1148 40 22 har
180 1148 71 28 någon
266 1147 56 22 enda
335 1147 183 28 beröringspunkt
533 1148 49 21 med
597 1149 123 27 sjötrafiken
736 1151 13 21 å
764 1152 61 22 detta

64 1183 134 21 vidsträckta
212 1182 129 27 vattendrag
356 1182 28 26 på
399 1184 68 19 annat
483 1182 68 27 ställe,
568 1184 27 19 än
610 1184 35 20 vid
662 1184 40 21 den
713 1184 34 22 för
756 1186 69 28 begge

66 1218 62 20 dessa
142 1217 148 27 sträckningar
305 1222 161 21 gemensamma
481 1216 140 27 slutpunkten
635 1218 7 20 i
657 1218 102 22 Joensuu.
785 1220 40 22 Ut-

66 1252 80 21 skottet
169 1251 126 21 förutsätter
316 1250 127 27 visserligen
467 1252 33 20 att
523 1250 31 22 S:t
569 1251 209 24 Andreae—Imatra
793 1255 32 21 bi-

65 1286 71 20 banan
159 1285 6 21 i
190 1284 115 22 framtiden
328 1285 55 21 skall
405 1285 90 21 komma
510 1287 33 19 att
557 1285 77 27 dragas
650 1286 54 22 fram
720 1288 56 20 ända
791 1288 35 22 till

66 1320 104 21 Harakka
184 1319 139 27 lastageplats
338 1318 36 21 vid
390 1318 88 22 Saimen
493 1319 49 20 med
557 1325 26 15 en
599 1320 124 28 ytterligare
738 1322 88 28 anlägg-

65 1353 157 28 ningskostnad
244 1352 24 21 af
288 1352 56 22 circa
367 1358 26 15 en
415 1352 50 21 half
479 1352 83 22 million
577 1354 70 26 mark;
663 1361 48 15 men
726 1355 7 21 i
749 1356 77 22 sådant

66 1388 39 21 fall
120 1387 131 22 framställer
265 1387 77 21 nämde
355 1386 254 28 jernvägskombination
624 1388 36 22 det
675 1391 90 26 säregna
783 1390 44 22 för-

66 1422 116 26 hållandet,
199 1423 33 20 att
246 1421 89 27 Wiborg
350 1420 92 22 medelst
457 1423 79 19 tvenne
559 1422 70 21 skilda
650 1423 115 28 jernvägar
787 1425 40 22 och

67 1463 26 14 en
117 1456 91 21 emellan
232 1455 48 21 dem
302 1455 90 26 belägen
408 1455 67 20 kanal
491 1455 110 22 förbindes
616 1457 49 21 med
679 1459 96 21 närmast
790 1459 37 21 be-

135 1496 188 21 Jernvägsutskottets
336 1495 112 16 betänkande
461 1495 35 16 N:o
509 1496 15 16 1.
