1056 1725
273 121 65 24 Ständ.
354 121 31 23 Sv.
404 134 24 3 —
443 121 55 29 Prop.
514 120 33 24 N:o
562 121 33 24 36.
766 122 25 22 11

201 191 27 18 är
244 190 129 19 tillträdaren
388 189 48 25 sjelf
449 194 60 20 egare
524 190 25 24 af
562 190 95 24 marken,
673 189 35 20 bör
723 191 98 23 guvernö-

202 230 37 14 ren
254 225 42 19 utse
311 224 71 25 halfva
397 224 77 20 antalet
489 224 26 24 af
526 224 222 24 värderingsmännen.

489 309 46 23 88.

271 361 27 25 Ej
312 360 37 21 må
364 360 75 25 åtgärd
455 361 29 19 till
493 360 63 26 jords
570 361 107 20 inlösande
689 361 35 25 för
731 361 91 26 jernväg

201 395 101 26 vidtagas,
321 396 68 19 innan
405 395 96 20 säkerhet
512 395 35 25 för
563 395 24 20 de
601 394 95 26 anspråk
707 395 31 25 på
753 397 69 19 ersätt-

201 430 58 25 ning,
275 435 45 15 som
334 430 63 25 deraf
409 430 73 19 kunna
498 429 97 25 härflyta,
612 429 64 25 blifvit
691 430 4 19 i
701 431 121 24 penningar

202 464 47 20 eller
274 464 24 25 af
321 464 88 19 Senaten
433 464 113 24 godkända
571 463 142 26 värdepapper
735 465 86 20 nedsatt.

203 499 220 19 Säkerhetssummans
437 498 70 25 belopp
522 498 53 20 skall
587 499 48 18 med
645 498 83 25 ledning
739 499 24 25 af
772 499 49 20 kost-

202 533 195 24 nadsberäkningen
412 533 125 20 bestämmas
552 533 34 19 vid
597 532 224 25 anläggningstillstän-

202 567 43 21 dets
259 567 139 21 meddelande.

271 602 136 25 Anläggaren
427 603 26 18 är
471 602 115 24 berättigad
601 603 35 24 att,
651 602 8 19 i
674 602 39 19 den
727 600 52 22 män
793 602 29 20 in-

201 636 109 24 lösningen
332 636 113 25 verkstälts,
469 635 67 26 återfå
559 642 29 14 nu
607 636 96 20 nämnda
719 636 104 24 säkerhet;

203 671 51 19 dock
276 670 35 20 bör
333 676 25 14 en
377 670 66 20 tionde
458 670 32 20 del
504 670 63 25 deraf
578 669 82 21 innestä
674 671 59 19 ännu
749 669 32 21 två
796 669 26 21 år

203 705 49 25 efter
266 705 32 19 del
313 704 71 20 banan
396 705 35 25 för
446 704 142 25 samfärdseln
602 703 97 26 upplåtits
715 704 46 20 eller
770 705 51 24 före-

201 741 56 23 taget
271 740 98 24 nedlagts.

487 796 47 23 $9.

276 848 38 20 Vid
329 848 112 25 beviljande
457 848 26 25 af
495 846 92 22 tillstånd
602 848 29 19 till
639 846 102 27 jernvägs
751 848 70 24 anläg-

202 883 69 24 gande
290 883 50 25 kan,
356 883 36 19 der
407 883 204 24 omständigheterna
625 882 66 20 dertill
704 882 117 25 föranleda,

204 917 130 25 anläggaren
356 917 115 25 medgifvas
493 918 36 24 att,
552 916 68 21 såvidt
641 916 19 26 ej
681 922 84 14 annans
780 917 43 19 rätt

201 951 131 26 förnärmas,
347 953 52 18 utan
414 951 115 25 ersättning
543 950 81 21 erhålla
638 951 81 20 kronan
733 951 89 25 tillhörig

201 986 65 19 mark
282 986 28 19 till
325 991 35 19 ego
376 986 46 20 eller
436 985 108 26 nyttjande
559 984 70 21 såsom
643 985 8 20 i
665 985 13 20 7
693 984 14 24 $
721 986 55 24 sägs.

481 1072 14 22 $
513 1071 32 20 10.

275 1123 38 20 Till
330 1122 188 26 jernvägsområde
540 1121 37 21 må
599 1122 18 25 e
638 1122 97 25 utläggas
749 1127 74 14 annan

202 1158 70 24 mark,
285 1159 30 18 än
329 1158 40 20 den
385 1158 88 20 Senaten
488 1157 67 20 dertill
569 1157 90 25 bestämt,
675 1156 19 26 ej
709 1156 61 20 heller
785 1162 37 14 an-

204 1192 92 20 norledes
311 1193 29 19 än
354 1192 9 20 i
377 1192 39 20 den
428 1192 36 25 för
474 1192 62 25 jords
551 1190 126 26 upplåtande
689 1191 36 25 för
736 1191 89 20 allmänt

204 1226 61 25 behof
276 1226 100 25 stadgade
391 1226 96 25 ordning.

272 1260 64 20 Hvad
358 1260 41 20 här
420 1261 27 19 är
469 1260 67 25 sagdt,
554 1260 54 20 skall
623 1260 103 24 iakttagas
741 1260 60 24 äfven
816 1259 8 19 i

202 1294 66 26 fråga
290 1300 34 15 om
346 1295 129 24 anläggaren
499 1294 49 26 sjelf
567 1294 90 25 tillhörig
679 1294 68 25 mark,
767 1294 8 19 i
794 1294 29 24 af-

204 1330 71 19 seende
290 1328 14 21 d
318 1330 46 20 dess
386 1329 127 25 afskiljande
535 1329 35 19 och
587 1328 123 26 frigörande
727 1327 52 26 från
793 1328 30 20 in-

204 1364 95 24 teckning
314 1364 36 20 och
365 1369 74 15 annan
453 1362 51 21 derä
519 1363 97 20 hvilande
630 1364 47 18 rätt.

277 1398 55 20 Utan
354 1397 92 21 tillstånd
468 1398 26 24 af
515 1398 88 19 Senaten
621 1396 36 21 mä
675 1397 30 19 till
715 1396 108 26 jernvägs-

204 1432 85 21 område
303 1432 74 25 utlagd
391 1432 63 21 mark
469 1432 19 26 ej
503 1431 94 26 derifrän
613 1431 78 26 skiljas.
