1056 1725
327 133 70 22 Ständ.
413 134 32 21 Sv.

505 135 59 25 Prop.
581 134 34 21 N:o
631 134 36 21 29.
807 134 26 21 21

244 203 78 18 egarens
341 196 128 25 underskrift,
489 197 34 19 der
542 197 35 19 den
593 197 18 24 ej
625 197 27 24 af
663 197 69 19 honom
747 197 54 24 inför
816 198 48 24 regi-

244 230 169 25 stermyndigheten
431 231 76 25 vidgäs,
525 231 52 19 skall
594 237 50 13 vara
659 232 98 19 besannad
773 232 25 24 af
810 233 54 18 nota-

243 265 42 19 rius
300 265 96 25 publicus,
415 265 118 26 kronofogde
551 266 45 19 eller
617 266 94 23 länsman,
732 266 46 19 eller
793 266 34 20 ock
841 268 27 23 af

242 300 62 19 kände
318 300 34 19 och
367 300 110 25 trovärdige
488 307 101 18 personer.

312 335 28 24 Ej
357 335 33 19 mä
407 335 106 25 inteckning
528 335 39 22 ske,
583 335 36 21 der
634 336 18 24 ej
667 336 35 19 den
717 336 46 19 eller
778 336 28 23 de,
823 342 41 13 som

242 369 92 24 utfärdat
351 369 208 25 pantförskrifningen,
580 371 35 18 äro
633 370 9 19 i
659 370 159 25 skeppsregistret
832 370 31 21 sä-

242 410 41 13 som
298 404 96 25 fartygets
409 410 56 19 egare
479 404 101 25 inskrifne.

517 465 16 28 $
549 467 37 19 20.

314 511 36 20 Då
366 512 134 25 pantsättning
521 512 26 25 af
558 512 67 25 fartyg
639 512 8 19 i
661 512 161 25 skeppsregistret
836 513 27 19 in-

242 546 82 24 tecknas,
340 546 51 19 skall
405 546 43 20 deri
456 548 97 23 upptagas
563 546 95 25 fordrans
669 547 73 24 belopp,
753 546 110 25 fordrings-

242 588 78 18 egarens
335 588 64 17 namn,
416 581 51 20 tiden
481 582 38 19 när
534 582 34 19 och
579 588 97 18 personen
689 582 26 24 af
721 581 75 20 hvilken
803 582 59 24 pant-

242 615 154 28 förskrifningen
410 616 108 24 utfärdats,
535 618 51 18 samt
601 616 60 25 dagen
676 616 34 25 för
724 616 139 24 inteckningens

242 650 146 20 verkställande.

310 685 221 25 Registermyndigheten
554 685 62 19 teckne
638 684 33 20 ock
690 685 13 19 å
719 684 143 25 pantförskrif-

242 720 66 24 ningen
323 720 57 25 bevis,
396 720 29 19 att
439 719 107 25 inteckning
561 719 61 25 deraf
633 719 55 20 skett.

523 776 15 27 $
552 777 32 20 21.

310 820 30 24 Är
350 823 72 28 fartyg
437 824 62 20 under
516 822 150 26 byggnadstiden
680 823 115 24 intecknadt,
811 823 52 20 skall

241 858 32 20 vid
288 858 44 20 dess
347 858 124 25 registrering
483 857 34 28 för
527 858 74 25 sjöfart
611 857 128 26 inteckningen
749 857 113 25 öfverföras

240 893 30 20 till
284 893 32 20 det
329 893 132 25 registerblad,
477 899 42 14 som
534 893 33 24 för
581 893 86 24 fartyget
680 892 111 27 upplägges.

515 950 15 27 $
544 951 36 20 22.

308 997 91 20 Anmäles
417 996 100 21 intecknad
532 997 92 24 panträtt
643 997 32 19 till
693 997 97 24 förnyelse
809 997 52 19 inom

239 1031 39 24 fem
293 1031 25 20 år
333 1031 49 24 efter
399 1031 29 20 det
443 1031 107 25 inteckning
565 1031 46 20 eller
625 1031 97 25 förnyelse
736 1031 75 24 skedde,
827 1031 34 20 och

239 1066 72 23 företes
326 1065 68 20 dervid
405 1064 212 28 pantförskrifningen,
639 1066 59 19 varde
713 1066 110 26 förnyelsen
838 1065 25 24 af

240 1100 211 25 registermyndigheten
470 1100 100 20 verkstäld
586 1106 67 19 genom
667 1100 114 25 anteckning
795 1099 65 20 derom

239 1136 7 19 i
260 1135 96 25 registret.

307 1165 61 29 Öfver
383 1170 61 20 skedd
459 1170 98 25 förnyelse
571 1170 99 20 meddelar
684 1169 131 25 myndigheten
830 1170 29 18 be-

240 1206 29 19 vis
284 1205 13 19 &
308 1205 213 25 pantförskrifningen.

515 1262 16 27 $
545 1263 34 19 23.

306 1308 47 20 Har
373 1308 52 25 gäld,
449 1308 34 24 för
505 1308 74 20 hvilken
601 1309 69 26 fartyg
684 1308 174 25 pantförskrifvits

237 1343 33 19 och
288 1342 111 24 intecknats,
419 1343 66 24 blifvit
501 1343 75 25 gulden,
593 1344 45 19 eller
653 1343 36 20 har
705 1343 113 24 fordringen
833 1343 24 19 el-

238 1378 28 19 ler
272 1378 116 24 panträtten
403 1384 76 13 annars
494 1378 84 24 upphört
592 1379 30 19 att
635 1378 59 24 gälla,
711 1384 46 13 vare
771 1378 87 24 fartygs-

237 1418 70 20 egaren
330 1412 109 24 berättigad
461 1414 31 18 att
514 1412 41 20 låta
577 1412 128 24 inteckningen
728 1412 25 24 af
768 1412 88 24 register-

236 1445 134 26 myndigheten
385 1447 66 20 dödas.
