1056 1725
334 128 69 22 Ständ.
419 128 32 22 Sv.
466 140 27 3 —
510 128 59 27 Prop.
585 128 35 21 N:o
636 128 31 22 31.
829 128 14 21 5

114 198 86 16 samma
207 187 14 37 $
242 192 47 22 låtit
304 192 67 21 orden
388 192 41 26 ,,då
447 191 141 27 yrkesidkare
606 191 75 22 derom
691 192 112 21 anhåller"
814 192 59 27 utgå,

114 226 93 22 emedan
218 226 182 28 yrkesinspektör,
411 225 65 22 äfven
486 228 53 19 utan
548 226 92 20 särskild
648 226 94 26 erinran,
751 226 40 22 bör
799 226 74 21 känna

114 261 33 27 sig
162 260 116 28 förpligtad
293 263 31 19 att
340 260 48 22 icke
403 260 98 27 utsprida
515 260 213 28 yrkeshemligheter.

184 295 192 28 Omredigeringen
396 295 23 22 af
432 295 12 28 8
459 295 29 21 24
503 297 24 19 är
542 295 101 27 påkallad
663 294 23 22 af
699 295 26 22 de
741 295 131 28 föregående

114 330 148 27 ändringarna
277 329 24 22 af
314 329 26 28 $$
355 330 29 21 20
399 329 41 22 och
457 330 32 21 14.

184 364 82 22 Senare
281 371 65 14 mom.
362 363 24 22 af
398 364 12 27 $
425 363 28 22 25
469 364 40 21 har
519 363 175 22 omformulerats
705 363 34 22 för
749 366 32 19 att
791 363 82 22 bereda

114 399 123 22 domstolen
252 398 157 22 vidsträcktare
425 397 156 28 pröfningsrätt
596 398 35 21 vid
647 398 147 22 bedömandet
804 398 24 22 af
840 398 31 21 fa-

114 433 50 22 ders
180 433 50 22 eller
246 433 118 21 målsmans
373 432 144 27 straffbarhet,
527 433 28 21 då
562 432 56 22 barn
627 433 106 27 olagligen
741 433 130 28 sysselsatts.

184 467 8 22 I
208 467 12 28 8
236 468 26 21 27
282 469 38 20 äro
341 467 67 22 orden
427 467 127 26 ,underrätt
569 467 7 20 i
591 467 179 27 gerningsorten'
786 467 85 28 utbytta

114 504 46 19 mot
176 501 36 22 det
227 501 87 28 vanliga
328 501 109 28 uttrycket
453 518 4 9 ,
460 501 56 28 laga
531 501 116 22 domstol".

184 536 8 21 I
207 536 12 27 $
235 536 27 21 29
278 536 40 21 har
333 536 66 21 bland
414 536 27 21 de
456 535 26 28 $$
498 535 23 22 af
534 536 159 27 näringslagen,
710 542 48 15 som
774 536 97 27 undergå

114 570 99 28 ändring,
229 571 110 27 upptagits
351 571 81 27 jemväl
447 571 27 21 41
492 571 41 21 och
548 571 28 21 42
587 570 32 28 $$,
630 571 72 21 hvilka
712 571 109 22 innehålla
832 577 40 15 an-

114 605 227 28 svarsbestämningar
356 605 33 22 för
404 605 167 22 öfverträdande
587 605 23 21 af
623 605 151 27 stadgandena
788 606 7 20 i
806 606 25 27 $$
843 606 27 21 32

115 640 42 21 och
172 640 34 26 33,
223 646 48 15 som
284 640 82 27 jemväl
381 640 98 27 undergä
495 640 98 27 ändring.

184 669 74 33 Öfriga
273 674 83 22 mindre
372 674 123 27 ändringar,
511 674 72 21 hvilka
599 674 122 22 Ständerna
737 676 72 20 ansett
818 680 54 16 vara

114 708 88 30 nödiga,
217 708 87 28 päkalla
319 708 47 22 icke
382 708 92 22 särskild
489 709 136 27 motivering.

184 743 70 22 Jemte
275 743 36 22 det
330 743 123 22 Ständerna
472 744 23 20 ät
509 744 67 21 Eders
591 743 117 27 Kejserliga
723 742 101 28 Majestät
839 742 32 22 öf-

113 777 112 22 verlemna
248 780 32 19 att
302 778 123 22 bestämma
441 778 67 27 tiden,
525 778 28 22 dä
569 778 42 22 den
626 777 165 28 ifrågavarande
806 778 64 27 lagen

114 812 54 21 skall
190 812 64 22 träda
274 812 7 21 i
296 812 99 28 gällande
417 812 63 27 kraft,
496 813 22 21 fä
533 812 129 28 Ständerna,
678 812 7 21 i
701 812 169 23 öfverensstäm-

113 846 68 23 melse
196 846 50 23 med
262 847 35 22 det
313 846 97 28 anförda,
426 848 7 20 i
448 847 173 28 underdänighet
637 847 97 22 anmäla:

321 890 33 18 att
376 887 123 22 Ständerna
519 887 44 22 icke
585 887 84 21 kunnat
693 887 118 28 godkänna
830 887 41 20 den

253 922 83 27 nädiga
352 923 166 27 propositionen
538 921 146 28 oförändrad,
707 924 56 18 utan
777 921 41 28 för
836 921 35 21 sin

252 956 34 21 del
302 957 88 27 antagit
405 963 26 14 en
446 957 25 20 sä
488 956 95 28 lydande

390 1030 140 29 Förordning,
547 1029 114 30 angående
676 1030 74 29 skydd
765 1029 32 25 för
810 1030 60 24 arbe-

321 1065 47 24 tare
384 1065 8 23 i
407 1065 26 24 de
448 1064 137 25 industriela
600 1064 91 30 yrkena.

320 1122 48 21 För
386 1125 33 18 att
437 1123 24 20 åt
477 1123 128 20 arbetarene
621 1123 7 20 i
644 1122 25 21 de
684 1121 131 22 industriela
831 1128 38 21 yr-

251 1157 55 21 kena
322 1157 78 21 bereda
416 1157 66 21 ökadt
493 1157 70 28 skydd
575 1160 44 18 mot
629 1156 116 29 olycksfall
755 1156 36 22 och
802 1156 67 21 sund-

251 1191 135 28 hetsfarliga
402 1192 122 27 inflytelser
534 1192 82 20 varder
627 1191 126 28 härigenom
763 1190 105 28 stadgadt

251 1225 37 21 och
300 1226 140 27 förordnadt
455 1232 46 14 som
513 1225 83 28 följer:

467 1284 14 26 $
497 1284 19 20 1

319 1328 128 22 Arbetsrum
467 1328 39 22 och
525 1328 132 27 verkstäder,
676 1335 45 15 som
737 1329 42 27 för
797 1328 73 28 yrkes-

250 1362 59 27 drift
325 1363 115 28 begagnas,
455 1363 62 21 skola
528 1370 55 14 vara
594 1364 93 24 sådana,
698 1365 33 20 att
741 1362 128 22 arbetarene

250 1398 8 19 i
280 1397 48 21 dem
352 1397 66 28 hafva
441 1398 78 27 nödigt
545 1400 106 26 utrymme
673 1397 38 21 och
733 1397 134 27 erforderlig

250 1432 87 28 mängd,
358 1432 71 21 såvidt
445 1432 92 28 möjligt,
557 1439 40 14 ren
616 1432 51 25 luft.
697 1432 34 21 De
753 1431 62 22 skola
831 1431 37 22 ock
