1056 1725
296 142 21 21 U.
333 142 23 22 B.
371 153 27 4 —
414 142 58 27 Prop.
488 142 35 21 N:o
539 142 35 21 38.

324 383 195 27 Lagutskottets
530 383 98 28 förslag
639 384 42 21 till
693 390 124 16 samman-

265 417 132 28 jemkning
414 419 21 21 af
444 418 25 21 de
480 419 117 27 skiljaktiga
608 419 74 27 beslut,
694 419 55 22 hvari
760 419 59 22 Stän-

266 453 40 22 den
326 453 85 22 stannat
430 453 32 22 vid
485 453 122 28 behandling
627 454 21 21 af
667 454 152 28 Lagutskottets

268 487 129 23 betänkande
417 488 5 21 i
439 488 110 27 anledning
567 488 22 22 af
607 488 74 28 nädiga
697 489 122 28 propositio-

268 528 46 21 nen,
332 523 109 27 angäende
461 523 74 27 lagfart
555 523 37 22 och
614 523 116 28 inteckning
749 524 22 21 af
785 529 35 16 en-

267 557 53 23 skild
336 557 85 29 jernväg
437 558 33 22 för
484 558 77 22 allmän
576 558 131 22 samfärdsel.

133 702 83 22 Genom
235 702 107 22 Utskottet
362 702 48 22 från
430 702 98 22 Ständen
545 703 188 21 tillhandakomna
747 704 75 27 proto-

63 737 157 27 kotollsutdrag
237 738 41 20 har
295 738 110 21 Utskottet
425 738 112 27 inhemtat,
558 740 31 19 att
607 738 160 28 Ridderskapet
786 738 37 21 och

65 772 72 22 Adeln
152 775 58 19 samt
224 772 165 22 Bondeständet
403 773 7 21 i
426 773 42 22 allo
483 773 96 27 godkänt
590 773 119 22 Utskottets
720 773 104 22 ofvanbe-

65 808 65 21 rörda
153 807 144 27 betänkande,
320 808 117 21 hvaremot
459 807 84 22 Preste-
564 808 42 22 och
626 808 197 28 Borgareständen,

66 842 50 22 med
136 842 122 28 anslutning
277 842 31 22 till
327 842 150 22 betänkandet
496 843 6 21 i
522 843 70 28 öfrigt,
613 843 73 21 afvikit
706 843 94 22 derifrän
818 843 7 21 i

66 877 94 28 följande
174 877 76 28 beslut,
266 878 109 27 nemligen
390 878 146 22 beträffande:

374 948 12 21 7
404 948 43 21 och
462 948 13 21 8
491 948 32 27 88.

136 993 85 22 Preste-
244 994 41 21 och
308 993 195 28 Borgareständen
525 994 72 27 hafva,
618 994 49 21 med
686 993 140 22 förkastande

69 1027 24 22 af
110 1028 147 22 betänkandet
275 1029 7 20 i
302 1029 72 22 denna
393 1029 42 27 del,
451 1029 83 28 antagit
550 1030 11 20 7
579 1029 41 22 och
635 1029 13 22 8
664 1029 25 28 $$
705 1029 66 26 enligt
787 1028 40 21 den

68 1063 80 27 nädiga
164 1064 167 27 propositionen.

139 1098 47 22 Den
206 1099 97 26 ändring,
323 1099 150 21 betänkandet
491 1098 90 22 föreslär
596 1099 7 20 i
618 1098 63 22 dessa
696 1097 132 28 paragrafer,

70 1133 74 21 bestär
159 1133 149 28 förnämligast
323 1133 52 27 deri,
392 1135 39 25 att,
453 1134 2 21 i
471 1135 92 20 motsats
578 1135 45 19 mot
637 1133 41 22 den
687 1133 81 27 nädiga
778 1139 51 21 pro-

70 1168 130 27 positionen,
215 1168 44 21 viss
274 1168 31 21 tid
321 1168 147 27 föreskrifves,
483 1169 61 21 inom
559 1168 86 21 hvilken
659 1168 77 27 lagfart
749 1168 14 21 å
771 1168 58 27 jern-

71 1204 43 26 väg
133 1203 41 21 bör
196 1203 70 21 sökas.
296 1203 64 21 Detta
375 1204 124 27 stadgande
513 1204 46 21 stär
574 1204 6 20 i
595 1205 110 19 närmaste
721 1203 110 21 öfverens-

72 1238 126 22 stämmelse
221 1238 49 21 med
290 1238 100 27 gällande
405 1238 38 27 lag
458 1245 37 15 om
510 1238 77 28 lagfart
602 1238 5 21 i
624 1238 122 26 allmänhet,
763 1237 69 21 sädan

73 1272 42 22 den
132 1272 119 22 innehälles
271 1272 7 21 i
296 1273 75 27 Kongl.
390 1272 156 28 förordningen
565 1272 24 22 af
605 1273 41 21 den
663 1273 24 21 13
703 1272 50 22 Juni
770 1272 61 26 1800,

73 1308 114 26 angående
202 1307 77 28 lagfart
294 1308 42 20 och
351 1307 56 21 börd
423 1307 25 22 af
458 1308 51 27 jord
524 1308 29 27 pä
560 1307 78 21 landet.
667 1307 41 21 Vid
719 1307 59 21 detta
789 1306 43 21 för-

74 1342 100 22 hällande
194 1342 42 22 och
252 1342 27 22 dä
294 1343 37 21 tvä
346 1342 69 22 Ständ
431 1342 90 22 anslutit
536 1342 33 27 sig
584 1342 31 21 till
629 1341 152 26 betänkandet,
797 1348 35 20 sy-

74 1384 40 15 nes
128 1377 148 22 betänkandet
291 1377 55 21 böra
361 1377 77 27 läggas
454 1377 31 21 till
501 1377 68 27 grund
585 1376 32 22 för
629 1376 205 27 sammanjemknin-

74 1420 42 20 gen
131 1413 6 21 i
148 1412 61 28 fräga
220 1419 36 15 om
267 1412 64 22 dessa
342 1412 135 27 paragrafer.
501 1412 68 21 Alltsä
580 1411 123 22 hemställes
713 1411 120 21 vördsamt:

144 1470 74 23 Bihang
230 1469 30 18 till
271 1469 135 28 Lagutskottets
417 1469 113 18 betänkande
541 1469 36 18 N:o
590 1469 27 17 17.
