1056 1725
254 143 14 21 2
518 144 21 20 U.
555 144 21 20 B.
591 156 28 3 —
635 143 36 22 N:o
686 144 36 22 38.

421 207 34 21 att
479 206 85 22 Preste-
589 206 36 22 och
649 206 195 29 Borgareständen
865 206 50 22 ville
936 206 49 28 god-

364 240 76 22 känna
459 241 15 21 7
487 241 38 21 och
540 241 17 21 8
570 241 32 28 $$
616 241 69 29 enligt
699 241 153 22 betänkandet.

575 306 25 21 16
617 305 17 28 8.

226 345 40 22 har
286 345 24 21 af
326 345 162 22 Presteståndet
506 346 94 27 antagits
621 347 66 26 enligt
701 346 42 21 den
760 346 81 27 nådiga
856 345 130 28 propositio-

227 387 43 14 nen
286 380 50 21 med
351 380 74 27 tillägg
439 380 24 21 af
476 387 65 15 mom.
557 381 13 21 3
586 381 66 27 enligt
667 381 148 22 betänkandet
832 383 58 18 samt
901 380 23 21 af
932 379 54 22 Bor-

224 414 142 28 gareståndet
380 415 65 27 enligt
461 415 42 22 den
519 415 80 28 nådiga
614 416 165 27 propositionen
795 415 137 22 oförändrad.

296 449 85 22 Jemväl
400 449 135 22 beträffande
554 451 72 20 denna
641 450 102 28 paragraf
758 456 67 22 synes
839 449 148 22 betänkandet

226 490 62 15 mera
303 485 29 20 än
348 484 42 21 den
405 484 81 27 nådiga
501 485 164 27 propositionen
681 487 78 20 närma
775 485 33 27 sig
823 484 119 22 bestående
952 484 35 26 lag

228 518 34 28 (88
280 519 24 21 17
322 519 42 21 och
381 519 26 21 18
422 519 7 20 i
444 519 81 28 nådiga
539 519 155 28 förordningen
709 520 42 21 den
767 520 14 21 9
796 519 124 22 November
934 518 52 21 1868

228 559 36 15 om
283 553 126 28 inteckning
427 553 7 21 i
454 553 43 22 fast
513 554 120 29 egendom).
663 554 32 22 På
709 554 69 22 redan
795 553 36 22 vid
846 553 61 28 fråga
923 559 36 16 om
974 553 11 20 7

228 588 41 21 och
285 588 13 21 8
314 588 26 28 $$
357 588 129 22 framhållna
501 589 47 21 skäl
563 589 124 22 hemställes
702 588 73 22 derför
789 588 123 22 vördsamt:

424 652 35 21 att
483 651 82 23 Preste-
588 652 39 22 och
649 652 196 28 Borgarestämden
866 651 50 22 ville
936 650 51 28 god-

366 686 77 22 känna
460 686 30 22 16
503 686 17 29 $
534 686 68 29 enligt
616 687 153 22 betänkandet.

575 751 24 21 17
619 750 18 28 8.

297 789 164 22 Presteständet
479 790 40 22 har
540 791 82 27 antagit
647 791 5 22 1
672 791 42 21 och
738 792 5 20 2
760 797 89 15 momm.
865 790 66 28 enligt
947 789 41 22 den

228 824 80 27 nädiga
324 824 165 28 propositionen
504 826 57 20 samt
576 825 13 21 3
605 832 65 15 mom.
685 826 66 27 enligt
766 824 155 22 betänkandet.

298 858 32 23 Då
345 860 33 21 tre
393 858 68 23 Stånd
477 859 96 28 godkänt
587 859 12 28 $
617 861 25 21 17
659 860 66 28 enligt
740 859 157 28 betänkandet,
908 859 33 22 får
950 858 38 23 Ut-

228 893 82 22 skottet
325 893 112 22 vördsamt
452 893 87 24 föreslå:

424 957 34 22 att
470 957 81 28 jemväl
565 957 162 22 Presteståndet
741 956 52 23 ville
805 956 121 29 godkänna
936 957 15 26 $
961 955 30 22 17

367 991 69 28 enligt
451 991 150 23 betänkandet.

577 1049 28 22 22
620 1049 19 28 8.

300 1089 187 28 Borgareståndet
504 1090 39 22 här
562 1090 83 27 antagit
661 1089 72 23 denna
748 1089 107 28 paragraf
868 1089 66 28 enligt
949 1089 41 22 den

229 1124 81 28 nådiga
325 1125 170 27 propositionen.

300 1159 32 22 Då
348 1159 69 28 öfriga
431 1160 70 22 Stånd
515 1160 96 28 godkänt
627 1160 131 28 paragrafen
769 1159 58 23 efter
836 1159 154 28 betänkandet,

230 1194 126 22 hemställes
371 1194 124 23 vördsamt:

427 1253 34 21 att
467 1252 81 28 jemväl
558 1252 185 28 Borgareståndet
753 1251 52 22 ville
813 1251 119 29 godkänna
939 1251 16 29 $
963 1251 30 22 22

368 1286 70 29 enligt
453 1286 149 23 betänkandet.

577 1344 28 22 35
621 1344 18 28 8.

301 1378 163 23 Presteständet
485 1379 40 22 har
547 1379 87 22 beslutit
656 1382 32 18 att
709 1379 75 22 denna
804 1378 104 28 paragraf
925 1379 68 21 skulle

230 1413 84 22 erhålla
334 1413 94 28 följande
446 1414 91 28 lydelse:
565 1414 122 28 ,,Jernväg,
707 1420 45 15 som
768 1413 107 27 upplåtits
891 1413 34 22 till
939 1413 54 22 kon-

301 1465 74 24 Bihang
388 1465 29 18 till
428 1465 135 24 Lagutskottets
573 1465 109 18 betänkande
694 1465 35 18 N:o
742 1465 30 18 17.
