1056 1725
294 97 30 23 U.
340 96 24 23 B.
380 108 29 6 —
425 98 60 28 Prop.
503 98 38 22 H:o
557 97 39 23 34.
771 97 14 21 5

56 159 43 22 och
114 160 98 21 emedan
226 159 42 22 här
282 159 52 22 icke
349 163 25 18 är
388 160 69 29 fråga
472 167 38 15 om
521 167 30 14 en
561 159 118 22 beräknad
695 159 121 23 kostnads-

56 201 96 21 summa,
167 196 57 20 utan
240 202 36 14 om
292 194 81 29 anslag
388 194 75 22 under
477 196 118 20 närmaste
607 194 164 29 finansperiod,
781 194 37 22 får

56 228 116 22 utskottet
186 228 119 22 vördsamt
319 228 86 22 föreslå
421 230 36 20 att
472 228 111 30 samtliga
599 228 74 22 Stånd

267 293 49 20 ville
338 293 112 21 remittera
465 293 36 21 till
517 293 172 21 Statsutskottets
702 292 116 28 pröfning,

197 327 109 21 huruvida
321 327 39 21 och
371 328 34 27 på
419 327 59 22 hvad
493 329 43 20 sätt
552 328 41 21 den
608 327 31 26 af
649 327 100 21 utskottet
754 327 65 27 före-

197 361 79 28 slagna
297 369 100 14 summan
420 363 32 27 af
471 363 119 24 1,600,000
611 361 61 22 mark
691 361 72 22 kunde
773 361 46 28 för

198 398 64 19 nästa
271 396 155 28 finansperiod
442 397 122 27 anskaffas.

133 465 129 29 Angående
284 464 131 29 ordningen
438 465 45 22 och
505 465 66 22 tiden
586 465 36 22 för
637 465 70 22 ofvan
721 465 98 22 berörda

58 499 294 29 jernvägsanläggningars
362 499 126 22 utförande
498 499 115 29 föreligga
624 499 103 29 följande
737 499 82 23 beslut.

133 535 10 20 1
168 533 44 22 och
234 535 13 20 2
270 541 67 14 mom.
360 534 14 21 &
396 533 69 22 sidan
484 535 27 21 57
528 534 42 21 har
585 533 27 22 af
624 533 109 30 samtliga
747 533 73 23 Ständ

61 567 154 23 oförändrade
230 568 109 29 antagits.

134 604 12 21 3
162 610 68 14 mom.
246 603 14 21 å
274 602 67 22 sidan
356 604 28 21 58
398 602 44 23 har
456 602 173 30 Ridderskapet
636 602 43 22 och
690 602 76 22 Adeln
777 603 43 21 och

62 636 176 23 Bondeständet
252 636 105 30 godkänt
371 637 54 22 med
439 637 150 22 uteslutande
604 637 27 22 af
643 637 131 23 uttalandet
782 645 39 14 an-

62 672 90 29 gående
167 672 101 22 bibanan
283 672 37 22 till
335 672 124 28 Wärtsilä;

133 706 175 22 Prestaståndet
324 706 90 29 antagit
429 706 54 22 med
498 706 148 22 uteslutande
656 706 27 22 af
690 706 132 22 uttalandet

64 740 120 30 angående
198 741 101 22 bibanan
315 741 37 21 till
366 741 99 27 Imatra;
481 745 60 17 samt

134 776 198 28 Borgareståndet
346 775 138 22 oförändrat
499 775 98 29 antagit.

135 810 35 22 På
184 810 76 29 grund
276 810 26 22 af
313 810 43 22 här
371 810 70 22 ofvan
459 810 26 22 af
501 810 115 22 utskottet
631 809 82 29 gjorda
728 809 94 29 förslag,

64 844 36 23 får
121 844 115 23 utskottet
258 844 118 23 vördsamt
403 844 101 28 anhålla,
531 846 34 21 att
587 844 170 29 Ridderskapet
779 844 44 22 och

66 879 80 28 Adeln,
161 880 91 21 Presta-
268 879 43 22 och
328 879 183 22 Bondestånden
530 879 73 22 måtte
618 878 151 23 oförändradt
783 886 39 14 an-

65 916 55 27 taga
134 915 134 21 momentet.

136 949 14 22 4
164 955 68 15 mom.
248 949 14 20 å
277 947 67 23 sidan
358 949 28 21 58
401 947 44 22 har
460 947 117 30 godkänts
591 947 26 22 af
629 947 109 29 samtliga
749 947 74 22 Stånd

65 985 66 20 utom
146 982 172 29 Ridderskapet
333 982 44 22 och
391 982 86 28 Adeln,
493 989 50 15 som
558 981 95 23 härmed
668 981 105 29 inbjudes
789 983 35 20 att

66 1017 81 22 förena
162 1017 36 29 sig
213 1025 37 14 om
265 1017 164 22 medståndens
444 1017 84 22 beslut.
