1056 1725
292 126 24 24 U.
333 126 23 24 B.
372 139 25 4 —
413 126 66 29 Prop.
495 126 40 23 N:o
549 125 39 24 38.
775 127 13 21 7

54 194 70 21 måste
144 200 52 15 vara
210 193 24 22 af
247 193 54 21 allra
316 194 82 21 största
411 193 46 27 vigt
472 194 33 20 att
519 192 42 27 lån,
577 198 46 16 som
638 192 29 28 på
682 192 77 22 sådant
774 193 43 20 sätt

54 228 174 27 uppnegocieras,
250 228 48 21 icke
320 228 46 20 visa
388 227 32 27 sig
441 227 70 21 sakna
532 226 69 22 utfäst
623 227 109 22 säkerhet.
767 226 50 22 Men

56 262 90 22 emedan
160 262 162 22 föreskrifterna
336 262 8 20 i
359 261 102 27 förslaget
477 261 78 22 sådant
569 261 90 21 oaktadt
673 261 63 21 torde
746 260 71 22 såsom

56 296 259 28 öfvergångsstadganden
337 296 35 21 väl
394 296 97 22 försvara
513 296 33 22 sin
565 296 62 27 plats,
647 296 40 21 har
705 295 112 22 Utskottet

54 333 62 20 enats
139 337 34 16 om
196 332 32 20 att
250 330 109 22 bibehålla
381 330 103 27 förslaget
503 330 8 21 i
525 329 121 22 hufvudsak
669 329 147 27 oförändradt,

55 366 57 21 helst
126 365 118 27 Utskottet,
260 365 27 21 då
301 365 162 27 propositionen
477 365 85 21 sentida
571 364 34 21 till
616 364 95 22 Stånden
721 364 95 27 anländt,

55 399 47 22 icke
122 406 37 15 ens
178 400 68 21 skulle
264 399 127 22 medhunnit
405 405 28 15 en
448 399 149 27 omarbetning
613 399 22 21 af
648 399 110 27 förslaget,
773 399 44 21 för-

54 435 62 21 utom
138 434 37 22 det
196 436 32 20 att
247 435 32 20 ett
298 433 92 22 allmänt
403 433 198 28 landtdagsutskott
616 433 201 27 öfverhufvudtaget

54 469 50 28 föga
126 471 24 20 är
173 469 78 27 egnadt
271 468 33 21 till
318 469 32 20 ett
368 468 67 27 dylikt
449 469 82 20 arbete.
547 479 26 4 —
589 468 32 21 De
637 468 122 27 ändringar,
775 467 40 22 Ut-

54 503 82 22 skottet
149 503 91 27 vidtagit
254 503 7 21 i
276 503 110 26 förslaget,
402 503 45 21 afse
463 502 72 22 derför
548 509 59 14 mera
617 503 32 20 ett
658 502 157 27 förtydligande

53 537 41 22 och
108 537 216 27 förfullständigande
340 536 24 22 af
377 537 114 27 förslagets
506 537 134 27 stadganden
654 539 29 19 än
692 536 124 22 införandet

52 571 26 22 af
90 571 68 28 några
172 578 42 21 nya
228 571 106 28 principer
349 571 53 22 deri.

123 606 94 22 Sålunda
236 606 39 22 har
295 606 122 26 Utskottet,
434 608 52 20 enär
502 606 185 27 fastighetsboken
702 608 25 20 är
742 606 74 21 afsedd

54 643 34 20 att
102 641 71 21 lemna
188 640 138 28 fullständiga
340 640 155 28 upplysningar
509 646 35 16 om
552 640 199 28 jernvägsområdes
758 642 58 20 stor-

54 676 41 26 lek,
111 681 49 15 men
176 675 71 21 derför
262 675 40 21 ock
317 675 39 21 bör
372 674 111 22 innehålla
497 674 86 28 uppgift
593 681 33 15 om
637 675 41 21 den
688 675 127 27 minskning,

51 710 79 22 sådant
149 709 86 22 område
255 709 141 27 tilläfventyrs
412 710 113 26 undergår,
541 710 62 26 gifvit
617 709 22 21 ät
654 708 11 28 8
679 710 14 20 5
707 716 27 14 en
749 709 66 22 delvis

52 745 82 21 ändrad
149 744 87 27 lydelse.

120 778 191 28 Bestämningarna
326 778 7 22 i
348 784 77 16 senare
441 784 64 16 mom.
521 778 23 22 af
559 779 11 21 7
587 778 11 28 $
615 779 39 21 och
669 779 7 21 i
693 779 25 21 16
729 778 12 28 $
751 778 65 22 hafva

50 814 36 21 för
100 813 100 22 ändamål
215 814 33 20 att
261 812 81 22 bereda
357 819 28 21 ny
402 819 64 21 egare
477 812 23 22 af
506 813 90 27 jernväg
606 812 84 22 tillfälle
701 815 38 25 att,
750 813 75 24 innan,

52 848 42 21 han
109 848 77 21 hunnit
200 847 97 22 anskaffa
312 847 30 22 all
357 847 41 22 den
415 848 122 27 utredning,
553 854 46 15 som
614 847 33 22 för
660 847 125 22 erhållande
793 847 24 22 af

51 883 80 27 lagfart
146 882 115 27 erfordras,
276 888 77 21 genom
370 883 101 20 anmälan
482 882 23 21 af
515 883 38 21 sitt
560 882 51 27 fång
618 883 39 21 hos
665 882 150 27 lagfartsdom-

50 917 72 22 stolen
130 917 82 27 skydda
223 917 32 27 sig
263 918 51 25 mot,
323 919 33 19 att
362 917 117 27 jernvägen
489 917 119 21 emellertid
616 917 109 21 intecknas
733 917 33 21 för
773 917 42 21 den

52 951 59 22 förre
126 957 90 21 egarens
230 951 56 27 gäld,
302 952 8 21 i
324 951 82 22 hvilket
421 951 39 22 fall
475 951 42 22 den
531 957 40 21 nye
587 957 78 21 egaren
679 957 50 16 vore
737 951 78 22 under-

52 986 78 21 kastad
153 986 75 21 besvär
252 986 39 21 och
305 985 120 22 kostnader
440 986 34 21 för
489 987 32 20 att
536 985 23 22 få
573 986 148 27 inteckningen
737 985 77 23 dödad.

51 1020 43 22 För
108 1022 33 20 att
156 1020 118 22 emellertid
289 1020 128 27 tydliggöra,
433 1022 33 20 att
481 1021 61 21 detta
557 1020 39 21 och
611 1021 47 21 icke
673 1020 66 28 något
748 1022 67 20 annat

52 1057 25 19 är
92 1055 90 27 afsigten
201 1055 49 21 med
266 1055 62 21 dessa
344 1054 61 27 S8:er,
423 1055 41 21 och
479 1054 34 22 för
528 1057 33 19 att
575 1054 91 23 sålunda
680 1054 135 27 undanrödja

51 1089 40 22 allt
112 1089 75 22 tvifvel
208 1089 79 27 derom,
308 1090 32 21 att
356 1089 77 21 härvid
449 1089 47 21 icke
512 1091 25 19 är
551 1089 62 27 fråga
627 1095 34 15 om
676 1088 71 28 någon
761 1088 53 22 afvi-

51 1123 59 22 kelse
133 1123 49 22 från
204 1123 38 22 vär
260 1123 219 28 kreditlagstiftnings
499 1123 132 28 ståndpunkt
650 1123 49 22 med
713 1123 100 22 afseende

51 1158 13 22 å
86 1158 133 28 intecknings
241 1158 115 27 betydelse,
380 1158 41 22 har
440 1158 113 22 Utskottet
568 1159 61 21 aktat
643 1159 74 27 nödigt
735 1158 79 22 omfor-

50 1193 83 21 mulera
148 1199 76 16 senare
239 1199 63 15 mom.
319 1193 23 21 af
356 1194 12 20 7
385 1192 11 28 $
412 1193 111 22 äfvensom
538 1192 12 28 $
566 1194 33 26 16,
615 1193 40 22 och
669 1193 40 21 har
723 1193 91 22 Utskot-

50 1229 32 20 tet
104 1228 75 21 härvid
201 1227 89 22 anslutit
305 1228 33 26 sig
352 1228 33 21 till
401 1227 98 27 lydelsen
514 1227 23 22 af
552 1228 26 21 17
594 1228 40 21 och
651 1228 25 21 18
691 1227 24 27 $$
730 1228 32 21 uti
777 1227 36 21 nä-

50 1262 50 27 diga
114 1261 154 29 förordningen
283 1262 41 21 den
339 1262 13 21 9
368 1262 125 22 November
506 1262 56 22 1868
573 1268 34 16 om
617 1262 122 27 inteckning
752 1262 7 21 i
770 1262 43 22 fast

49 1296 112 28 egendom.

119 1330 11 22 I
149 1330 13 22 8
182 1330 11 28 $
213 1330 39 22 har
270 1330 113 22 Utskottet
396 1332 73 20 utsatt
482 1331 43 22 viss
540 1331 39 27 tid,
594 1331 58 21 inom
666 1330 86 23 hvilken
768 1331 45 27 lag-

49 1364 43 22 fart
114 1364 12 22 å
146 1365 89 27 jernväg
252 1365 40 21 bör
308 1364 23 22 af
344 1372 28 20 ny
388 1371 68 21 egare
472 1365 71 22 sökas.
573 1365 32 21 En
621 1365 66 22 sådan
702 1365 111 22 föreskrift

49 1401 25 19 är
92 1399 126 27 erforderlig
233 1399 65 21 bland
314 1401 65 20 annat
393 1400 8 21 i
417 1400 55 26 följd
487 1400 24 22 af
524 1400 42 21 den
581 1399 129 22 förändrade
724 1399 87 27 lydelse,

51 1433 27 22 16
100 1433 12 28 $
132 1433 66 28 enligt
212 1433 122 23 Utskottets
349 1434 83 28 förslag
447 1434 94 22 erhållit.
571 1434 61 22 Inom
647 1434 111 22 Utskottet
773 1434 40 21 har

118 1472 141 24 Lagutskottets
272 1473 118 18 betänkande
401 1474 40 18 N:o
454 1474 29 18 17.

837 607 13 21 o

865 606 19 28 D

837 779 46 28 78.
