1056 1725
338 122 21 20 U.
375 122 20 21 B.
414 134 25 2 —
457 122 57 26 Prop.
531 122 36 21 N:o
583 122 36 21 36.
818 122 11 20 7

104 183 60 21 efter
186 190 30 14 en
238 184 106 21 bestämd
367 184 36 21 tid
419 184 88 21 erhälla
528 184 139 28 eganderätt
682 184 37 21 till
734 184 53 22 hela
800 184 60 28 jern-

103 221 77 25 vägen
200 218 71 29 jemte
294 218 113 27 materiel,
432 218 135 28 äliggandet
589 220 34 19 att
648 221 58 18 utan
728 218 132 28 ersättning

103 252 112 22 framföra
236 255 90 26 posten,
350 257 59 17 samt
429 252 167 28 skyldigheten
615 254 36 19 att
665 252 40 22 vid
719 252 140 29 jernvägens

104 286 188 29 telegrafstolpar
299 286 49 22 låta
358 288 61 20 fästa
431 287 202 28 statstelegrafens
644 286 79 22 trådar
733 286 44 22 och
787 286 72 22 vårda

104 321 124 23 desamma,
252 329 28 13 en
302 324 80 25 tunga,
406 329 49 14 som
480 322 51 21 icke
547 321 119 22 medförde
681 322 26 21 så
722 321 137 28 obetydliga

106 356 125 21 kostnader
254 356 43 21 och
320 358 80 26 syntes
421 357 25 20 så
461 356 94 28 mycket
569 363 64 14 mera
648 355 147 29 oberättigad
810 362 49 14 som

106 390 40 21 det
161 390 110 29 derjemte
287 397 56 14 vore
356 391 142 28 jernvägens
514 397 69 22 egare
593 390 131 21 förmenadt
735 392 35 19 att
780 389 25 22 af
813 389 46 22 den

106 431 60 22 egna
180 425 130 28 telegrafen
325 425 72 28 draga
407 426 78 27 någon
496 425 78 22 direkt
583 425 71 21 vinst.
679 424 180 28 Undanrödjan-

103 459 40 21 det
159 459 25 22 af
196 459 153 22 förenämnda
359 459 150 29 betungande
524 459 77 21 vilkor
611 459 82 26 skulle,
705 459 75 28 enligt
791 458 68 22 Stän-

103 493 83 22 dernas
202 494 68 29 åsigt,
285 494 8 21 i
308 494 53 21 icke
376 494 68 29 ringa
459 501 54 14 mon
529 493 108 22 befordra
643 493 216 28 jernvägsbyggna-

104 527 72 22 derna
190 528 44 21 och
250 528 68 22 ställa
333 528 86 29 sjelfva
433 529 121 28 företagen
569 529 30 26 på
615 527 100 22 solidare
730 527 83 28 grund.

170 563 37 21 Då
230 563 38 21 det
290 570 33 14 nu
339 563 90 29 åligger
447 562 169 29 Lagutskottet
631 564 36 20 att
680 561 75 22 uttala
770 561 37 29 sig
822 567 35 16 om

104 597 9 21 i
135 597 67 29 fråga
226 597 101 22 varande
354 597 249 29 författningsförslag,
627 597 36 21 får
685 596 174 28 Lagutskottet,

104 631 63 21 hvad
182 632 82 21 främst
279 632 74 28 angår
367 632 173 28 behöfligheten
551 632 26 21 af
583 631 146 29 stadganden
739 629 120 29 angående

106 666 139 28 inteckning
261 666 7 21 i
282 666 104 28 jernväg,
401 666 83 28 erinra,
500 668 35 20 att
550 666 73 28 nådig
631 665 153 29 proposition,
795 664 64 21 inne-

106 700 107 22 fattande
235 700 88 28 förslag
345 700 39 22 till
406 700 101 22 särskild
529 700 142 28 författning
686 699 85 25 derom,
786 698 73 22 redan

106 734 164 22 öfverlemnats
293 735 38 21 till
361 735 143 21 Ständernas
527 734 154 28 behandling;
703 734 95 21 hvarför
820 732 36 22 be-

104 769 147 28 stämningar
266 769 7 21 i
289 769 66 21 detta
370 769 109 21 afseende
503 769 120 29 sjelffallet
638 769 51 21 icke
705 768 56 28 ingå
776 768 9 20 i
800 768 59 20 före-

103 802 111 29 liggande
235 804 248 28 författningsförslag.
513 803 186 22 Vidkommande
721 802 76 28 öfriga
812 808 47 14 om-

104 837 168 29 ständigheter,
296 838 88 27 hvilka,
407 838 75 29 enligt
505 838 62 21 hvad
593 837 130 22 Ständerna
745 837 8 21 i
775 835 84 22 anförd

103 872 73 21 måtto
191 872 93 27 uttalat,
300 880 55 14 vore
371 875 34 19 att
421 873 97 21 beaktas
533 873 40 20 vid
589 872 126 21 stiftandet
729 871 26 22 af
762 871 97 21 konces-

103 906 103 29 sionslag
228 907 121 28 angående
370 907 106 28 jernväg,
499 907 42 21 har
563 906 166 29 Lagutskottet
749 908 58 19 trott
822 905 37 27 sig

104 941 69 27 finna,
189 943 35 19 att
240 941 66 21 dessa
322 941 147 28 synpunkter
489 941 36 22 uti
540 941 153 28 lagförslaget
707 941 8 20 i
731 939 127 23 allmänhet

104 975 128 28 behörigen
255 975 164 28 tillgodosetts,
443 975 127 29 hvarjemte
593 975 122 22 Utskottet
738 975 75 21 såsom
829 981 28 14 en

103 1009 100 22 särskild
219 1010 110 28 förtjenst
343 1010 43 21 hos
401 1010 66 21 detta
481 1010 90 27 förslag
589 1009 62 22 velat
665 1009 124 22 framhålla
805 1009 52 21 dess

102 1044 53 21 från
184 1044 140 29 öfverflödig
354 1044 140 29 detaljering
523 1044 52 27 fria,
597 1051 53 14 men
676 1044 74 21 likväl
772 1045 85 20 uttöm-

104 1078 82 21 mande
202 1078 144 29 behandling
362 1080 25 20 af
401 1081 88 24 ämnet;
502 1079 8 20 i
520 1078 92 21 hvilket
621 1078 108 22 afseende
738 1078 118 28 förslaget,

102 1112 60 21 efter
176 1113 134 22 Utskottets
326 1113 69 28 äsigt,
403 1113 92 21 afviker
502 1113 53 21 från
563 1113 66 20 såväl
636 1113 168 28 förordningen
812 1112 45 21 den

102 1148 13 21 3
130 1147 114 22 Februari
261 1149 53 21 1876
331 1155 49 14 som
399 1148 38 21 det
454 1147 88 29 förslag
557 1147 38 21 till
603 1147 195 28 koncessionslag,
807 1154 50 14 som

101 1182 130 21 innehälles
247 1182 35 22 uti
293 1184 33 20 ett
337 1182 63 22 inom
408 1182 173 28 Ridderskapet
589 1181 44 22 och
644 1182 76 21 Adeln
731 1184 59 19 samt
799 1182 58 20 Bor-

102 1223 64 21 gare-
182 1216 42 22 och
240 1216 182 22 Bondeständen
437 1216 41 22 vid
493 1216 159 22 innevarande
663 1216 113 28 landtdag
786 1215 70 21 väckt

102 1250 197 29 motionsförslag,
322 1251 91 21 hvilket
435 1251 88 28 förslag
546 1250 26 22 af
593 1250 104 22 Ständen
711 1250 145 29 hänskjutits

101 1284 38 22 till
161 1284 169 29 Lagutskottet
353 1286 44 21 och
419 1286 26 20 af
461 1285 124 22 Utskottet
600 1286 8 20 i
623 1285 167 28 sammanhang
804 1284 53 21 med

100 1319 46 21 den
161 1319 87 29 nädiga
258 1320 178 28 propositionen
446 1319 146 22 behandlats.
616 1319 122 22 Utskottet
748 1319 35 21 fär
793 1319 64 27 förty

98 1353 120 29 tillstyrka
226 1354 187 28 propositionens
422 1353 131 29 antagande
561 1353 153 22 ihufvudsak.
723 1353 87 21 Tillika
817 1353 41 21 har

101 1388 60 22 dock
177 1388 122 22 Utskottet
314 1388 52 22 bort
380 1388 114 29 redogöra
509 1388 36 22 för
560 1389 80 27 nägra,
656 1389 62 21 inom
734 1388 123 22 Utskottet

168 1434 134 24 Lagutskottets
314 1434 109 19 betänkande
435 1435 35 18 N:o
483 1436 27 17 12.
