1056 1725
205 134 25 20 12

389 132 70 22 Ständ.
474 132 33 22 Sv.
525 144 22 3 —
566 133 58 26 Prop.
640 132 35 22 N:o
691 132 36 22 29.

313 196 69 20 endast
402 196 43 20 med
468 197 66 22 fartua
557 196 33 20 och
613 196 56 25 frakt
691 196 24 18 så
730 196 53 24 långt
796 196 47 24 gäld
858 196 76 20 dermed

314 230 74 20 betalas
402 230 45 20 kan.
478 226 31 24 Är
523 230 87 25 fartyget
625 229 119 25 försäkradt
759 236 56 14 anses
830 230 19 24 ej
857 230 77 25 godtgö-

315 265 53 23 relse,
392 271 42 14 som
457 264 205 26 försäkringsgifvare
685 264 93 25 erlägger,
797 264 61 20 under
873 264 62 20 sådan

315 299 123 26 ansvarighet
453 300 114 25 inbegripen.

387 334 62 20 Föres
464 334 71 25 befälet
549 334 12 19 å
576 334 69 25 fartyg
661 334 25 24 af
699 334 62 25 någon
777 333 117 24 medredare,
907 333 28 20 åt-

316 368 52 25 njute
388 369 39 19 han
449 368 39 20 lika
510 369 85 24 förmån,
620 369 66 19 såsom
701 375 26 13 nu
742 374 30 14 om
787 374 65 13 annan
867 367 69 20 redare

316 403 58 24 sagdt
395 403 30 23 är,
449 403 26 19 då
497 403 58 25 något
572 403 87 25 anspråk
673 403 40 20 icke
727 404 56 23 göres
793 403 30 24 på
837 402 62 25 grund
914 402 25 23 af

316 437 50 20 hans
381 437 100 20 särskilda
496 437 95 21 vållande.

597 501 15 27 $
626 501 31 20 31.

390 547 114 29 Öfverbefäl
522 553 30 25 på
573 553 59 24 finskt
654 553 73 24 fartyg,
751 551 92 20 hvarmed
857 551 82 20 resande

319 586 118 25 fortskaffas
452 586 45 20 eller
511 587 156 25 handelssjöfart
675 586 63 24 idkas,
755 586 32 20 må
797 586 101 25 anförtros
909 592 29 14 en-

320 621 46 19 dast
388 621 20 20 åt
429 620 51 24 finsk
498 621 130 26 medborgare,
648 628 42 14 som
705 622 62 24 aflagt
777 622 52 24 prof
838 621 29 25 på
881 621 59 25 insigt

321 655 33 20 och
368 656 51 19 visat
434 656 111 24 erfarenhet
559 656 8 20 i
581 656 60 26 yrket,
658 656 65 20 säsom
739 656 68 20 derom
821 656 61 24 finnes
897 656 42 19 sär-

322 690 59 20 skildt
395 690 98 25 stadgadt.
524 690 56 20 Från
596 691 129 25 skyldigheten
735 692 30 18 att
775 691 62 24 förete
847 690 52 25 intyg
909 696 31 14 om

322 724 63 20 sådan
399 725 59 25 insigt
473 725 32 20 och
521 726 110 23 erfarenhet
647 726 74 24 befrias
737 725 60 20 likväl
807 724 134 25 vefälhafvare

322 759 13 19 å
350 759 57 20 båtar
422 759 33 20 och
470 760 122 25 segelfartyg,
609 760 26 20 då
651 760 22 20 de
687 760 96 25 begagnas
799 760 29 19 till
841 759 52 20 kust-
909 758 33 20 och

322 794 75 24 sjöfart
411 794 52 20 inom
479 794 64 20 landet
558 794 45 20 eller
619 795 30 19 till
665 795 94 24 seglation
770 794 29 25 på
814 794 60 25 ryska
888 794 53 19 ham-

323 834 37 14 nar
383 828 32 20 vid
437 828 75 20 Finska
534 829 61 24 viken,
617 824 100 30 Östersjön
740 829 33 20 och
788 829 87 25 Ladoga,
891 830 52 18 samt

325 863 29 20 till
376 863 81 20 svenska
479 864 82 20 hamnar
580 864 33 20 vid
629 864 105 21 Bottniska
748 864 55 20 viken
819 864 33 20 och
867 858 76 25 Ålands

324 897 38 25 haf
374 898 100 24 äfvensom
489 899 30 19 till
532 898 113 21 Stockholm.

397 940 14 19 I
430 939 77 25 nödfall
529 940 32 20 må
583 940 48 21 dock
649 941 78 24 fartygs
742 940 83 25 förande
840 940 33 24 för
888 946 55 13 resas

326 975 130 24 fortsättande
471 975 102 24 anförtros
591 975 58 24 äfven
665 975 21 20 åt
700 975 92 20 utländsk
803 975 140 24 befälhafvare.

604 1039 15 26 $
633 1039 34 19 37.

397 1092 59 24 Ingen
479 1092 94 24 borgenär
594 1091 58 25 hafve
670 1091 41 20 rätt
727 1092 29 19 alt
770 1091 71 20 hindra
856 1091 90 24 segelfär-

328 1125 41 25 digt
383 1125 66 25 fartyg
464 1125 48 25 från
527 1125 68 25 afresa
609 1124 34 28 för
657 1132 66 13 annan
731 1125 47 25 gäld
788 1126 26 19 än
825 1124 69 26 sådan,
905 1131 42 14 som

329 1162 24 18 är
369 1159 30 21 till
413 1160 94 25 betalning
522 1160 95 24 förfallen
633 1160 33 20 och
681 1160 33 24 för
729 1160 74 20 hvilken
817 1160 131 24 förmånsrätt

330 1195 60 23 finnes
406 1195 8 19 i
427 1195 16 26 $
457 1195 26 19 12
499 1195 112 25 medgifven.
643 1194 81 20 Samma
739 1195 32 24 lag
781 1200 47 14 vare
838 1200 31 14 om
878 1195 70 19 utmät-

330 1230 44 24 ning
389 1230 26 24 af
431 1229 62 20 redan
507 1229 96 20 inlastadt
615 1229 54 25 gods,
686 1229 65 20 såvidt
766 1229 95 25 dröjsmål
876 1229 73 25 derige-

331 1271 43 13 nom
388 1264 117 24 förorsakas
519 1264 34 20 och
568 1264 61 25 tredje
644 1270 55 14 mans
714 1265 43 19 rätt
771 1264 83 20 sålunda
869 1264 78 24 förnär-

330 1306 49 17 mas,
392 1299 29 25 på
435 1300 40 19 sätt
490 1300 8 19 i
511 1299 15 27 $
541 1299 27 20 97
583 1299 107 24 nedanföre
706 1299 53 24 sägs.

400 1340 56 20 Från
477 1339 126 25 segelfärdigt
625 1340 67 24 fartyg
714 1339 34 19 må
762 1338 40 20 icke
816 1339 59 19 heller
889 1339 61 24 befäl-

332 1375 95 25 hafvaren
442 1374 46 20 eller
503 1374 62 24 någon
579 1374 26 24 af
617 1374 130 24 besättningen
761 1374 34 24 för
807 1373 46 25 gäld
863 1374 88 24 bysättas

333 1410 45 20 eller
393 1408 71 21 sådant
479 1410 55 23 tagas
549 1408 8 20 i
571 1409 46 22 mät,
634 1414 41 13 som
690 1408 23 19 de
728 1408 34 24 för
777 1408 57 24 nödig
844 1408 107 19 beklädnad

334 1445 45 19 eller
395 1444 88 24 tjenstens
499 1443 58 24 behof
568 1443 42 24 fört
625 1442 86 20 ombord.
