1056 1725
335 116 20 20 U.
372 116 21 20 B.
409 128 28 2 —
453 116 57 27 Prop.
529 116 35 21 N:o
580 115 35 22 36.
799 116 28 21 23

236 178 9 20 i
260 178 131 22 verksamhet
405 180 9 19 i
429 179 95 27 enlighet
540 179 47 21 med
603 179 40 20 den
655 179 41 26 för
707 179 83 27 bolaget
800 182 55 25 fast-

235 212 74 21 stälda
326 212 176 28 bolagsordning.

520 305 13 22 6
549 305 20 28 8.

278 351 117 28 Jernvägs
411 354 106 18 närmare
534 350 137 29 sträckning
685 350 70 29 jemte
767 351 88 21 banans

236 384 110 22 tekniska
360 384 170 27 beskaffenhet,
546 384 87 21 minsta
643 384 89 21 antalet
743 385 113 21 stationer

235 418 45 22 och
294 419 91 28 platsen
400 419 37 21 för
451 419 118 21 desamma
584 421 60 19 samt
659 419 28 21 de
698 419 36 21 för
744 419 111 21 samfärd-

235 453 51 22 seln
300 453 97 22 afsedda
411 453 172 22 lokomotivens
594 453 45 22 och
645 453 210 29 jernvägsvagnar-

236 494 40 14 nes
293 490 36 18 art
348 487 44 22 och
407 487 163 22 beskaffenhet
592 487 105 22 faställas
714 488 23 21 af
753 488 102 21 Senaten

236 521 52 22 med
310 521 97 29 ledning
429 522 27 21 af
476 522 155 28 fullständiga
657 521 94 29 förslag,
774 522 81 21 hvilka

235 555 41 22 det
300 556 92 29 åligger
414 556 144 29 anläggaren
583 559 34 19 att
637 556 36 22 till
696 556 102 22 Senaten
821 557 34 21 in-

235 590 83 22 lemna.

521 649 48 29 78.

278 696 58 21 Den,
352 702 49 14 som
416 695 95 21 erhållit
532 695 109 21 tillstånd
656 695 37 21 till
708 695 147 29 anläggande

235 730 27 22 af
272 730 106 28 jernväg,
401 734 25 17 är
442 730 135 28 berättigad
597 732 40 23 att,
654 729 75 29 enligt
744 730 27 21 de
787 730 8 20 i
810 730 45 21 för-

237 764 129 28 ordningen
382 765 25 21 af
420 764 48 22 den
484 766 25 20 12
525 764 128 22 December
670 765 55 21 1864
740 771 36 15 om
789 764 66 29 jords

234 798 142 30 upplåtande
392 799 37 21 för
444 799 98 21 allmänt
564 798 75 22 behof
658 798 111 28 stadgade
784 806 71 21 grun-

234 833 48 26 der,
305 833 37 21 för
361 833 130 29 jernvägen
513 833 76 21 inlösa
612 833 31 22 all
657 833 45 21 den
717 833 72 26 mark,
805 840 49 14 som

234 868 36 21 till
294 868 60 21 bana
376 868 43 21 och
442 867 29 22 de
494 868 37 21 för
551 867 201 29 jernvägsdriften
767 867 87 29 nödiga

236 902 142 29 byggnader.
408 902 160 29 inrättningar
598 902 44 21 och
667 902 187 29 upplagsplatser

234 939 60 19 samt
309 940 73 25 vägar
397 937 42 20 och
455 936 80 27 diken,
551 937 120 21 äfvensom
686 937 35 20 för
736 936 119 22 vinnande

235 971 26 21 af
274 971 191 28 fyllningsämne,
482 973 51 19 sten
549 971 44 21 och
609 978 56 21 grus
675 971 120 22 erfordras.
821 965 34 27 Är

234 1005 66 22 mark
323 1005 104 28 behöflig
442 1005 62 22 blott
519 1005 37 22 för
570 1005 49 22 viss
635 1005 35 21 tid
685 1005 21 29 ej
723 1005 65 21 öfver
803 1005 52 28 fyra

234 1039 33 26 år,
281 1040 37 21 må
334 1039 82 22 endast
433 1040 127 28 nyttjorätt
573 1040 36 21 för
620 1039 131 22 ändamålet
761 1039 94 22 inlösas.

304 1074 101 21 Senaten
421 1081 62 20 eger,
499 1074 30 28 på
545 1073 80 22 derom
639 1074 68 28 gjord
723 1073 133 28 ansökning

234 1108 44 22 och
293 1109 59 20 efter
366 1108 168 29 jordegarenes
549 1108 45 21 och
610 1108 77 28 öfriga
701 1108 154 21 vederböran-

234 1143 40 21 des
290 1142 110 27 hörande,
413 1143 130 21 bestämma
553 1143 46 21 den
609 1142 73 26 mark,
693 1149 48 15 som
751 1143 36 21 för
791 1143 64 28 jern-

233 1180 79 26 vägens
328 1178 64 28 behof
404 1177 89 22 inlösas
508 1178 48 26 må;
581 1177 44 22 och
640 1177 97 21 förfares
752 1177 53 22 med
820 1178 35 21 så-

233 1212 58 22 dant
313 1212 83 21 ärende
419 1212 8 21 i
453 1212 72 28 öfrigt
548 1212 76 28 enligt
644 1214 12 20 6
672 1213 13 26 $
700 1212 8 21 i
724 1211 131 29 åberopade

234 1246 143 28 förordning,
394 1246 61 22 dock
479 1248 35 20 att
530 1246 133 22 afträdaren
680 1246 45 22 och
740 1245 116 22 tillträda-

233 1288 42 14 ren
290 1283 52 19 utse
362 1280 243 29 värderingsmännen
622 1280 37 22 till
673 1280 79 22 halfva
768 1280 89 22 antalet

234 1315 120 21 hvardera.
392 1315 108 21 Tredskas
515 1315 140 28 afträdaren,
671 1315 53 21 eller
739 1318 27 18 är
776 1316 80 20 tillträ-

234 1350 68 20 daren
318 1350 52 28 sjelf
383 1357 64 20 egare
463 1350 28 26 af
501 1350 95 25 marken,
611 1349 40 21 bör
663 1351 135 26 yuvernören
810 1352 47 18 utse

234 1384 76 27 halfva
327 1384 84 20 antalet
428 1383 30 27 af
471 1384 232 26 värderingsmännen.

168 1429 134 24 Lagutskottets
314 1426 108 21 betänkande
435 1428 35 19 N:o
483 1430 28 17 12.
