1056 1725
313 133 72 22 Ständ.
399 133 32 22 Sv.
447 145 27 3 —
490 134 58 26 Prop.
564 134 35 22 N:o
614 134 36 21 29.
819 134 12 21 7

238 203 26 24 af
276 204 124 24 registrering
422 203 143 21 underkastadt
575 202 71 28 fartyg
661 204 46 20 eller
724 204 31 20 del
770 204 43 20 deri
826 204 33 20 ske

238 238 109 24 skriftligen
370 238 33 20 och
417 238 46 20 med
478 240 65 18 tvenne
557 238 72 20 vittnen
644 240 57 22 samt,
715 238 32 26 på
763 239 42 20 sätt
820 238 41 20 der-

238 278 30 15 om
290 274 24 18 är
336 272 99 25 stadgadt,
459 273 8 20 i
491 272 151 26 skeppsregister
661 272 92 26 införas;
768 273 33 20 och
815 279 48 14 vare

237 307 80 25 muntlig
337 306 124 28 öfverlåtelse
479 307 58 26 ogild,
557 307 34 20 der
607 307 35 20 den
657 308 19 24 ej
690 307 45 20 sker
750 314 67 19 genom
832 308 31 24 of-

237 341 77 26 fentligt
329 341 134 26 tvångsutrop,
478 342 9 20 i
500 342 71 21 hvilket
581 341 44 28 fall
640 341 89 28 skriftlig
745 342 118 25 afhandling

238 376 66 20 derom
318 377 35 19 bör
368 376 72 25 efteråt
455 377 114 24 upprättas.

307 410 77 21 Saknas
403 412 93 19 närmare
511 411 117 24 bestämning
644 417 30 14 om
689 411 37 24 det,
742 417 43 15 som
799 411 64 24 öfver-

239 445 61 24 låtits,
312 451 57 14 anses
380 445 40 20 alla
430 445 97 26 fartygets
539 445 86 20 tillbehör
635 445 43 20 deri
687 445 115 25 inbegripna
812 447 53 18 samt

239 480 102 23 dessutom,
358 480 46 24 ifall
418 479 68 26 fartyg
501 480 48 20 eller
563 479 111 28 fartygsdel
686 479 63 21 under
756 479 109 26 påstående

239 520 44 14 resa
303 514 106 27 föryttras,
435 514 74 20 vinsten
529 513 26 28 af
567 514 78 25 frakten
660 514 34 25 för
709 514 36 20 den
761 515 44 22 last,
822 520 42 15 som

238 548 62 24 finnes
316 548 88 24 ombord,
421 548 26 20 då
463 549 74 24 ombyte
553 548 26 25 af
591 555 56 18 egare
662 548 51 21 sker.

525 608 11 24 $
551 593 25 45 8.

310 647 111 29 Öfverläter
435 652 64 25 nägon
514 653 67 24 fartyg
592 652 45 20 eller
647 652 111 25 fartygsdel
773 651 30 20 till
814 652 50 18 tven-

240 693 28 17 ne,
289 686 33 20 och
336 686 38 20 har
389 686 41 23 den,
447 686 32 20 till
493 686 75 20 hvilken
583 692 67 14 senare
660 686 139 25 öfverlätelsen
809 685 55 20 sked-

242 721 27 24 de,
292 721 41 25 fått
354 721 35 19 sitt
413 720 48 26 fång
477 721 8 20 i
500 721 160 25 skeppsregistret
681 720 118 26 inskrifvet;
819 726 46 14 vare

242 755 82 25 tidigare
339 754 138 28 öfverlätelsen
492 757 41 19 mot
547 756 68 20 honom
626 757 47 19 utan
683 755 79 25 verkan,
773 760 32 15 om
815 754 49 20 hans

242 790 83 24 förvärf
337 789 71 21 skedde
423 790 8 19 i
443 790 40 25 god
499 792 29 18 tro
544 790 34 20 och
592 792 40 18 mot
645 790 97 24 vederlag.

314 824 54 24 Har,
384 824 59 20 innan
459 825 124 24 öfverlätelse
597 825 26 24 af
635 824 66 25 fartyg
718 824 47 20 eller
780 823 87 25 fartygs-

246 859 30 20 del
290 859 8 20 i
315 859 92 25 registret
420 859 119 25 inskrifvits,
555 859 55 25 förre
625 865 79 19 egarens
716 856 151 28 pantförskrif-

246 894 44 25 ning
312 894 65 24 blifvit
395 894 58 25 enligt
467 895 17 24 &
500 895 26 19 10
542 894 43 20 deri
598 893 106 24 intecknad,
722 893 35 21 och
772 899 37 14 var
825 892 41 23 den,

246 934 42 14 som
310 928 129 25 inteckningen
461 929 68 25 erhöll,
548 929 9 19 i
573 928 37 25 god
629 930 36 22 tro,
680 928 51 25 gälle
748 927 35 20 den
798 926 70 21 inteck-

247 963 43 25 ning
306 963 56 24 äfven
377 964 41 19 mot
431 969 36 19 nye
482 969 75 19 egaren.

533 1019 16 28 $
564 1020 19 19 9.

316 1065 97 21 Enskilda
435 1065 83 21 andelar
540 1066 9 19 i
565 1065 67 25 fartyg
651 1065 32 20 mä
698 1065 19 23 ej
732 1064 30 20 till
776 1063 93 21 utländsk

247 1107 45 13 man
308 1100 103 25 föryttras.
442 1099 51 21 Sker
508 1100 37 23 det,
560 1106 47 13 vare
623 1099 66 25 ogildt.
720 1095 75 28 Ärfver
805 1098 64 19 utlän-

248 1135 44 25 ding
307 1135 63 20 sädan
385 1134 62 24 andel,
465 1134 47 22 eller
528 1134 37 20 blir
581 1134 86 25 delegare
681 1135 62 19 annat
760 1132 57 21 lands
831 1138 35 14 un-

248 1169 82 25 dersäte,
347 1169 51 20 skall
412 1169 39 20 han
465 1169 54 20 inom
535 1171 29 18 tre
577 1169 94 19 mänader
681 1168 99 25 öfverläta
791 1166 78 21 andelen

249 1205 29 20 till
299 1204 85 20 inhemsk
403 1210 52 18 man,
476 1204 48 20 eller
542 1204 61 20 varde
623 1204 36 19 den
674 1203 33 25 för
723 1203 50 19 hans
788 1201 82 25 räkning

249 1239 25 25 af
286 1238 136 21 medredarene
435 1245 69 18 genom
521 1238 92 25 offentligt
627 1239 58 24 utrop
699 1236 85 26 försäld.

317 1273 64 25 Säljes
391 1272 142 28 fartygsandel
549 1273 29 19 till
591 1272 85 20 inhemsk
689 1278 52 17 man,
752 1271 58 24 hafve
819 1270 51 20 med-

249 1308 75 24 redare,
348 1307 26 27 en;
389 1308 46 20 eller
449 1308 48 24 flere
510 1308 123 24 gemensamt,
649 1308 42 18 rätt
705 1308 29 18 att
749 1306 63 20 inlösa
827 1304 43 20 den-

249 1349 76 13 samma
339 1343 51 19 inom
406 1344 29 18 tre
451 1342 64 25 dagar
530 1342 49 24 efter
589 1341 95 27 utgången
695 1341 26 25 af
729 1340 43 26 den,
785 1340 25 19 dä
820 1339 51 20 hem-

250 1377 37 20 bud
302 1377 54 23 skett,
373 1377 46 19 eller
434 1376 143 20 underrättelse
592 1382 31 14 om
637 1376 61 20 redan
712 1374 102 21 verkstälä
829 1374 42 24 för-

250 1412 83 24 säljning
355 1411 65 25 blifvit
439 1411 43 20 dem
497 1411 106 25 meddelad,
619 1412 52 18 samt
684 1410 94 24 säljaren,
795 1414 30 14 om
841 1408 31 19 det

249 1446 93 25 päyrkas,
365 1445 43 21 med
426 1445 25 22 ed
471 1446 55 24 inför
540 1447 101 18 närmaste
655 1445 83 20 domstol
752 1444 64 24 fästat
831 1443 40 20 rik-
