1056 1725
230 172 29 20 22

200 230 54 22 eller
270 230 7 21 i
294 230 116 22 afrundadt
425 231 31 21 tal
471 231 119 27 3,355,000
606 231 71 21 mark.

260 266 21 25 b)
292 273 34 15 om
337 266 214 28 uppsättningstiden
562 266 107 22 beräknas
680 266 48 22 från
739 266 42 22 den
791 267 12 21 1
813 266 61 27 April
883 266 67 22 1889.

200 302 209 27 Kasernbyggnader
429 319 5 4 .
466 319 5 4 .
503 319 4 4 .
539 319 6 5 .
577 319 5 5 .
689 319 5 5 <
726 319 5 4 <
763 319 5 4 +
801 319 4 5 +
832 302 120 28 2,069,000

202 334 377 35 Undervisningskommenderingen
607 319 50 42 för
670 339 139 28 underbefä!,

261 374 48 21 från
327 376 11 18 1
355 375 105 26 April!
477 375 52 21 Nov.
547 375 58 22 1889
655 391 4 5 .
692 391 5 5 .
729 391 5 4 .
767 391 4 4 .
804 391 5 5 .
855 373 98 28 234,000

202 410 34 21 1:a
251 410 210 27 uppsättningsäret,
477 411 48 21 frän
542 411 11 21 1
570 411 54 21 Nov.
639 411 101 22 1889—1
753 410 54 21 Nov.

263 447 58 20 1890
356 462 5 5 .
393 463 5 4 .
431 463 4 4 .
728 463 4 4 -
765 463 4 4 +
802 463 5 4 +
854 446 96 27 706,038

201 482 35 21 2:a
257 463 215 46 uppsättningsäret,
482 463 48 40 frän
541 463 46 40 den
605 463 16 40 i
633 463 54 40 Nov.
691 463 115 40 18901

261 517 54 21 Nov.
333 517 104 22 1891.
469 534 5 5 .
506 534 5 5 .
729 534 6 4 +
767 534 4 4 <
803 533 5 5 <
855 517 97 27 885,106

202 553 24 21 af
244 553 35 21 3:e
300 553 201 28 uppsättningsäret
521 534 64 42 tiden
602 534 58 42 från
667 554 11 21 1
693 534 114 41 Nov.—81

263 589 51 21 Dec.
332 590 57 21 1892
433 606 5 5 vo
471 606 77 5 soc.
692 606 41 4 ss
766 606 5 4 2
803 606 5 4 +»
855 589 96 27 326,636

202 625 189 27 Brigadstyrelsen
407 626 68 21 under
491 626 81 21 inemot
581 606 20 41 3
617 606 32 46 år,
655 606 110 46 öring
804 641 5 5 5
871 625 82 26 75,000

661 662 88 20 Summa
763 661 44 26 Inc
831 660 120 28 4,295,780

203 696 54 22 eller
273 697 7 21 i
296 696 117 22 afrundadt
429 698 30 20 tal
474 698 119 26 4,300,000
609 698 69 20 mark.

69 732 103 26 Ändringar
185 737 9 16 i
263 732 163 28 Uppsättandet
449 732 24 22 af
490 732 66 22 finskt
575 733 105 22 kavalleri
700 733 67 21 borde
788 732 68 28 enligt
877 732 77 22 Komi-

69 766 127 23 Värnepligts-
209 768 49 21 töns
279 768 67 22 tanke
367 768 7 21 i
395 769 39 21 och
454 769 33 21 för
507 768 34 28 sig
561 769 47 21 icke
629 769 87 27 påkalla
731 770 68 25 några
814 768 117 27 ändringar
947 768 7 21 i

101 797 61 22 lagen.
203 804 88 22 Jandets
306 804 181 28 Värnepligtslag,
508 807 52 19 enär
580 812 27 14 en
628 805 67 21 sådan
717 805 77 27 åtgärd
816 805 67 21 redan
904 806 21 19 är
944 804 7 21 i

203 840 64 26 lagen
291 840 119 22 förutsedd.
445 840 74 28 Enligt
541 841 50 21 dess
616 841 85 21 121:sta
725 841 12 27 &
760 840 135 22 tillkommer
916 840 37 21 det

204 876 109 27 nemligen
333 877 104 26 Kejsaren
458 877 40 21 och
518 876 136 23 Storfursten
669 879 34 19 att
718 877 110 21 fastställa
843 883 108 14 samman-

204 912 127 27 sättningen
353 913 38 21 och
413 912 148 28 fördelningen
583 913 24 21 af
623 912 86 22 landets
726 913 140 26 truppstyrka
881 913 29 26 på
927 912 26 21 de

205 948 60 21 olika
285 954 84 21 vapnen
394 949 92 21 likasom
512 949 62 21 äfven
601 949 50 21 dess
675 948 133 21 dislokation
827 948 59 21 inom
907 948 48 21 lan-

206 984 44 26 det,
270 984 39 21 och
325 984 74 27 lagens
415 984 69 27 öfriga
498 984 137 22 föreskrifter
649 987 38 19 äro
704 984 7 21 i
727 983 227 22 öfverensstämmelse

205 1019 92 22 härmed
318 1020 7 21 i
346 1020 119 21 allmänhet
485 1021 24 20 så
529 1020 104 22 affattade
653 1022 33 19 att
707 1020 26 21 de
749 1019 48 22 icke
812 1019 91 22 hänföra
919 1019 34 26 sig

206 1055 34 21 till
259 1057 67 26 något
346 1056 55 21 visst
416 1056 121 27 vapenslag.
569 1056 43 21 Det
627 1056 91 21 oaktadt
733 1055 40 22 har
788 1055 103 22 Komitén
907 1055 48 21 icke

206 1091 86 21 kunnat
314 1092 72 26 undgå
409 1093 33 20 att
465 1092 156 27 underdånigst
644 1091 80 22 föreslå
743 1091 93 27 ändring
857 1091 6 20 i
885 1092 34 20 tre
935 1091 24 20 af

206 1127 216 27 Värnepligtslagens
433 1128 30 28 $$,
474 1127 109 27 nämligen
594 1128 42 21 den
647 1127 67 27 86:te,
725 1127 73 27 93:dje
810 1127 40 21 och
861 1127 95 25 121:sta;

207 1163 40 21 och
264 1165 38 19 äro
319 1164 26 20 de
361 1164 54 27 skäl,
431 1170 46 15 som
493 1164 90 21 förmått
598 1163 103 21 Komitén
717 1163 82 27 härtill,
815 1162 106 27 följande:

250 1201 4 3 *
267 1199 159 21 Förstnämnde
447 1200 18 26 8,
485 1199 88 21 hvilken
593 1199 133 21 bestämmer
743 1199 130 26 grunderna,
889 1198 69 26 enligt

207 1234 75 22 hvilka
303 1236 26 20 de
351 1235 34 21 till
405 1235 60 21 aktiv
479 1236 68 26 tjenst
562 1235 92 21 utsedde
670 1234 157 27 värnepligtige
843 1234 52 21 böra
911 1233 43 21 för-

208 1270 61 22 delas
293 1272 28 26 på
342 1271 26 21 de
389 1270 71 22 skilda
479 1268 128 30 trupperna,
628 1271 64 26 utgår
712 1270 48 21 från
782 1270 41 21 den
843 1269 114 21 förutsätt-

208 1307 53 27 ning
277 1308 34 20 att
326 1307 85 21 landets
427 1306 202 28 truppafdelningar
645 1308 36 20 äro
697 1306 35 21 till
748 1306 83 21 antalet
841 1305 44 27 nio,
896 1307 63 19 näm-

208 1342 66 28 ligen,
298 1342 94 22 förutom
415 1342 209 27 gardesbataljonen,
648 1348 27 15 en
697 1342 8 20 i
728 1341 74 27 hvarje
826 1340 23 22 af
870 1340 87 22 landets

209 1379 47 20 åtta
272 1378 43 22 län.
341 1378 76 22 Denna
432 1377 156 27 förutsättning
603 1378 87 20 komme
705 1376 116 22 framdeles
838 1376 47 22 icke
896 1382 61 15 mera

209 1416 34 19 att
258 1420 42 22 ega
314 1414 107 28 giltighet,
437 1414 7 21 i
459 1414 104 21 händelse
579 1414 26 21 de
621 1412 70 22 finska
706 1414 120 26 trupperna
841 1412 54 22 ökas
910 1412 51 21 med

210 1453 81 19 tvänne
312 1451 251 26 kavalleriregementen,
584 1449 99 26 förlagda
703 1449 104 26 antingen
827 1449 106 21 hvardera
953 1447 7 21 i
