1056 1725
244 122 12 20 2
462 122 19 23 U.
497 122 20 23 B.
534 136 25 2 —
577 123 54 29 Prop.
648 123 33 23 N:o
697 122 34 24 32.

559 186 6 7 2

215 191 44 15 nan
275 184 170 23 handtverkares
461 186 73 22 märke
557 194 12 14 å
585 187 37 21 sitt
645 187 82 23 arbete,
750 188 49 20 med
821 187 62 21 böter
905 187 23 21 af
949 188 28 18 50

216 220 67 20 daler.
313 219 82 21 Genom
410 219 105 22 Förordn.
531 220 24 22 af
568 221 41 21 den
626 222 27 20 13
668 222 52 21 Dec.
738 221 56 22 1859
809 222 118 27 upphäfdes
941 221 34 21 väl

216 254 41 21 den
272 254 8 20 i
296 254 170 27 Hallordningen
480 254 129 23 föreskrifna
624 256 122 26 besigtning
761 256 40 22 och
824 256 115 27 stämpling
954 255 23 21 af

216 288 112 22 inhemska
352 288 147 22 manufaktur-
523 290 38 21 och
584 291 155 26 fabriksvaror,
765 297 47 15 men
837 291 138 21 tillverkaren

217 323 135 22 förklarades
368 323 55 22 dock
439 324 83 27 skyldig
537 326 32 19 att
585 325 56 21 förse
657 325 47 21 sina
727 332 64 15 varor
813 326 48 21 med
877 325 37 21 sitt
929 321 46 31 tyd-

217 358 57 26 ligen
289 358 106 27 anbragta
411 365 64 14 namn
491 359 52 20 eller
559 361 94 25 antagna
667 360 76 21 märke
755 361 55 20 samt
820 359 156 27 tillverknings-

218 394 73 19 ortens
306 399 70 19 namn,
393 393 35 20 vid
443 393 96 27 äfventyr
554 395 33 20 att
602 399 92 16 varorna
705 394 69 21 skulle
785 401 62 14 anses
858 394 118 21 förbrutna.

218 427 69 20 Dessa
303 427 132 26 stadganden
451 433 34 15 om
501 427 120 28 skyldighet
636 429 33 20 för
685 429 158 21 handtverkare
859 429 40 21 och
913 428 64 21 fabri-

219 461 77 21 kanter
311 462 33 20 att
358 461 57 22 förse
432 462 47 21 sina
494 462 162 27 tillverkningar
672 463 49 21 med
737 469 64 15 namn
817 463 52 21 eller
889 463 91 26 stämpel

219 495 103 22 berördes
337 495 47 22 icke
399 496 24 21 af
436 496 161 27 Förordningen
613 503 35 15 om
671 497 79 22 handel
774 497 40 22 och
836 497 101 27 näringar
959 497 23 21 af

220 530 42 21 den
278 530 27 21 24
320 530 103 21 Februari
440 531 55 21 1868
511 531 40 21 och
566 531 71 22 blefvo
653 531 57 27 förty
727 531 132 22 fortfarande
874 531 105 27 gällande,

220 564 33 22 till
269 564 48 22 dess
333 565 160 27 Förordningen
509 572 34 14 om
559 566 128 27 näringarne
703 566 24 21 af
741 566 41 21 den
799 566 24 21 31
845 566 57 21 Mars
926 567 55 21 1879

221 599 109 27 upphäfde
346 600 47 20 dem
407 606 78 20 genom
501 600 47 22 dess
565 601 25 21 17
607 602 18 25 $,
642 607 45 15 som
711 601 69 27 lyder:
804 601 21 27 ,I
847 601 98 21 afseende
969 600 13 21 å

221 633 104 21 kontroll-
342 634 39 21 och
397 634 239 28 tillverkningsstämpel
653 635 12 21 å
681 635 89 21 arbeten
787 635 24 21 af
829 635 56 21 vissa
907 635 74 21 metal-

221 668 33 20 ler
269 669 56 20 samt
340 668 116 27 stämpling
471 669 23 21 af
507 669 60 27 mått,
584 670 69 26 vigter
668 669 40 21 och
725 669 96 27 spelkort
837 670 66 26 gäller
926 669 55 21 hvad

224 702 75 22 derom
315 702 102 22 särskildt
433 703 100 27 stadgadt
549 705 30 19 är.
605 704 11 21 I
632 704 65 26 öfrigt
712 710 51 14 vare
778 704 139 27 yrkesidkare
933 703 50 21 obe-

223 738 59 26 taget
298 738 32 20 att
345 738 75 20 märka
437 738 46 21 sina
499 738 65 21 alster
579 744 76 21 genom
667 738 55 21 skild
735 738 247 26 tillverkningsstämpel;

224 772 54 21 dock
294 772 35 21 må
344 772 41 21 han
401 772 73 22 dervid
489 773 46 20 icke
551 772 121 28 afsigtligen
687 774 80 26 antaga
783 773 40 21 och
837 772 98 21 använda
950 772 34 21 så-

224 806 41 21 dan
282 813 45 15 som
343 807 41 21 lätt
398 807 42 21 kan
461 807 105 21 förvexlas
588 808 49 20 med
661 814 71 14 annan
755 808 31 20 in-
809 808 51 20 eller
883 806 101 22 utländsk

225 841 112 21 enahanda
352 842 97 27 stämpel,
465 842 35 20 vid
515 841 38 22 bot
568 848 45 15 som
629 842 7 20 i
651 842 12 27 $
679 842 27 20 42
723 842 104 27 stadgas”.
859 842 126 27 Begagnan-

225 876 36 21 det
277 876 23 21 af
314 876 238 27 tillverkningsstämpel
567 876 12 21 å
594 877 113 21 inhemska
727 877 142 21 handtverks-
891 877 40 20 och
954 876 31 21 fa-

226 911 126 21 briksalster
368 913 24 19 är
407 911 83 21 således
514 918 89 15 numera
625 911 131 26 fakultativt,
779 911 94 21 förutom
895 911 7 21 i
925 911 61 26 fråga

226 952 34 15 om
276 945 90 22 arbeten
381 946 23 21 af
416 946 58 27 guld,
490 945 73 22 silfver
582 946 39 21 och
644 947 57 25 tenn,
726 946 6 20 i
757 945 99 22 afseende
879 945 12 21 å
914 945 72 21 hvilka

226 980 194 27 Kontrollstadgan
437 980 22 21 af
473 981 20 20 d.
510 981 12 20 7
537 981 50 21 Dec.
606 981 61 25 1752,
684 980 115 21 bekräftad
814 986 76 21 genom
901 979 84 28 kejserl.

228 1015 143 26 kungörelsen
388 1015 39 21 den
446 1016 25 20 19
487 1015 58 21 Mars
562 1015 61 25 1810,
641 1017 57 18 ännu
714 1016 24 19 är
753 1015 105 26 gällande,
875 1016 54 19 samt
945 1014 42 21 till-

227 1049 128 27 verkningar
370 1049 34 21 vid
417 1049 104 27 jernbruk
537 1049 39 21 och
592 1049 68 21 andra
676 1049 134 26 metallverk,
827 1049 13 20 &
855 1049 72 20 hvilka
942 1055 45 14 ver-

228 1084 48 21 kets
292 1084 92 26 stämpel
400 1084 53 21 skall
470 1083 113 27 anbringas
599 1084 67 26 enligt
681 1083 52 22 flere
756 1083 61 21 äldre
840 1083 78 26 päbud,
942 1089 45 15 som

228 1120 73 19 senast
320 1118 137 27 upplifvats
452 1113 12 36 i
479 1118 157 27 förordningen,
660 1118 111 27 angående
793 1118 109 21 utsträckt
924 1117 65 21 frihet

229 1154 33 20 att
276 1153 52 21 idka
342 1153 155 25 bruksrörelse,
513 1154 20 20 at
549 1153 40 21 den
605 1154 26 20 21
648 1152 121 22 December
789 1152 62 21 1885.

302 1188 46 21 Den
364 1187 107 27 egenskap
487 1187 22 21 af
523 1187 128 27 frivillighet,
669 1194 45 14 som
738 1186 157 22 varumärkena
911 1187 6 20 i
933 1186 57 22 före-

230 1222 90 22 stäende
336 1222 67 21 mätto
423 1221 85 22 erhällit
523 1222 6 20 i
545 1222 47 20 värt
615 1222 56 25 land,
695 1222 56 20 hade
775 1222 65 20 redan
864 1221 61 26 länge
947 1220 42 22 till-

231 1257 91 21 kommit
337 1257 48 21 dem
401 1256 6 21 i
423 1256 68 21 andra
505 1256 81 26 länder,
603 1257 6 20 i
625 1256 73 21 hvilka
713 1256 42 21 den
775 1256 102 20 likaledes
893 1254 98 28 uppstätt

232 1292 72 21 säsom
319 1298 27 14 en
360 1291 53 27 följd
428 1290 23 22 af
465 1291 220 21 handtverksskräens
696 1290 158 28 upphäfvande.
877 1290 48 21 Men
934 1289 57 21 hand

232 1327 7 20 i
255 1326 59 22 hand
329 1326 48 22 med
392 1325 148 27 frivilligheten
556 1325 40 21 har
611 1326 6 20 i
634 1326 63 20 dessa
712 1325 75 21 länder
802 1324 47 27 gätt
859 1331 25 15 en
896 1324 95 21 sträfvan

233 1362 33 20 att
281 1361 35 21 för
331 1360 124 22 tillverkare
471 1360 39 21 och
526 1360 111 26 försäljare
653 1359 23 21 af
690 1366 63 15 varor
777 1359 81 21 bereda
881 1358 111 27 möjlighet

234 1397 33 19 att
282 1396 49 20 med
346 1395 135 21 uteslutande
497 1395 44 20 rätt
555 1394 98 27 begagna
675 1394 52 21 visst
751 1393 132 21 varumärke.
915 1392 77 28 Tillgo-

235 1430 142 27 donjutandet
393 1429 22 21 af
428 1436 26 14 en
470 1428 57 28 dylik
541 1429 102 26 rättighet
659 1429 39 21 har
713 1428 134 27 gemenligen
870 1428 67 27 gjorts
956 1427 36 21 be-

236 1465 80 22 roende
332 1465 23 20 af
369 1471 25 14 en
414 1464 39 21 hos
473 1464 233 27 statsmyndighoterna
729 1463 68 22 skedd
820 1463 98 20 anmälan
941 1462 52 21 eller

307 1504 188 18 Ekonomiutskottets
507 1503 114 18 vetänkande
635 1505 34 16 N:o
684 1504 17 16 9.
