1056 1725
291 130 19 24 U.
326 130 20 23 B.
363 143 27 3 —
406 130 56 29 Prop.
479 130 32 23 N:o
527 130 33 24 29.
759 132 27 21 13

49 197 54 27 tidig
118 197 144 27 registrering.
278 208 27 3 —
320 196 115 27 Uttrycket
451 197 18 26 ,i
485 198 32 20 ett
531 196 154 27 sammanhang
695 196 119 22 behandlas

50 230 41 22 och
113 230 96 28 afgöras*
224 231 40 21 har
279 230 113 22 Utskottet
407 230 57 22 dock
479 232 55 20 trott
549 237 52 15 vara
615 230 145 22 vilseledande
774 231 39 21 och

51 264 73 22 derför
146 267 67 20 ersatt
235 272 76 20 genom
334 265 67 21 orden
425 264 82 27 ,säsom
529 265 109 27 samtidigt
660 265 102 21 inkomna
777 266 38 20 be-

51 299 91 22 handlas
158 299 40 22 och
214 299 102 28 afgöras*.

119 334 99 22 Befinnes
241 335 113 21 meddelad
377 334 126 27 inteckning
523 335 50 21 med
588 334 99 21 afseende
703 333 12 22 &
731 334 83 22 enskild

50 368 35 21 del
110 369 7 20 i
136 368 94 28 fartyget
243 368 65 22 hafva
322 369 85 27 ogiltigt
421 369 132 26 tillkommit,
569 368 70 22 skulle
654 368 161 27 konsegvensen
836 363 5 5 '

50 403 24 21 af
87 403 136 28 stadgandet,
242 405 33 20 att
290 403 116 28 fartygsdel
422 403 20 28 ej
458 403 35 22 fär
508 403 117 26 intecknas,
641 403 79 26 fordra,
736 404 33 20 att
783 403 32 21 in-

49 437 129 28 teckningen
202 437 61 22 äfven
286 438 133 21 beträffande
443 437 71 28 öfriga
537 438 60 21 delar
620 437 23 21 af
656 437 93 27 fartyget
764 443 51 16 vore

51 472 80 27 ogiltig.
162 472 66 21 Detta
249 479 50 15 vore
320 473 120 21 emellertid
456 471 91 28 obilligt,
564 472 38 21 der
617 471 146 22 förstnämnda
778 478 37 15 an-

50 506 36 21 del
100 506 99 27 utgjorde
214 507 77 21 endast
306 513 26 15 en
348 507 83 21 mindre
447 507 36 21 del
499 507 23 20 af
535 507 99 26 fartyget.
664 506 78 21 Derför
757 506 59 21 stad-

50 547 38 20 gas
104 541 7 21 i
126 540 12 27 $
154 541 27 22 35
198 553 25 3 —
240 541 54 22 efter
309 541 164 28 Lagutskottets
489 541 65 22 tanke
569 541 49 22 med
633 541 39 21 allt
687 541 47 21 skäl
746 552 27 3 —
783 541 33 20 att

51 575 7 21 i
75 575 95 27 antydda
185 575 39 22 fall
239 575 93 28 fartyget
347 576 7 21 i
369 576 33 22 sin
418 575 75 22 helhet
508 575 33 22 fär
556 578 61 25 tagas
633 576 6 21 i
655 578 49 24 mät,
719 582 50 14 men
783 576 33 20 att

50 609 237 28 inteckningshafvaren
296 617 25 15 ur
330 610 173 28 köpeskillingen
513 610 92 22 erhäller
615 610 134 27 godtgörelse
759 610 56 21 blott

50 644 34 21 för
99 644 42 22 den
156 645 68 26 andel,
240 645 61 21 hvari
316 646 152 26 inteckningen
484 645 117 27 behörigen
615 644 130 22 tillkommit.

121 679 281 22 Nationalitetscertifikatet
424 680 41 21 bör
487 679 110 22 innehälla
615 679 108 27 uppgifter
735 679 79 27 jemväl

53 719 34 15 om
108 713 103 28 fartygets
226 714 144 22 hufvudmätt.
400 714 51 22 Men
467 720 46 16 som
529 720 26 15 en
571 714 50 21 fullt
634 720 111 20 noggrann
760 715 54 20 mät-

53 748 51 27 ning
126 748 23 21 af
169 748 92 28 fartyget
283 749 18 27 ej
322 749 42 21 kan
385 749 45 26 ske,
451 749 66 21 innan
533 749 48 26 dess
597 748 41 22 last
653 748 83 26 lossats,
752 748 61 21 torde

53 782 130 22 certifikatet
198 782 34 22 för
247 783 76 21 sädant
338 783 77 27 fartyg,
432 789 47 15 som
494 785 88 19 nämnes
597 784 8 20 i
619 782 12 27 $
646 782 34 27 36,
689 782 46 22 icke
746 782 68 21 sällan

53 816 69 22 mästa
145 816 95 23 utfärdas
261 818 27 26 pä
302 818 69 26 grund
387 817 23 21 af
424 816 68 22 sädan
507 817 129 27 provisorisk
651 817 102 27 mätning,
769 823 45 15 som

52 850 88 28 stadgas
162 852 7 20 i
192 851 78 28 nädiga
292 852 142 27 kungörelsen
455 858 35 15 om
510 852 174 27 skeppsmätning
703 850 24 22 af
744 851 41 21 den
799 852 16 20 4

53 885 96 22 Oktober
166 886 62 21 1876.
258 887 10 20 1
291 887 101 21 händelse
407 887 36 20 vid
459 887 123 21 sedermera
596 886 108 21 verkstäld
720 885 94 22 definitiv

53 920 97 27 mätning
172 921 60 21 ernäs
255 921 113 21 afvikande
384 921 97 26 resultat,
502 921 68 21 mäste
589 921 129 26 anteckning
733 920 80 26 derom,

53 956 55 19 samt
128 961 35 15 om
178 955 102 27 fartygets
296 955 143 22 dimensioner
455 956 67 26 enligt
537 955 41 21 den
593 961 75 15 senare
683 955 130 26 mätningen,

52 988 108 27 sjelffallet
175 989 62 22 äfven
252 992 64 24 göras
330 990 7 21 i
353 989 146 29 certifikatet.

122 1023 112 22 Utskottet
256 1025 40 20 har
316 1025 100 26 slutligen
440 1026 54 19 trott
517 1024 153 27 författningen
685 1024 53 21 böra
753 1024 60 21 kom-

54 1057 102 27 pletteras
179 1059 49 20 med
250 1061 31 19 ett
302 1059 141 26 provisoriskt
458 1059 119 26 stadgande
593 1059 79 25 derom,
687 1058 63 21 hvem
766 1058 26 21 de
808 1058 6 21 i

53 1091 152 28 förordningen
221 1095 81 20 utsatta
316 1094 62 21 böter
393 1093 62 22 skola
471 1093 85 21 tillfalla
571 1093 39 22 och
626 1093 54 20 huru
691 1093 26 20 de
727 1093 35 20 vid
772 1092 43 21 bri-

54 1127 76 21 stande
152 1127 210 29 betalningstillgång
380 1127 129 22 förvandlas.
540 1128 130 26 Härigenom
689 1127 39 21 har
747 1133 26 15 en
788 1133 28 21 ny

53 1161 103 27 paragraf
170 1173 26 4 —
212 1162 12 26 $
240 1162 27 21 39
284 1174 25 3 —
326 1162 69 22 blifvit
411 1162 134 27 erforderlig.

263 1265 39 25 4:0)
324 1265 115 27 Förslaget
458 1266 33 20 till
505 1266 129 26 kungörelse
649 1264 114 28 angående
776 1266 39 25 fin-

193 1299 41 21 ska
247 1300 91 26 fartygs
352 1300 236 26 igenkänningstecken

55 1367 40 21 har
116 1367 34 21 till
174 1367 119 22 Ständerna
316 1368 153 21 öfverlemnats
492 1369 6 20 i
518 1368 100 22 afseende
633 1368 13 21 å
661 1369 99 26 yttrande
775 1368 40 21 och

55 1400 34 22 för
111 1403 33 19 att
165 1402 57 26 tjena
245 1402 33 21 till
300 1402 127 27 upplysning
446 1403 36 21 vid
502 1403 185 27 handläggningen
707 1402 24 22 af
748 1402 68 22 förut-

55 1436 93 21 nämnda
163 1437 33 20 tre
212 1436 87 27 förslag.

125 1481 137 22 Lagutskottets
276 1481 116 18 betänkande
404 1488 31 12 n:o
447 1483 29 17 23.

867 326 10 22 s
888 326 27 17 35.

865 677 10 22 8
888 677 21 17 36

864 1029 10 22 $
888 1029 27 17 39.
