1056 1725
314 104 22 23 U.
353 104 22 23 B.
391 115 30 6 —
437 104 60 28 Prop.
515 104 35 22 N:o
566 104 35 23 33.
786 104 13 20 3

70 166 119 29 ställning,
205 167 52 21 med
270 167 155 29 anmärkning
441 174 38 14 om
495 166 40 22 det
550 166 101 29 oriktiga
667 166 55 28 deri,
739 168 35 20 att
789 161 39 26 Öf-

69 201 155 28 verstyrelsen
243 203 57 20 utan
320 201 111 21 särskildt
445 200 190 29 bemyndigande
649 200 54 22 låtit
718 200 110 22 arbetena

70 235 14 21 å
106 234 113 23 Savolaks
238 235 100 29 jernväg
360 236 44 21 och
426 235 203 29 beställningarna
646 234 36 22 för
695 234 134 22 densamma

70 269 73 22 under
166 270 24 21 år
214 271 54 21 1887
290 270 103 29 försiggå
408 270 9 21 i
432 277 30 14 en
486 271 73 20 större
581 269 142 29 omfattning
738 272 30 19 än
783 269 45 22 den

70 303 36 22 för
135 304 213 29 byggnadsarbetet
376 304 75 21 under
477 305 50 21 året
551 303 122 22 faststälda
697 303 132 29 utgiftsstat

70 338 75 22 skulle
167 338 69 22 hafva
258 338 131 29 medgifvit,
411 338 76 22 likväl
502 339 8 20 i
526 337 153 22 betraktande
694 337 27 22 af
734 338 29 21 de
778 338 51 21 ska-

70 373 42 22 dor
127 373 44 22 och
186 373 149 29 olägenheter
347 373 40 22 det
404 373 93 22 kunnat
511 372 110 28 medföra,
637 380 38 14 om
690 373 110 22 arbetena
815 373 14 20 ä

70 407 74 33 linjen
165 408 80 21 blifvit
259 408 8 21 i
282 407 72 22 förtid
373 407 122 26 afbrutna,
518 407 38 22 för
571 409 35 20 att
620 407 139 29 möjliggöra
773 407 56 22 ban-

70 442 153 29 byggnadens
248 442 160 27 fortsättande,
437 449 38 14 om
499 443 43 20 ock
566 442 9 21 i
599 441 132 29 mättligare
757 441 71 24 skala,

70 477 74 21 under
168 477 61 21 årets
254 476 145 22 återstående
425 476 45 27 del,
496 477 76 20 såsom
597 476 101 21 tillskott
722 476 37 21 till
783 476 45 21 den

71 511 63 21 förut
163 511 123 21 faststälda
314 513 77 20 staten
422 510 99 29 beviljat
549 510 136 29 ytterligare
716 512 113 26 1,500,000

71 545 72 22 mark.

140 580 45 22 Väl
200 580 66 22 torde
282 580 39 22 det
335 580 41 22 vid
392 582 34 20 ett
437 581 26 20 så
481 579 145 23 omfattande
648 580 181 28 byggnadsföre-

71 616 47 27 tag,
134 622 50 14 som
199 614 39 22 det
253 615 184 29 ifrågavarande,
453 622 57 14 vara
525 615 64 21 svårt
605 622 36 14 om
656 614 51 22 icke
723 614 107 29 omöjligt

72 651 35 19 att
129 649 73 21 ordna
225 650 89 21 arbetet
336 650 30 27 så,
390 651 36 20 att
441 649 158 22 kostnaderna
613 649 144 29 fullkomligt
771 651 58 19 mot-

72 690 67 15 svara
164 683 64 22 hvad
250 691 49 15 som
321 684 74 22 under
415 692 29 13 en
465 684 106 22 bestämd
586 683 35 22 tid
636 684 123 21 beräknats
775 684 55 28 åtgå

73 718 43 21 och
131 718 111 22 särskildt
256 719 80 21 kunna
350 718 39 22 väl
404 718 142 22 inträffande
561 725 136 22 gynsamma
715 718 114 28 konjunk-

72 755 64 19 turer
151 752 121 22 föranleda
286 754 95 28 uppköp
396 753 31 29 på
443 760 29 14 en
487 753 64 28 gång
567 752 26 22 af
605 752 104 22 materiel
731 752 37 22 till
789 753 40 21 nå-

72 789 42 26 got
136 789 74 19 större
232 787 84 29 belopp
339 791 29 17 än
390 787 183 29 ursprungligen
587 787 61 21 varit
663 787 82 21 afsedt.
775 787 53 21 Men

72 821 122 22 Utskottet
208 824 50 19 tror
273 822 59 22 dock
348 824 35 19 att
397 822 41 21 det
452 822 53 21 icke
520 822 71 21 borde
606 821 70 22 hafva
693 823 60 20 mött
774 828 55 22 syn-

72 856 105 29 nerligen
193 858 63 20 stora
271 856 143 29 svårigheter
430 858 35 20 att
481 856 25 22 så
521 856 66 29 begå,
603 858 35 20 att
653 856 39 21 det
701 856 54 21 utaf
763 856 66 21 Stän-

72 890 72 22 derna
160 890 114 29 beviljade
294 891 82 28 anslag
394 891 52 21 icke
461 891 82 22 behöft
559 891 154 22 öfverskridas
728 891 8 21 i
752 891 25 21 så
791 890 38 21 be-

72 925 78 29 tydlig
164 925 59 29 grad
238 933 48 14 som
302 933 32 14 nu
348 926 69 27 skett,
433 925 152 29 hvarigenom
601 925 44 22 den
661 925 26 22 af
699 925 131 22 Ständerna

72 960 36 21 för
130 959 179 30 ifrågavarande
329 960 224 29 jernvägsbyggnad
569 960 122 21 faststälda
705 960 56 29 plan
776 959 53 22 blif-

74 994 32 21 vit
121 995 26 21 så
162 995 146 28 väsentligen
323 995 96 21 rubbad.

141 1029 38 21 Då
201 1029 129 21 emellertid
352 1029 40 21 det
406 1029 85 28 belopp
508 1036 49 14 som
571 1029 93 21 utöfver
679 1028 28 22 de
722 1028 27 22 af
762 1028 67 22 Stän-

74 1063 71 22 derna
168 1063 115 28 beviljade
304 1063 76 22 medel
403 1063 120 22 allaredan
542 1063 108 29 utgifvits
665 1063 36 22 för
716 1063 113 22 Savolaks

70 1097 231 29 jernvägsbyggnad,
329 1097 79 22 blifvit
431 1097 105 22 användt
559 1097 37 22 till
618 1099 33 20 ett
673 1097 98 28 företag,
794 1104 37 14 om

73 1131 69 23 hvars
158 1131 123 23 utförande
297 1132 131 22 Ständerna
445 1132 72 22 fattat
535 1132 82 27 beslut,
640 1131 43 23 och
698 1131 45 22 den
759 1131 73 23 totala

73 1166 131 22 kostnaden
219 1166 37 22 för
274 1167 127 22 detsamma
422 1166 53 22 icke
497 1166 66 22 torde
585 1167 92 21 komma
697 1168 36 20 att
751 1166 56 22 ökas
823 1166 8 21 i

73 1200 59 30 följd
148 1201 26 21 af
186 1201 98 23 berörda
299 1202 198 27 öfverskridande,
513 1202 42 21 har
564 1202 121 22 Utskottet
700 1201 59 22 dock
773 1203 59 19 trott

74 1236 36 28 sig
132 1235 56 22 böra
210 1236 119 29 tillstyrka
344 1235 172 30 godkännande
538 1236 27 22 af
585 1236 28 21 de
635 1236 7 22 i
661 1235 169 22 ofvanstående

74 1270 74 22 måtto
163 1270 83 29 gjorda
261 1270 134 29 utgifterna.

143 1304 44 22 Vid
207 1306 54 22 1885
282 1306 36 21 års
337 1305 114 29 landtdag
466 1304 144 22 beräknades
624 1304 157 22 kostnaderna
795 1303 36 22 för

74 1339 232 29 Kouvola—Kuopio
319 1340 100 28 jernväg
434 1339 37 21 till
488 1340 127 27 16,400,000
631 1339 72 22 mark.
729 1338 42 23 Uti
787 1338 46 22 den

74 1374 88 28 nådiga
176 1374 175 28 propositionen
372 1374 111 29 upplyses
503 1374 66 28 dock,
586 1375 35 20 att
635 1374 74 28 enligt
725 1373 39 21 det
779 1372 53 22 defi-

75 1408 76 22 nitiva
165 1408 225 30 kostnadsförslaget
409 1408 73 28 sagda
501 1408 99 29 utgifter
614 1408 93 22 komma
721 1409 36 20 att
771 1407 62 29 stiga

76 1443 37 21 till
130 1444 127 26 16,630,780
272 1443 72 27 mark;
360 1443 44 21 och
418 1443 43 21 har
479 1442 122 23 Utskottet
615 1444 76 20 ansett
706 1442 76 22 denna
798 1449 34 14 se-

145 1484 146 17 Statsutskottets
304 1483 109 18 betänkande
426 1485 34 15 N:o
472 1483 17 17 9.
