1056 1725
146 798 18 28 8.
180 797 29 21 93.

271 121 11 17 2
493 121 22 18 U.
529 121 22 18 B.
564 132 21 2 —
599 120 62 25 Prop.
674 122 37 18 N:o
725 121 28 19 41.

248 178 75 20 skottet
338 179 86 19 deremot
438 179 44 19 icke
497 180 75 19 kunnat
587 180 110 25 godkänna.
727 180 32 19 Då
774 180 122 26 skjutslegan
911 180 7 19 i
934 180 65 20 landet

248 213 58 20 sedan
330 214 53 19 tiden
405 214 30 19 för
452 214 193 26 värnepligtslagens
664 214 111 26 antagande
795 214 100 26 betydligt
914 216 85 23 stegrats

248 250 50 16 samt
320 248 36 19 den
375 248 7 19 i
400 248 143 25 propositionen
564 248 118 20 framhållna
703 249 163 19 distansrabatten
882 249 25 25 på
919 249 79 25 jernvä-

247 288 61 19 garne
323 285 100 23 motväges
440 283 56 19 deraf
510 285 29 17 att
554 283 59 20 äfven
629 283 128 26 biljettpriset
772 283 6 19 i
793 283 63 25 tredje
871 283 54 20 klass
940 282 58 20 sedan

248 317 82 18 nämnde
350 317 28 18 tid
397 317 88 25 förhöjts,
502 323 57 13 anser
577 317 97 19 utskottet
693 323 79 14 snarare
791 323 23 13 en
834 317 79 26 ökning,
933 320 23 17 än
976 324 22 12 en

247 351 113 25 minskning
382 351 21 19 af
425 351 176 26 färdpenningarne
623 358 48 13 vara
693 352 21 19 af
731 351 150 20 förhållandena
900 351 98 26 påkallad.

247 385 46 19 Med
308 385 91 19 afseende
415 385 92 25 derjemte
523 386 11 19 å
549 386 33 19 det
596 386 57 25 ringa
668 386 86 19 tillskott
769 386 6 19 i
791 386 88 25 utgifter,
890 393 23 12 en
925 386 74 19 mindre

247 419 113 26 förhöjning
382 419 21 20 af
425 420 56 19 dessa
503 420 152 25 färdpenningar
678 420 75 19 komme
776 422 29 17 att
827 421 30 18 för
879 421 120 19 statsverket

247 453 94 23 medföra,
357 453 36 20 har
408 454 97 19 utskottet
519 454 44 19 icke
578 454 69 19 tvekat
662 457 29 16 att
706 455 73 18 föreslå
795 455 42 18 dem
854 455 30 18 till
899 455 100 19 enahanda

248 487 71 26 belopp
334 488 30 19 för
380 488 109 24 kilometer,
505 495 41 12 som
561 488 72 19 hittills
649 489 51 18 varit
715 489 102 19 faststäldt
832 489 30 18 för
877 491 60 22 verst,
951 489 48 19 eller

247 522 42 19 åtta
304 522 64 27 penni.

316 556 10 19 I
345 556 36 20 den
400 557 111 25 föreslagna
530 557 89 25 lydelsen
639 557 30 19 för
684 557 13 26 &
713 557 26 19 86
755 557 36 19 har
807 557 95 20 utskottet
917 558 6 18 i
939 557 60 25 öfrigt

247 590 85 26 vidtagit
347 591 36 19 den
399 592 88 25 ändring,
500 594 29 16 att
539 592 99 19 slutorden
649 592 6 19 i
666 592 61 19 första
738 594 103 17 momentet
852 592 145 25 omredigerats,

247 625 30 19 för
296 627 29 17 att
344 625 104 26 tydligare,
468 629 24 16 än
511 626 54 19 detta
583 626 74 19 kunnat
675 626 35 20 ske
725 626 43 19 med
783 626 34 19 det
831 626 7 19 i
853 626 142 26 propositionen

246 659 90 19 använda
358 660 156 25 uttryckssättet,
537 660 56 26 gifva
615 660 34 19 vid
670 660 83 25 handen,
776 663 29 17 att
824 660 133 26 värnepligtig
976 660 21 19 sä

247 694 43 19 vidt
311 694 77 26 möjligt
410 695 51 19 skall
482 695 84 19 inkallas
589 695 31 19 till
639 695 37 19 den
694 697 66 23 trupp,
779 701 41 13 som
839 698 20 16 är
878 695 117 19 stationerad

246 731 87 17 närmast
348 729 51 19 intill
415 729 48 19 hans
478 729 80 19 hemort.

315 797 104 26 Förslaget
433 800 35 24 att,
484 798 42 20 med
541 798 83 25 ändring
640 798 21 20 af
676 798 25 20 93
717 798 19 26 8.
749 798 23 20 V.
785 798 29 24 L.,
826 798 107 19 inskränka
943 798 52 19 tiden

246 831 31 19 för
295 832 105 25 frivilliges
419 832 134 26 emottagande
572 832 34 20 vid
625 832 55 20 såväl
696 832 117 20 kavalleriet
830 839 39 13 som
885 832 111 20 infanteriet

245 866 32 19 till
300 865 88 21 Oktober
406 867 35 19 och
460 867 110 20 November
589 867 91 20 månader
699 867 36 20 har
753 868 51 19 inom
823 867 96 20 utskottet
937 867 59 19 väckt

245 900 99 20 särskilda
366 901 164 26 betänkligheter.
561 901 59 20 Utom
643 903 28 18 att
694 901 106 20 detsamma
823 902 80 19 innebär
925 908 23 13 en
967 902 28 18 in-

245 935 123 26 skränkning
390 936 6 18 i
419 936 143 25 värnepligtigs
585 938 40 17 rätt
641 938 31 18 ett
690 936 61 19 under
765 936 55 19 vissa
835 936 161 24 förutsättningar

244 969 78 20 inträda
346 970 62 19 såsom
431 970 84 25 frivillig
537 970 36 19 den
592 970 29 19 tid
641 970 21 19 af
679 970 48 25 året,
747 970 25 19 då
791 970 68 19 sådant
878 970 30 19 för
926 969 69 20 honom

244 1004 60 19 faller
319 1004 31 25 sig
372 1004 99 25 lägligast,
494 1004 36 19 har
548 1007 41 16 mot
607 1004 95 25 förslaget
715 1004 74 25 jemväl
805 1004 106 24 anmärkts,
928 1006 29 17 att
972 1010 22 13 en

244 1039 32 18 till
295 1039 69 19 hösten
384 1039 107 25 begränsad
509 1039 115 18 inträdestid
644 1039 43 19 icke
703 1039 46 18 fullt
764 1038 75 25 lämpar
854 1039 31 24 sig
900 1038 29 19 för
945 1038 50 25 dem,

245 1073 69 20 hvilka
338 1072 113 27 hafvay'för
472 1073 59 25 afsigt
551 1075 29 17 att
598 1073 96 25 genomgå
712 1073 37 19 den
763 1073 80 24 jemlikt
858 1073 136 24 förordningen

244 1108 37 19 den
304 1107 13 20 2
340 1107 58 26 April
419 1107 52 20 1884
491 1107 33 19 vid
543 1107 128 20 kadettkåren
692 1108 5 18 i
717 1107 152 20 Fredrikshamn
885 1107 110 19 anordnade

244 1142 48 20 kurs
316 1142 30 20 för
364 1142 101 25 frivillige,
485 1148 39 13 som
543 1141 82 21 åstunda
651 1142 103 19 befordran
773 1141 32 19 till
821 1141 174 20 reservofficerare.

244 1176 40 20 För
309 1177 76 19 inträde
411 1176 33 19 vid
470 1176 61 20 denna
557 1176 46 20 kurs
626 1176 75 20 fordras
727 1176 97 25 riemligen
847 1176 50 19 efter
919 1176 76 25 aflagda

244 1211 149 25 kunskapsprof
414 1217 75 13 vunnen
513 1210 193 26 underofficersgrad,
733 1210 80 20 hvilken
840 1210 61 26 enligt
926 1213 68 16 värne-

244 1245 120 25 pligtslagen
390 1245 43 19 icke
453 1245 30 19 får
505 1245 134 25 värnepligtig
660 1245 93 25 tilldelas,
777 1245 44 19 med
843 1245 73 19 mindre
935 1245 59 19 han
983 1241 14 34 i

244 1284 30 15 tre
290 1280 101 19 månaders
407 1280 28 18 tid
449 1280 112 24 tjenstgjort
577 1279 32 19 vid
625 1279 55 19 aktiv
701 1282 64 22 trupp.
797 1279 31 19 Då
845 1279 149 25 ifrågavarande

244 1314 48 20 kurs
314 1314 34 19 vid
367 1314 129 19 kadettkåren
515 1314 104 19 framdeles
639 1314 69 19 liksom
724 1313 73 19 hittills
813 1313 112 25 lämpligast
940 1313 54 19 torde

243 1348 49 20 böra
311 1348 81 25 vidtaga
410 1354 29 13 om
458 1348 75 24 hösten,
548 1348 75 19 medför
638 1348 32 19 det
686 1348 30 19 för
731 1348 24 19 de
771 1347 171 20 inträdessökande
957 1347 36 20 den

243 1385 73 17 största
331 1382 80 26 möjliga
425 1382 150 25 tidsbesparing,
591 1388 30 13 om
637 1382 24 19 de
675 1382 26 26 på
716 1382 60 19 våren
791 1382 47 25 ingå
852 1382 63 19 såsom
929 1382 62 19 frivil-

243 1416 48 26 lige,
310 1417 68 19 medan
388 1416 29 21 sle
433 1416 91 24 deremot,
540 1416 61 20 under
617 1416 140 25 förutsättning
772 1416 21 19 af
807 1416 36 19 den
859 1416 6 19 i
878 1416 115 25 propositio-

316 1452 193 21 Yärnepligtsutskoitets
520 1451 105 16 betänkande
637 1451 34 16 N:o
683 1451 17 16 2.
860 1463 2 2 ä
