1056 1725
107 251 11 25 $
134 251 20 21 8.

104 770 12 26 8
132 770 21 21 9.

105 1147 11 25 8
135 1147 35 25 11.

230 120 27 21 14
443 122 18 20 U.
480 121 20 21 B.
516 133 27 3 —
559 122 59 26 Prop.
635 122 34 20 N:o
686 120 35 22 36.

200 182 106 28 antydda
322 182 122 22 föreskrift
459 184 9 20 i
483 183 154 22 förevarande
648 183 143 28 författning
801 182 159 30 tilläfventyrs

200 216 82 22 kunde
298 216 64 22 välla
377 217 124 22 osäkerhet
515 218 41 21 vid
571 218 185 28 författningens
774 217 159 29 tillämpning.

269 251 42 22 Uti
334 251 13 29 &
369 252 13 21 8
405 252 96 28 älägges
525 251 268 29 anläggningssökande
813 254 41 23 att,
869 252 94 22 utöfver

199 285 46 22 den
260 285 8 22 i
284 287 14 26 8
313 286 14 21 4
342 286 153 22 omförmälda
510 287 109 22 kaution.
635 294 50 14 som
701 286 42 21 har
758 286 38 21 till
807 286 108 22 ändamål
929 289 34 20 att

199 320 87 28 trygga
301 337 4 8 ,
308 320 274 29 jernvägsbyggnadens
598 321 113 28 behöriga
727 320 44 21 och
782 320 135 29 ofördröjda
927 324 36 19 ut-

198 354 120 26 förande",
333 355 110 21 nedsätta
459 359 63 18 ännu
537 363 29 14 en
582 355 202 22 kautionssumma
799 355 38 20 till
853 355 107 22 säkerhet

199 389 36 21 för
251 388 29 21 de
296 389 101 28 anspräk
414 390 30 27 pä
460 390 137 28 ersättning,
622 397 49 14 som
686 389 53 21 med
755 383 203 34 expropriationen

200 423 36 21 stä
251 423 8 20 i
276 423 175 29 sammanhang.
483 424 141 28 Syftemälet
639 423 52 22 med
709 423 68 21 dessa
792 423 62 22 båda
868 423 90 22 kautio-

199 464 42 14 ner
264 460 25 18 är
311 457 98 22 sälunda
433 458 149 28 väsentligen
605 458 70 21 olika.
697 471 22 2 —
741 457 44 21 Att
807 457 92 22 märkas
921 458 38 21 be-

198 491 117 21 träffande
331 491 45 22 den
392 492 7 21 i
415 493 11 26 $
443 494 12 21 8
473 493 152 21 omförmälda
640 492 99 21 kaution
755 495 26 18 är
797 495 68 23 ännu,
882 494 35 19 att
929 492 31 22 dä

197 525 124 29 jordegare
346 526 52 21 icke
423 527 48 21 kan
494 534 66 14 anses
582 534 57 14 vara
657 526 96 28 skyldig
769 528 35 19 att
819 526 138 22 annorledes

200 564 30 18 än
252 562 50 20 mot
327 560 139 22 erhällande
490 561 25 21 af
534 561 177 28 löseskillingen
727 560 93 22 afträda
835 561 37 21 sin
887 561 72 27 mark,

199 595 31 28 pä
246 597 47 19 sätt
308 595 70 21 äfven
395 597 13 25 8
427 597 12 20 6
456 596 7 20 i
480 596 167 28 förordningen
663 596 45 21 den
726 596 26 20 12
762 595 129 21 December
903 596 55 22 1864

199 629 138 24 innehäller,
360 630 8 20 i
392 630 66 28 fräga
483 630 101 21 varande
609 630 99 21 kaution
725 632 25 18 är
766 629 82 21 afsedd
863 632 35 19 att
912 630 44 21 för-

200 662 70 22 säkra
290 663 123 29 jordegare
438 671 36 14 om
497 664 204 28 skadeersättning
717 663 164 29 förnämligast
895 664 9 21 i
919 664 40 21 det

200 697 48 23 fall,
272 699 36 19 att
330 698 48 21 han
401 698 7 21 i
432 699 47 28 god
501 700 35 20 tro
551 698 105 30 upplätit
671 698 38 22 sin
723 698 54 28 jord
793 698 24 21 ät
829 698 130 28 jernvägen

199 734 58 18 utan
274 734 34 18 att
324 732 99 22 afvakta
437 733 167 21 lösesummans
619 732 160 22 utbetalande.

269 766 124 28 Uttrycket
409 770 72 23 ,utan
495 767 154 28 ersättning',
665 774 49 14 som
730 766 123 22 Utskottet
867 767 92 21 insatt
949 762 15 37 i

200 802 10 25 $
222 801 13 21 9
246 800 9 21 i
266 800 80 22 stället
356 801 37 21 för
411 801 39 21 det
465 802 62 21 förra
535 802 202 26 ,kostnadsfritt'',
746 800 67 22 torde
821 801 53 21 med
885 802 74 20 större

199 834 120 29 tydlighet
335 836 98 28 angifva
448 836 151 28 paragrafens
615 836 116 28 syftemål.

269 869 97 22 Liksom
388 870 40 21 det
450 870 52 21 icke
524 871 47 21 kan
594 871 157 21 öfverlemnas
776 871 25 20 åt
817 870 140 28 anläggaren

200 906 35 19 att
250 911 81 14 ensam
346 904 130 22 bestämma
490 905 45 21 den
550 905 73 26 mark,
640 912 49 14 som
704 904 38 21 till
752 904 206 29 jernvägsområde

200 937 109 29 utlägges
324 938 44 21 och
384 939 143 28 derigenom,
541 941 66 19 utom
622 941 79 24 annat,
718 938 85 21 befrias
819 939 52 20 från
889 937 69 26 skatt,

200 974 58 19 utan
274 972 84 21 sådant
373 973 69 21 beror
457 973 26 21 af
495 973 134 29 Kejserliga
645 973 114 22 Senatens
771 973 135 28 afgörande,
916 973 43 21 bör

200 1007 26 20 af
244 1006 211 29 jernvägsegarens
481 1007 118 28 godtycke
621 1007 74 22 heller
710 1007 53 22 icke
779 1007 25 21 få
818 1007 61 26 bero,
896 1007 62 22 hvad

199 1040 39 21 till
254 1041 84 21 sådant
354 1042 93 21 område
469 1042 143 21 fortfarande
627 1042 42 21 bör
684 1042 67 27 höra;
767 1041 44 22 och
826 1041 67 22 torde
909 1041 50 22 der-

199 1075 36 20 för
258 1075 40 21 det
321 1075 138 29 stadgande,
481 1076 124 22 Utskottet
628 1077 80 28 tillagt
723 1076 38 21 till
777 1077 10 26 $
805 1077 32 26 10,
853 1075 104 22 befinnas

198 1109 167 28 välgrundadt.

271 1144 89 22 Fastän
375 1145 157 29 anläggandet
548 1145 25 21 af
583 1145 106 29 jernväg,
705 1145 32 29 på
752 1146 47 20 sätt
814 1144 101 28 tidigare
924 1152 34 14 re-

200 1178 45 22 dan
262 1179 149 27 framhållits,
428 1184 25 17 är
468 1181 34 19 ett
516 1180 91 28 företag
623 1180 26 21 af
655 1182 59 19 stort
725 1178 120 29 offentligt
853 1178 104 27 intresse,

200 1220 48 14 som
270 1214 74 20 måste
366 1214 90 21 utföras
479 1214 69 21 äfven
570 1214 53 21 med
646 1214 83 21 sådant
745 1213 174 22 åsidosättande
935 1213 26 22 af

198 1247 95 21 enskild
307 1250 53 24 rätt,
377 1256 48 14 som
441 1248 204 28 expropriationen
655 1248 106 26 innebär,
772 1247 43 21 bör
826 1247 60 21 dock
897 1247 60 29 sjelf-

198 1281 70 22 fallet
290 1290 29 13 en
342 1283 26 21 så
382 1282 140 29 fullständig
536 1282 150 29 godtgörelse
703 1289 50 15 som
768 1282 94 28 möjligt
877 1282 36 21 för
928 1282 29 21 de

199 1316 158 28 olägenheter,
374 1316 81 22 hvilka
470 1324 83 21 genom
563 1317 117 28 företaget
690 1316 144 28 tillskyndas
845 1316 114 26 enskilde,

199 1350 67 22 desse
292 1351 198 28 tillgodokomma.
520 1352 35 20 På
569 1351 74 21 sådan
661 1351 78 29 grund
754 1350 43 22 har
812 1350 123 22 Utskottet
950 1350 8 21 i

199 1387 10 25 $
227 1386 25 21 11
270 1385 73 21 infört
358 1386 175 28 bestämningar
548 1386 85 26 derom,
650 1388 35 19 att
699 1385 180 29 vägöfvergång
893 1385 67 21 öfver

269 1431 134 24 Laqutskottets
415 1431 107 18 betänkande
534 1431 35 18 N:o
582 1432 29 17 12.
