1056 1725
294 133 23 24 U.
334 134 22 22 B.
374 146 25 2 —
416 133 65 28 Prop.
498 133 39 23 N:o
552 132 37 22 30.

344 508 210 29 Lagutskottets
571 507 167 23 betänkande
754 507 38 23 N:o
804 507 22 22 10

276 543 6 22 i
308 543 116 28 anledning
440 542 28 23 af
481 543 60 22 Hans
563 542 124 29 Kejserliga
707 542 120 29 Majestäts

276 578 80 28 nädiga
382 578 146 28 proposition,
548 584 33 16 om
597 578 76 28 tillägg
689 577 32 23 till
738 576 89 24 förord-

277 612 78 29 ningen
380 613 40 22 den
444 612 32 23 23
492 612 61 23 Mars
570 612 62 28 1868,
648 612 114 28 angäende
778 612 50 22 vat-

276 647 155 29 tenledningar
447 648 42 22 och
506 647 142 23 vattenverk.

140 711 47 21 Den
210 711 81 28 nådiga
313 711 161 27 propositionen
496 711 40 21 har
558 710 25 22 af
596 710 71 28 öfriga
683 711 71 27 stånd,
770 712 58 20 utom

72 746 191 27 Borgareständet,
279 746 34 22 för
328 746 158 22 förberedande
502 746 132 27 behandling
648 745 133 22 remitterats
796 745 34 22 till

72 780 162 28 Lagutskottet,
257 787 44 15 som
324 781 28 27 pä
376 781 62 27 gjord
461 780 103 22 anhällan
587 780 87 22 erhällit
694 780 34 22 del
743 780 25 22 af
781 780 49 21 de
818 776 15 36 i

72 815 90 21 ärendet
184 815 112 21 tillkomna
316 815 135 27 handlingar,
467 814 110 23 äfvensom
593 814 131 28 upplysning
739 816 34 20 att
787 821 42 15 om-

71 849 99 28 röstning
191 849 37 22 vid
250 849 154 28 lagförslagets
427 849 133 28 behandling
576 849 7 22 i
597 849 124 28 Kejserliga
736 848 94 23 Senaten

72 884 46 22 icke
134 883 109 23 förefallit.

141 970 44 21 För
199 971 141 22 vattenverks
355 971 135 27 anläggning
505 969 142 23 föreskrifver
665 970 100 27 gällande
783 970 46 27 lag-

72 1004 103 28 stiftning
190 1011 24 15 en
231 1005 156 22 förberedande
402 1005 169 27 undersökning,
587 1005 38 22 vid
639 1005 87 21 hvilken
741 1004 48 22 icke
801 1005 29 21 al-

72 1039 70 22 lenast
158 1039 229 28 uppdämningsrätten
404 1046 26 15 en
446 1040 60 27 gäng
521 1039 35 22 för
571 1039 43 22 alla
629 1039 133 27 bestämmes,
777 1041 54 19 utan

73 1073 64 22 äfven
158 1073 221 23 rättsförhällandena
401 1075 78 21 mellan
502 1075 222 26 vattenverksegaren
747 1074 39 21 och
802 1073 29 22 öf-

73 1107 49 28 riga
144 1109 86 21 strand-
252 1109 38 22 och
312 1111 144 26 vattenegare
471 1115 77 22 genom
563 1115 26 16 en
605 1109 164 27 provokatorisk
784 1115 47 21 pro-

74 1149 56 15 cesss
153 1142 125 24 fastställes.
308 1144 136 28 Procedyren
462 1144 38 22 vid
515 1144 64 22 dessa
593 1143 186 29 undersökningar
794 1143 38 22 fin-

74 1184 37 15 nes
126 1177 89 28 intagen
230 1178 8 22 i
254 1180 27 25 $$
297 1180 34 26 29,
348 1180 27 20 30
391 1180 39 20 och
446 1180 26 20 31
489 1178 25 22 af
527 1178 26 22 K.
569 1178 161 28 förordningen,
747 1178 42 22 den
805 1180 26 20 23

74 1212 59 22 Mars
149 1214 61 26 1868,
228 1213 114 27 angäende
356 1213 193 28 vattenledningar
564 1214 39 21 och
613 1214 135 21 vattenverk.
763 1213 71 21 Emel-

74 1246 64 22 lertid
152 1246 41 22 har
207 1246 117 28 Styrelsen,
340 1248 69 27 enligt
424 1248 59 22 hvad
498 1248 61 22 säväl
574 1254 20 15 n.
609 1247 164 28 propositionen,
789 1254 44 15 som

75 1281 26 21 de
116 1281 107 22 utskottet
239 1282 97 27 delgifna
350 1282 159 28 handlingarne
525 1282 61 28 gifva
601 1282 38 22 vid
653 1282 92 27 handen,
761 1282 72 21 funnit

74 1316 34 27 sig
130 1315 124 23 föranläten
276 1318 40 24 att,
339 1317 49 21 med
403 1317 165 21 äsidosättande
583 1316 25 22 af
620 1316 191 28 bestämningarna
826 1316 8 22 i

74 1350 94 22 nämnda
190 1352 34 26 $$,
243 1350 7 22 i
265 1351 108 22 särskilda
388 1351 45 28 fall,
449 1352 29 21 dä
493 1352 131 22 vattenverk
639 1351 96 27 antagits
750 1352 84 20 komma

75 1386 34 20 att
130 1385 45 21 lida
196 1385 56 22 brist
273 1386 29 27 pä
325 1386 77 28 nödigt
425 1386 126 28 drifvatten,
573 1388 96 26 upptaga
684 1386 34 21 till
733 1386 101 28 pröfning

74 1421 56 20 samt
152 1419 76 22 bifalla
243 1419 25 22 af
280 1420 211 28 vattenverksegare
506 1420 35 23 till
556 1420 123 29 Kejserliga
693 1420 95 22 Senaten
803 1420 32 22 di-

74 1455 49 21 rekt
138 1454 85 28 ingifna
234 1455 148 28 ansökningar
392 1462 33 15 om
436 1456 108 27 rättighet
554 1457 34 20 att
599 1455 139 28 provisionelt
749 1455 86 23 utöfver
