1056 1725
297 140 19 22 U.
332 139 20 23 B.
369 150 24 5 —
409 139 55 28 Prop.
481 139 35 22 N:o
532 138 29 24 31.
778 140 12 20 7

130 202 56 22 Med
200 201 66 22 bifall
281 201 37 22 till
333 200 143 23 Ständernas
491 201 169 22 ofvanberörda
670 201 99 29 petition
779 201 42 22 har

63 236 65 22 Hans
143 236 133 29 Kejserliga
290 236 109 28 Majestät
413 235 54 22 låtit
482 235 37 22 för
533 235 152 22 utarbetande
701 235 26 22 af
735 236 28 21 de
773 236 49 28 lag-

64 270 94 29 förslag,
181 278 38 14 om
240 270 81 22 hvilka
344 270 131 22 Ständerna
497 269 106 26 anhällit,
618 269 107 23 nedsätta
741 270 81 22 ofvan-

64 305 98 22 berörda
176 305 94 27 komitö,
285 305 97 22 hvilken
396 311 85 22 genom
495 304 146 22 insamlandoe
655 304 26 22 af
693 306 34 20 ett
745 306 78 20 ämnet

65 339 127 29 belysande
214 339 122 29 rikhaltigt
357 339 114 27 material,
487 339 66 21 såväl
567 338 53 23 från
635 341 53 26 eget
703 339 56 21 land
774 346 49 15 som

65 373 53 23 frän
132 373 144 23 främmande
291 373 202 22 industriidkande
508 373 88 27 länder,
619 373 43 22 och
677 380 84 22 genom
775 380 48 15 ma-

66 408 104 22 terialets
192 407 118 23 ordnande
332 407 37 22 till
392 410 34 19 ett
448 407 159 29 öfversigtligt
623 407 50 22 helt
687 407 88 23 lemnat
789 409 35 20 ett

66 443 128 22 värdefullt
218 442 82 29 bidrag
324 442 37 22 till
385 442 96 29 frägans
506 441 198 30 ändamälsenliga
722 442 101 29 lösning.

67 477 47 22 Det
124 477 26 22 af
162 477 101 21 nämnda
277 477 89 22 komitö
380 476 137 23 utarbetade
531 476 90 29 förslag
635 476 37 22 till
686 476 138 29 förordning

67 511 130 22 innehäller
218 511 8 21 i
245 511 75 22 likhet
344 511 53 22 med
411 511 47 28 det,
473 518 50 15 som
537 511 68 28 ingär
619 511 9 21 i
642 510 181 30 propositionen,

68 545 146 29 stadganden
236 545 64 22 såväl
323 553 37 14 om
378 545 109 29 åtgärder
502 545 37 22 till
555 545 76 29 skydd
646 545 37 22 för
697 545 104 22 arbetare
816 544 9 22 i

68 580 82 27 fabrik,
166 579 130 23 handtverk
311 580 56 22 eller
382 587 78 15 annan
474 580 149 28 handtering,
640 587 49 15 som
704 578 121 30 angäende

68 614 106 22 vilkoren
197 614 36 22 för
256 614 68 22 barns
346 614 44 22 och
407 622 64 21 unga
485 622 121 22 personers
622 614 77 22 arbete
713 614 10 22 i
737 613 88 23 sädana

68 648 80 30 yrken.

137 683 47 21 Det
198 683 86 22 sociala
299 683 119 29 spörsmål,
433 690 56 20 som,
503 682 74 22 under
591 690 71 15 namn
677 682 26 22 af
710 682 115 23 arbetare-

71 717 90 29 frägan,
186 717 72 22 redan
277 717 9 22 i
300 717 123 22 decennier
439 717 124 29 sysselsatt
577 718 28 22 de
620 720 63 19 stora
696 716 130 23 kulturlän-

70 751 82 23 dernas
174 751 132 29 lagstiftare
328 751 120 23 äfvensom
471 752 127 21 samtidens
621 753 84 20 största
728 751 99 22 tänkare

70 786 43 22 och
135 786 169 27 skriftställare,
327 786 81 22 hvilka
431 786 90 22 sträfva
536 788 35 20 att
585 786 118 22 förmildra
717 785 109 23 verknin-

70 828 72 21 garne
164 820 27 22 af
210 820 45 22 den
272 820 99 22 emellan
386 820 178 22 storindustrins
579 820 145 29 kapitalister
739 820 44 22 och
797 819 30 22 de

70 855 9 22 i
100 854 134 23 densamma
256 854 135 30 sysselsatta
413 854 136 23 arbetarene
570 854 121 30 pägäende
718 854 108 29 kampen,

70 889 42 22 har
133 889 63 22 hvad
218 889 52 22 värt
289 889 57 22 land
360 889 111 22 beträffar
485 889 137 30 lyckligtvis
637 889 50 22 icke
702 889 45 22 den
762 889 65 22 inne-

71 923 63 28 börd,
150 926 36 19 att
200 923 74 22 direkt
288 923 52 23 fara
353 923 37 23 för
404 931 30 14 en
448 923 101 22 konflikt
563 923 99 22 emellan
677 923 28 22 de
712 923 115 22 national-

71 957 151 23 ekonomiska
238 957 151 28 storheterna,
405 957 91 23 arbetet
511 957 44 22 och
569 957 120 30 kapitalet,
703 957 47 23 kan
761 964 66 15 anses

70 999 57 15 vara
148 991 137 23 förhanden.
314 992 55 22 Men
391 991 70 22 äfven
483 991 43 23 hos
546 999 37 15 oss
598 992 84 22 saknas
696 992 52 22 icke
763 992 64 21 miss-

71 1026 163 22 förhållanden
255 1027 31 28 pä
309 1026 65 22 detta
395 1026 101 27 område,
511 1026 9 22 i
535 1026 110 22 afseende
660 1027 12 21 &
687 1026 92 22 hvilkas
795 1025 32 22 af-

71 1061 129 28 lägsnande
214 1061 66 22 såväl
294 1060 127 23 klokheten
436 1067 51 16 som
501 1061 116 22 rättvisan
631 1068 68 15 mana
713 1060 116 29 lagstifta-

71 1103 42 14 ren
134 1097 36 20 att
191 1095 111 22 inskrida.
331 1095 43 22 Att
396 1095 26 22 sä
444 1095 112 22 förhäller
580 1095 43 29 sig,
639 1095 120 28 bestyrker
776 1094 53 22 icke

71 1129 61 23 blott
154 1129 91 23 enskild
268 1129 131 23 erfarenhet
413 1131 58 21 utan
487 1129 44 22 ock
545 1129 66 23 såväl
625 1129 135 23 ständernas
775 1128 58 34 tidi-'

72 1171 55 22 gare
148 1164 138 22 uttalanden
304 1164 8 22 i
326 1164 85 29 frågan
426 1171 51 15 som
492 1164 46 22 den
552 1164 38 22 till
604 1160 233 33 representationens

72 1198 178 29 handläggning
264 1206 33 14 nu
312 1198 174 22 öfverlemnade
500 1198 181 30 propositionen.

140 1232 81 22 Ehuru
240 1232 104 30 antydda
359 1232 221 23 missförhållanden
595 1232 42 22 hos
653 1240 36 14 oss
703 1232 126 22 förefinnas

71 1267 36 23 uti
114 1266 116 23 måhända
237 1267 49 22 lika
295 1267 47 29 hög
350 1267 59 29 grad
417 1267 32 29 på
458 1267 106 22 området
573 1267 37 22 för
619 1267 45 22 den
674 1266 89 23 mindre
773 1266 57 22 eller

72 1301 260 23 handtverksindustrin
350 1309 49 15 som
409 1302 66 22 inom
485 1301 139 28 fabrikerna,
634 1314 28 4 —
672 1308 37 15 om
719 1308 53 15 man
787 1308 42 14 un-

73 1336 113 29 dantager
200 1338 36 20 att
250 1336 149 22 arbetssättet
412 1336 66 22 inom
493 1336 29 22 de
534 1336 64 22 förra
607 1336 51 22 icke
673 1336 96 22 innebär
784 1334 46 22 den

72 1370 51 22 fara
137 1370 38 22 för
189 1370 131 29 olycksfall,
336 1378 49 14 som
400 1370 41 22 det
454 1370 38 22 uti
507 1370 134 22 fabrikerna
655 1377 82 22 genom
748 1370 9 21 i
767 1369 64 29 gång

72 1404 103 23 varande
196 1404 124 29 maskiner,
339 1404 53 23 med
407 1404 82 23 hvilka
504 1404 134 23 arbetarene
653 1404 72 22 måste
740 1403 68 23 träda
821 1403 10 22 i

74 1438 94 30 ständig
175 1438 115 31 beröring,
298 1453 28 3 —
334 1443 40 18 äro
383 1438 28 23 de
421 1438 134 30 föreslagna
566 1438 159 31 stadgandena
735 1438 96 23 afsedda

141 1479 201 18 Ekonomiutskottets
354 1479 121 18 betänkande
488 1479 35 18 N:o
538 1480 25 17 14.
