1056 1725
401 122 70 22 Ständ.
486 122 31 21 Sv.
530 134 25 3 —
573 122 57 27 Prop.
647 122 34 22 N:o
696 121 37 22 32.

322 186 24 20 sä
361 188 43 18 stor
420 184 65 22 likhet
496 184 127 28 förefinnes,
639 187 32 18 att
685 184 101 21 märkena
802 184 8 21 i
825 184 32 21 sin
875 184 65 20 helhet

322 220 41 20 lätt
377 219 73 21 kunna
463 219 122 27 förverxlas;

390 254 24 27 2)
431 260 32 14 om
478 254 80 20 märket
573 253 70 21 består
659 254 74 20 endast
747 254 50 20 eller
807 254 133 27 hufvudsak-

321 288 57 27 ligen
392 288 30 27 af
434 288 82 27 siffror,
533 288 121 27 Dokstäfver
677 288 50 21 eller
747 288 44 25 ord,
807 288 74 21 såvida
897 288 44 21 icke

322 329 71 20 genom
417 323 72 20 dessas
511 323 144 26 egendomliga
668 323 68 27 form,
755 323 70 20 andra
841 323 101 20 tillsatser

322 356 50 21 eller
387 357 148 27 anordningar
550 359 27 18 ett
593 357 99 27 egentligt
701 357 136 27 figurmärke
848 358 93 27 uppstått

322 391 50 20 eller
394 391 37 20 ock
453 391 64 21 orden
540 391 92 28 angifva
655 391 118 21 sökandens
792 398 70 19 namn,
874 391 66 27 firma

324 425 48 20 eller
385 425 114 27 fastighet,
516 432 43 14 som
575 426 31 27 af
618 425 72 21 honom
707 425 131 21 innehafves.

392 461 23 26 3)
431 467 32 14 om
485 460 81 20 märket
585 460 74 21 endast
675 460 49 20 eller
739 459 33 21 till
787 459 154 28 hufvudsakliy

323 494 34 20 del
372 493 67 22 består
455 495 30 26 af
497 495 77 20 sådant
597 494 70 21 tecken
686 494 50 21 eller
751 494 77 25 märke,
844 501 43 14 som
903 495 38 20 all-

323 529 133 27 männeligen
471 529 82 26 nyttjas
568 529 9 20 i
591 529 43 20 viss
649 529 91 26 näring;

392 564 23 27 4)
432 570 33 14 om
480 563 45 21 deri
541 563 124 27 obehörigen
680 563 89 27 intagits
784 570 84 14 annans
879 571 62 13 namn

324 598 50 20 eller
391 598 67 27 firma
481 598 49 20 eller
545 605 65 13 namn
622 599 31 26 på
669 605 84 13 annans
772 598 107 27 fastighet
894 598 49 21 eller

324 632 37 20 ock
376 632 44 26 ord,
437 639 41 14 som
494 632 46 20 med
555 632 83 21 sådana
654 640 65 13 namn
734 632 73 21 kunna
823 633 118 27 förvexlas.

393 668 24 26 5)
433 674 32 14 om
475 666 80 21 märket
565 666 119 21 innehåller
691 667 200 27 framställningar,
901 674 40 14 som

325 701 68 21 strida
415 704 42 18 mot
479 701 100 27 sedlighet
603 701 50 21 eller
674 702 42 26 god
734 702 91 27 ordning
841 702 50 20 eller
906 704 37 18 äro

322 736 229 27 Jörargelseväckande
563 736 50 20 eller
621 736 164 27 uppenbarligen
797 736 146 24 vilseledande;

395 771 22 26 6)
433 777 33 14 om
488 770 45 20 deri
555 770 52 27 ingå
623 770 111 28 offentliga
750 777 72 20 vapen,
841 771 103 27 stämplar

326 805 49 20 eller
390 804 150 21 ordenstecken.

607 863 15 26 8
637 863 20 20 2.

395 908 132 27 Rättigheten
543 909 32 20 till
591 909 138 26 vegistreradt
743 908 126 21 varumärke
879 908 65 27 ätföl-

322 943 38 26 jer
374 943 38 20 den
429 943 82 25 rörelse,
523 943 41 27 för
579 943 83 20 hvilken
677 943 34 21 det
729 943 112 27 begagnas.

397 972 119 32 Öfverlätes
531 977 83 25 rörelse,
626 978 102 27 öfvergär
739 977 92 21 nämnda
846 977 99 28 rättighet

324 1011 58 27 från
404 1011 143 28 öfrerlätaren
563 1012 34 20 till
612 1012 38 21 den
667 1019 39 20 nye
721 1018 84 21 egaren,
821 1011 37 21 der
873 1012 20 27 ej
909 1012 36 27 af-

327 1046 31 19 tal
372 1045 53 26 sker,
437 1048 30 18 att
482 1045 152 22 märkesvätten
649 1047 34 19 mä
699 1046 30 27 af
747 1046 40 20 den
798 1046 64 27 förre
877 1045 68 22 behål-

327 1081 33 20 las
384 1080 49 20 eller
448 1082 30 19 att
494 1080 61 27 begge
569 1081 34 20 mä
627 1081 98 20 använda
741 1080 81 21 märket
833 1080 41 27 för
889 1081 55 20 olika

328 1115 47 26 slag
390 1115 30 26 af
433 1115 162 27 tillverkningar
610 1115 50 20 eller
674 1122 69 13 varor.

609 1173 16 25 S
641 1174 18 19 6.

398 1218 93 28 Skyddet
511 1218 40 27 för
570 1218 139 27 registreradt
725 1217 126 21 varumärke
865 1217 82 27 upphör

328 1253 8 19 i
352 1252 98 21 händelse
466 1253 20 26 ej
501 1252 94 21 ansökan
607 1259 32 14 om
650 1252 175 28 registreringens
837 1252 110 28 förnyelse

328 1287 52 21 skett
395 1287 36 21 hos
446 1287 201 27 Industristyrelsen
662 1287 57 21 inom
735 1287 28 20 tio
779 1288 26 19 år
819 1286 56 28 från
892 1287 54 27 regi-

329 1322 170 27 streringsdagen
516 1321 34 21 och
567 1322 117 20 sedermera
707 1321 67 21 innan
798 1321 105 27 utgången
920 1321 30 27 af

329 1357 62 21 hvart
406 1356 69 28 tionde
490 1357 31 19 år.

403 1391 44 21 Vill
469 1392 68 26 någon
562 1391 43 20 låta
626 1391 83 27 förnya
734 1390 164 27 inregistrering
921 1390 30 27 af

330 1426 130 25 varumärke,
476 1425 82 28 ingifee
581 1425 50 21 eller
653 1424 90 21 insände
757 1424 34 21 till
806 1423 141 29 Industristy-
