1056 1725
247 124 27 20 14
555 122 40 23 N:o
611 121 34 23 29.

573 188 47 24 83.

286 228 229 28 Skeppsrepistret
489 221 27 39 är
531 227 107 28 offentligt
652 228 39 22 och
705 226 74 25 under
794 228 27 23 de
836 227 85 29 vanliga
935 226 45 25 em-

216 263 138 21 betstiderna
368 263 33 21 för
416 269 26 15 en
459 263 54 21 hvar
527 263 137 28 tillgängligt.

286 298 85 27 Utdrag
393 304 26 15 ur
441 298 103 27 registret
566 297 98 22 utfärdas
688 298 23 21 af
732 299 247 28 registermyndigheten

216 334 46 19 mot
278 332 108 27 stadgade
401 331 92 28 afgifter.

573 379 11 27 8
599 381 20 19 4.

287 419 149 27 Registrering
458 419 159 22 underkastadt
637 419 70 28 fartyg
723 419 57 22 skall
795 419 112 22 inskrifvas
923 419 7 21 i
945 426 34 15 re-

217 453 78 28 gistret
310 453 34 22 för
360 454 36 21 det
412 454 95 26 omräde,
523 454 57 21 inom
595 454 83 21 hvilket
689 454 50 21 dess
750 454 85 22 hemort
847 457 23 19 är
880 454 97 26 belägen.

286 488 131 21 Hemortens
436 488 164 22 bestämmande
621 489 124 21 ankommer
761 489 14 20 ä
789 489 100 26 rederiet,
906 488 73 22 säsom

216 522 7 21 i
238 521 12 28 8
266 524 12 20 6
296 522 22 22 af
332 523 98 27 sjölagen
445 525 58 24 sägs.

573 574 12 28 $
601 577 19 19 5.

286 614 10 21 I
312 614 184 27 skeppsregistret
511 614 55 22 skall
582 614 35 22 vid
628 614 81 28 fartygs
721 614 128 28 inskrifning
859 617 117 25 upptagas:

288 648 21 28 1)
325 648 105 28 fartygets
451 655 63 15 namn
531 651 56 19 samt
602 649 117 27 tacklings-
735 649 41 21 och
792 650 156 27 byggnadsart;

286 683 24 27 2)
326 684 50 20 dess
398 683 213 27 igenkänningsmått
633 683 80 27 (längd,
738 684 68 21 bredd
829 684 35 22 och
872 684 105 27 djuplek)

217 717 40 22 och
274 718 135 26 drägtighet;

287 752 21 27 3)
325 754 45 24 när,
392 752 52 22 hvar
463 752 40 22 och
519 752 22 22 af
555 752 62 22 hvem
633 752 93 28 fartyget
742 754 25 20 är
782 752 68 28 bygdt
865 752 59 27 eller,
940 752 37 22 be-

217 786 107 22 träffande
340 786 168 22 naturaliseradt
523 786 76 28 fartyg,
615 789 40 19 när
670 787 37 21 det
722 787 71 21 blifvit
805 786 56 22 finsk
873 787 104 27 egendom

217 823 63 24 samt,
297 827 34 15 om
348 821 89 27 möjligt,
455 820 61 22 äfven
532 822 170 26 byggnadstiden
720 822 41 21 och
777 824 72 24 orten;

287 856 21 27 4)
324 855 104 28 fartygets
444 855 95 26 hemort;

287 891 22 25 5)
325 891 102 21 redarens
443 890 52 21 eller
505 891 116 21 redarenes
631 891 66 26 jemte
709 891 186 22 hufvudredarens
907 897 70 20 namn,

217 925 94 21 hemvist
326 924 41 22 och
382 925 137 21 nationalitet
535 927 55 19 samt
605 925 64 21 andel
683 925 7 21 i
705 925 101 28 fartyget.
837 925 92 28 Utgöres
944 932 33 15 re-

218 959 70 21 deriet
303 959 23 21 af
340 959 67 22 aktie-
433 959 52 22 eller
507 959 197 27 kommanditbolag
727 959 54 22 eller
796 962 65 19 annat
877 959 100 22 handels-

217 993 71 27 bolag,
309 996 106 25 upptages
433 994 98 27 bolagets
548 996 34 19 art
598 994 40 21 och
653 993 60 22 firma
729 996 57 19 samt
802 996 61 19 orten
878 994 33 21 för
927 995 50 21 dess

217 1028 89 27 rörelse,
330 1028 110 21 äfvensom
460 1028 34 21 för
512 1028 123 27 aktiebolag
650 1028 271 27 styrelsemedlemmarnes
937 1029 40 21 och

217 1062 33 22 för
272 1065 67 20 annat
361 1063 64 27 bolag
448 1063 27 21 de
497 1063 138 27 personligen
660 1063 114 27 ansvarige
796 1063 181 26 bolagsmännens

218 1103 70 21 namn,
305 1097 92 22 hemvist
412 1097 40 22 och
467 1097 146 26 nationalitet;

288 1132 22 27 6)
326 1132 38 22 det
378 1132 55 27 fång,
449 1132 138 27 hvarigenom
603 1131 94 29 fartyget
712 1132 53 22 eller
779 1132 118 28 fartygsdel
913 1131 22 23 af
944 1138 34 16 re-

218 1167 52 21 dare
286 1167 135 26 åtkommits;

288 1201 22 27 7)
328 1202 68 26 dagen
413 1201 27 21 då
455 1201 168 27 registreringen
639 1201 67 26 skett;

289 1236 21 26 8)
327 1235 104 28 fartygets
452 1235 200 27 signalbokstäfver,
673 1242 34 15 om
724 1236 83 21 sådana
821 1235 94 22 tilldelas
931 1235 47 21 det-

218 1276 89 16 samma.

573 1322 12 27 8
601 1324 19 20 6.

288 1362 80 28 Fartyg
384 1362 53 21 skall
453 1361 120 28 skriftligen
589 1362 23 21 af
625 1362 90 22 redaren
731 1362 32 21 till
779 1362 141 28 registrering
940 1368 38 15 an-

219 1397 75 21 mälas.

290 1431 71 22 Sädan
377 1431 96 22 anmälan
490 1431 55 22 skall
560 1431 107 22 innehälla
682 1431 85 28 uppgift
786 1438 33 15 om
835 1431 42 22 alla
893 1431 26 22 de
935 1430 40 23 för-
