<?xml version="1.0" encoding="UTF-8"?>
<alto xmlns="http://www.loc.gov/standards/alto/ns-v3#" xmlns:xlink="http://www.w3.org/1999/xlink" xmlns:xsi="http://www.w3.org/2001/XMLSchema-instance" xsi:schemaLocation="http://www.loc.gov/standards/alto/ns-v3# http://www.loc.gov/alto/v3/alto-3-0.xsd">
	<Description>
		<MeasurementUnit>pixel</MeasurementUnit>
		<sourceImageInformation>
			<fileName>/tmp/tess_6u2yj1et_input.PNG</fileName>
		</sourceImageInformation>
		<OCRProcessing ID="OCR_0">
			<ocrProcessingStep>
				<processingSoftware>
					<softwareName>tesseract 5.3.4</softwareName>
				</processingSoftware>
			</ocrProcessingStep>
		</OCRProcessing>
	</Description>
	<Layout>
		<Page WIDTH="1056" HEIGHT="1725" PHYSICAL_IMG_NR="0" ID="page_0">
			<PrintSpace HPOS="0" VPOS="0" WIDTH="1056" HEIGHT="1725">
				<ComposedBlock ID="cblock_0" HPOS="297" VPOS="126" WIDTH="522" HEIGHT="27">
					<TextBlock ID="block_0" HPOS="297" VPOS="126" WIDTH="522" HEIGHT="27">
						<TextLine ID="line_0" HPOS="297" VPOS="126" WIDTH="522" HEIGHT="27">
							<String ID="string_0" HPOS="297" VPOS="126" WIDTH="71" HEIGHT="22" WC="0.91" CONTENT="Ständ."/><SP WIDTH="15" VPOS="126" HPOS="368"/>
							<String ID="string_1" HPOS="383" VPOS="126" WIDTH="32" HEIGHT="22" WC="0.93" CONTENT="Sv."/><SP WIDTH="16" VPOS="126" HPOS="415"/>
							<String ID="string_2" HPOS="431" VPOS="138" WIDTH="28" HEIGHT="3" WC="0.91" CONTENT="—"/><SP WIDTH="16" VPOS="138" HPOS="459"/>
							<String ID="string_3" HPOS="475" VPOS="126" WIDTH="58" HEIGHT="27" WC="0.89" CONTENT="Prop."/><SP WIDTH="16" VPOS="126" HPOS="533"/>
							<String ID="string_4" HPOS="549" VPOS="126" WIDTH="34" HEIGHT="22" WC="0.96" CONTENT="N:o"/><SP WIDTH="16" VPOS="126" HPOS="583"/>
							<String ID="string_5" HPOS="599" VPOS="126" WIDTH="36" HEIGHT="22" WC="0.96" CONTENT="33."/><SP WIDTH="172" VPOS="126" HPOS="635"/>
							<String ID="string_6" HPOS="807" VPOS="128" WIDTH="12" HEIGHT="20" WC="0.94" CONTENT="5"/>
						</TextLine>
					</TextBlock>
				</ComposedBlock>
				<ComposedBlock ID="cblock_1" HPOS="88" VPOS="189" WIDTH="765" HEIGHT="1234">
					<TextBlock ID="block_1" HPOS="89" VPOS="189" WIDTH="760" HEIGHT="372">
						<TextLine ID="line_1" HPOS="158" VPOS="189" WIDTH="691" HEIGHT="29">
							<String ID="string_7" HPOS="158" VPOS="189" WIDTH="136" HEIGHT="22" WC="0.86" CONTENT="Beträftande"/><SP WIDTH="18" VPOS="189" HPOS="294"/>
							<String ID="string_8" HPOS="312" VPOS="189" WIDTH="295" HEIGHT="21" WC="0.91" CONTENT="kommunikationsfondens"/><SP WIDTH="18" VPOS="189" HPOS="607"/>
							<String ID="string_9" HPOS="625" VPOS="189" WIDTH="33" HEIGHT="21" WC="0.93" CONTENT="för"/><SP WIDTH="18" VPOS="189" HPOS="658"/>
							<String ID="string_10" HPOS="676" VPOS="190" WIDTH="173" HEIGHT="28" WC="0.92" CONTENT="jernvägsbygg-"/>
						</TextLine>
						<TextLine ID="line_2" HPOS="90" VPOS="223" WIDTH="758" HEIGHT="29">
							<String ID="string_11" HPOS="90" VPOS="224" WIDTH="44" HEIGHT="21" WC="0.95" CONTENT="nad"/><SP WIDTH="16" VPOS="224" HPOS="134"/>
							<String ID="string_12" HPOS="150" VPOS="224" WIDTH="121" HEIGHT="27" WC="0.95" CONTENT="disponibla"/><SP WIDTH="23" VPOS="224" HPOS="271"/>
							<String ID="string_13" HPOS="294" VPOS="224" WIDTH="113" HEIGHT="26" WC="0.93" CONTENT="tillgångar"/><SP WIDTH="25" VPOS="224" HPOS="407"/>
							<String ID="string_14" HPOS="432" VPOS="223" WIDTH="68" HEIGHT="22" WC="0.96" CONTENT="under"/><SP WIDTH="23" VPOS="223" HPOS="500"/>
							<String ID="string_15" HPOS="523" VPOS="224" WIDTH="25" HEIGHT="20" WC="0.95" CONTENT="år"/><SP WIDTH="25" VPOS="224" HPOS="548"/>
							<String ID="string_16" HPOS="573" VPOS="223" WIDTH="62" HEIGHT="29" WC="0.94" CONTENT="1888,"/><SP WIDTH="18" VPOS="223" HPOS="635"/>
							<String ID="string_17" HPOS="653" VPOS="224" WIDTH="41" HEIGHT="20" WC="0.96" CONTENT="har"/><SP WIDTH="16" VPOS="224" HPOS="694"/>
							<String ID="string_18" HPOS="710" VPOS="231" WIDTH="28" HEIGHT="14" WC="0.92" CONTENT="en"/><SP WIDTH="17" VPOS="231" HPOS="738"/>
							<String ID="string_19" HPOS="755" VPOS="224" WIDTH="93" HEIGHT="22" WC="0.96" CONTENT="definitiv"/>
						</TextLine>
						<TextLine ID="line_3" HPOS="91" VPOS="258" WIDTH="757" HEIGHT="28">
							<String ID="string_20" HPOS="91" VPOS="258" WIDTH="72" HEIGHT="28" WC="0.95" CONTENT="kalkyl"/><SP WIDTH="23" VPOS="258" HPOS="163"/>
							<String ID="string_21" HPOS="186" VPOS="260" WIDTH="59" HEIGHT="19" WC="0.96" CONTENT="ännu"/><SP WIDTH="23" VPOS="260" HPOS="245"/>
							<String ID="string_22" HPOS="268" VPOS="258" WIDTH="47" HEIGHT="21" WC="0.90" CONTENT="icke"/><SP WIDTH="23" VPOS="258" HPOS="315"/>
							<String ID="string_23" HPOS="338" VPOS="258" WIDTH="117" HEIGHT="26" WC="0.92" CONTENT="uppgjorts."/><SP WIDTH="31" VPOS="258" HPOS="455"/>
							<String ID="string_24" HPOS="486" VPOS="258" WIDTH="70" HEIGHT="26" WC="0.83" CONTENT="Enligt"/><SP WIDTH="17" VPOS="258" HPOS="556"/>
							<String ID="string_25" HPOS="573" VPOS="258" WIDTH="41" HEIGHT="20" WC="0.96" CONTENT="den"/><SP WIDTH="17" VPOS="258" HPOS="614"/>
							<String ID="string_26" HPOS="631" VPOS="258" WIDTH="4" HEIGHT="20" WC="0.96" CONTENT="i"/><SP WIDTH="18" VPOS="258" HPOS="635"/>
							<String ID="string_27" HPOS="653" VPOS="258" WIDTH="80" HEIGHT="27" WC="0.93" CONTENT="nådiga"/><SP WIDTH="16" VPOS="258" HPOS="733"/>
							<String ID="string_28" HPOS="749" VPOS="259" WIDTH="99" HEIGHT="27" WC="0.92" CONTENT="proposi-"/>
						</TextLine>
						<TextLine ID="line_4" HPOS="89" VPOS="292" WIDTH="759" HEIGHT="28">
							<String ID="string_29" HPOS="89" VPOS="293" WIDTH="75" HEIGHT="22" WC="0.96" CONTENT="tionen"/><SP WIDTH="15" VPOS="293" HPOS="164"/>
							<String ID="string_30" HPOS="179" VPOS="293" WIDTH="178" HEIGHT="22" WC="0.96" CONTENT="förekommande"/><SP WIDTH="17" VPOS="293" HPOS="357"/>
							<String ID="string_31" HPOS="374" VPOS="292" WIDTH="155" HEIGHT="27" WC="0.96" CONTENT="uppskattning"/><SP WIDTH="16" VPOS="292" HPOS="529"/>
							<String ID="string_32" HPOS="545" VPOS="292" WIDTH="23" HEIGHT="21" WC="0.90" CONTENT="af"/><SP WIDTH="15" VPOS="292" HPOS="568"/>
							<String ID="string_33" HPOS="583" VPOS="292" WIDTH="118" HEIGHT="28" WC="0.95" CONTENT="desamma,"/><SP WIDTH="12" VPOS="292" HPOS="701"/>
							<String ID="string_34" HPOS="713" VPOS="293" WIDTH="68" HEIGHT="22" WC="0.96" CONTENT="skulle"/><SP WIDTH="12" VPOS="293" HPOS="781"/>
							<String ID="string_35" HPOS="793" VPOS="293" WIDTH="55" HEIGHT="22" WC="0.96" CONTENT="dock"/>
						</TextLine>
						<TextLine ID="line_5" HPOS="89" VPOS="326" WIDTH="759" HEIGHT="29">
							<String ID="string_36" HPOS="89" VPOS="327" WIDTH="33" HEIGHT="22" WC="0.92" CONTENT="för"/><SP WIDTH="14" VPOS="327" HPOS="122"/>
							<String ID="string_37" HPOS="136" VPOS="327" WIDTH="148" HEIGHT="22" WC="0.92" CONTENT="bestridandet"/><SP WIDTH="15" VPOS="327" HPOS="284"/>
							<String ID="string_38" HPOS="299" VPOS="327" WIDTH="23" HEIGHT="20" WC="0.95" CONTENT="af"/><SP WIDTH="13" VPOS="327" HPOS="322"/>
							<String ID="string_39" HPOS="335" VPOS="327" WIDTH="26" HEIGHT="21" WC="0.96" CONTENT="de"/><SP WIDTH="16" VPOS="327" HPOS="361"/>
							<String ID="string_40" HPOS="377" VPOS="327" WIDTH="82" HEIGHT="28" WC="0.96" CONTENT="anslag,"/><SP WIDTH="16" VPOS="327" HPOS="459"/>
							<String ID="string_41" HPOS="475" VPOS="333" WIDTH="47" HEIGHT="14" WC="0.93" CONTENT="som"/><SP WIDTH="9" VPOS="333" HPOS="522"/>
							<String ID="string_42" HPOS="531" VPOS="326" WIDTH="84" HEIGHT="27" WC="0.92" CONTENT="jemlikt"/><SP WIDTH="11" VPOS="326" HPOS="615"/>
							<String ID="string_43" HPOS="626" VPOS="326" WIDTH="134" HEIGHT="23" WC="0.90" CONTENT="Ständernas"/><SP WIDTH="13" VPOS="326" HPOS="760"/>
							<String ID="string_44" HPOS="773" VPOS="327" WIDTH="75" HEIGHT="22" WC="0.88" CONTENT="ofvan-"/>
						</TextLine>
						<TextLine ID="line_6" HPOS="92" VPOS="361" WIDTH="756" HEIGHT="23">
							<String ID="string_45" HPOS="92" VPOS="362" WIDTH="90" HEIGHT="22" WC="0.96" CONTENT="stående"/><SP WIDTH="15" VPOS="362" HPOS="182"/>
							<String ID="string_46" HPOS="197" VPOS="362" WIDTH="70" HEIGHT="21" WC="0.95" CONTENT="beslut"/><SP WIDTH="15" VPOS="362" HPOS="267"/>
							<String ID="string_47" HPOS="282" VPOS="361" WIDTH="88" HEIGHT="21" WC="0.96" CONTENT="komma"/><SP WIDTH="16" VPOS="361" HPOS="370"/>
							<String ID="string_48" HPOS="386" VPOS="363" WIDTH="31" HEIGHT="19" WC="0.96" CONTENT="att"/><SP WIDTH="17" VPOS="363" HPOS="417"/>
							<String ID="string_49" HPOS="434" VPOS="361" WIDTH="69" HEIGHT="22" WC="0.96" CONTENT="under"/><SP WIDTH="15" VPOS="361" HPOS="503"/>
							<String ID="string_50" HPOS="518" VPOS="361" WIDTH="25" HEIGHT="21" WC="0.96" CONTENT="år"/><SP WIDTH="17" VPOS="361" HPOS="543"/>
							<String ID="string_51" HPOS="560" VPOS="361" WIDTH="55" HEIGHT="21" WC="0.96" CONTENT="1888"/><SP WIDTH="17" VPOS="361" HPOS="615"/>
							<String ID="string_52" HPOS="632" VPOS="361" WIDTH="47" HEIGHT="21" WC="0.93" CONTENT="från"/><SP WIDTH="16" VPOS="361" HPOS="679"/>
							<String ID="string_53" HPOS="695" VPOS="361" WIDTH="153" HEIGHT="22" WC="0.91" CONTENT="kommunika-"/>
						</TextLine>
						<TextLine ID="line_7" HPOS="89" VPOS="395" WIDTH="759" HEIGHT="29">
							<String ID="string_54" HPOS="89" VPOS="396" WIDTH="139" HEIGHT="22" WC="0.91" CONTENT="tionsfonden"/><SP WIDTH="24" VPOS="396" HPOS="228"/>
							<String ID="string_55" HPOS="252" VPOS="396" WIDTH="57" HEIGHT="28" WC="0.95" CONTENT="utgå,"/><SP WIDTH="23" VPOS="396" HPOS="309"/>
							<String ID="string_56" HPOS="332" VPOS="395" WIDTH="71" HEIGHT="21" WC="0.96" CONTENT="denna"/><SP WIDTH="22" VPOS="395" HPOS="403"/>
							<String ID="string_57" HPOS="425" VPOS="395" WIDTH="51" HEIGHT="21" WC="0.93" CONTENT="fond"/><SP WIDTH="16" VPOS="395" HPOS="476"/>
							<String ID="string_58" HPOS="492" VPOS="395" WIDTH="87" HEIGHT="21" WC="0.92" CONTENT="utöfver"/><SP WIDTH="16" VPOS="395" HPOS="579"/>
							<String ID="string_59" HPOS="595" VPOS="395" WIDTH="50" HEIGHT="22" WC="0.96" CONTENT="dess"/><SP WIDTH="15" VPOS="395" HPOS="645"/>
							<String ID="string_60" HPOS="660" VPOS="396" WIDTH="87" HEIGHT="27" WC="0.93" CONTENT="vanliga"/><SP WIDTH="16" VPOS="396" HPOS="747"/>
							<String ID="string_61" HPOS="763" VPOS="397" WIDTH="85" HEIGHT="21" WC="0.91" CONTENT="inkom-"/>
						</TextLine>
						<TextLine ID="line_8" HPOS="90" VPOS="429" WIDTH="758" HEIGHT="31">
							<String ID="string_62" HPOS="90" VPOS="434" WIDTH="44" HEIGHT="19" WC="0.91" CONTENT="ster"/><SP WIDTH="24" VPOS="434" HPOS="134"/>
							<String ID="string_63" HPOS="158" VPOS="430" WIDTH="99" HEIGHT="23" WC="0.90" CONTENT="erfordra"/><SP WIDTH="23" VPOS="430" HPOS="257"/>
							<String ID="string_64" HPOS="280" VPOS="436" WIDTH="27" HEIGHT="15" WC="0.94" CONTENT="en"/><SP WIDTH="23" VPOS="436" HPOS="307"/>
							<String ID="string_65" HPOS="330" VPOS="429" WIDTH="148" HEIGHT="28" WC="0.94" CONTENT="förstärkning"/><SP WIDTH="23" VPOS="429" HPOS="478"/>
							<String ID="string_66" HPOS="501" VPOS="430" WIDTH="23" HEIGHT="21" WC="0.92" CONTENT="af"/><SP WIDTH="21" VPOS="430" HPOS="524"/>
							<String ID="string_67" HPOS="545" VPOS="430" WIDTH="81" HEIGHT="21" WC="0.87" CONTENT="inemot"/><SP WIDTH="23" VPOS="430" HPOS="626"/>
							<String ID="string_68" HPOS="649" VPOS="430" WIDTH="115" HEIGHT="29" WC="0.93" CONTENT="4,000,000"/><SP WIDTH="16" VPOS="430" HPOS="764"/>
							<String ID="string_69" HPOS="780" VPOS="431" WIDTH="68" HEIGHT="29" WC="0.96" CONTENT="mark,"/>
						</TextLine>
						<TextLine ID="line_9" HPOS="92" VPOS="463" WIDTH="756" HEIGHT="30">
							<String ID="string_70" HPOS="92" VPOS="472" WIDTH="48" HEIGHT="15" WC="0.92" CONTENT="som"/><SP WIDTH="18" VPOS="472" HPOS="140"/>
							<String ID="string_71" HPOS="158" VPOS="465" WIDTH="81" HEIGHT="27" WC="0.92" CONTENT="jemväl"/><SP WIDTH="19" VPOS="465" HPOS="239"/>
							<String ID="string_72" HPOS="258" VPOS="465" WIDTH="63" HEIGHT="26" WC="0.93" CONTENT="enligt"/><SP WIDTH="20" VPOS="465" HPOS="321"/>
							<String ID="string_73" HPOS="341" VPOS="463" WIDTH="134" HEIGHT="22" WC="0.91" CONTENT="Ständernas"/><SP WIDTH="17" VPOS="463" HPOS="475"/>
							<String ID="string_74" HPOS="492" VPOS="464" WIDTH="57" HEIGHT="27" WC="0.91" CONTENT="åsigt"/><SP WIDTH="15" VPOS="464" HPOS="549"/>
							<String ID="string_75" HPOS="564" VPOS="464" WIDTH="73" HEIGHT="21" WC="0.96" CONTENT="kunna"/><SP WIDTH="16" VPOS="464" HPOS="637"/>
							<String ID="string_76" HPOS="653" VPOS="465" WIDTH="93" HEIGHT="21" WC="0.96" CONTENT="erhållas"/><SP WIDTH="16" VPOS="465" HPOS="746"/>
							<String ID="string_77" HPOS="762" VPOS="467" WIDTH="28" HEIGHT="26" WC="0.96" CONTENT="på"/><SP WIDTH="15" VPOS="467" HPOS="790"/>
							<String ID="string_78" HPOS="805" VPOS="467" WIDTH="43" HEIGHT="20" WC="0.96" CONTENT="sätt"/>
						</TextLine>
						<TextLine ID="line_10" HPOS="91" VPOS="499" WIDTH="757" HEIGHT="28">
							<String ID="string_79" HPOS="91" VPOS="500" WIDTH="164" HEIGHT="27" WC="0.95" CONTENT="propositionen"/><SP WIDTH="20" VPOS="500" HPOS="255"/>
							<String ID="string_80" HPOS="275" VPOS="499" WIDTH="92" HEIGHT="22" WC="0.95" CONTENT="föreslår"/><SP WIDTH="20" VPOS="499" HPOS="367"/>
							<String ID="string_81" HPOS="387" VPOS="505" WIDTH="80" HEIGHT="21" WC="0.96" CONTENT="genom"/><SP WIDTH="21" VPOS="505" HPOS="467"/>
							<String ID="string_82" HPOS="488" VPOS="499" WIDTH="139" HEIGHT="21" WC="0.94" CONTENT="utfärdandet"/><SP WIDTH="18" VPOS="499" HPOS="627"/>
							<String ID="string_83" HPOS="645" VPOS="499" WIDTH="23" HEIGHT="21" WC="0.93" CONTENT="af"/><SP WIDTH="14" VPOS="499" HPOS="668"/>
							<String ID="string_84" HPOS="682" VPOS="499" WIDTH="166" HEIGHT="22" WC="0.90" CONTENT="statskassaför-"/>
						</TextLine>
						<TextLine ID="line_11" HPOS="92" VPOS="533" WIDTH="138" HEIGHT="28">
							<String ID="string_85" HPOS="92" VPOS="533" WIDTH="138" HEIGHT="28" WC="0.92" CONTENT="skrifningar."/>
						</TextLine>
					</TextBlock>
					<TextBlock ID="block_2" HPOS="88" VPOS="567" WIDTH="765" HEIGHT="856">
						<TextLine ID="line_12" HPOS="160" VPOS="567" WIDTH="689" HEIGHT="29">
							<String ID="string_86" HPOS="160" VPOS="569" WIDTH="40" HEIGHT="21" WC="0.96" CONTENT="Väl"/><SP WIDTH="24" VPOS="569" HPOS="200"/>
							<String ID="string_87" HPOS="224" VPOS="567" WIDTH="64" HEIGHT="22" WC="0.95" CONTENT="halva"/><SP WIDTH="23" VPOS="567" HPOS="288"/>
							<String ID="string_88" HPOS="311" VPOS="567" WIDTH="173" HEIGHT="28" WC="0.95" CONTENT="betänkligheter"/><SP WIDTH="23" VPOS="567" HPOS="484"/>
							<String ID="string_89" HPOS="507" VPOS="568" WIDTH="90" HEIGHT="21" WC="0.96" CONTENT="uttalats"/><SP WIDTH="22" VPOS="568" HPOS="597"/>
							<String ID="string_90" HPOS="619" VPOS="568" WIDTH="113" HEIGHT="27" WC="0.96" CONTENT="angående"/><SP WIDTH="15" VPOS="568" HPOS="732"/>
							<String ID="string_91" HPOS="747" VPOS="568" WIDTH="102" HEIGHT="28" WC="0.96" CONTENT="förslaget"/>
						</TextLine>
						<TextLine ID="line_13" HPOS="92" VPOS="602" WIDTH="757" HEIGHT="28">
							<String ID="string_92" HPOS="92" VPOS="610" WIDTH="36" HEIGHT="15" WC="0.96" CONTENT="om"/><SP WIDTH="17" VPOS="610" HPOS="128"/>
							<String ID="string_93" HPOS="145" VPOS="602" WIDTH="137" HEIGHT="28" WC="0.96" CONTENT="upptagande"/><SP WIDTH="19" VPOS="602" HPOS="282"/>
							<String ID="string_94" HPOS="301" VPOS="602" WIDTH="23" HEIGHT="21" WC="0.96" CONTENT="af"/><SP WIDTH="13" VPOS="602" HPOS="324"/>
							<String ID="string_95" HPOS="337" VPOS="605" WIDTH="30" HEIGHT="19" WC="0.95" CONTENT="ett"/><SP WIDTH="15" VPOS="605" HPOS="367"/>
							<String ID="string_96" HPOS="382" VPOS="602" WIDTH="36" HEIGHT="21" WC="0.96" CONTENT="lån"/><SP WIDTH="17" VPOS="602" HPOS="418"/>
							<String ID="string_97" HPOS="435" VPOS="602" WIDTH="58" HEIGHT="22" WC="0.96" CONTENT="inom"/><SP WIDTH="17" VPOS="602" HPOS="493"/>
							<String ID="string_98" HPOS="510" VPOS="602" WIDTH="74" HEIGHT="22" WC="0.96" CONTENT="landet"/><SP WIDTH="16" VPOS="602" HPOS="584"/>
							<String ID="string_99" HPOS="600" VPOS="603" WIDTH="90" HEIGHT="21" WC="0.96" CONTENT="medelst"/><SP WIDTH="15" VPOS="603" HPOS="690"/>
							<String ID="string_100" HPOS="705" VPOS="603" WIDTH="144" HEIGHT="27" WC="0.96" CONTENT="obligationer"/>
						</TextLine>
						<TextLine ID="line_14" HPOS="92" VPOS="636" WIDTH="757" HEIGHT="29">
							<String ID="string_101" HPOS="92" VPOS="638" WIDTH="50" HEIGHT="22" WC="0.92" CONTENT="eller"/><SP WIDTH="20" VPOS="638" HPOS="142"/>
							<String ID="string_102" HPOS="162" VPOS="636" WIDTH="295" HEIGHT="28" WC="0.90" CONTENT="statskassaförskrifningar,"/><SP WIDTH="22" VPOS="636" HPOS="457"/>
							<String ID="string_103" HPOS="479" VPOS="637" WIDTH="137" HEIGHT="21" WC="0.91" CONTENT="alldenstund"/><SP WIDTH="16" VPOS="637" HPOS="616"/>
							<String ID="string_104" HPOS="632" VPOS="637" WIDTH="138" HEIGHT="22" WC="0.96" CONTENT="utfärdandet"/><SP WIDTH="8" VPOS="637" HPOS="770"/>
							<String ID="string_105" HPOS="778" VPOS="637" WIDTH="25" HEIGHT="22" WC="0.92" CONTENT="af"/><SP WIDTH="7" VPOS="637" HPOS="803"/>
							<String ID="string_106" HPOS="810" VPOS="638" WIDTH="39" HEIGHT="27" WC="0.92" CONTENT="dy-"/>
						</TextLine>
						<TextLine ID="line_15" HPOS="92" VPOS="671" WIDTH="756" HEIGHT="23">
							<String ID="string_107" HPOS="92" VPOS="673" WIDTH="42" HEIGHT="21" WC="0.95" CONTENT="lika"/><SP WIDTH="25" VPOS="673" HPOS="134"/>
							<String ID="string_108" HPOS="159" VPOS="672" WIDTH="159" HEIGHT="22" WC="0.95" CONTENT="räntebärande"/><SP WIDTH="25" VPOS="672" HPOS="318"/>
							<String ID="string_109" HPOS="343" VPOS="671" WIDTH="71" HEIGHT="21" WC="0.94" CONTENT="sedlar"/><SP WIDTH="16" VPOS="671" HPOS="414"/>
							<String ID="string_110" HPOS="430" VPOS="672" WIDTH="47" HEIGHT="21" WC="0.96" CONTENT="icke"/><SP WIDTH="16" VPOS="672" HPOS="477"/>
							<String ID="string_111" HPOS="493" VPOS="672" WIDTH="54" HEIGHT="20" WC="0.96" CONTENT="blott"/><SP WIDTH="17" VPOS="672" HPOS="547"/>
							<String ID="string_112" HPOS="564" VPOS="672" WIDTH="71" HEIGHT="21" WC="0.96" CONTENT="kunde"/><SP WIDTH="16" VPOS="672" HPOS="635"/>
							<String ID="string_113" HPOS="651" VPOS="672" WIDTH="89" HEIGHT="21" WC="0.96" CONTENT="komma"/><SP WIDTH="16" VPOS="672" HPOS="740"/>
							<String ID="string_114" HPOS="756" VPOS="674" WIDTH="31" HEIGHT="19" WC="0.93" CONTENT="att"/><SP WIDTH="15" VPOS="674" HPOS="787"/>
							<String ID="string_115" HPOS="802" VPOS="673" WIDTH="46" HEIGHT="20" WC="0.92" CONTENT="stö-"/>
						</TextLine>
						<TextLine ID="line_16" HPOS="91" VPOS="706" WIDTH="756" HEIGHT="27">
							<String ID="string_116" HPOS="91" VPOS="707" WIDTH="68" HEIGHT="22" WC="0.95" CONTENT="rande"/><SP WIDTH="24" VPOS="707" HPOS="159"/>
							<String ID="string_117" HPOS="183" VPOS="706" WIDTH="88" HEIGHT="22" WC="0.96" CONTENT="inverka"/><SP WIDTH="25" VPOS="706" HPOS="271"/>
							<String ID="string_118" HPOS="296" VPOS="706" WIDTH="28" HEIGHT="27" WC="0.96" CONTENT="pä"/><SP WIDTH="23" VPOS="706" HPOS="324"/>
							<String ID="string_119" HPOS="347" VPOS="706" WIDTH="102" HEIGHT="21" WC="0.95" CONTENT="Finlands"/><SP WIDTH="23" VPOS="706" HPOS="449"/>
							<String ID="string_120" HPOS="472" VPOS="706" WIDTH="73" HEIGHT="21" WC="0.93" CONTENT="Banks"/><SP WIDTH="24" VPOS="706" HPOS="545"/>
							<String ID="string_121" HPOS="569" VPOS="706" WIDTH="130" HEIGHT="27" WC="0.90" CONTENT="utelöpande"/><SP WIDTH="20" VPOS="706" HPOS="699"/>
							<String ID="string_122" HPOS="719" VPOS="706" WIDTH="128" HEIGHT="26" WC="0.81" CONTENT="scdelstock,"/>
						</TextLine>
						<TextLine ID="line_17" HPOS="93" VPOS="740" WIDTH="756" HEIGHT="27">
							<String ID="string_123" HPOS="93" VPOS="744" WIDTH="53" HEIGHT="19" WC="0.92" CONTENT="utan"/><SP WIDTH="24" VPOS="744" HPOS="146"/>
							<String ID="string_124" HPOS="170" VPOS="741" WIDTH="64" HEIGHT="22" WC="0.93" CONTENT="äfven"/><SP WIDTH="32" VPOS="741" HPOS="234"/>
							<String ID="string_125" HPOS="266" VPOS="740" WIDTH="181" HEIGHT="27" WC="0.78" CONTENT="minskabeloppet"/><SP WIDTH="26" VPOS="740" HPOS="447"/>
							<String ID="string_126" HPOS="473" VPOS="740" WIDTH="23" HEIGHT="22" WC="0.93" CONTENT="af"/><SP WIDTH="15" VPOS="740" HPOS="496"/>
							<String ID="string_127" HPOS="511" VPOS="740" WIDTH="148" HEIGHT="27" WC="0.95" CONTENT="depositioner"/><SP WIDTH="16" VPOS="740" HPOS="659"/>
							<String ID="string_128" HPOS="675" VPOS="740" WIDTH="41" HEIGHT="22" WC="0.93" CONTENT="och"/><SP WIDTH="17" VPOS="740" HPOS="716"/>
							<String ID="string_129" HPOS="733" VPOS="741" WIDTH="116" HEIGHT="21" WC="0.92" CONTENT="insättnin-"/>
						</TextLine>
						<TextLine ID="line_18" HPOS="92" VPOS="775" WIDTH="760" HEIGHT="28">
							<String ID="string_130" HPOS="92" VPOS="783" WIDTH="39" HEIGHT="20" WC="0.96" CONTENT="gar"/><SP WIDTH="16" VPOS="783" HPOS="131"/>
							<String ID="string_131" HPOS="147" VPOS="777" WIDTH="29" HEIGHT="26" WC="0.93" CONTENT="pä"/><SP WIDTH="15" VPOS="777" HPOS="176"/>
							<String ID="string_132" HPOS="191" VPOS="776" WIDTH="93" HEIGHT="27" WC="0.95" CONTENT="löpande"/><SP WIDTH="15" VPOS="776" HPOS="284"/>
							<String ID="string_133" HPOS="299" VPOS="775" WIDTH="92" HEIGHT="27" WC="0.96" CONTENT="räkning"/><SP WIDTH="15" VPOS="775" HPOS="391"/>
							<String ID="string_134" HPOS="406" VPOS="775" WIDTH="7" HEIGHT="20" WC="0.93" CONTENT="i"/><SP WIDTH="17" VPOS="775" HPOS="413"/>
							<String ID="string_135" HPOS="430" VPOS="775" WIDTH="185" HEIGHT="27" WC="0.91" CONTENT="privatbankerna"/><SP WIDTH="16" VPOS="775" HPOS="615"/>
							<String ID="string_136" HPOS="631" VPOS="777" WIDTH="55" HEIGHT="19" WC="0.96" CONTENT="samt"/><SP WIDTH="17" VPOS="777" HPOS="686"/>
							<String ID="string_137" HPOS="703" VPOS="775" WIDTH="6" HEIGHT="20" WC="0.96" CONTENT="i"/><SP WIDTH="16" VPOS="775" HPOS="709"/>
							<String ID="string_138" HPOS="725" VPOS="776" WIDTH="51" HEIGHT="26" WC="0.96" CONTENT="följd"/><SP WIDTH="11" VPOS="776" HPOS="776"/>
							<String ID="string_139" HPOS="787" VPOS="775" WIDTH="65" HEIGHT="22" WC="0.90" CONTENT="deraf"/>
						</TextLine>
						<TextLine ID="line_19" HPOS="90" VPOS="810" WIDTH="759" HEIGHT="26">
							<String ID="string_140" HPOS="90" VPOS="810" WIDTH="64" HEIGHT="22" WC="0.96" CONTENT="äfven"/><SP WIDTH="24" VPOS="810" HPOS="154"/>
							<String ID="string_141" HPOS="178" VPOS="810" WIDTH="74" HEIGHT="22" WC="0.96" CONTENT="dessas"/><SP WIDTH="22" VPOS="810" HPOS="252"/>
							<String ID="string_142" HPOS="274" VPOS="810" WIDTH="97" HEIGHT="26" WC="0.96" CONTENT="förmåga"/><SP WIDTH="16" VPOS="810" HPOS="371"/>
							<String ID="string_143" HPOS="387" VPOS="811" WIDTH="31" HEIGHT="19" WC="0.95" CONTENT="att"/><SP WIDTH="16" VPOS="811" HPOS="418"/>
							<String ID="string_144" HPOS="434" VPOS="816" WIDTH="81" HEIGHT="20" WC="0.93" CONTENT="genom"/><SP WIDTH="16" VPOS="816" HPOS="515"/>
							<String ID="string_145" HPOS="531" VPOS="810" WIDTH="98" HEIGHT="26" WC="0.95" CONTENT="utlåning"/><SP WIDTH="15" VPOS="810" HPOS="629"/>
							<String ID="string_146" HPOS="644" VPOS="810" WIDTH="113" HEIGHT="26" WC="0.92" CONTENT="tillgodose"/><SP WIDTH="16" VPOS="810" HPOS="757"/>
							<String ID="string_147" HPOS="773" VPOS="810" WIDTH="76" HEIGHT="21" WC="0.91" CONTENT="affärs-"/>
						</TextLine>
						<TextLine ID="line_20" HPOS="90" VPOS="844" WIDTH="758" HEIGHT="27">
							<String ID="string_148" HPOS="90" VPOS="845" WIDTH="168" HEIGHT="22" WC="0.96" CONTENT="verksamheten"/><SP WIDTH="23" VPOS="845" HPOS="258"/>
							<String ID="string_149" HPOS="281" VPOS="845" WIDTH="5" HEIGHT="20" WC="0.96" CONTENT="i"/><SP WIDTH="24" VPOS="845" HPOS="286"/>
							<String ID="string_150" HPOS="310" VPOS="844" WIDTH="72" HEIGHT="22" WC="0.96" CONTENT="landet"/><SP WIDTH="25" VPOS="844" HPOS="382"/>
							<String ID="string_151" HPOS="407" VPOS="844" WIDTH="49" HEIGHT="21" WC="0.93" CONTENT="med"/><SP WIDTH="23" VPOS="844" HPOS="456"/>
							<String ID="string_152" HPOS="479" VPOS="844" WIDTH="76" HEIGHT="27" WC="0.92" CONTENT="nödigt"/><SP WIDTH="24" VPOS="844" HPOS="555"/>
							<String ID="string_153" HPOS="579" VPOS="844" WIDTH="168" HEIGHT="27" WC="0.88" CONTENT="rörelsekapital."/><SP WIDTH="31" VPOS="844" HPOS="747"/>
							<String ID="string_154" HPOS="778" VPOS="844" WIDTH="70" HEIGHT="22" WC="0.96" CONTENT="Men"/><SP WIDTH="-12" VPOS="844" HPOS="848"/>
							<String ID="string_155" HPOS="836" VPOS="840" WIDTH="16" HEIGHT="35" WC="0.96" CONTENT="i"/>
						</TextLine>
						<TextLine ID="line_21" HPOS="91" VPOS="878" WIDTH="758" HEIGHT="28">
							<String ID="string_156" HPOS="91" VPOS="879" WIDTH="145" HEIGHT="22" WC="0.96" CONTENT="betraktande"/><SP WIDTH="22" VPOS="879" HPOS="236"/>
							<String ID="string_157" HPOS="258" VPOS="880" WIDTH="26" HEIGHT="20" WC="0.95" CONTENT="af"/><SP WIDTH="20" VPOS="880" HPOS="284"/>
							<String ID="string_158" HPOS="304" VPOS="879" WIDTH="36" HEIGHT="21" WC="0.93" CONTENT="det"/><SP WIDTH="13" VPOS="879" HPOS="340"/>
							<String ID="string_159" HPOS="353" VPOS="878" WIDTH="159" HEIGHT="27" WC="0.91" CONTENT="jemförelsevis"/><SP WIDTH="16" VPOS="878" HPOS="512"/>
							<String ID="string_160" HPOS="528" VPOS="879" WIDTH="63" HEIGHT="26" WC="0.96" CONTENT="ringa"/><SP WIDTH="16" VPOS="879" HPOS="591"/>
							<String ID="string_161" HPOS="607" VPOS="879" WIDTH="77" HEIGHT="27" WC="0.95" CONTENT="belopp"/><SP WIDTH="16" VPOS="879" HPOS="684"/>
							<String ID="string_162" HPOS="700" VPOS="878" WIDTH="27" HEIGHT="21" WC="0.96" CONTENT="af"/><SP WIDTH="12" VPOS="878" HPOS="727"/>
							<String ID="string_163" HPOS="739" VPOS="879" WIDTH="47" HEIGHT="27" WC="0.93" CONTENT="fyra"/><SP WIDTH="15" VPOS="879" HPOS="786"/>
							<String ID="string_164" HPOS="801" VPOS="879" WIDTH="48" HEIGHT="20" WC="0.92" CONTENT="mil-"/>
						</TextLine>
						<TextLine ID="line_22" HPOS="88" VPOS="912" WIDTH="761" HEIGHT="29">
							<String ID="string_165" HPOS="88" VPOS="915" WIDTH="64" HEIGHT="26" WC="0.96" CONTENT="joner"/><SP WIDTH="23" VPOS="915" HPOS="152"/>
							<String ID="string_166" HPOS="175" VPOS="914" WIDTH="67" HEIGHT="27" WC="0.96" CONTENT="mark,"/><SP WIDTH="24" VPOS="914" HPOS="242"/>
							<String ID="string_167" HPOS="266" VPOS="914" WIDTH="30" HEIGHT="21" WC="0.96" CONTENT="till"/><SP WIDTH="20" VPOS="914" HPOS="296"/>
							<String ID="string_168" HPOS="316" VPOS="913" WIDTH="79" HEIGHT="22" WC="0.93" CONTENT="hvilket"/><SP WIDTH="24" VPOS="913" HPOS="395"/>
							<String ID="string_169" HPOS="419" VPOS="912" WIDTH="162" HEIGHT="23" WC="0.91" CONTENT="ofvanberörda"/><SP WIDTH="20" VPOS="912" HPOS="581"/>
							<String ID="string_170" HPOS="601" VPOS="913" WIDTH="142" HEIGHT="27" WC="0.96" CONTENT="obligationer"/><SP WIDTH="20" VPOS="913" HPOS="743"/>
							<String ID="string_171" HPOS="763" VPOS="915" WIDTH="39" HEIGHT="20" WC="0.93" CONTENT="äro"/><SP WIDTH="16" VPOS="915" HPOS="802"/>
							<String ID="string_172" HPOS="818" VPOS="914" WIDTH="31" HEIGHT="21" WC="0.83" CONTENT="af-"/>
						</TextLine>
						<TextLine ID="line_23" HPOS="91" VPOS="947" WIDTH="759" HEIGHT="28">
							<String ID="string_173" HPOS="91" VPOS="949" WIDTH="68" HEIGHT="22" WC="0.96" CONTENT="sedda"/><SP WIDTH="23" VPOS="949" HPOS="159"/>
							<String ID="string_174" HPOS="182" VPOS="951" WIDTH="31" HEIGHT="18" WC="0.96" CONTENT="att"/><SP WIDTH="22" VPOS="951" HPOS="213"/>
							<String ID="string_175" HPOS="235" VPOS="948" WIDTH="103" HEIGHT="27" WC="0.96" CONTENT="utfärdas,"/><SP WIDTH="24" VPOS="948" HPOS="338"/>
							<String ID="string_176" HPOS="362" VPOS="950" WIDTH="56" HEIGHT="19" WC="0.95" CONTENT="samt"/><SP WIDTH="23" VPOS="950" HPOS="418"/>
							<String ID="string_177" HPOS="441" VPOS="947" WIDTH="42" HEIGHT="22" WC="0.95" CONTENT="den"/><SP WIDTH="17" VPOS="947" HPOS="483"/>
							<String ID="string_178" HPOS="500" VPOS="948" WIDTH="63" HEIGHT="21" WC="0.93" CONTENT="korta"/><SP WIDTH="17" VPOS="948" HPOS="563"/>
							<String ID="string_179" HPOS="580" VPOS="947" WIDTH="157" HEIGHT="28" WC="0.90" CONTENT="inlösningstid,"/><SP WIDTH="16" VPOS="947" HPOS="737"/>
							<String ID="string_180" HPOS="753" VPOS="955" WIDTH="48" HEIGHT="14" WC="0.96" CONTENT="som"/><SP WIDTH="16" VPOS="955" HPOS="801"/>
							<String ID="string_181" HPOS="817" VPOS="949" WIDTH="33" HEIGHT="20" WC="0.96" CONTENT="för"/>
						</TextLine>
						<TextLine ID="line_24" HPOS="92" VPOS="981" WIDTH="758" HEIGHT="28">
							<String ID="string_182" HPOS="92" VPOS="983" WIDTH="49" HEIGHT="22" WC="0.96" CONTENT="dem"/><SP WIDTH="15" VPOS="983" HPOS="141"/>
							<String ID="string_183" HPOS="156" VPOS="983" WIDTH="127" HEIGHT="26" WC="0.96" CONTENT="föreslagits,"/><SP WIDTH="17" VPOS="983" HPOS="283"/>
							<String ID="string_184" HPOS="300" VPOS="982" WIDTH="64" HEIGHT="21" WC="0.93" CONTENT="hafva"/><SP WIDTH="16" VPOS="982" HPOS="364"/>
							<String ID="string_185" HPOS="380" VPOS="981" WIDTH="123" HEIGHT="22" WC="0.91" CONTENT="Ständerna"/><SP WIDTH="16" VPOS="981" HPOS="503"/>
							<String ID="string_186" HPOS="519" VPOS="984" WIDTH="72" HEIGHT="20" WC="0.93" CONTENT="ansett"/><SP WIDTH="16" VPOS="984" HPOS="591"/>
							<String ID="string_187" HPOS="607" VPOS="983" WIDTH="31" HEIGHT="26" WC="0.96" CONTENT="sig"/><SP WIDTH="11" VPOS="983" HPOS="638"/>
							<String ID="string_188" HPOS="649" VPOS="982" WIDTH="73" HEIGHT="21" WC="0.96" CONTENT="kunna"/><SP WIDTH="10" VPOS="982" HPOS="722"/>
							<String ID="string_189" HPOS="732" VPOS="982" WIDTH="118" HEIGHT="27" WC="0.95" CONTENT="godkänna"/>
						</TextLine>
						<TextLine ID="line_25" HPOS="91" VPOS="1017" WIDTH="758" HEIGHT="28">
							<String ID="string_190" HPOS="91" VPOS="1017" WIDTH="166" HEIGHT="28" WC="0.96" CONTENT="ifrågavarande"/><SP WIDTH="15" VPOS="1017" HPOS="257"/>
							<String ID="string_191" HPOS="272" VPOS="1017" WIDTH="83" HEIGHT="26" WC="0.96" CONTENT="åtgärd,"/><SP WIDTH="9" VPOS="1017" HPOS="355"/>
							<String ID="string_192" HPOS="364" VPOS="1017" WIDTH="69" HEIGHT="21" WC="0.96" CONTENT="under"/><SP WIDTH="15" VPOS="1017" HPOS="433"/>
							<String ID="string_193" HPOS="448" VPOS="1017" WIDTH="112" HEIGHT="21" WC="0.95" CONTENT="uttalande"/><SP WIDTH="16" VPOS="1017" HPOS="560"/>
							<String ID="string_194" HPOS="576" VPOS="1017" WIDTH="66" HEIGHT="20" WC="0.96" CONTENT="tillika"/><SP WIDTH="15" VPOS="1017" HPOS="642"/>
							<String ID="string_195" HPOS="657" VPOS="1017" WIDTH="74" HEIGHT="21" WC="0.96" CONTENT="såsom"/><SP WIDTH="11" VPOS="1017" HPOS="731"/>
							<String ID="string_196" HPOS="742" VPOS="1019" WIDTH="31" HEIGHT="19" WC="0.93" CONTENT="ett"/><SP WIDTH="10" VPOS="1019" HPOS="773"/>
							<String ID="string_197" HPOS="783" VPOS="1017" WIDTH="66" HEIGHT="21" WC="0.92" CONTENT="önsk-"/>
						</TextLine>
						<TextLine ID="line_26" HPOS="94" VPOS="1051" WIDTH="756" HEIGHT="28">
							<String ID="string_198" HPOS="94" VPOS="1052" WIDTH="116" HEIGHT="27" WC="0.91" CONTENT="ningsmål,"/><SP WIDTH="15" VPOS="1052" HPOS="210"/>
							<String ID="string_199" HPOS="225" VPOS="1053" WIDTH="31" HEIGHT="19" WC="0.93" CONTENT="att"/><SP WIDTH="25" VPOS="1053" HPOS="256"/>
							<String ID="string_200" HPOS="281" VPOS="1051" WIDTH="187" HEIGHT="27" WC="0.90" CONTENT="obligationernas"/><SP WIDTH="23" VPOS="1051" HPOS="468"/>
							<String ID="string_201" HPOS="491" VPOS="1051" WIDTH="133" HEIGHT="27" WC="0.96" CONTENT="omloppstid"/><SP WIDTH="16" VPOS="1051" HPOS="624"/>
							<String ID="string_202" HPOS="640" VPOS="1051" WIDTH="47" HEIGHT="22" WC="0.96" CONTENT="icke"/><SP WIDTH="15" VPOS="1051" HPOS="687"/>
							<String ID="string_203" HPOS="702" VPOS="1052" WIDTH="68" HEIGHT="21" WC="0.96" CONTENT="måtte"/><SP WIDTH="15" VPOS="1052" HPOS="770"/>
							<String ID="string_204" HPOS="785" VPOS="1053" WIDTH="65" HEIGHT="25" WC="0.96" CONTENT="göras"/>
						</TextLine>
						<TextLine ID="line_27" HPOS="93" VPOS="1085" WIDTH="757" HEIGHT="30">
							<String ID="string_205" HPOS="93" VPOS="1087" WIDTH="81" HEIGHT="28" WC="0.96" CONTENT="längre,"/><SP WIDTH="16" VPOS="1087" HPOS="174"/>
							<String ID="string_206" HPOS="190" VPOS="1088" WIDTH="28" HEIGHT="20" WC="0.96" CONTENT="än"/><SP WIDTH="9" VPOS="1088" HPOS="218"/>
							<String ID="string_207" HPOS="227" VPOS="1085" WIDTH="163" HEIGHT="22" WC="0.96" CONTENT="förhållandena"/><SP WIDTH="16" VPOS="1085" HPOS="390"/>
							<String ID="string_208" HPOS="406" VPOS="1085" WIDTH="154" HEIGHT="27" WC="0.93" CONTENT="oundvikligen"/><SP WIDTH="16" VPOS="1085" HPOS="560"/>
							<String ID="string_209" HPOS="576" VPOS="1085" WIDTH="80" HEIGHT="22" WC="0.88" CONTENT="kräfva."/><SP WIDTH="30" VPOS="1085" HPOS="656"/>
							<String ID="string_210" HPOS="686" VPOS="1085" WIDTH="61" HEIGHT="22" WC="0.93" CONTENT="Dock"/><SP WIDTH="15" VPOS="1085" HPOS="747"/>
							<String ID="string_211" HPOS="762" VPOS="1085" WIDTH="88" HEIGHT="28" WC="0.92" CONTENT="utbedja"/>
						</TextLine>
						<TextLine ID="line_28" HPOS="91" VPOS="1119" WIDTH="760" HEIGHT="28">
							<String ID="string_212" HPOS="91" VPOS="1121" WIDTH="33" HEIGHT="26" WC="0.93" CONTENT="sig"/><SP WIDTH="23" VPOS="1121" HPOS="124"/>
							<String ID="string_213" HPOS="147" VPOS="1120" WIDTH="122" HEIGHT="22" WC="0.93" CONTENT="Ständerna"/><SP WIDTH="15" VPOS="1120" HPOS="269"/>
							<String ID="string_214" HPOS="284" VPOS="1122" WIDTH="31" HEIGHT="19" WC="0.95" CONTENT="att"/><SP WIDTH="23" VPOS="1122" HPOS="315"/>
							<String ID="string_215" HPOS="338" VPOS="1119" WIDTH="75" HEIGHT="22" WC="0.96" CONTENT="härvid"/><SP WIDTH="25" VPOS="1119" HPOS="413"/>
							<String ID="string_216" HPOS="438" VPOS="1119" WIDTH="20" HEIGHT="22" WC="0.96" CONTENT="få"/><SP WIDTH="16" VPOS="1119" HPOS="458"/>
							<String ID="string_217" HPOS="474" VPOS="1119" WIDTH="121" HEIGHT="27" WC="0.93" CONTENT="framhålla,"/><SP WIDTH="17" VPOS="1119" HPOS="595"/>
							<String ID="string_218" HPOS="612" VPOS="1120" WIDTH="104" HEIGHT="21" WC="0.93" CONTENT="hurusom"/><SP WIDTH="17" VPOS="1120" HPOS="716"/>
							<String ID="string_219" HPOS="733" VPOS="1120" WIDTH="34" HEIGHT="22" WC="0.95" CONTENT="det"/><SP WIDTH="16" VPOS="1120" HPOS="767"/>
							<String ID="string_220" HPOS="783" VPOS="1120" WIDTH="68" HEIGHT="27" WC="0.96" CONTENT="ligger"/>
						</TextLine>
						<TextLine ID="line_29" HPOS="92" VPOS="1154" WIDTH="759" HEIGHT="28">
							<String ID="string_221" HPOS="92" VPOS="1156" WIDTH="54" HEIGHT="20" WC="0.93" CONTENT="nära"/><SP WIDTH="16" VPOS="1156" HPOS="146"/>
							<String ID="string_222" HPOS="162" VPOS="1155" WIDTH="119" HEIGHT="21" WC="0.92" CONTENT="förhanden"/><SP WIDTH="17" VPOS="1155" HPOS="281"/>
							<String ID="string_223" HPOS="298" VPOS="1157" WIDTH="30" HEIGHT="19" WC="0.96" CONTENT="att"/><SP WIDTH="17" VPOS="1157" HPOS="328"/>
							<String ID="string_224" HPOS="345" VPOS="1156" WIDTH="80" HEIGHT="25" WC="0.96" CONTENT="antaga"/><SP WIDTH="17" VPOS="1156" HPOS="425"/>
							<String ID="string_225" HPOS="442" VPOS="1154" WIDTH="35" HEIGHT="22" WC="0.96" CONTENT="det"/><SP WIDTH="17" VPOS="1154" HPOS="477"/>
							<String ID="string_226" HPOS="494" VPOS="1154" WIDTH="97" HEIGHT="22" WC="0.96" CONTENT="nämnda"/><SP WIDTH="16" VPOS="1154" HPOS="591"/>
							<String ID="string_227" HPOS="607" VPOS="1154" WIDTH="145" HEIGHT="28" WC="0.90" CONTENT="obligationer"/><SP WIDTH="17" VPOS="1154" HPOS="752"/>
							<String ID="string_228" HPOS="769" VPOS="1161" WIDTH="82" HEIGHT="15" WC="0.91" CONTENT="sanno-"/>
						</TextLine>
						<TextLine ID="line_30" HPOS="92" VPOS="1189" WIDTH="759" HEIGHT="27">
							<String ID="string_229" HPOS="92" VPOS="1190" WIDTH="37" HEIGHT="20" WC="0.94" CONTENT="likt"/><SP WIDTH="23" VPOS="1190" HPOS="129"/>
							<String ID="string_230" HPOS="152" VPOS="1189" WIDTH="30" HEIGHT="21" WC="0.94" CONTENT="till"/><SP WIDTH="23" VPOS="1189" HPOS="182"/>
							<String ID="string_231" HPOS="205" VPOS="1190" WIDTH="47" HEIGHT="21" WC="0.96" CONTENT="icke"/><SP WIDTH="23" VPOS="1190" HPOS="252"/>
							<String ID="string_232" HPOS="275" VPOS="1190" WIDTH="61" HEIGHT="26" WC="0.96" CONTENT="ringa"/><SP WIDTH="24" VPOS="1190" HPOS="336"/>
							<String ID="string_233" HPOS="360" VPOS="1189" WIDTH="78" HEIGHT="27" WC="0.96" CONTENT="belopp"/><SP WIDTH="16" VPOS="1189" HPOS="438"/>
							<String ID="string_234" HPOS="454" VPOS="1189" WIDTH="90" HEIGHT="21" WC="0.96" CONTENT="komma"/><SP WIDTH="15" VPOS="1189" HPOS="544"/>
							<String ID="string_235" HPOS="559" VPOS="1191" WIDTH="32" HEIGHT="19" WC="0.93" CONTENT="att"/><SP WIDTH="16" VPOS="1191" HPOS="591"/>
							<String ID="string_236" HPOS="607" VPOS="1189" WIDTH="74" HEIGHT="27" WC="0.92" CONTENT="inflyta"/><SP WIDTH="15" VPOS="1189" HPOS="681"/>
							<String ID="string_237" HPOS="696" VPOS="1189" WIDTH="29" HEIGHT="21" WC="0.96" CONTENT="till"/><SP WIDTH="16" VPOS="1189" HPOS="725"/>
							<String ID="string_238" HPOS="741" VPOS="1189" WIDTH="110" HEIGHT="21" WC="0.96" CONTENT="allmänna"/>
						</TextLine>
						<TextLine ID="line_31" HPOS="92" VPOS="1223" WIDTH="759" HEIGHT="28">
							<String ID="string_239" HPOS="92" VPOS="1224" WIDTH="84" HEIGHT="26" WC="0.96" CONTENT="kassor,"/><SP WIDTH="23" VPOS="1224" HPOS="176"/>
							<String ID="string_240" HPOS="199" VPOS="1224" WIDTH="147" HEIGHT="27" WC="0.96" CONTENT="hvarigenom,"/><SP WIDTH="17" VPOS="1224" HPOS="346"/>
							<String ID="string_241" HPOS="363" VPOS="1226" WIDTH="57" HEIGHT="19" WC="0.95" CONTENT="samt"/><SP WIDTH="16" VPOS="1226" HPOS="420"/>
							<String ID="string_242" HPOS="436" VPOS="1224" WIDTH="103" HEIGHT="27" WC="0.96" CONTENT="möjligen"/><SP WIDTH="16" VPOS="1224" HPOS="539"/>
							<String ID="string_243" HPOS="555" VPOS="1223" WIDTH="63" HEIGHT="22" WC="0.96" CONTENT="äfven"/><SP WIDTH="15" VPOS="1223" HPOS="618"/>
							<String ID="string_244" HPOS="633" VPOS="1229" WIDTH="79" HEIGHT="21" WC="0.96" CONTENT="genom"/><SP WIDTH="16" VPOS="1229" HPOS="712"/>
							<String ID="string_245" HPOS="728" VPOS="1224" WIDTH="123" HEIGHT="27" WC="0.88" CONTENT="ytterligare"/>
						</TextLine>
						<TextLine ID="line_32" HPOS="93" VPOS="1258" WIDTH="758" HEIGHT="28">
							<String ID="string_246" HPOS="93" VPOS="1258" WIDTH="87" HEIGHT="28" WC="0.96" CONTENT="uppköp"/><SP WIDTH="24" VPOS="1258" HPOS="180"/>
							<String ID="string_247" HPOS="204" VPOS="1258" WIDTH="23" HEIGHT="20" WC="0.96" CONTENT="af"/><SP WIDTH="21" VPOS="1258" HPOS="227"/>
							<String ID="string_248" HPOS="248" VPOS="1258" WIDTH="70" HEIGHT="28" WC="0.95" CONTENT="dylika"/><SP WIDTH="24" VPOS="1258" HPOS="318"/>
							<String ID="string_249" HPOS="342" VPOS="1258" WIDTH="50" HEIGHT="22" WC="0.95" CONTENT="med"/><SP WIDTH="23" VPOS="1258" HPOS="392"/>
							<String ID="string_250" HPOS="415" VPOS="1258" WIDTH="86" HEIGHT="21" WC="0.95" CONTENT="kronan"/><SP WIDTH="23" VPOS="1258" HPOS="501"/>
							<String ID="string_251" HPOS="524" VPOS="1258" WIDTH="108" HEIGHT="27" WC="0.96" CONTENT="tillhöriga"/><SP WIDTH="20" VPOS="1258" HPOS="632"/>
							<String ID="string_252" HPOS="652" VPOS="1258" WIDTH="76" HEIGHT="26" WC="0.93" CONTENT="medel,"/><SP WIDTH="17" VPOS="1258" HPOS="728"/>
							<String ID="string_253" HPOS="745" VPOS="1258" WIDTH="106" HEIGHT="22" WC="0.89" CONTENT="vederbö-"/>
						</TextLine>
						<TextLine ID="line_33" HPOS="94" VPOS="1292" WIDTH="758" HEIGHT="28">
							<String ID="string_254" HPOS="94" VPOS="1292" WIDTH="69" HEIGHT="22" WC="0.93" CONTENT="rande"/><SP WIDTH="18" VPOS="1292" HPOS="163"/>
							<String ID="string_255" HPOS="181" VPOS="1292" WIDTH="182" HEIGHT="22" WC="0.91" CONTENT="kassaförvaltare"/><SP WIDTH="15" VPOS="1292" HPOS="363"/>
							<String ID="string_256" HPOS="378" VPOS="1292" WIDTH="72" HEIGHT="22" WC="0.93" CONTENT="kunde"/><SP WIDTH="16" VPOS="1292" HPOS="450"/>
							<String ID="string_257" HPOS="466" VPOS="1292" WIDTH="103" HEIGHT="21" WC="0.91" CONTENT="förskaffa"/><SP WIDTH="17" VPOS="1292" HPOS="569"/>
							<String ID="string_258" HPOS="586" VPOS="1292" WIDTH="32" HEIGHT="27" WC="0.96" CONTENT="sig"/><SP WIDTH="15" VPOS="1292" HPOS="618"/>
							<String ID="string_259" HPOS="633" VPOS="1298" WIDTH="28" HEIGHT="16" WC="0.96" CONTENT="en"/><SP WIDTH="15" VPOS="1298" HPOS="661"/>
							<String ID="string_260" HPOS="676" VPOS="1292" WIDTH="84" HEIGHT="27" WC="0.93" CONTENT="ganska"/><SP WIDTH="15" VPOS="1292" HPOS="760"/>
							<String ID="string_261" HPOS="775" VPOS="1292" WIDTH="77" HEIGHT="28" WC="0.91" CONTENT="betyd-"/>
						</TextLine>
						<TextLine ID="line_34" HPOS="92" VPOS="1326" WIDTH="761" HEIGHT="28">
							<String ID="string_262" HPOS="92" VPOS="1327" WIDTH="29" HEIGHT="27" WC="0.93" CONTENT="lig"/><SP WIDTH="21" VPOS="1327" HPOS="121"/>
							<String ID="string_263" HPOS="142" VPOS="1327" WIDTH="120" HEIGHT="21" WC="0.91" CONTENT="räntevinst"/><SP WIDTH="20" VPOS="1327" HPOS="262"/>
							<String ID="string_264" HPOS="282" VPOS="1328" WIDTH="28" HEIGHT="26" WC="0.96" CONTENT="på"/><SP WIDTH="15" VPOS="1328" HPOS="310"/>
							<String ID="string_265" HPOS="325" VPOS="1327" WIDTH="96" HEIGHT="21" WC="0.96" CONTENT="kronans"/><SP WIDTH="20" VPOS="1327" HPOS="421"/>
							<String ID="string_266" HPOS="441" VPOS="1326" WIDTH="129" HEIGHT="22" WC="0.93" CONTENT="bekostnad."/><SP WIDTH="31" VPOS="1326" HPOS="570"/>
							<String ID="string_267" HPOS="601" VPOS="1326" WIDTH="121" HEIGHT="22" WC="0.90" CONTENT="Ständerna"/><SP WIDTH="16" VPOS="1326" HPOS="722"/>
							<String ID="string_268" HPOS="738" VPOS="1326" WIDTH="115" HEIGHT="22" WC="0.96" CONTENT="förutsätta"/>
						</TextLine>
						<TextLine ID="line_35" HPOS="94" VPOS="1360" WIDTH="759" HEIGHT="29">
							<String ID="string_269" HPOS="94" VPOS="1361" WIDTH="125" HEIGHT="28" WC="0.96" CONTENT="emellertid,"/><SP WIDTH="11" VPOS="1361" HPOS="219"/>
							<String ID="string_270" HPOS="230" VPOS="1363" WIDTH="32" HEIGHT="19" WC="0.96" CONTENT="att"/><SP WIDTH="18" VPOS="1363" HPOS="262"/>
							<String ID="string_271" HPOS="280" VPOS="1361" WIDTH="106" HEIGHT="21" WC="0.92" CONTENT="särskilda"/><SP WIDTH="16" VPOS="1361" HPOS="386"/>
							<String ID="string_272" HPOS="402" VPOS="1360" WIDTH="198" HEIGHT="28" WC="0.92" CONTENT="kontrollåtgärder"/><SP WIDTH="16" VPOS="1360" HPOS="600"/>
							<String ID="string_273" HPOS="616" VPOS="1360" WIDTH="46" HEIGHT="22" WC="0.96" CONTENT="från"/><SP WIDTH="11" VPOS="1360" HPOS="662"/>
							<String ID="string_274" HPOS="673" VPOS="1360" WIDTH="122" HEIGHT="28" WC="0.95" CONTENT="Styrelsens"/><SP WIDTH="10" VPOS="1360" HPOS="795"/>
							<String ID="string_275" HPOS="805" VPOS="1361" WIDTH="48" HEIGHT="21" WC="0.96" CONTENT="sida"/>
						</TextLine>
						<TextLine ID="line_36" HPOS="94" VPOS="1395" WIDTH="729" HEIGHT="28">
							<String ID="string_276" HPOS="94" VPOS="1396" WIDTH="63" HEIGHT="21" WC="0.96" CONTENT="skola"/><SP WIDTH="15" VPOS="1396" HPOS="157"/>
							<String ID="string_277" HPOS="172" VPOS="1396" WIDTH="30" HEIGHT="20" WC="0.96" CONTENT="till"/><SP WIDTH="16" VPOS="1396" HPOS="202"/>
							<String ID="string_278" HPOS="218" VPOS="1396" WIDTH="177" HEIGHT="22" WC="0.95" CONTENT="förekommande"/><SP WIDTH="16" VPOS="1396" HPOS="395"/>
							<String ID="string_279" HPOS="411" VPOS="1395" WIDTH="24" HEIGHT="21" WC="0.95" CONTENT="af"/><SP WIDTH="13" VPOS="1395" HPOS="435"/>
							<String ID="string_280" HPOS="448" VPOS="1395" WIDTH="109" HEIGHT="22" WC="0.93" CONTENT="missbruk"/><SP WIDTH="16" VPOS="1395" HPOS="557"/>
							<String ID="string_281" HPOS="573" VPOS="1396" WIDTH="131" HEIGHT="21" WC="0.89" CONTENT="härutinnan"/><SP WIDTH="16" VPOS="1396" HPOS="704"/>
							<String ID="string_282" HPOS="720" VPOS="1396" WIDTH="103" HEIGHT="27" WC="0.95" CONTENT="vidtagas."/>
						</TextLine>
					</TextBlock>
				</ComposedBlock>
				<GraphicalElement ID="cblock_2" HPOS="449" VPOS="570" WIDTH="7" HEIGHT="329"></GraphicalElement >
			</PrintSpace>
		</Page>
	</Layout>
</alto>
