1056 1725
71 361 28 26 88
115 361 34 26 31,
166 360 26 21 32

96 401 20 14 o.
132 395 34 20 33.

64 532 13 25 8
86 531 28 22 34
120 531 71 28 (835).

60 1016 13 26 $
84 1016 28 21 35
122 1017 23 26 ($
154 1017 35 25 36)

234 121 29 21 20
443 122 20 21 U.
481 122 21 21 B.
519 133 27 4 —
561 123 58 26 Prop.
637 123 35 21 N:o
687 122 35 22 36.

206 184 122 30 spörjsmä!
343 184 132 22 emellertid
489 184 52 22 icke
556 184 83 23 hänför
654 185 37 28 sig
706 185 37 21 till
751 186 152 22 förevarande
914 188 50 28 lag-

204 219 96 27 förslag,
322 218 77 22 finner
421 218 124 22 Utskottet
560 219 74 28 något
649 219 176 29 förtydligande
841 221 28 21 af
881 223 14 25 8
912 223 29 21 30
955 222 9 22 i

206 253 66 22 detta
290 252 63 30 syfte
368 252 51 22 icke
436 252 56 22 böra
512 253 8 21 i
535 253 67 28 fråga
617 253 98 25 komma,
732 254 63 22 helst
809 256 154 28 paragrafens

206 287 148 29 ordalydelse
376 287 19 28 ej
419 286 74 23 heller
515 287 77 28 gifver
615 287 130 30 anledning
762 288 38 22 till
817 297 26 14 en
852 290 111 29 tolkning

205 323 9 22 i
228 323 99 20 motsatt
341 321 114 28 riktning.

271 358 69 26 88:na
355 357 33 24 31,
405 357 27 20 32
449 355 44 22 och
508 356 28 21 33
551 355 72 22 hafva
638 356 53 21 icke
707 356 72 29 gifvit
789 357 123 23 Utskottet
923 367 38 14 an-

201 391 99 28 ledning
314 390 38 21 till
367 390 73 28 något
455 389 209 30 ändringsförslag.

271 425 94 27 Nödiga
388 423 146 29 stadganden
549 431 38 14 om
602 424 55 29 laga
672 425 101 22 domstol
787 425 38 22 för
837 426 100 29 jernväg
952 427 9 21 i

201 460 129 28 fordrings-
352 458 45 22 och
411 458 197 29 ersättningsmål,
625 466 49 15 som
690 459 25 21 af
727 459 116 30 företaget
858 461 101 26 härröra,

202 495 44 22 har
261 494 125 23 Utskottet
399 493 111 28 upptagit
525 493 8 20 i
549 499 29 14 en
594 493 101 22 särskild
710 495 113 27 paragraf
831 495 60 21 efter
901 496 13 25 $
925 496 34 21 33.

271 531 13 25 8
300 530 28 21 34
343 529 23 27 (8
374 528 37 28 35)
420 527 43 22 har
471 527 24 22 af
503 527 124 22 Utskottet
638 528 185 22 omformulerats
835 529 8 21 i
854 529 61 28 syfte
926 532 34 19 att

202 563 132 29 förebygga
345 562 40 22 det
394 561 149 29 Regeringen
553 561 53 22 icke
616 562 73 22 mätte
700 561 63 23 finna
775 563 36 28 sig
823 563 24 22 af
852 571 108 21 paragra-

200 599 53 21 fens
264 596 148 29 ordalydelse
422 596 100 22 hindrad
533 598 41 24 att,
583 596 41 21 der
633 596 231 29 omständigheterna
872 598 41 22 det
920 599 39 28 pä-

201 632 71 26 kalla,
280 631 94 28 utgifva
388 630 131 28 ersättning
531 630 36 22 för
577 630 140 28 krigsskada
727 631 14 20 å
751 631 94 22 enskild
852 632 107 29 jernväg,

200 666 131 28 hvarjemte
343 665 121 22 Utskottet
472 671 83 21 genom
564 664 53 22 dess
626 664 153 29 formulering
787 666 27 20 af
819 667 140 27 paragrafen

200 702 71 20 äfven
286 700 64 21 velat
365 699 106 21 undvika
485 698 44 22 den
539 698 168 29 misstydning,
717 701 34 19 att
759 699 52 22 icke
819 701 79 27 nägon
909 708 49 14 som

200 735 64 21 helst
274 734 90 28 ätgärd.
376 741 47 13 som
434 733 116 28 päkallats
559 733 26 21 af
591 733 92 21 landets
692 734 97 26 försvar,
798 734 76 22 skulle
882 735 76 22 berät-

199 770 51 28 tiga
266 769 38 21 till
317 768 154 28 godtgörelse,
482 768 83 21 medan
576 768 61 20 dock
647 768 142 28 exempelvis
800 770 13 25 $
824 770 27 20 23
863 770 94 28 stadgar

199 806 35 19 ett
251 803 123 27 undantag
388 802 53 21 frän
451 802 76 21 denna
538 802 63 28 regel
612 802 44 21 och
667 802 73 21 andra
751 802 126 22 afvikelser
888 804 70 21 äfven

199 838 151 21 förekomma.
361 850 27 2 —
398 836 148 22 Beträffande
557 838 13 25 $
579 837 28 21 35
616 838 21 26 (8
648 837 36 21 36:
693 836 42 21 har
744 836 122 22 Utskottet
875 838 83 21 endast

198 873 65 20 velat
286 871 83 27 erinra,
393 873 34 19 att
452 871 28 20 de
503 871 8 20 i
533 877 82 14 senare
635 878 66 14 mom.
718 871 26 21 af
757 871 72 28 sagda
845 873 12 23 $
873 873 84 21 omför-

198 907 78 21 mälda
291 905 146 22 föreskrifter
453 905 137 28 antagligen
605 905 67 22 skola
688 905 26 22 af
727 906 102 22 Senaten
840 907 116 22 meddelas

198 941 7 21 i
223 941 62 21 form
300 940 25 21 af
339 947 27 14 en
384 939 86 22 allmän
492 940 140 28 författning
647 940 57 21 eller
719 940 142 22 ätminstone
878 942 8 20 i
902 949 55 14 ena-

200 975 78 22 handa
294 975 100 28 ordning
410 974 181 28 offentliggöras.

268 1009 116 28 Slutligen
408 1009 41 21 har
465 1009 122 22 Utskottet
603 1009 52 21 icke
672 1009 91 21 kunnat
778 1009 77 22 lemna
871 1010 84 22 obeak-

197 1044 41 21 tad
261 1044 84 28 frågan
367 1043 86 26 derom,
468 1043 9 21 i
492 1043 61 21 hvad
569 1051 54 14 mon
639 1043 126 28 anläggare
789 1044 44 21 och
848 1051 68 22 egare
931 1045 27 21 af

196 1078 95 21 enskild
311 1078 100 29 jernväg
434 1081 39 18 äro
496 1078 108 28 skyldige
627 1080 35 19 att
685 1085 36 14 om
740 1078 28 21 de
783 1078 41 21 vid
839 1079 116 28 företaget

197 1112 137 29 sysselsatte
350 1112 104 21 arbetare
471 1111 71 29 draga
557 1113 96 27 försorg.
683 1112 11 21 1
709 1112 132 22 motiverna
856 1113 37 21 till
909 1113 44 22 den

195 1147 89 28 nådiga
299 1147 176 28 propositionen
489 1147 94 26 uttalas,
599 1149 36 19 att
649 1147 182 28 lagstiftningen
847 1155 37 14 om
892 1147 62 29 jern-

195 1185 141 25 vägsegares
359 1181 150 29 ansvarighet
528 1182 36 20 för
580 1181 79 26 skada,
675 1188 50 14 som
745 1182 75 20 under
832 1182 122 29 jernvägs-

194 1216 90 21 driften
307 1216 142 28 tillskyndas
465 1216 13 21 å
491 1216 130 28 jernvägen
644 1215 125 22 befordrad
785 1216 58 21 eller
857 1216 42 22 der
915 1224 38 14 an-

194 1250 63 21 stäld
279 1257 85 21 person
388 1250 55 21 eller
466 1250 71 21 andra
552 1257 111 21 personer
679 1250 56 21 eller
750 1250 67 21 deras
833 1252 119 27 egendom,

194 1286 92 20 ansetts
308 1284 58 22 böra
380 1284 75 22 blifva
477 1291 131 21 gemensam
624 1284 37 22 för
676 1284 47 21 alla
736 1284 133 29 jernvägar,
885 1285 68 23 hvar-

193 1319 37 21 för
245 1318 67 22 detta
327 1322 66 18 ämne
408 1318 51 22 icke
476 1319 73 28 gjorts
564 1318 39 22 till
617 1318 98 22 föremål
730 1319 36 21 för
784 1318 145 30 behandling
944 1321 8 21 i

192 1352 165 29 föreliggande
379 1353 246 29 författningsförslag.
655 1353 35 21 På
713 1353 76 21 denna
809 1354 76 28 grund
908 1354 43 22 och

194 1387 29 21 då
248 1387 129 29 lagförslag
400 1395 35 14 om
460 1388 183 28 arbetsgifvares
663 1388 236 28 ansvarsskyldighet
915 1388 37 22 för

262 1433 134 24 Lagutskottete
408 1433 108 19 betänkande
531 1434 32 16 N:n
579 1434 26 17 12.
