1056 1725
400 106 53 22 N:o
470 105 51 23 85.

360 387 65 22 Hans
446 387 147 28 Kejserliga
614 388 139 27 Majestäts
769 389 76 27 nådiga

300 428 125 27 proposition
449 428 29 21 till
500 429 94 21 Finlands
621 428 93 27 Ständer,
737 429 106 27 angående

302 468 71 27 anslag
389 468 29 21 till
435 474 38 21 nya
488 468 251 27 jernvägsanläggningar.

151 543 11 20 I
181 543 64 26 nådig
260 543 133 26 proposition
408 543 34 20 till
457 542 84 22 landets
557 543 91 21 Ständer
664 543 39 21 har
717 543 60 21 Hans
794 543 50 26 Kej-

81 577 79 27 serliga
178 578 101 26 Majestät
299 577 111 27 föreslagit
426 577 149 27 anläggandet,
592 577 117 26 efterhand,
727 577 23 21 af
763 578 81 21 nedan-

81 611 89 21 stående
191 612 119 26 jernvägar,
334 611 33 21 för
388 611 73 21 hvilka
484 612 119 21 kostnaden
625 614 24 18 är
669 612 110 21 beräknad
797 618 47 15 som

81 645 73 27 följer:

85 698 43 26 1:0)
155 697 49 21 från
230 698 88 26 Wiborg
346 697 58 21 öfver
427 698 118 21 Sordavala
568 698 34 20 till

150 732 96 21 Joensuu
269 748 4 4 .
305 748 3 4 .
593 748 4 4 .
629 733 127 24 20,700,000
774 732 69 21 mark.

82 766 43 27 2:0)
141 766 48 21 frän
206 766 98 21 Kouvola
320 748 79 40 station
409 748 33 40 till
448 744 85 54 Kotka,
545 749 56 39 utöf-

151 807 37 15 ver
203 800 72 22 Kotka
291 801 171 21 stadskommuns
478 801 75 27 bidrag
595 817 4 4 =.
645 802 113 25 2,147,000
804 817 9 10 ,

82 835 44 27 3:0)
142 834 47 22 frän
205 835 65 21 Wasa
285 835 79 21 banans
381 835 145 27 hamnbrygga
541 836 7 20 i
564 835 37 21 Ni-

150 869 109 22 kolaistad
276 869 34 22 till
330 869 68 22 denna
417 869 60 22 stads
492 870 110 55 Lammin

151 904 82 27 brygga
274 921 4 4 .
310 921 4 4 .
346 921 4 4 .
527 921 78 4 ora
682 905 78 25 50,000
805 921 9 9 ,

527 945 88 21 Summa
631 946 128 25 22,897,000
775 944 68 21 mark.

150 1006 34 21 Då
207 1007 35 21 det
265 1007 7 21 i
295 1007 134 21 ekonomiskt
451 1007 122 22 hänseende
597 1009 24 19 är
640 1007 23 21 af
680 1008 45 26 vigt
740 1009 33 20 att
785 1007 58 27 jern-

80 1041 174 27 vägsbyggandet
276 1041 46 22 icke
345 1041 106 22 bedrifves
470 1042 7 21 i
498 1041 40 22 den
554 1041 127 28 omfattning
696 1041 28 28 på
739 1048 26 14 en
780 1043 63 26 gång,

80 1077 33 20 att
136 1081 26 15 en
179 1075 34 21 för
231 1078 45 19 stor
297 1076 146 27 arbetsstyrka
458 1076 147 27 undanryckes
621 1076 26 21 de
662 1075 129 28 produktiva
805 1078 38 19 nä-

80 1109 107 27 ringarna,
211 1110 39 21 och
272 1109 27 22 då
322 1110 35 21 det
380 1109 61 22 äfven
464 1110 50 21 med
533 1110 99 21 afseende
653 1110 12 21 å
685 1110 25 21 de
725 1109 119 22 finansiella

80 1150 125 15 resurserna
224 1144 39 21 och
281 1144 106 22 banornas
405 1145 231 27 anläggningskostnad
652 1147 24 19 är
691 1144 152 28 förmånligare

80 1180 33 20 att
132 1178 47 22 icke
199 1178 83 22 forcera
301 1179 108 27 arbetena,
424 1179 41 21 har
479 1179 59 21 Hans
553 1179 121 27 Kejserliga
689 1179 101 27 Majestät
806 1185 37 15 an-

80 1214 43 20 sett
138 1212 123 22 utförandet
277 1213 23 21 af
316 1213 62 21 ofvan
393 1213 92 21 nämnda
498 1213 224 27 jernvägsbyggnader
736 1214 53 20 böra
800 1213 42 21 för-

80 1247 60 21 delas
155 1247 28 27 på
198 1254 27 14 en
240 1248 94 26 tidrymd
349 1247 23 22 af
385 1248 98 27 omkring
499 1248 42 20 fem
558 1248 30 21 år.

150 1282 73 26 Enligt
241 1282 59 21 Hans
318 1282 120 27 Kejserliga
455 1282 114 27 Majestäts
584 1282 133 27 proposition
733 1282 111 27 angående

80 1315 26 21 de
124 1316 37 21 vid
179 1316 130 27 landtdagen
328 1316 24 22 år
368 1318 54 20 1888
438 1316 81 22 äskade
534 1317 75 26 anslag
625 1317 38 21 och
678 1318 118 26 utvägarne
811 1316 34 21 till

81 1350 62 21 deras
158 1350 138 22 bestridande
312 1351 52 21 böra
378 1350 285 22 kommunikationsfondens
678 1350 114 28 tillgångar
807 1357 38 15 un-

80 1383 38 22 der
141 1384 52 22 åren
215 1386 138 20 1889—1891
375 1384 117 28 öfverstiga
511 1385 26 21 de
555 1385 154 27 obligatoriska
729 1384 118 28 utgifterna

80 1418 48 21 från
144 1418 70 22 denna
231 1418 51 22 fond
297 1419 48 21 med
361 1421 114 25 9,361,070
491 1420 69 20 mark.
585 1419 32 21 På
632 1421 43 19 sätt
691 1420 5 20 i
708 1419 77 27 nådiga
796 1425 49 21 pro-
