1056 1725
253 128 28 21 46
473 128 19 23 U.
508 127 19 23 B.
543 140 28 5 —
587 127 55 29 Prop.
659 128 34 23 N:o
709 127 26 24 31.

294 190 47 29 Jag
356 193 41 26 gör
412 190 77 22 denna
504 190 175 29 framställning
693 190 26 19 så
734 189 95 29 mycket
843 190 80 28 hallra,
935 196 50 15 som

225 223 95 23 dermed
342 228 31 18 en
392 232 34 21 ny
447 227 50 26 väg
517 224 109 30 insloges,
642 212 36 42 pä
691 210 98 36 hvilken
804 231 55 15 man
873 223 111 23 närmade

225 258 37 29 sig
284 260 34 20 ett
341 258 52 28 mäl,
415 258 92 22 hvilket
521 259 74 21 mäste
610 258 74 23 blifva
698 258 149 22 framtidens:
862 258 123 22 inskränk-

225 293 59 28 ning
298 293 27 21 af
338 293 141 22 arbetstiden
494 293 37 22 för
546 293 47 22 alla
607 293 182 29 yrkesarbetare.

294 327 44 22 Att
360 331 105 18 närmare
484 328 102 29 granska
601 328 42 21 och
658 328 99 29 utlägga
771 327 132 22 fördelarne
919 329 22 20 at
957 334 28 15 en

226 369 16 14 s.
266 361 22 22 k.
311 362 214 29 normalarbetsdag
546 362 77 29 ligger
645 362 60 22 dock
720 362 53 21 icke
787 362 64 21 inom
867 361 64 22 detta
946 361 39 22 be-

225 395 129 22 tänkandes
378 403 56 19 ram,
457 396 44 22 och
515 397 46 21 kan
577 396 89 22 säledes
682 397 20 28 ej
719 396 73 22 heller
807 399 66 26 tagas
888 395 37 22 till
940 395 45 22 tals

224 430 9 21 i
256 437 29 14 en
310 430 78 22 doertill
411 431 103 22 hörande
535 431 151 27 reservation,
705 439 55 14 men
774 431 75 22 likväl
864 437 67 15 anser
942 429 43 30 jag

225 464 49 29 mig
298 464 149 23 oförhindrad
470 465 73 22 uttala
565 465 50 22 min
637 465 155 29 öfvertygelse
815 467 35 20 att
867 473 30 14 en
912 464 73 22 sädan

225 498 160 30 begränsning
399 503 26 18 är
443 502 36 19 ett
493 499 26 22 af
532 499 28 22 de
575 500 104 21 säkraste
694 499 83 26 medel,
793 499 152 29 hvarigenom
960 499 25 21 vi

225 533 81 22 kunna
327 533 79 29 undgå
428 541 29 14 en
480 533 92 30 skadlig
592 534 197 27 arbetarerörelse,
805 533 44 22 och
863 533 54 29 höja
932 533 53 22 hela

226 567 77 22 denna
317 567 63 23 klass
394 568 9 22 i
417 568 158 22 intellektuelt
589 568 140 22 hänseende.
754 568 55 22 Men
825 568 29 22 dä
869 571 34 19 ett
918 567 67 23 bräd-

226 602 101 22 störtadt
340 602 121 22 insläende
475 603 30 29 pä
520 603 77 21 denna
611 607 46 25 väg
672 602 55 22 med
741 602 52 22 dess
808 605 134 27 noggrannt
953 602 32 22 af-

224 636 91 22 fattade
330 636 213 30 lagbestämningar
557 638 137 28 antagligen
709 637 75 21 skulle
795 638 36 20 stä
841 636 144 23 främmande

225 670 37 21 för
286 670 29 22 de
337 670 76 22 flestes
436 672 9 20 i
467 672 52 21 värt
536 672 57 21 land
609 671 192 29 äskädningssätt
816 671 43 22 och
874 671 109 29 uppkalla

225 706 65 20 utom
306 704 28 22 de
350 708 51 18 rent
416 706 137 29 principiela
569 706 196 27 motständarena,
781 705 81 22 hvilka
876 705 64 22 hälla
954 706 31 28 pä

226 738 100 22 enhvars
348 739 151 23 oförkränkta
521 742 48 20 rätt
591 742 35 20 att
649 740 54 28 sjelf
723 740 130 22 bestämma
867 740 65 22 öfver
947 740 37 21 sin

226 772 146 29 arbetskraft,
388 774 67 22 äfven
471 782 29 14 en
515 774 88 29 kraftig
618 782 103 21 gensaga
736 774 53 22 frän
804 774 58 25 dem,
874 781 49 15 som
933 778 52 18 när-

225 810 61 19 mast
308 808 93 22 beröras
423 808 27 22 af
470 808 79 29 dylika
572 808 153 30 stadganden,
741 808 74 22 håller
827 809 42 28 jag
884 808 49 22 före
949 810 36 20 att

225 848 55 15 man
295 842 53 22 med
362 842 150 23 undvikande
527 842 26 23 af
566 842 91 23 direkta
671 843 176 29 bestämningar
856 843 31 29 på
897 850 29 14 en
937 850 47 15 om-

226 879 46 26 väg
288 877 42 21 bör
344 877 56 22 söka
414 881 81 18 närma
517 878 36 29 sig
568 885 88 14 samma
671 877 47 22 mål
733 891 28 2 —
775 877 209 22 normalarbetsda-

226 917 57 22 gen;
307 911 43 22 och
373 911 29 22 då
423 912 65 21 inom
511 912 28 21 de
557 912 118 29 egentliga
690 911 135 22 fabrikerna
840 912 143 22 arbetstiden

226 944 157 23 öfverhufvud
396 946 52 21 icke
463 947 42 28 går
521 946 65 22 öfver
603 949 25 20 12
643 947 93 22 timmar
751 949 26 19 är
792 946 39 22 det
846 949 103 19 närmast
959 947 25 21 åt

225 979 220 23 handtverkerierna
467 981 234 29 uppmärksamheten
726 981 43 21 bör
790 981 80 25 riktas,
893 980 42 23 och
955 987 29 15 en

225 1013 139 30 lämpligare
384 1018 53 25 väg,
461 1019 29 18 än
513 1017 34 20 att
570 1015 69 22 äfven
654 1015 43 22 här
711 1014 78 23 införa
803 1015 77 22 denna
894 1014 89 23 förord-

225 1048 71 29 nings
311 1049 173 22 bestämmelser
503 1057 37 14 om
555 1057 30 14 en
599 1050 48 21 viss
663 1049 114 22 arbetstid
791 1049 36 22 för
841 1057 64 21 unga
919 1049 66 22 arbe-

225 1084 50 20 tare
290 1086 26 18 är
330 1083 117 30 knappast
461 1084 105 27 tänkbar,
581 1086 28 27 ty
624 1084 40 21 det
679 1087 26 18 är
719 1083 51 22 helt
784 1083 114 29 naturligt
909 1086 34 19 att
953 1083 30 22 då

226 1116 29 21 de
270 1124 64 23 unga
348 1117 71 23 hafva
434 1126 29 14 en
478 1119 47 22 viss
541 1118 113 23 arbetstid
661 1119 60 21 skall
729 1118 52 22 icke
789 1118 62 22 blott
865 1118 118 29 exemplet

226 1152 86 28 smitta,
335 1155 62 24 utan,
419 1153 63 23 hvad
497 1154 43 28 jag
555 1155 49 20 tror
619 1153 73 22 blifva
707 1153 41 22 det
762 1152 140 30 kraftigaste
917 1160 66 22 argu-

225 1189 95 25 mentet,
345 1187 39 22 det
405 1188 60 22 skall
480 1188 34 22 för
529 1188 185 29 arbetsgifvaren
730 1188 64 22 inom
809 1188 54 22 kort
877 1187 57 22 falla
949 1188 34 28 sig

226 1221 125 29 obeqvämt
372 1224 35 20 att
428 1222 71 22 hafva
519 1222 63 22 olika
597 1222 138 22 arbetstider
750 1222 37 22 för
802 1222 29 22 de
845 1229 78 15 vuxne
939 1222 44 22 och

226 1256 43 21 och
284 1256 37 22 för
335 1264 62 21 unga
413 1257 104 21 arbetare
533 1257 96 27 (barnen
645 1256 137 22 förutsätter
793 1256 43 29 jag
845 1256 94 22 komma
949 1258 35 20 att

225 1292 35 20 att
275 1290 89 22 indelas
379 1291 30 29 på
424 1291 205 29 halfdagsskiften)
645 1291 42 22 och
703 1290 31 22 då
749 1290 29 22 de
791 1298 75 21 ungas
882 1294 25 18 är
921 1291 9 21 i
945 1290 39 29 lag

224 1324 108 23 bestämd
347 1325 59 22 skall
422 1327 27 20 de
464 1333 88 14 vuxnes
567 1328 66 19 snart
647 1325 66 29 fogas
729 1324 107 22 derefter.

294 1360 54 22 Men
363 1360 36 21 för
414 1362 35 20 att
462 1360 65 22 detta
540 1362 58 20 utan
609 1362 62 19 stora
680 1359 145 29 rubbningar
835 1358 60 22 skall
905 1358 80 22 kunna

225 1393 47 27 ske,
288 1394 37 21 får
343 1394 64 21 tiden
422 1394 37 22 för
473 1401 63 22 unga
551 1394 104 22 arbetare
671 1394 52 22 icke
738 1393 54 22 med
807 1400 40 14 ens
863 1392 80 23 ställas
958 1393 26 21 så

224 1427 60 26 kort,
308 1430 36 20 att
365 1436 29 13 en
416 1428 37 22 för
471 1428 60 29 bjert
545 1430 97 20 motsats
658 1430 49 21 mot
722 1428 41 22 det
777 1427 134 23 nuvarande
927 1434 57 23 upp-

294 1468 201 19 Ekonomiutskottets
509 1468 119 19 betänkande
640 1468 35 18 N:o
689 1470 26 16 14.
