1056 1725
461 125 66 25 Ständ.
543 125 31 24 8v.
589 138 28 3 —
633 125 55 31 Prop.
703 125 32 24 N:o
751 125 30 24 41.

443 192 116 29 Förordning
575 192 98 29 angående
689 192 104 24 förändrad
809 192 71 30 lydelse
895 192 21 24 af
925 191 31 33 $$
967 191 26 23 86

374 226 35 24 och
423 225 54 25 1211
490 223 177 33 Värnepligtslagen
690 226 21 25 af
728 227 35 24 den
780 226 25 24 27
820 226 103 25 December
937 225 56 25 1878.

447 290 132 29 Härigenom
603 291 75 22 varder
703 291 132 28 förordnadt,
858 293 31 21 att
910 293 34 24 $$
964 293 30 20 86

376 325 36 21 och
431 326 42 21 121
491 326 9 21 i
517 325 196 29 Värnepligtslagen
732 326 26 28 af
772 326 40 22 den
830 327 33 21 27
882 326 112 22 December

374 360 63 21 1878
458 360 59 22 skola
539 360 82 23 erhålla
645 361 93 28 följande
759 361 130 28 förändrade
911 361 82 28 lydelse,

374 393 113 28 nemligen:

579 466 17 24 $
613 466 36 20 86.

445 521 34 22 De
495 522 32 22 till
542 523 55 22 aktiv
614 523 63 28 tjenst
692 523 87 22 utsedde
789 523 152 28 värnepligtige
949 523 44 28 för-

375 556 57 22 delas
444 557 33 27 pä
491 557 26 22 de
532 557 69 23 aktiva
617 560 114 25 trupperna
747 557 100 29 sälunda,
863 559 32 21 att

441 594 34 20 1:o
495 592 34 27 för
542 592 199 28 gardesbataljonen
755 592 69 28 väljas
839 593 70 21 dertill
922 593 71 27 villiga

375 625 36 23 och
426 626 100 28 lämpliga
538 634 103 20 personer
655 630 52 20 utan
723 627 98 27 afseende
836 628 14 21 å
865 627 63 23 deras
939 627 54 22 hem-

374 662 43 20 ort;

413 678 5 10 ”
441 691 38 21 2:0
497 690 34 27 för
548 691 216 27 kavalleritrupperna
777 693 86 25 uttagas
879 691 30 28 de,
925 691 68 22 hvilka

374 724 85 22 erhållit
480 724 70 28 lägsta
569 725 160 23 lotinumrorna
746 725 37 23 och
800 727 39 20 äro
856 725 33 22 till
903 728 89 26 ryttare-

374 758 65 28 tjenst
455 759 94 29 tjenlige,
563 762 56 20 samt

441 795 35 21 3:0
499 794 120 23 återstoden
641 795 58 22 delas
727 794 90 23 emellan
839 794 70 29 öfrige
935 796 58 27 trup-

370 834 48 22 per,
441 828 90 23 hvarvid
552 829 107 29 iakttages
681 831 32 21 att
729 829 81 23 enhvar
823 830 72 22 såvidt
909 829 84 29 möjligt

372 862 68 23 kallas
463 863 33 22 till
517 864 72 23 sådan
612 866 71 27 trupp,
703 864 65 23 hvars
782 865 125 21 stationsort
921 864 72 23 under

372 897 91 27 fredstid
478 899 26 21 är
519 899 33 21 till
566 898 55 23 hans
635 899 82 22 hemort
731 901 99 20 närmast
845 899 94 28 belägen.

441 927 34 27 Är
496 933 111 28 afständet
629 934 80 22 mellan
733 933 157 29 värnepligtigs
911 934 81 22 hemort

374 966 37 22 och
425 970 67 26 orten,
509 968 32 22 dit
560 968 47 23 han
629 969 69 27 blifvit
721 968 102 29 anbefald
838 970 33 21 att
886 968 33 22 till
933 968 59 23 aktiv

373 1001 144 30 tjenstgöring
538 1003 35 29 sig
592 1003 90 29 begifva,
708 1003 77 29 längre
803 1005 30 20 än
851 1003 74 28 femtio
940 1003 51 22 kilo-

372 1038 71 26 meter,
462 1037 55 22 skall
535 1037 46 23 han
600 1038 27 28 af
641 1038 87 23 kronan
745 1038 68 28 förses
827 1038 48 22 med
889 1037 104 29 färdpen-

372 1071 83 28 ningar
474 1072 53 28 efter
549 1072 120 29 beräkning
684 1073 28 28 af
724 1073 47 22 åtta
782 1073 71 28 penni
867 1073 36 28 för
917 1072 75 29 hvarje

373 1105 112 30 kilometer,
504 1107 102 23 hvarmed
627 1108 80 28 färden
727 1107 142 29 öfverskrider
888 1107 101 22 nämnda

371 1141 130 29 vägalängä.

573 1214 18 24 $
604 1212 47 22 121.

444 1269 74 23 Under
536 1270 93 28 fredstid
648 1270 119 28 uppställer
786 1270 206 28 Storfurstendömet

372 1312 27 15 en
423 1304 58 23 aktiv
501 1305 140 29 truppstyrka
661 1306 28 28 af
701 1305 59 23 ända
777 1304 32 23 till
823 1304 107 29 femtusen
945 1312 45 15 sex-

371 1340 87 22 hundra
479 1346 53 16 man
551 1340 128 28 underbefäl
696 1340 38 22 och
752 1340 113 28 manskap,
880 1340 111 28 fördelade

369 1375 32 28 pä
423 1374 56 22 olika
500 1382 70 20 vapen
591 1374 53 29 efter
659 1374 64 29 behof
735 1374 37 23 och
785 1374 101 29 förlagda
901 1374 8 22 i
924 1374 65 24 länen

374 1410 60 22 inom
449 1409 78 23 landet.

441 1444 177 29 Truppstyrkans
638 1445 199 28 sammansättning
860 1444 38 23 och
912 1444 76 28 fördel-
