1056 1725
253 104 13 20 6
559 102 40 22 N:o
615 103 34 21 38.

293 166 80 20 Dervid
390 166 66 26 skola,
476 166 92 21 förutom
584 166 94 26 skriftlig
693 166 106 26 anmälan,
815 165 34 21 till
865 164 120 22 domstolen

223 200 102 27 ingifvas:

295 235 21 27 1)
333 235 137 21 urkunderna
493 235 109 27 angående
625 234 98 22 tillstånd
744 235 34 21 till
799 235 126 27 jernvägens
947 242 38 14 an-

223 270 106 27 läggande
346 270 38 21 och
399 269 139 22 fastställelse
553 269 23 22 af
590 269 47 22 dess
654 269 97 26 område;

296 305 22 26 2)
334 305 63 21 karta
419 304 60 21 öfver
503 305 35 20 det
561 304 113 22 faststälda
697 304 96 21 området
807 305 66 26 jemte
888 305 97 21 handlin-

223 345 67 21 garna
312 339 91 21 rörande
427 339 48 21 dess
495 339 131 27 afskiljande,
645 339 120 21 besannade
781 339 39 21 och
835 339 113 27 godkända
963 341 24 21 af

222 374 208 21 länelandtmätaren
445 375 55 20 samt
516 373 117 22 utredande
649 374 26 20 de
691 375 6 20 i
709 375 38 27 28,
759 375 12 20 2
783 374 39 21 och
834 376 11 19 3
856 375 126 27 punkterna,

224 408 90 21 anförda
330 408 189 27 omständigheter;
536 410 55 19 samt

296 443 21 26 3)
334 443 58 20 bevis
415 443 22 20 af
458 445 132 24 guvernören
613 445 32 19 att
669 443 28 21 all
720 444 7 20 i
740 443 198 27 jernvägsomrädet
953 444 31 21 in-

224 477 82 28 gående
321 478 62 21 mark
398 477 69 22 blifvit
483 478 34 21 till
527 478 128 27 anläggaren
669 478 93 27 lagligen
774 478 145 21 öfverlemnad
929 481 56 19 samt

225 513 146 26 ersättningen
393 512 34 21 för
445 512 122 21 densamma
582 513 33 20 till
631 512 54 26 dem,
703 519 46 14 som
764 513 110 26 vederbör,
889 513 95 27 utgifven
1003 527 4 2 -

226 547 53 20 eller
294 547 28 27 pä
337 546 137 22 föreskrifvet
489 549 43 19 sätt
547 547 127 21 säkerstäld.

581 613 13 19 4
609 611 18 27 8.

296 650 70 22 Sedan
386 651 89 27 jernväg
496 650 70 22 blifvit
588 651 7 21 i
618 650 158 28 fastighetsbok
791 652 122 26 inskrifven,
929 652 56 27 gifve

226 686 121 20 domstolen
368 692 77 20 genom
468 686 73 26 nödigt
557 686 77 26 utdrag
649 692 26 14 ur
690 686 71 21 boken
777 686 74 21 sädant
867 686 33 21 till
915 686 70 21 känna

225 720 33 21 för
273 720 75 26 hvarje
366 720 117 26 underrätt,
499 720 57 21 inom
567 720 63 21 hvars
642 720 109 22 domkrets
763 720 70 27 någon
843 720 61 22 mark
914 720 71 23 blifvit

225 755 34 21 till
279 754 199 27 jernvägsområdet
499 754 112 27 upplåten;
635 755 39 21 och
696 755 66 21 varde
778 755 126 27 anteckning
919 756 66 26 enligt

225 789 102 27 utdraget
342 789 61 27 gjord
418 790 7 20 i
441 789 62 21 dessa
519 789 126 21 domstolars
661 789 200 27 lagfartsprotokoll
877 791 55 20 samt
945 790 40 21 den

226 823 126 21 meddelade
375 823 106 27 lagfarten
500 824 61 26 bragt
577 824 33 20 till
626 824 80 20 allmän
721 824 126 26 kännedom,
864 824 69 21 såsom
949 830 35 15 om

226 858 192 28 offentliggörande
433 858 23 21 af
469 858 102 27 beviljadt
586 858 68 22 första
669 858 87 28 uppbud
772 860 23 19 är
811 858 106 27 stadgadt.

582 924 12 20 5
610 923 18 27 8

296 963 80 21 Blifver
391 963 116 21 inskrifven
519 963 100 27 jernvägs
630 963 87 20 område
727 963 50 20 med
788 963 144 26 vederbörligt
942 963 44 21 till-

226 996 63 22 stånd
312 997 112 28 utvidgadt
447 998 52 21 eller
522 997 125 22 annorledes
663 997 132 26 förändradt,
812 997 27 21 då
854 997 55 21 skall
924 997 63 22 äfven

227 1031 40 21 den
290 1032 89 27 tillagda
402 1032 62 21 delen
486 1031 92 28 lagfaras
600 1032 68 21 under
684 1032 141 27 iakttagande
839 1032 7 21 i
859 1032 128 27 tillämpliga

228 1065 60 22 delar
310 1066 24 21 af
347 1067 56 20 hvad
419 1067 63 20 ofvan
497 1069 23 18 är
533 1067 72 26 sagdt;
621 1067 40 20 och
675 1067 66 21 varde
757 1066 67 21 sådan
839 1066 34 21 del
887 1067 8 20 i
913 1066 73 28 fastig-

226 1100 120 22 hetsboken
368 1103 107 25 upptagen
497 1102 7 20 i
522 1101 151 27 sammanhang
692 1101 49 21 med
760 1101 35 21 det
811 1101 58 21 förut
883 1101 104 22 inskrifna

226 1135 105 22 området.

583 1168 12 18 6
610 1166 19 27 8.

297 1200 103 32 Öfvergår
415 1205 117 21 inskrifven
544 1205 88 27 jernväg
647 1206 33 20 till
695 1211 71 15 annan
781 1211 70 21 egare,
867 1205 64 21 varde
947 1205 40 21 ock

226 1239 54 21 häns
296 1239 50 27 fång
361 1240 7 21 i
383 1233 184 33 fastighetSboken
581 1240 119 21 inskrifvet.

296 1274 47 27 Nye
366 1280 77 21 egaren
465 1274 79 21 ansöke
567 1274 73 21 derom
656 1274 121 27 skriftligen
793 1274 39 21 och
847 1274 45 21 vise
908 1274 31 21 sin
955 1274 33 21 åt-

226 1308 73 22 komst
314 1315 76 21 genom
405 1308 235 28 fängeshandlingarna.
670 1309 113 27 Fullgöres
799 1308 42 27 det,
857 1308 56 22 skall
927 1309 8 20 i
950 1308 38 22 bo-

226 1342 42 21 ken
291 1345 105 25 upptagas
419 1343 119 21 sökandens
553 1350 62 14 namn
633 1343 38 21 och
686 1343 99 26 hemvist,
802 1342 36 22 det
853 1342 56 27 fäng,
925 1342 63 22 hva1-

226 1377 86 26 igenom
332 1377 115 27 jernvägen
470 1377 23 21 af
513 1377 78 21 honom
609 1377 132 27 ätkommits,
758 1379 55 19 samt
830 1377 68 27 dagen
914 1376 27 22 dä
956 1377 32 21 in-

227 1410 131 28 skrifningen
374 1412 85 20 skedde.
