1056 1725
393 122 40 20 N:o
451 123 33 19 34.
765 123 24 21 15

57 190 79 26 dragas
160 190 59 20 öfver
243 190 93 20 nämnda
352 190 39 20 fall
407 190 40 20 och
464 192 32 19 att
511 190 79 21 beröra
607 190 86 21 Saimen
709 192 60 20 såväl
785 191 35 21 vid

56 224 182 21 Willmanstrand
254 230 46 15 som
316 224 36 21 vid
368 224 131 21 Lauritsala.

130 259 43 21 För
193 259 75 26 längd-
285 259 38 21 och
340 259 277 21 kostnadsförhållandena
633 259 35 21 vid
684 260 71 21 denna
770 260 51 22 linie

57 294 40 21 har
114 289 173 31 Öfverstyrelsen
304 294 101 26 uppgjort
422 293 95 27 följande
533 294 129 26 beräkning:

130 328 88 21 Banans
242 328 64 26 längd
329 328 48 20 från
402 328 177 21 Willmanstrand
596 328 33 21 till
646 329 69 26 73:dje
731 329 88 21 kilome-

58 364 56 26 tern,
130 363 94 20 räknadt
240 362 47 21 från
298 362 95 27 Wiborg,
414 363 4 20 &
439 358 220 37 Wiborg-—Jääskis—
670 358 151 37 Lahdenpohja

58 397 66 21 linien
141 399 63 25 utgör
220 397 90 26 ungefär
326 398 26 20 59
369 397 120 21 kilometer.
511 397 76 21 Denna
604 397 123 28 sträckning
738 401 24 18 är
773 399 48 20 icke

58 433 126 25 undersökt,
210 438 47 15 men
282 432 26 21 dä
327 431 66 22 linien
410 432 32 20 till
458 433 70 20 större
545 432 62 21 delen
624 433 23 20 af
661 433 32 20 sin
708 433 66 27 längd
789 433 32 21 1ö-

58 473 39 20 per
120 467 60 20 öfver
203 467 115 20 sandmoar
342 466 39 21 och
403 467 59 26 jemn
479 467 68 26 mark,
564 468 89 25 antages
669 467 151 28 anläggnings-

59 501 123 20 kostnaden
205 507 38 20 per
266 501 115 20 kilometer
404 501 65 20 blifva
492 501 91 26 ungefär
607 501 123 21 densamma
745 509 46 14 som
807 503 13 20 &

59 535 146 27 Wasabanan,
230 535 52 21 eller
304 536 78 25 50,000
405 535 68 27 mark,
497 535 85 21 hvadan
599 536 121 21 kostnaden
736 537 33 20 för
784 537 37 21 be-

59 570 65 21 rörda
140 571 26 19 59
183 570 113 21 kilometer
312 570 69 20 skulle
398 572 77 24 utgöra
515 587 4 4 .
551 587 4 4 .
587 587 5 4 .
623 571 46 27 m
700 572 113 26 2,950,000

59 604 87 21 hvartill
163 604 96 21 kommer
274 604 135 27 ungefärliga
426 604 121 22 kostnaden
559 604 33 22 för

88 639 95 21 broarna
206 639 59 21 öfver
285 639 73 21 Saima
373 639 65 21 kanal
455 639 39 21 och
510 640 82 20 Imatra

88 673 114 21 vattenfall
216 674 47 20 med
477 690 4 4 S
513 690 76 4 EE
644 690 9 10 »”
721 676 92 24 300,000

503 713 88 22 Summa
622 715 47 27 ag
699 716 120 26 3,250,000.

132 754 18 26 Ä
167 760 69 20 andra
251 760 71 20 sidan:

60 794 121 21 kostnaden
198 794 32 21 för
246 794 86 21 Jääskis
348 794 45 25 bro,
410 794 113 20 beräknad
534 794 33 21 till
585 811 5 4 .
621 795 47 27 Far
722 796 91 25 842,000

60 829 122 21 kostnaden
199 829 33 21 för
248 830 26 20 73
290 829 115 20 kilometer
419 828 89 27 jernväg
519 828 24 21 af
554 824 40 35 Wi-

88 863 75 27 borg—
174 859 113 35 Jääskis-
293 863 154 26 Lahdenpohja
460 859 12 35 =
479 863 112 21 alternati-

88 900 42 25 vet,
147 897 93 28 hvilken,
258 897 66 27 enligt
339 897 41 21 den
395 897 34 21 för
445 897 66 26 sagde
527 897 64 21 alter-

89 933 66 26 nativ,
179 931 55 22 efter
258 931 75 27 afdrag
356 931 23 21 af
401 931 63 21 ofvan
481 933 111 25 upptagna

89 966 93 21 kostnad
198 966 33 21 för
248 966 86 21 Jääskis
350 966 44 25 bro,
411 965 126 22 beräknade
549 972 43 15 me-

90 1001 129 21 delkostnad
243 1000 23 21 af
280 1002 76 25 78,214
372 1001 61 20 mark
449 1007 39 20 per
503 1000 88 21 kilome-

89 1038 41 25 ter;
150 1037 59 25 utgör
225 1051 5 5 s
261 1052 5 4 =
298 1052 4 4 s
334 1051 4 4 =
370 1033 58 34 emo
441 1051 113 4 kaka
586 1051 4 4 a

60 1070 120 21 kostnaden
196 1069 34 21 för
246 1069 93 21 bibanan
350 1069 33 21 till
393 1069 105 21 Harakka
509 1069 24 20 af
542 1070 47 25 21,9

93 1104 125 21 kilometers
233 1104 72 27 längd,
320 1104 113 21 beräknad
448 1103 34 21 till
517 1120 4 4 .
553 1120 4 5 .
589 1120 5 5 .
646 1120 9 11 ,
703 1105 112 24 1,462,000

504 1144 89 21 Summa
623 1145 47 27 Fay
700 1145 121 27 8,013,000.

133 1190 46 22 Och
196 1190 69 22 skulle
276 1190 84 22 således
376 1190 83 21 banans
475 1190 92 21 ledande
583 1190 34 21 till
628 1190 193 22 Willmanstrand
808 1185 18 37 i

60 1225 74 22 stället
156 1225 34 21 för
212 1225 34 21 till
269 1225 89 26 Wiborg
381 1224 120 21 förminska
515 1224 95 27 längden
627 1224 22 22 af
663 1225 156 27 anläggningen

60 1260 49 20 med
132 1260 46 26 35,9
204 1259 114 21 kilometer
342 1259 40 21 och
405 1259 121 21 kostnaden
553 1258 34 22 för
615 1259 124 21 densamma
771 1260 49 21 med

60 1294 114 26 4,763,000
189 1294 69 20 mark.

132 1328 56 21 Hela
204 1328 41 21 den
261 1328 24 21 af
299 1323 171 32 Öfverstyrelsen
486 1328 91 21 sålunda
587 1327 87 27 angifna
684 1328 65 21 linien
761 1328 59 21 Will-

60 1358 147 35 manstrand—
218 1362 95 22 Joensuu
335 1362 49 21 med
407 1362 125 27 förgrening
554 1362 34 21 till
611 1362 119 21 Sordavala
753 1362 68 22 blefve

60 1398 61 26 292,1
146 1397 114 21 kilometer
282 1397 50 27 lång
356 1397 39 21 och
417 1397 86 21 komme
527 1396 68 27 enligt
611 1396 155 22 ofvanstående
782 1397 37 21 be-

59 1432 93 27 räkning
166 1433 33 20 att
213 1431 64 22 kosta
295 1432 127 27 17,654,000
437 1432 69 21 mark.

643 1051 10 12 »
699 1036 114 26 —5,709,000
