1056 1725
293 129 21 23 U.
333 130 23 22 B.
372 140 29 6 —
417 130 62 28 Prop.
496 130 35 22 N:o
549 130 38 22 34.
769 132 28 22 33

64 192 39 26 lar,
127 192 67 21 ehuru
216 192 36 21 det
270 192 46 22 icke
331 192 128 28 tillgodoser
475 193 37 21 det
527 194 49 20 med
592 193 93 21 bibanan
700 193 34 22 till
749 194 76 22 Wask-

66 226 32 21 lot
120 226 90 21 afsedda
232 226 128 27 ändamälet,
385 226 33 22 fär
441 227 110 21 utskottet
565 228 110 21 vördsamt
691 227 85 29 föreslä,
792 230 33 20 att

66 260 120 22 Ständerna
200 260 51 22 ville
266 261 94 21 besluta:

272 331 32 19 att.
331 325 162 38 Tammerfors—
505 325 152 38 Nikolaistads
676 330 94 29 jernväg
789 333 36 19 ut-

202 364 96 21 sträckes
313 364 35 21 till
363 363 155 22 Nikolaistads
531 364 100 27 packhus
647 364 38 21 och
701 367 32 18 att
750 367 29 19 ett
794 365 31 20 bi-

203 399 53 26 spär
278 398 56 21 ledes
356 398 36 21 till
406 398 42 21 den
465 399 101 20 derinvid
581 398 91 29 belägna
687 406 16 14 s.
719 399 21 21 k.
758 399 67 22 Sven-

203 432 40 21 ska
258 432 103 28 bryggan,
377 433 70 20 under
463 433 72 20 vilkor
550 435 32 18 att
597 433 153 22 Nikolaistads
764 434 60 21 kom-

204 473 52 14 mun
271 466 157 28 kostnadsfritt
443 467 105 27 upplåter
559 467 44 27 för
617 467 126 22 ändamålet
757 468 67 28 nödig

203 501 63 20 mark
282 500 38 21 och
331 501 198 28 fyllnadsämnen
519 496 13 37 ;

272 537 32 18 att
322 535 42 27 för
387 535 58 20 detta
457 535 94 28 företag
571 535 64 21 anslå
650 542 26 14 en
697 542 85 15 summa
797 536 32 27 af

203 569 81 25 50,000
299 569 74 26 mark;
388 571 56 19 samt

272 606 32 18 att
342 603 38 21 hos
414 603 65 21 Hans
519 604 125 27 Kejserliga
675 604 104 28 Majestät
816 605 8 20 i

204 637 174 28 underdänighet
403 638 100 25 anhälla,
530 640 32 18 att
582 638 131 28 regeringen,
740 639 9 20 i
770 638 53 21 hän-

204 672 57 21 delse
283 672 154 21 Nikolaistads
463 672 110 27 kommun,
596 672 87 28 utöfver
704 672 57 22 hvad
784 672 41 21 den

204 706 68 21 redan
298 706 101 28 utlofvat,
427 706 124 28 förbinder
581 706 33 28 sig
645 707 34 21 till
708 709 29 18 ett
765 713 60 14 mera

204 740 118 28 betydande
333 740 199 28 penningebidrag,
547 741 72 25 måtte,
635 741 88 21 säsnart
734 740 92 28 förhäl-

204 774 96 22 landena
315 775 9 19 i
338 775 71 27 öfrigt
423 775 84 21 sädant
526 775 101 27 päkalla,
651 775 104 27 antingen
777 775 48 21 med

206 808 123 28 disponibla
350 809 126 21 statsmedel
499 810 46 20 läta
561 809 78 27 utföra
649 804 176 33 fortsättningen

205 844 31 27 af
255 842 72 22 banan
350 843 35 21 till
412 843 98 21 Wasklot
532 843 67 21 hamn
613 844 67 27 jemte
694 843 133 28 kajanlägg-

204 878 82 27 ningar
300 878 117 25 derstädes,
440 878 54 21 eller
508 878 40 21 ock
559 878 120 27 förelägga
702 877 125 21 Ständerna

202 912 137 27 proposition
354 913 8 19 i
374 912 95 28 frägan.

137 1083 74 27 Enligt
232 1083 57 20 hvad
311 1082 91 28 tidigare
418 1082 91 27 anförts,
526 1083 38 26 gär
579 1082 106 21 utskottet
699 1088 29 15 nu
743 1083 32 20 att
790 1081 37 21 be-

67 1117 80 22 handla
162 1117 75 27 frägan
253 1123 34 15 om
302 1123 27 14 en
342 1117 89 27 jernväg
447 1117 36 20 till
497 1117 138 26 Björneborg.

136 1152 64 20 Hvad
222 1151 76 21 främst
320 1151 153 27 sträckningen
495 1150 24 22 af
538 1158 26 14 en
587 1151 66 21 sådan
673 1150 89 28 jernväg
781 1149 46 21 vid-

68 1186 104 26 kommer,
195 1185 65 21 hafva
282 1185 108 27 äsigterna
412 1185 78 21 härom
505 1186 57 20 varit
577 1184 158 22 underkastade
750 1184 77 26 mänga

68 1220 118 27 vexlingar.
216 1220 55 20 Före
294 1221 53 20 1882
372 1220 34 20 års
429 1220 106 26 landtdag
557 1220 74 20 tänkte
656 1225 50 14 man
731 1218 38 27 sig,
795 1219 32 19 att

68 1254 144 27 Björneborgs
227 1254 130 21 förbindelse
377 1254 49 20 med
449 1254 86 20 landets
555 1254 139 26 jernvägsnät
708 1252 67 21 borde
790 1252 37 20 ske

70 1288 60 22 öfver
144 1288 151 21 Tammerfors.
321 1282 31 27 År
369 1289 52 20 1872
438 1288 107 27 uppgicks
560 1287 39 21 och
615 1287 141 21 undersöktes
767 1288 60 18 näm-

68 1322 59 28 ligen
142 1328 26 15 en
181 1322 151 27 jernvägslinie
348 1322 48 21 från
411 1322 72 20 denna
498 1322 48 20 stad
562 1321 59 21 öfver
635 1320 132 26 Tavastkyrö
788 1319 39 21 och

68 1356 148 27 Kankaanpää
226 1358 56 20 samt
292 1356 95 21 derifrån
402 1356 7 21 i
425 1356 119 27 sydvestlig
560 1355 95 27 riktning
670 1360 76 22 genom
761 1354 67 21 Lavia

68 1390 40 22 och
123 1391 119 21 Norrmark
256 1390 34 22 till
304 1390 139 28 Björneborg.

138 1425 154 27 Sträckningen
297 1424 323 27 Tammerfors—Kankaanpää
628 1423 125 22 förutsattes
761 1422 68 22 blifva

69 1465 122 21 gemensam
206 1459 50 21 med
270 1465 26 14 en
309 1459 89 27 jernväg
417 1459 36 21 till
476 1458 144 21 Nikolaistad.
650 1457 42 21 Vid
715 1458 112 20 1877—78

137 1498 191 23 Jernvägsutskottets
343 1498 119 17 betänkande
476 1499 35 16 N:o
525 1499 14 16 1.

750 1529 11 18 3
