1056 1725
209 114 28 20 30

419 114 20 20 U.
456 114 21 20 B.
493 126 26 3 —
535 114 60 27 Prop.
613 114 34 21 N:o
663 114 36 22 36.

320 176 38 22 till
383 183 32 15 nu
437 175 91 23 nämnd
550 176 169 30 försummelse,
741 175 76 24 under
837 176 28 23 de
887 176 53 29 fyra

320 212 105 21 närmast
447 210 140 28 föregäende
609 210 172 24 kalenderären
799 214 35 19 tre
849 211 90 28 gänger

321 244 96 24 erhällit
439 246 110 29 varning,
571 245 79 23 säsom
669 245 70 23 ofvan
755 246 25 22 är
795 244 76 29 sagdt,
887 252 54 22 eger

322 279 101 23 Senaten
446 278 45 24 ock
513 278 116 32 förordna,
645 282 34 20 att
691 281 131 29 jernvägen
838 280 64 22 skall
918 280 25 22 af

322 321 85 21 egaren
423 314 58 23 eller
495 314 35 22 för
545 314 61 22 hans
622 314 105 28 räkning
741 314 78 30 säljas.

601 383 27 21 27
645 384 19 25 8.

366 422 115 23 Inseende
496 422 63 23 öfver
570 421 96 24 enskild
677 422 264 30 jernvägsanläggning

324 457 44 22 och
391 457 55 22 drift
468 457 92 22 utöfvas
578 457 14 22 å
611 457 133 28 Styrelsens
768 458 91 27 vägnar
874 456 24 23 af
911 463 29 15 en

324 491 127 30 inspektör,
475 499 50 25 som
544 493 63 20 utses
623 491 25 22 af
661 491 101 22 Senaten
779 491 43 22 och
839 492 104 21 närmast

324 525 144 29 underlyder
484 520 187 34 Öfverstyrelsen
688 526 31 22 för
729 527 58 26 väg-
797 525 45 22 och
852 527 91 20 vatten-

325 559 176 30 byggnaderna.
517 560 45 22 För
570 559 165 30 inspektörens
743 559 126 23 aflönande
879 559 64 23 skall

325 596 26 21 at
370 596 142 28 jernvägens
535 602 69 20 egare
619 594 38 22 till
672 594 92 22 kronan
781 594 108 28 erläggas
905 594 39 23 det

326 630 84 27 bidrag,
426 636 51 16 som
492 630 8 21 i
515 628 296 29 anläggningstillständet
825 629 118 23 bestämts.

603 692 28 21 28
647 693 19 25 8.

370 732 82 29 Yppas
467 732 14 22 ä
496 732 63 22 bana
575 732 57 22 eller
652 732 195 29 jernvägsfordon
870 731 74 23 sädan

327 766 174 30 bristfällighet,
517 768 33 20 att
562 767 144 29 jernvägens
722 765 157 29 begagnande
894 766 51 22 der-

327 803 95 27 igenom
437 800 47 24 blir
499 800 98 28 vädligt,
613 807 43 21 ege
671 800 151 29 inspektören
839 800 106 30 förbjuda

328 836 53 22 dess
396 834 157 24 användande
569 835 32 22 för
617 834 91 22 allmän
723 834 144 30 samfärdsel,
881 834 65 23 intill

328 870 53 23 dess
396 869 199 28 bristfälligheten
618 869 121 29 afhulpits,
754 873 62 18 samt
831 869 116 22 inberätte

328 907 84 26 genast
427 912 38 15 om
480 903 159 24 förhällandet
656 903 38 23 till
711 898 186 34 Öfverstyrelsen
913 903 32 23 för

328 941 58 26 väg-
401 939 44 22 och
460 937 261 30 vattenbyggnaderna,
743 945 50 16 som
809 937 80 23 derom
905 945 41 14 an-

328 973 75 23 mäler
418 973 43 23 hos
477 973 107 22 Senaten.

605 1036 28 21 29
649 1036 20 25 8.

373 1070 119 23 Tillständ
507 1073 34 20 att
555 1070 105 27 anlägga
675 1069 44 23 och
735 1069 32 23 för
783 1069 91 22 allmän
885 1076 61 15 sam-

329 1105 86 23 färdsel
437 1105 110 28 begagna
562 1105 102 29 jernväg
679 1104 40 22 mä
734 1105 19 28 ej
771 1103 124 23 öfverlätas
910 1103 38 22 till

330 1147 79 16 annan
429 1141 30 21 än
475 1140 52 28 den,
545 1146 51 16 som
612 1138 76 28 enligt
703 1139 13 21 2
732 1139 12 27 $
760 1139 25 21 är
801 1137 100 29 behörig
916 1140 33 20 att

330 1176 75 22 vinna
427 1174 80 29 dylikt
529 1172 111 24 tillständ
659 1173 44 22 och
718 1173 9 22 i
741 1172 86 23 sädant
843 1172 107 23 afseende

331 1210 23 22 af
371 1209 102 23 Senaten
495 1208 147 28 godkännes.
675 1207 92 23 Vinnes
791 1208 19 28 ej
835 1206 116 23 Senatens

330 1242 183 31 godkännande,
529 1249 54 16 vare
599 1241 164 24 öfverlätelsen
779 1240 74 29 ogild.

374 1278 52 22 Vill
439 1278 182 30 jernvägsegare
637 1278 49 21 mot
700 1276 55 28 lega
765 1276 25 22 ät
800 1282 81 16 annan
892 1282 59 22 upp-

330 1313 50 23 låta
403 1313 37 21 sin
458 1313 45 22 rätt
522 1314 33 20 att
570 1312 14 21 &
597 1312 132 28 jernvägen
751 1309 108 24 befordra
874 1316 78 22 perso-

332 1355 41 15 ner
395 1347 44 23 och
457 1346 66 29 gods,
545 1345 66 23 skall
629 1345 49 22 han
694 1344 45 23 ock
755 1344 79 23 dertill
850 1344 101 22 utverka

332 1382 115 24 Senatens
462 1380 117 23 tillständ.

260 1430 135 23 Lagutskottets
407 1426 108 19 betänkande
527 1426 37 18 N:o
578 1427 28 17 12.
