1056 1725
240 126 25 19 12
453 124 20 22 U.
489 124 19 24 B.
523 136 29 4 —
568 124 55 28 Prop.
640 124 34 23 N:o
691 124 35 23 34.

210 186 143 27 öfverflödigt.
384 187 89 27 Wiborg
495 189 24 19 är
541 187 40 21 och
597 187 69 21 måste
681 187 64 21 alltid
760 186 102 22 förblifva
877 188 36 20 det
929 189 43 18 ost-

208 220 46 28 liga
268 220 110 27 Finlands,
401 221 7 21 i
420 220 105 22 afseende
540 221 13 21 &
568 221 60 21 såväl
647 222 78 26 export
746 227 46 15 som
815 220 85 28 import,
918 222 56 20 stör-

210 256 34 20 sta
255 254 168 28 trafikeentrum,
436 256 27 20 dä
475 256 36 20 det
521 256 97 20 sträcker
629 256 46 20 sina
686 255 182 22 affärsrelationer
880 255 33 21 till
923 255 50 21 hela

210 289 95 21 Karelen
324 290 39 21 och
384 291 59 20 delar
458 290 24 21 af
496 290 110 26 Savolaks,
623 292 56 19 samt
696 292 25 19 är
736 297 26 14 en
777 290 94 27 naturlig
886 296 87 21 genom-

211 323 90 22 fartsort
320 323 34 22 för
376 325 62 20 dessa
460 325 134 20 landsdelars
617 325 173 20 handelsrörelse
804 324 35 21 till
855 324 66 21 andra
937 325 35 20 de-

212 358 33 21 lar
270 358 25 21 af
318 360 49 25 eget
391 359 51 20 land
464 359 40 21 och
527 359 35 20 till
584 359 105 21 utlandet.
726 359 139 27 KFördelarne
890 358 23 21 af
937 360 33 19 att

212 393 74 20 stärka
307 393 39 20 och
369 393 98 20 utveckla
489 393 142 21 vexelverkan
654 393 80 20 mellan
757 394 32 19 ett
810 393 24 21 sä
851 393 122 27 betydande

211 426 162 22 trafikcentrum
399 427 39 21 och
464 427 48 21 dess
538 427 180 21 handelsområde
741 427 7 20 i
771 427 96 21 inlandet
896 433 77 21 genom

212 461 71 21 direkt
310 461 231 27 jernvägsförbindelse
569 463 36 20 äro
632 461 125 27 påfallande
785 461 39 21 och
849 461 123 28 afgörande.

212 495 32 21 De
260 495 62 21 skola
337 495 46 21 visa
398 496 32 27 sig
445 496 6 20 i
467 502 26 15 en
508 495 87 28 lifaktig
610 495 65 22 trafik
690 495 29 27 pä
735 496 40 20 den
791 495 108 22 blifvande
914 495 60 27 jern-

212 531 68 26 vägen
297 529 40 22 och
352 536 26 14 en
393 529 81 28 kraftig
488 530 172 27 uppblomstring
676 529 24 21 af
714 530 131 21 landsdelen.

282 563 63 23 Valet
360 563 22 22 af
395 563 88 27 Wiborg
497 565 70 21 säsom
583 563 161 28 utgängspunkt
759 563 82 22 medför
857 563 60 23 äfven
933 563 40 22 den

212 600 60 20 stora
287 598 102 27 fördelen,
409 600 32 20 att
455 598 70 22 banan
541 598 92 22 derifrän
648 598 42 21 kan
707 598 28 27 pä
749 598 96 22 kortaste
861 600 39 24 väg
915 598 59 22 ledas

213 632 91 22 centralt
320 639 75 19 genom
411 632 156 28 Syd-Karelens
583 632 122 26 bördigaste
722 632 39 21 och
776 632 125 21 folkrikaste
915 632 60 21 trak-

212 668 34 20 ter
269 673 43 20 upp
335 666 32 21 till
390 666 64 22 hamn
474 667 34 21 vid
527 666 95 27 Ladoga,
638 666 123 21 beredande
776 666 89 21 sälunda
881 666 26 21 de
922 672 53 21 gyn-

212 702 116 20 sammoste
352 700 68 22 vilkor
443 700 32 22 för
489 700 58 22 säväl
563 700 41 22 den
619 700 161 27 genomgäende
795 706 46 15 som
857 698 118 23 lokaltrafi-

212 734 50 25 ken,
286 734 39 22 och
348 735 38 21 har
408 734 105 22 utskottet
533 734 65 22 redan
614 734 28 27 pä
657 734 70 26 grund
743 734 61 21 häraf
818 734 48 21 med
882 733 93 22 öfvervä-

213 769 69 26 gande
302 769 105 26 majoritet
419 768 97 22 omfattat
527 769 41 21 den
578 768 7 21 i
596 768 77 27 nädiga
683 768 161 27 propositionen
855 768 119 26 föreslagna

213 802 192 28 bansträckningen
421 803 58 21 öfver
494 803 32 22 S:t
541 803 91 21 Andrea
648 802 89 22 framför
752 802 149 27 sträckningen
917 802 58 21 öfver

214 837 91 21 Jääskis.

286 871 40 21 Till
348 871 81 21 förmån
452 871 33 21 för
500 871 63 21 linien
579 871 58 21 öfver
652 870 119 22 sistnämda
786 872 34 19 ort
835 871 42 21 kan
892 870 7 21 i
915 870 60 21 verk-

214 905 96 27 ligheten
332 905 46 22 icke
401 905 84 22 anföras
500 905 65 22 andra
585 905 53 26 skäl,
659 907 27 20 än
701 907 34 20 att
750 905 40 22 den
806 904 60 22 äfven
881 906 52 19 utan
949 910 26 16 en

215 939 80 22 bibana
317 939 59 27 längs
398 939 106 22 Wuoksen
525 939 71 22 kunde
615 939 87 26 betjena
717 939 27 22 de
759 939 125 22 industriela
899 939 76 21 inrätt-

215 973 82 27 ningar,
313 980 45 15 som
374 973 57 22 hälla
445 974 28 27 pä
488 975 31 20 att
533 974 78 27 uppstä
627 973 34 22 vid
676 973 83 22 flodens
774 974 77 25 mänga
866 972 40 22 och
916 974 60 19 stora

215 1007 117 27 vattenfall,
356 1007 107 22 äfvensom
486 1010 31 19 att
538 1007 207 27 landsvägstrafiken
767 1007 46 22 från
836 1007 91 21 Karelen
948 1007 28 26 pä

214 1041 90 28 Wiborg
319 1041 33 22 för
366 1041 131 22 närvarande
512 1041 32 22 till
559 1044 46 19 stor
621 1041 33 22 del
669 1042 40 26 går
725 1041 58 22 öfver
797 1041 89 22 Jääskis.
916 1040 60 22 Båda

216 1075 62 22 dessa
294 1075 46 22 skäl
356 1078 36 19 äro
408 1075 55 22 dock
479 1076 73 21 endast
567 1075 112 22 skenbara.

285 1109 105 22 Jemföras
412 1109 87 28 längder
522 1110 38 21 och
583 1110 117 21 kostnader
721 1109 22 22 af
756 1109 174 26 sträckningarne
946 1108 29 21 öf-

215 1149 38 16 ver
275 1143 84 22 Jääskis
382 1144 39 22 och
437 1143 32 23 S:t
484 1144 96 27 Andrex,
599 1143 94 28 framgår
708 1150 26 15 ur
749 1143 57 22 talen
822 1143 7 21 i
845 1143 26 21 de
886 1143 90 27 tidigare

215 1178 89 26 intagna
326 1178 123 27 tabellerna,
473 1180 31 20 att
520 1179 40 21 den
575 1184 75 16 senare
665 1178 66 21 linien
747 1180 24 19 är
787 1178 29 26 2,s
832 1178 42 20 km.
890 1178 86 21 kortare

216 1212 40 22 och
272 1213 112 26 1,279,000
395 1212 60 22 mark
465 1212 96 27 billigare
572 1214 27 20 än
610 1212 41 22 den
662 1212 65 21 förra.
743 1212 43 21 För
797 1212 69 21 denna
876 1211 83 22 skilnad
969 1211 8 21 i

214 1246 94 22 kostnad
318 1246 43 22 kan
368 1246 47 22 icke
425 1246 89 22 allenast
524 1246 79 28 byggas
615 1253 25 15 en
651 1246 80 22 bibana
741 1246 46 21 från
799 1246 32 22 S:t
843 1246 90 21 Andree
944 1245 33 21 till

215 1281 93 26 Jääskis,
324 1280 85 22 hvilken
425 1280 22 22 af
460 1281 105 21 utskottet
579 1280 116 22 beräknats
709 1281 64 21 kosta
784 1281 115 26 1,136,000
909 1279 68 27 mark,

215 1316 52 20 utan
287 1314 92 22 erhåller
393 1321 48 15 man
458 1315 120 21 derutöfver
594 1321 25 15 en
634 1314 116 28 besparing
765 1314 22 21 af
803 1314 91 27 143,000
910 1314 67 26 mark,

216 1348 86 22 hvilken
328 1356 81 14 summa
431 1350 70 20 kunde
524 1349 107 22 användas
647 1349 32 21 till
695 1351 32 19 att
743 1348 124 28 ytterligare
882 1348 96 26 förlänga

216 1382 93 22 bibanan
325 1383 84 21 bortom
424 1383 84 22 Jääskis
523 1383 48 22 med
587 1384 66 26 några
668 1383 120 21 kilometer.

286 1418 43 20 Det
351 1416 53 22 först
426 1417 87 21 anförda
535 1417 70 21 skälet
621 1417 31 21 till
668 1417 84 21 förmån
767 1416 32 22 för
814 1416 84 22 Jääskis
914 1416 64 22 linien

216 1451 70 22 måste
302 1452 27 26 på
344 1452 68 26 grund
429 1451 60 22 häraf
502 1451 89 22 förfalla.

286 1491 191 22 Jernvägsutskottets
490 1491 116 18 betänkande
619 1491 34 17 N:o
668 1493 13 15 1.
