1056 1725
286 126 30 30 U.
326 126 26 25 B.
362 136 30 8 —
408 127 67 29 Prop.
491 127 48 24 N:o:
545 122 42 38 38.
755 130 28 22 15

255 195 79 25 Blifver
351 195 94 25 jernväg
466 201 74 20 genom
561 197 88 20 klander
672 198 27 24 af
713 198 93 26 innehaf-

187 234 75 15 varens
284 228 90 22 åtkomst
393 229 54 26 från
468 231 76 20 honom
561 237 90 20 vunnen,
669 237 50 15 vare
739 233 72 20 inteck-

187 264 57 25 ning,
260 269 45 15 som
319 264 45 20 deri
379 265 27 19 är
421 264 89 27 beviljad
524 266 65 20 sedan
598 266 118 25 jernvägen
725 267 48 20 kom
783 272 28 14 ur

188 299 39 19 den
241 299 53 20 rätte
309 304 86 20 egarens
410 299 66 26 hand,
491 301 53 19 utan
558 301 84 20 verkan.

469 367 27 21 17
511 366 18 27 &.

257 411 65 22 Mom.
339 412 11 21 1
367 412 66 27 enligt
449 412 43 21 den
506 411 79 28 nådiga
599 413 167 27 propositionen.

256 447 120 20 Enahanda
394 449 45 18 rätt
455 453 45 15 som
515 449 8 18 i
532 448 117 25 jernvägen
665 449 57 26 njute
736 451 72 20 inteck-

188 482 164 25 ningshafvaren
371 483 8 18 i
399 483 46 20 dess
465 483 112 25 lokomotiv,
593 489 82 19 vagnar
690 485 36 19 och
741 485 69 25 öfriga

189 516 96 20 tillbehör.

255 550 114 26 Angående
387 551 228 26 inteckningshafvares
631 553 48 25 rätt,
698 554 42 19 när
750 553 58 26 jern-

186 586 41 24 väg
239 586 35 24 för
288 586 130 20 statsverkets
432 586 94 24 räkning
540 586 79 26 inlöses,
634 588 53 24 gälle
699 588 57 20 hvad
763 590 44 18 sär-

187 620 62 20 skildt
263 620 97 24 stadgadt
374 622 32 18 är.

468 687 26 21 18
510 687 18 27 8.

255 734 133 27 Inteckning,
404 740 46 15 som
467 734 67 27 enligt
549 734 70 22 denna
633 735 36 27 lag
678 735 129 27 tillkommit,

186 768 67 27 gäller
276 770 52 20 utan
352 768 110 27 förnyelse
487 768 56 22 ändå
568 770 33 20 att
621 771 186 25 fordringsegaren

182 804 129 25 försummat
332 804 34 20 sin
388 804 59 20 talan
468 806 43 18 mot
533 805 128 24 gäldenären
683 805 24 21 så
722 806 83 25 bevaka,

186 843 46 15 som
251 837 7 21 i
273 837 152 27 förordningen
442 843 35 15 om
492 838 144 26 preskription
652 838 39 22 och
707 838 100 22 årsstäm-

186 871 52 28 ning
259 871 23 22 af
300 872 41 21 den
355 871 14 22 9
384 871 121 22 November
521 872 55 21 1868
591 875 24 19 är
630 873 106 27 stadgadt,
753 874 54 21 dock

185 906 48 21 icke
247 906 84 21 utöfver
345 906 29 22 tio
391 906 24 21 år
430 906 55 22 efter
501 907 40 21 den
552 907 7 21 i
569 907 236 28 fordringshandlingen

186 942 80 20 utsatta
281 941 162 27 förfallodagen.

431 1004 84 21 19—21
532 1003 30 28 $$.

256 1050 152 22 Oförändrade.

465 1114 29 21 22
509 1113 18 27 8.

254 1162 54 25 Har,
329 1161 28 21 dä
371 1161 94 26 jernväg
483 1162 68 19 under
564 1162 119 24 utmäining
698 1162 47 20 eller
759 1162 48 19 kon-

185 1196 51 20 kurs
248 1195 92 26 försälts,
355 1196 112 20 inteeknad
479 1196 92 25 fordran
585 1196 43 20 icke
643 1196 61 24 enligt
717 1195 29 21 21
761 1196 13 22 S
784 1196 27 25 af

184 1231 98 25 köparen
298 1230 123 26 öfvertagits,
444 1229 81 26 åligger
549 1232 128 23 guvernören
691 1231 35 24 att,
741 1230 66 20 sedan

185 1264 139 26 Ofverlätelsen
338 1265 26 25 af
377 1264 90 20 Senaten
481 1265 102 24 godkänts
594 1265 35 19 och
639 1264 94 26 saludref
738 1265 9 19 i
753 1264 54 26 följd

184 1299 64 25 deraf
262 1299 111 25 utfärdats,
390 1299 37 20 hos
438 1299 129 25 jernvägens
581 1299 175 25 lagfartsdomstol
771 1305 36 13 an-

185 1334 59 20 mäla
258 1340 34 14 om
306 1334 153 24 inteckningens
475 1334 100 20 dödande.
588 1334 146 24 Inteckningen
743 1334 64 19 varde

184 1369 9 19 i
206 1367 78 21 sådant
294 1368 41 26 fall
349 1368 74 26 dödad,
439 1367 59 21 ändå
513 1369 30 19 att
551 1368 256 24 inteckningshandlingen

184 1403 43 20 icke
246 1404 80 24 företes,
349 1404 36 19 och
402 1402 40 21 låte
458 1404 68 18 rätten
541 1403 8 19 i
563 1402 132 20 sistnämnda
709 1402 97 20 händelse

185 1443 34 15 om
233 1438 103 20 dödandet
350 1438 30 19 tre
392 1436 80 27 gånger
482 1438 97 24 kungöra
588 1437 8 20 i
606 1437 79 20 landets
696 1436 111 21 allmänna

115 1475 141 23 Lagutskottets
268 1474 118 19 betänkande
398 1475 37 18 N:o
447 1475 28 18 17.
