1056 1725
271 105 13 22 2
492 105 20 23 U.
528 104 19 24 B.
559 117 26 4 —
597 104 55 30 Prop.
669 91 35 38 H:o
719 104 35 25 39.

310 168 48 22 För
372 168 131 22 beredande
518 168 27 22 af
557 168 128 29 tillgångar
699 168 8 22 i
722 168 173 22 militiefonden
909 167 37 22 till
961 167 38 22 be-

242 202 120 22 stridande
376 202 27 22 af
414 202 179 30 ifrågavarande
609 202 98 30 utgifter
721 202 97 22 föreslås
833 203 9 21 i
857 202 46 22 den
914 202 86 29 nådiga

241 236 184 30 propositionen,
447 239 36 20 att
505 237 37 21 till
565 236 77 22 denna
665 236 57 23 fond
744 236 75 22 skulle
835 236 127 22 öfverföras
978 236 20 29 ej

241 271 91 22 mindre
347 271 29 22 de
390 271 201 22 hemmansräntor
606 271 43 22 och
665 271 114 22 särskilda
794 271 102 29 afgifter,
919 270 80 23 hvilka

241 306 31 28 pä
286 306 77 29 grund
378 305 26 22 af
416 306 216 29 indelningsverket
647 306 43 22 och
705 305 73 22 andra
793 305 64 22 äldre
865 305 134 22 författnin-

241 347 43 22 gar
298 340 84 29 inflyta
397 341 49 21 dels
462 340 37 22 till
513 340 267 29 krigsmanshuskassan,
797 340 48 22 dels
861 341 37 21 till
906 339 93 23 militie-

240 375 189 28 boställskassan,
446 378 31 19 än
492 375 43 22 ock
551 375 39 22 det
604 375 97 29 kapital,
716 382 49 15 som
781 375 124 22 efterhand
921 375 78 28 bespa-

240 411 49 20 rats
304 409 9 22 i
328 409 145 22 sistnämnda
487 409 74 22 kassa.

310 443 12 22 I
342 443 129 30 anledning
485 443 27 22 af
523 444 67 22 Hans
605 444 120 29 Majestäts
741 443 37 22 till
794 443 77 23 denna
885 443 114 28 landtdag

242 478 92 29 afgifna
348 478 87 29 nädiga
449 478 144 29 proposition
608 479 44 22 N:o
668 480 27 21 40
706 478 121 29 angäende
835 478 163 23 öfverförande

241 512 53 22 frän
316 512 185 29 krigsmanshus-
524 513 43 22 och
589 513 294 22 militieboställskassorna
905 513 36 21 till
957 512 41 22 all-

240 551 86 18 männa
342 547 168 22 militiekassan
525 547 27 22 af
564 547 114 22 särskilda
692 547 128 22 inkomster
837 547 72 22 hafva
931 547 67 22 Stän-

241 582 73 22 derna
328 582 71 22 redan
414 582 103 26 beslutit,
526 584 35 20 att
576 582 169 22 ofvanberörda
762 584 80 20 räntor
864 582 43 22 och
930 582 68 28 afgif-

241 619 35 19 ter
292 616 66 22 skola
373 616 36 22 till
425 616 144 22 sistnämnda
583 616 69 22 kassa
667 616 137 28 öfverföras;
823 616 44 22 och
882 616 70 22 hafva
960 616 38 21 de-

241 657 96 21 samma,
359 650 36 22 till
419 652 34 20 ett
475 650 130 22 beräknadt
626 650 84 30 belopp
733 650 26 22 af
773 652 92 24 160,000
881 650 64 22 mark
960 657 37 15 om

242 685 56 27 året,
307 684 69 22 äfven
385 685 25 21 af
427 685 179 22 Statsutskottet
620 685 9 21 i
644 685 51 21 dess
710 684 148 22 betänkande
873 685 42 21 N:o
925 686 26 20 17
961 692 37 14 an-

240 719 92 29 gäende
347 720 108 28 samtliga
470 719 40 22 vid
525 719 158 22 innevarande
697 719 113 28 landtdag
819 718 131 22 beräknade
959 726 39 14 an-

241 754 52 28 slag
314 754 36 21 uti
371 754 112 29 kalkylen
499 754 64 22 öfver
578 754 235 28 bevillningsmedlen
828 753 119 30 upptagits
963 754 33 20 sä-

240 795 50 15 som
306 788 101 29 tillgäng
421 788 9 22 i
445 788 116 22 allmänna
576 788 176 22 militiefonden.

310 822 70 22 Hvad
396 823 49 21 åter
459 822 110 22 beträffar
585 822 161 22 öfverförande
762 822 27 22 af
808 821 189 23 militieboställs-

240 856 98 23 kassans
352 857 89 29 kapital
458 856 38 23 till
520 864 89 15 samma
633 856 63 29 fond,
722 864 67 15 anser
813 856 122 23 Utskottet
953 856 45 22 den

241 891 87 29 nädiga
343 891 185 29 propositionens
545 891 88 29 förslag
648 891 79 22 derom
742 898 56 14 vara
809 891 137 22 välbetänkt
955 891 42 21 och

240 925 37 22 fär
299 925 78 22 derför
398 926 119 28 tillstyrka
531 926 134 22 detsamma.
695 925 27 29 Ej
737 925 73 22 heller
820 925 43 22 har
877 925 121 22 Utskottet

241 960 79 22 funnit
335 960 51 21 skäl
401 960 36 21 till
453 960 182 29 anmärkningar
650 962 61 19 emot
732 959 45 22 den
794 959 87 29 nädiga
897 959 100 29 proposi-

240 994 93 21 tionens
355 994 170 29 uppskattning
549 994 26 22 af
595 994 66 22 dessa
688 994 138 29 tillgängars
851 994 84 29 belopp
958 993 40 22 vid

242 1030 55 21 1888
313 1029 36 21 års
364 1029 95 28 utgång.

310 1091 122 22 Utskottet
446 1091 37 22 får
498 1091 77 22 derför
591 1091 116 22 vördsamt
719 1091 96 23 föreslå:

449 1192 32 19 att
497 1189 125 22 Ständerna
637 1190 50 21 ville
702 1189 81 27 bifalla
798 1190 80 26 dertill,
894 1191 33 19 att
941 1190 57 20 mili-

381 1224 209 21 tieboställskassans
611 1224 122 28 tillgångar
755 1224 36 21 vid
806 1225 109 27 utgången
931 1224 29 26 af
971 1224 27 21 år

380 1259 65 27 18688,
462 1258 121 22 beräknade
598 1258 34 22 till
647 1260 97 26 890,000
759 1258 69 28 mark,
843 1259 66 21 måtte
929 1258 68 26 öfver-

374 1292 67 27 föras
457 1293 36 21 till
507 1293 113 22 allmänna
635 1293 166 27 militiefonden.

312 1372 36 22 En
364 1372 128 29 sjelffallen
507 1372 58 30 följd
581 1372 26 22 af
619 1372 76 23 denna
710 1372 145 29 öfverföring
871 1371 26 23 af
905 1372 92 21 militie-

240 1406 196 23 boställskassans
451 1407 128 22 inkomster
594 1407 43 22 och
652 1407 89 29 kapital
757 1406 35 22 till
809 1406 118 22 allmänna
937 1406 60 22 mili-

310 1447 158 19 Statsutskottets
481 1449 118 17 betänkande
611 1449 36 17 N:o
659 1449 28 18 18.
