1056 1725
218 121 30 21 40
417 121 20 21 U.
453 120 22 22 B.
490 133 27 2 —
535 121 58 26 Prop.
609 120 35 22 N:o
660 120 37 22 36.

191 183 123 27 priationen
336 183 7 20 i
363 182 90 28 märklig
477 190 48 14 mon
548 182 115 26 försvåras,
686 183 25 21 af
728 182 135 22 tillträdaren
883 182 67 22 undfä

190 217 71 27 skälig
285 216 162 28 vedergällning
471 216 35 22 för
518 218 42 20 den
579 216 71 22 ökade
673 216 276 28 hbebrukningskostnaden,

190 258 64 21 synes
268 252 126 26 jordegares
409 252 44 20 rätt
469 258 51 14 vara
535 251 118 27 behörigen
670 251 107 28 skyddad.

256 285 30 22 Pä
303 286 70 27 grund
388 285 24 22 af
425 286 36 21 det
478 285 92 22 anförda
585 285 40 22 och
642 286 27 21 dä
685 285 125 22 införandet
821 285 7 21 i
838 284 110 28 lagförsla-

190 323 36 24 get
237 320 25 21 af
272 327 29 14 nu
312 321 7 20 i
330 320 60 27 fråga
401 321 94 20 varande
507 320 136 27 bestämning
654 319 159 28 otvifvelaktigt
824 319 69 22 skulle
904 319 41 22 för-

191 355 63 20 svära
271 354 41 21 och
328 354 143 27 tilläfventyrs
493 354 142 27 omöjliggöra
652 354 145 27 uppkomsten
813 353 24 22 af
851 353 98 22 enskilda

189 389 125 27 jernvägar,
338 388 32 21 får
382 389 38 26 jag
440 389 109 20 vördsamt
572 388 86 24 föreslå,
680 391 33 19 att
731 389 66 26 sagde
813 388 135 27 bestämning

192 423 66 21 mätte
275 423 52 26 utgä
343 423 39 21 och
398 423 53 20 sista
467 429 62 15 mom.
546 423 24 20 af
585 423 23 20 11
627 424 13 25 &
657 423 83 21 säledes
756 423 82 21 erhälla
853 423 96 26 följande

191 457 90 27 lydelse:

400 508 72 28 Egare
492 509 27 26 uf
533 509 92 27 jernväg
649 516 51 15 vare
721 509 36 21 ock
770 509 77 28 pligtig
863 511 33 20 att
911 516 37 15 an-

367 543 61 28 lägga
443 543 37 21 och
496 543 129 27 öppenhälla
635 543 148 28 afloppsdiken
793 544 72 21 under
875 544 74 22 banan

366 578 14 21 å
395 578 85 21 sådana
504 578 80 21 ställen
607 580 57 20 samt
687 578 34 21 till
743 578 72 22 sådan
837 579 64 21 bredd
915 580 34 20 att

366 612 79 22 hinder
467 612 35 27 för
523 612 151 28 öfverbyggare
689 613 44 21 icke
749 615 67 19 möter
831 615 33 20 att
879 613 69 27 afleda

368 648 81 20 vattnet
464 647 53 27 från
533 647 50 21 sina
599 654 56 20 egor.

494 717 19 20 F.
529 716 113 27 Stjernvall.

261 784 8 20 I
288 785 71 20 denna
375 785 129 21 reservation
522 785 74 21 förena
613 786 32 27 sig

281 883 57 20 Ferd.
352 883 95 21 Jusélius.
719 884 27 20 W.
763 883 102 22 Calonius.

267 1463 131 24 Layutskottets
410 1464 108 18 betänkande
531 1465 36 16 :o
580 1465 28 16 12.
