1056 1725
284 128 13 21 2
473 128 64 24 $tänd.
553 128 31 24 Sv.
599 141 28 4 —
643 129 54 29 Prop.
713 128 32 24 N:o
760 128 35 24 34.

254 193 76 20 randet
344 192 24 21 af
381 193 84 20 landets
479 195 205 22 kommunikationer
699 202 46 16 som
760 196 40 21 ack
814 195 33 22 till
862 196 27 21 de
903 196 106 28 åtgärder,

254 232 45 16 som
315 227 7 21 i
338 227 113 29 anledning
473 229 62 22 deraf
549 229 107 28 vidtagits,
675 230 70 22 täckts
764 230 33 21 för
817 229 120 23 Ständerna
953 230 55 22 före-

255 262 31 21 slä
302 262 120 28 byggandet

325 298 33 21 1:0
374 297 22 22 af
410 305 26 14 en
450 299 89 26 jernväg
553 299 77 22 mellan
646 299 95 28 Wiborg,
757 299 117 22 Sordavala
889 299 40 21 och
943 299 63 22 Joen-

252 338 39 15 suu
307 333 78 26 städer,
405 334 48 21 med
471 333 114 28 hamnspär
603 335 7 20 i
629 334 117 22 Sordavala
762 335 39 20 och
817 336 30 20 ett
862 334 97 27 sidospär
974 334 32 21 till

251 367 103 22 Wärtsilä
369 367 60 27 bruk,

320 403 34 20 2:0
369 401 23 22 af
406 408 26 15 en
444 402 89 27 jernväg
547 402 47 22 från
609 403 73 22 Kotka
691 404 49 21 stad
755 403 33 22 till
798 403 97 22 Kouvola
905 403 78 22 station
993 403 12 22 å

250 436 177 22 Riihimäki—S:t
442 436 129 29 Petersburg
578 438 77 27 banan,
667 439 48 21 med
725 437 74 28 bispär
809 438 32 21 till
852 438 71 21 Kotka
933 437 71 27 hamn,

248 473 56 20 samt

317 506 34 21 3:0
367 506 160 22 utsträeckandet
545 507 22 21 af
583 506 319 23 Tammerfors—Nikolaistads
915 506 89 28 jernväg

248 540 34 21 till
296 540 145 22 Nikolaistads
456 541 101 27 packhus,
572 542 48 21 med
636 543 32 20 ett
682 541 74 28 bispär
771 541 33 21 till
819 541 41 22 den
875 546 16 16 s.
907 541 20 21 k.
943 547 60 15 sven-

248 575 38 21 ska
301 575 105 27 bryggan;
421 575 116 27 hvarjemte
551 576 8 21 i
575 576 40 21 den
630 576 77 27 nädiga
722 576 161 27 propositionen
898 575 27 28 pä
934 576 69 27 grund

247 610 23 20 af
284 609 141 28 förutgängna
440 610 137 22 ekonomiska
591 610 39 22 och
646 611 100 21 tekniska
761 610 187 27 undersökningar
965 617 37 15 an-

245 644 69 27 gifvas
336 644 100 27 lämpliga
455 644 146 28 sträckningar
621 644 34 22 för
674 645 63 21 dessa
754 645 162 27 jernvägslinier
931 644 71 22 äfven-

245 685 45 15 som
306 679 26 21 de
347 679 33 21 för
396 679 61 21 deras
472 679 113 22 utförande
600 680 123 21 beräknade
737 680 123 26 kostnader,
878 681 55 20 samt
945 679 54 21 före-

244 713 43 21 slås
303 713 39 21 den
359 713 37 27 tid,
412 714 57 20 inom
484 714 84 21 hvilken
576 714 85 22 arbetet
671 714 12 21 å
695 715 108 21 desamma
813 714 72 22 kunde
895 713 105 28 påbörjas.

314 748 70 21 Jemte
399 748 36 21 det
449 748 118 22 Ständerna
581 749 48 21 med
644 749 157 27 godkännande
812 749 23 21 af
844 749 41 21 den
894 748 105 22 Karelska

243 782 81 22 banans
340 782 7 21 i
360 782 158 27 propositionen
532 782 121 28 föreslagna
667 783 132 27 sträckning,
819 783 33 21 för
867 783 32 21 sin
914 783 34 21 del
962 783 37 21 be-

242 817 61 21 slutit
318 816 122 22 utförandet
455 816 23 22 af
491 818 26 20 de
532 817 121 28 föreslagna
660 818 261 27 jernvägsbyggnaderna,
935 817 64 22 hafva

242 850 121 23 Ständerna
383 851 131 22 beträffande
533 852 95 22 vilkoren
646 852 33 22 för
697 852 103 22 ledandet
820 852 23 21 af
856 854 31 20 ett
902 852 96 27 sidospär

241 886 33 21 till
297 885 102 22 Wärtsilä
417 886 55 22 bruk
487 889 70 19 ansett
571 888 38 26 att,
626 887 27 22 dä
668 887 59 21 detta
743 886 98 27 sidospär
857 887 68 21 skulle
939 887 58 21 med-

240 920 48 22 föra
303 927 26 15 en
344 922 46 20 stor
404 921 39 21 och
459 921 121 22 omedelbar
594 921 125 22 ekonomisk
734 921 70 21 fördel
819 921 34 22 för
862 921 88 22 brukets
960 922 35 21 be-

242 955 117 27 drifvande,
376 955 35 22 det
426 955 81 28 bidrag,
526 955 101 22 hvarmed
646 956 89 21 brukets
751 961 64 22 egare
830 956 66 21 borde
912 955 84 28 deltaga

239 989 7 21 i
262 989 120 22 kostnaden
397 989 33 22 för
445 990 123 27 detsamma,
584 991 48 20 med
647 990 47 21 skäl
708 989 73 22 kunde
797 990 73 21 ställas
886 990 71 27 högre,
968 992 27 19 än

239 1024 7 21 i
262 1024 42 21 den
319 1024 77 27 nädiga
411 1025 157 26 propositionen
583 1024 132 27 förutsättes,
727 1024 40 22 och
778 1023 71 28 uppgä
859 1024 33 21 till
902 1031 27 15 en
938 1025 56 21 tred-

236 1059 60 26 jedel
312 1059 23 21 af
348 1059 47 21 hela
411 1059 264 27 anläggningskostnaden.

307 1094 11 21 I
337 1094 152 27 sammanhang
511 1095 48 20 med
581 1093 75 28 frågan
675 1101 34 14 om
729 1094 42 21 den
789 1093 106 22 Karelska
913 1094 82 21 banans

238 1127 206 29 hufvudsträckning
459 1128 63 22 hafva
537 1128 120 22 Ständerna
671 1128 48 22 icke
734 1128 85 21 kunnat
834 1127 113 22 underläta
961 1129 33 21 att

236 1163 52 26 taga
303 1163 6 21 i
324 1162 141 22 betraktande
485 1163 101 22 behofvet
605 1163 24 21 af
646 1169 26 15 en
690 1163 81 22 bibana
786 1162 48 22 frän
850 1162 31 22 S:t
896 1163 98 21 Andreae

235 1196 61 28 längs
312 1196 119 22 Wuoksens
446 1198 58 21 östra
519 1198 73 21 strand
607 1198 32 21 till
655 1198 87 21 Imatra.
774 1196 82 23 Genom
871 1198 122 21 densamma

236 1231 85 22 komme
344 1231 155 28 otvifvelaktigt
521 1238 26 15 en
566 1232 85 27 lifaktig
668 1232 115 21 industriel
805 1232 136 22 verksamhet
961 1233 32 21 att

234 1265 126 22 framkallas
383 1266 39 21 och
445 1266 109 21 utvecklas
575 1266 36 21 vid
630 1265 109 23 Wuoksen
757 1265 83 22 flodens
860 1265 77 28 mänga
953 1266 39 22 och

236 1302 60 19 stora
318 1300 117 22 vattenfall.
469 1300 108 27 Derjemte
595 1300 69 22 skulle
682 1300 158 22 turisttrafiken
858 1300 33 21 till
911 1300 81 22 Imatra

232 1335 123 21 storartade
377 1334 110 22 vattenfall
507 1335 60 27 längs
585 1335 93 21 bibanan
697 1334 74 22 säkert
788 1335 64 21 vinna
870 1336 31 20 ett
915 1334 76 22 hittills

232 1369 82 21 oanadt
337 1368 91 28 omfång.
458 1370 43 21 Det
523 1369 162 27 trafiktillskott,
708 1375 47 16 som
779 1369 124 27 härigenom
922 1369 69 21 skulle

230 1403 93 22 tillföras
338 1403 152 22 hufvudbanan
505 1404 39 21 och
559 1404 66 22 redan
640 1403 119 23 bestående
767 1403 122 27 jernvägar,
900 1404 43 21 kan
953 1410 37 15 an-

230 1444 35 15 ses
288 1438 66 21 blifva
368 1437 24 22 så
407 1438 126 28 betydande,
554 1439 32 21 att
601 1440 60 20 ränta
677 1437 28 28 på
719 1437 108 23 bibanans
842 1438 148 27 anläggnings-

774 231 11 20 oS
