1056 1725
379 126 54 22 N:o
451 125 55 23 34.

342 463 63 21 Hans
428 463 150 27 Kejserliga
595 463 141 27 Majestäts
753 464 73 27 nådiga

273 504 125 26 proposition
425 503 30 21 till
484 504 95 21 Finlands
603 504 93 26 Ständer,
719 505 107 26 angäende

272 545 68 20 vidare
356 545 216 26 jernvägsbyggnader
589 545 4 20 i
611 545 74 21 landet.

135 608 37 22 Uti
195 608 130 27 underdänig
348 608 111 20 skrifvelse
483 608 23 20 af
528 608 39 21 den
593 610 24 19 12
634 608 41 26 Maj
694 610 53 20 1885
764 609 63 21 hafva

67 643 100 21 Finlands
183 645 72 18 senast
270 642 128 21 församlade
415 642 92 21 Ständer
522 642 90 21 anhällit
628 642 62 21 bland
706 646 74 18 annat:

139 679 31 19 att
186 677 84 21 teknisk
286 677 39 21 och
341 677 124 20 ekonomisk
475 676 112 26 utredning
597 676 66 22 måtte
674 677 153 27 äväsabringas

66 712 133 21 beträffande
215 712 133 26 lämpligaste
365 712 149 26 sträckningen
531 712 22 20 af
568 718 25 14 en
605 712 109 21 stambana
726 712 46 21 från
785 713 42 21 Wi-

67 746 53 26 borg
144 746 59 21 öfver
225 747 84 21 Jääskis
333 746 82 21 direkte
438 746 33 20 till
495 746 122 26 hamnplats
637 746 34 21 vid
686 747 87 27 Ladoga
788 748 39 20 och

68 780 93 21 derifrän
184 781 32 21 till
240 781 99 22 Joensuu,
363 784 55 17 samt
434 783 32 18 att
482 781 133 26 proposition
631 787 34 14 om
681 781 110 27 byggande
807 782 22 21 af

69 815 65 21 sådan
149 815 55 21 bana
219 815 67 21 måtte
302 815 120 26 föreläggas
438 815 249 21 nästsamianträdande
703 816 100 25 Ständer;

141 851 32 19 att
196 849 22 21 ät
241 849 71 21 Kotka
336 849 52 26 stad,
412 849 65 27 bolag
501 850 53 20 eller
577 850 82 20 enskild
680 856 83 20 person,
783 857 45 15 som

68 884 71 20 kunde
163 883 81 21 erhålla
266 884 124 21 koncession
414 883 33 21 för
471 884 109 27 byggande
604 883 23 22 af
641 891 25 14 en
678 885 88 26 jernväg
781 885 48 21 från

69 918 73 21 Kotka
158 918 47 21 stad
220 919 33 20 till
269 918 97 21 Kouvola
381 919 85 22 station,
483 918 68 21 mätte
567 918 70 21 säsom
653 919 79 26 bidrag,
745 919 84 21 utöfver

69 953 66 20 redan
150 953 105 26 beviljade
270 953 124 20 subvention
411 952 22 21 af
449 955 92 23 600,000
550 953 67 26 mark,
629 953 79 20 lemuas
719 955 31 19 ett
759 960 70 15 amor-

69 987 117 27 teringslän
208 987 23 21 af
253 987 123 21 statsmedel
398 987 33 20 till
455 987 78 26 belopp
553 987 22 20 af
590 989 91 24 900,000
697 988 66 26 mark,
779 988 50 27 pä
818 983 15 36 i

69 1021 121 21 hufvudsak
206 1022 31 21 uti
254 1021 128 22 Ständernas
399 1021 112 21 skrifvelse
527 1021 86 27 angifna
628 1022 77 26 vilkor;

143 1059 32 18 att
191 1056 21 21 åt
227 1056 141 27 Björneborgs
384 1056 48 20 stad
447 1056 53 20 eller
515 1056 93 21 enskildt
624 1057 68 26 bolag,
703 1063 46 14 som
759 1057 70 21 kunde

71 1091 64 26 ätaga
158 1091 32 26 sig
212 1091 120 26 byggandet
348 1090 23 21 af
384 1097 26 14 en
423 1090 89 27 jernväg
528 1090 46 21 frän
589 1090 70 27 nägon
673 1091 66 26 punkt
755 1091 12 20 &
783 1086 46 27 Äbo

70 1125 333 21 —Tavastehus-Tammerfors
419 1125 70 20 banan
505 1125 33 20 till
549 1125 140 27 Björneborgs
700 1125 53 27 stad,
763 1125 66 22 måtte

70 1166 26 14 ur
118 1160 124 20 statsmedel
265 1160 87 26 beviljas
372 1166 25 14 en
413 1160 132 25 subvention,
562 1160 123 26 uppgäende
701 1160 32 21 till
749 1160 82 22 hälften

71 1194 23 20 af
112 1194 40 20 den
167 1200 88 20 summa,
272 1194 92 26 hvurtill,
381 1194 66 26 enligt
462 1194 117 26 behörigen
594 1194 109 26 godkändt
718 1194 112 22 kostnads-

71 1228 86 26 förslag,
178 1228 118 20 kostnaden
311 1228 33 20 för
359 1234 26 14 en
400 1227 66 21 sädan
484 1228 55 20 bana
554 1228 85 21 komme
655 1230 31 19 att
701 1229 61 26 stiga,
779 1230 52 20 eller

71 1262 63 26 högst
158 1264 113 24 3,000,000
289 1262 67 26 mark,
372 1262 40 20 den
428 1262 67 21 redan
510 1262 137 21 härförinnan
662 1263 104 27 beviljade
782 1264 49 20 sub-

71 1297 113 20 ventionen
199 1296 129 27 inbegripen,
344 1296 27 27 pä
386 1296 81 21 sädana
483 1296 75 27 vilkor,
575 1303 46 14 som
634 1298 123 26 regeringen
768 1297 63 21 funne

71 1331 75 27 nödigt
168 1333 98 18 närmare
288 1331 124 25 bestämma,
437 1330 55 22 dock
508 1333 52 19 utan
575 1338 69 14 annan
658 1332 151 26 inskränkning
824 1332 8 20 i

71 1365 212 27 byggnadssystemet
298 1367 27 19 än
348 1367 32 19 att
400 1365 126 27 detsamma,
543 1365 7 21 i
565 1365 102 21 trafikens
682 1364 39 22 öch
737 1366 40 20 den
793 1366 38 21 all-

71 1402 79 18 männa
172 1400 138 20 säkerhetens
325 1400 94 25 intresse,
437 1400 72 20 kunde
525 1399 24 21 af
562 1400 133 26 vederbörlig
709 1400 124 27 myndighet

71 1434 135 27 godkännas;
225 1436 56 19 samt
