1056 1725
280 137 27 21 14
504 136 13 22 U
539 136 20 23 B.
575 148 27 4 —
618 136 54 29 Prop.
689 136 31 23 N:o
737 136 34 24 29.

318 202 42 22 vid
379 202 11 27 8
410 203 13 21 5
439 202 23 22 af
476 202 244 28 rogisterförordningen
737 204 52 26 anty
791 203 52 21 ddes
858 204 73 26 redan,
946 204 65 20 hurn-

250 242 52 21 som,
323 236 54 22 efter
394 230 121 38 Utskottets
531 236 62 27 äsigt,
609 234 94 30 önskligt
719 244 58 19 vore,
794 238 33 20 att
843 238 25 20 de
883 235 70 24 finska
967 237 43 22 far-

248 272 64 26 tygen
335 272 109 21 förseddes
467 271 62 21 äfven
544 271 49 22 med
609 271 90 22 officiela
715 278 96 15 numror.
842 272 76 22 Denna
933 272 75 27 ätgärd

248 305 40 22 har
303 308 59 25 synts
378 305 112 22 Utskottet
505 306 112 27 högeligen
632 306 109 21 önskvärd
755 307 71 21 säsom
837 314 25 14 en
874 307 85 21 enklare
970 307 40 22 och

248 340 83 21 mindre
353 340 95 21 kostsam
464 341 67 26 utväg
545 340 7 21 i
567 347 81 14 samma
663 341 55 26 syfte
735 347 47 15 som
797 341 120 21 införandet
933 341 22 21 af
969 342 41 27 sig-

248 374 167 22 nalbokstäfver.
445 375 80 21 Medan
540 375 107 26 nemligen
663 375 151 21 anskaffandet
828 375 23 21 af
860 375 150 28 signalflaggor

248 411 24 18 är
294 409 49 21 med
361 409 101 26 temligen
478 409 109 26 betydliga
601 409 117 21 kostnader
734 409 106 26 förenadt,
856 411 7 20 i
877 411 23 25 ty
915 411 32 20 att
962 410 47 21 des-

248 449 34 15 sas
298 443 44 26 pris
358 443 110 27 uppgifves
483 444 84 20 variera
581 443 90 21 emellan
687 443 66 27 något
769 443 60 22 öfver
845 445 41 20 150
901 444 60 21 F:mk
975 445 34 20 för

248 477 26 21 de
295 478 77 21 minsta
388 477 32 21 till
436 478 80 21 inemot
531 478 42 21 275
590 477 60 22 F:mk
665 477 34 21 för
715 478 27 21 de
759 479 86 25 största,
863 479 86 20 hvilken
965 485 44 15 om-

248 512 122 27 ständighet
389 512 34 21 väl
439 511 62 22 äfven
517 512 7 21 i
539 512 32 21 sin
586 511 49 22 män
651 512 126 21 medverkat
793 513 32 20 till
841 514 32 19 att
888 513 121 27 signalflag-

247 553 50 20 gors
320 547 137 20 medförande
476 546 47 21 icke
543 548 23 19 är
582 547 70 20 afsedt
667 548 32 19 att
713 547 107 26 pähjudas
836 547 33 21 för
884 547 67 21 andra
966 547 43 21 far-

247 582 37 26 tyg
300 583 27 19 än
343 582 54 25 dem,
413 587 45 15 som
473 580 98 27 företaga
586 587 59 15 resor
663 583 61 19 utom
739 576 116 32 Östersjön,
867 582 71 21 kunna
948 588 60 15 num-

247 615 127 27 merflaggor
394 616 34 20 för
441 615 153 27 jemförelsevis
609 616 70 26 billigt
693 616 46 26 pris
759 616 99 21 erhällas.
888 616 119 27 Uppvisan-

248 650 36 21 det
292 650 23 21 af
321 650 180 26 nationalflaggen
507 650 66 26 jemte
584 650 155 27 nummerflagg
750 652 25 19 är
785 651 119 21 emellertid
914 651 93 21 tillräck-

247 684 40 27 ligt
302 684 34 21 för
351 686 32 19 att
398 686 31 19 ett
444 684 77 27 fartyg,
537 685 7 20 i
559 684 38 21 fall
612 684 23 21 af
649 684 71 26 behof,
737 685 49 21 med
802 685 76 21 lätthet
893 686 43 20 kan
951 685 57 26 gifva

247 719 33 26 sig
294 719 33 21 till
342 719 78 21 känna.
451 718 96 22 Officiela
563 725 87 15 numror
665 718 34 22 för
714 719 73 27 fartyg
801 719 69 22 finnas
885 720 71 20 derför
967 720 40 21 ock

247 753 39 21 hos
309 752 51 22 flere
385 753 120 27 sjöfarande
527 754 105 20 nationer.
653 765 23 3 —
701 754 63 20 Inom
788 754 91 21 Finland
901 754 106 21 förekom-

246 793 46 15 mer
314 788 34 20 väl
368 788 39 20 den
424 787 141 27 svärigheten,
581 789 32 19 att
628 788 73 20 landet
717 788 48 20 icke
780 788 39 21 har
835 794 54 20 egen
903 788 105 21 national-

246 822 64 27 flagg,
334 829 48 14 men
406 824 93 20 emotser
519 822 111 22 Utskottet
651 824 32 20 att
701 823 72 21 denna
789 823 156 27 omständighet
960 822 47 22 icke

246 857 56 21 skall
317 857 62 27 lägga
395 856 158 28 oöfverstigliga
569 857 75 21 hinder
659 858 7 21 i
681 860 69 25 vägen
764 858 34 21 för
809 858 40 20 den
861 858 6 21 i
880 857 60 28 fräga
951 858 56 21 satta

246 891 111 27 ätgärden.
372 903 29 3 —
416 891 121 21 Numrorna
558 891 75 27 skulle,
655 891 54 22 efter
729 892 124 21 Utskottets
869 892 70 27 tanke,
955 898 51 15 vara

246 925 155 27 obligatoriska
416 925 34 22 för
465 926 42 21 alla
523 927 142 26 registrerade
681 927 72 26 fartyg
769 927 39 21 och
818 927 83 21 utdelas
912 927 27 27 pä
954 933 49 15 ena-

245 959 73 22 handa
333 962 42 19 sätt
390 967 45 14 som
451 961 220 26 signalbokstäfverna
681 965 56 17 samt
748 962 115 26 anbringas
874 961 13 21 ä
896 961 92 28 fartyget
998 962 7 21 i

245 994 69 21 likhet
322 995 48 21 med
379 995 230 22 nationalitetsmärket
617 995 110 22 äfvensom
735 995 82 22 införas
825 996 7 21 i
841 997 163 26 sienallistorna.

315 1030 63 21 Emot
393 1029 140 22 förevarande
549 1029 220 28 författningsförslag
784 1031 39 20 har
838 1031 67 20 under
920 1031 85 21 remiss-

244 1063 103 22 debatten
370 1065 57 20 inom
450 1065 31 20 ett
500 1064 23 21 af
543 1064 94 21 Ständen
658 1065 118 26 anmärkts,
795 1067 32 18 att
843 1065 162 27 signalbokstäf-

244 1104 66 15 verna
332 1099 115 26 rätteligen
467 1099 66 20 borde
548 1098 93 22 fördelas
657 1099 23 20 af
695 1106 26 14 en
738 1100 56 20 enda
809 1099 128 27 myndighet,
953 1101 52 20 enär

244 1133 64 22 deras
323 1134 116 22 utdelande
457 1140 76 20 genom
549 1134 269 27 registermyndigheterna
834 1135 71 21 kunde
919 1135 86 21 komma

244 1169 33 20 att
299 1168 57 22 välla
376 1168 65 22 oreda
461 1168 40 21 och
516 1168 149 27 förvexlingar,
681 1169 24 21 sä
721 1171 32 19 att
768 1169 57 21 olika
839 1169 70 27 fartyg
924 1169 81 21 erhölle

244 1208 82 15 samma
340 1202 131 22 bokstäfver.
487 1202 112 22 Utskottet
614 1203 39 21 har
669 1204 56 20 dock
739 1205 55 20 trott
809 1203 53 21 deti
875 1204 128 26 propositio-

243 1243 43 15 nen
306 1237 114 21 förordade
435 1236 179 28 tillvägagäendet
629 1244 52 14 vara
696 1238 137 26 erforderligt
847 1238 33 21 till
895 1238 107 21 förekom-

242 1271 79 21 mande
341 1272 23 20 af
383 1272 77 26 onödig
480 1272 90 26 omgäng
586 1272 38 20 och
635 1272 138 27 tidsutdrägt.
789 1284 28 3 —
833 1272 111 21 Utskottet
958 1274 46 19 tror

242 1306 33 26 sig
293 1307 55 25 veta,
373 1307 38 25 att,
434 1306 36 21 vid
492 1306 149 26 uppgörandet
661 1306 23 21 af
711 1307 37 21 det
773 1306 165 22 internationela
961 1306 42 27 sig-

241 1340 146 27 nalsystemet,
410 1342 31 19 ett
464 1340 23 21 sä
504 1340 124 27 tillräckligt
650 1341 59 21 antal
725 1341 194 27 signalbokstäfver
934 1340 70 21 tillde-

241 1374 43 21 lats
307 1374 69 22 finska
397 1374 172 26 handelsflottan,
593 1376 31 20 att
647 1374 71 28 någon
740 1376 55 20 brist
818 1375 27 27 pä
860 1375 80 21 sådana
955 1375 47 21 icke

241 1408 57 22 skall
313 1415 56 21 yppa
384 1410 38 26 sig.

312 1443 41 22 Till
375 1443 11 27 $
409 1445 11 20 7
441 1444 61 21 torde
523 1444 52 21 böra
595 1443 60 28 fogas
671 1445 75 26 tillägg
762 1445 79 26 derom,
857 1446 32 19 att
904 1445 98 26 register-

312 1489 138 22 Lagutskottets
462 1489 117 18 betänkande
590 1494 30 13 n:o
632 1490 29 17 23.
677 1507 2 3 .
