1056 1725
304 116 20 23 U.
340 115 20 23 B.
376 127 28 4 —
419 115 56 29 Prop.
492 116 32 23 N:o
541 116 33 23 34.
777 118 12 21 7

128 180 44 21 För
194 180 32 21 att
247 178 170 28 förfullständiga
441 178 62 22 dessa
529 178 210 29 öfversigtstabeller,
764 180 55 23 skall

62 213 39 22 här
123 213 94 28 angifvas
238 213 93 27 längden
346 212 40 22 och
401 212 120 23 kostnaden
536 213 33 22 för
583 212 125 28 ifrågasatta
723 214 96 29 bibanor,

60 246 146 29 förgreningar
221 247 40 22 och
275 247 121 27 hamnspår.
426 247 84 22 Härvid
523 247 40 22 bör
578 248 119 25 anmärkas,
713 250 33 20 att
760 249 59 23 kost-

60 282 69 22 naden
144 281 33 23 för
192 281 141 28 hamnspåren
347 281 50 28 ingå
412 281 7 22 i
435 281 146 23 kostnaderna
595 281 34 23 för
636 282 181 24 hufvudbanorna.

244 349 64 22 Tabell
323 349 53 22 öfver
391 349 78 22 bibanor
484 350 33 21 och
533 349 104 29 hamnspår.

575 441 69 24 Längd
656 442 6 17 i
793 461 4 3 .

85 470 122 24 Bibanornas
221 470 37 18 och
269 469 140 24 hamnspärens
421 469 123 24 benämning.
556 465 12 33 |
578 470 80 19 kilome-
691 461 90 18 Kostnad
792 467 7 12 i

601 501 35 16 ter.
727 490 35 22 Fw

78 590 146 23 Förgreningen
236 589 44 18 frän
291 590 100 23 Paikjärvi
402 590 30 17 till
444 590 106 19 Sordavala
603 592 36 21 32,8
699 592 92 22 2,132,000

78 625 147 23 Förgreningen
241 624 43 18 frän
299 624 92 18 Petolaks
402 624 30 18 till
444 625 107 19 Sordavala
603 626 37 21 30,0
701 627 90 21 1,950,000

79 659 105 18 Sordavala
196 659 104 23 hamnspär
315 673 4 4 .
344 672 4 4 .
374 672 3 4 <
402 672 3 5 «
431 672 3 5 «
458 672 62 6 0.0.
545 672 4 6 .
615 662 24 20 2,0
735 671 20 3 —

78 694 92 18 Petolaks
182 694 104 23 hamnspår
314 707 4 5 .
343 706 4 5 .
372 707 4 5 «
400 707 5 5 k
430 707 4 5 s
461 706 2 5 6
488 707 4 5 0
516 708 33 4 vc
615 696 24 20 1,9
734 706 22 2 —

78 728 88 18 Bibanan
178 728 30 18 till
220 728 93 18 Wärtsilä
342 742 4 4 .
371 741 4 5 .
400 741 4 5 .
437 741 26 5 .
487 742 4 4 .
516 742 4 4 .
545 742 4 4 «
615 730 24 20 4,0
717 729 76 22 300,000
798 730 15 22 *)

78 763 75 18 Bibana
166 763 43 18 frän
221 763 28 19 S:t
260 763 84 18 Andre
356 762 31 18 till
398 762 93 18 Jääskis.
515 776 5 5 .
545 777 4 5 .
604 764 35 20 18,0
700 764 92 22 1,136,000

77 797 75 19 Bibana
164 798 43 17 från
219 797 78 19 Jääskis
309 797 30 17 till
351 797 73 17 Imatra.
458 810 4 5 .
487 811 5 5 .
516 811 4 4 .
544 811 5 5 .
605 798 34 21 15,9
701 798 91 22 1,034,000

78 832 75 18 Bibana
164 832 44 18 från
219 832 73 18 Imatra
303 832 30 17 till
344 831 94 18 Harakka
458 845 4 4 .
487 846 5 4 .
516 845 5 4 .
545 845 4 5 .
615 832 24 22 6,3
717 832 75 23 428,000

129 895 58 23 Ifrån
203 895 40 22 den
258 895 66 22 första
338 895 96 22 tabellen
449 897 25 20 är
489 895 65 22 linien
564 895 256 22 Kämärä-Paakkolan-

60 929 62 22 koski
136 929 114 28 utesluten,
266 929 28 22 dä
309 929 41 22 den
364 929 47 22 icke
421 931 24 20 är
455 929 118 22 undersökt
583 929 40 22 och
634 930 65 27 nägra
709 929 112 23 kostnads-

60 963 142 28 beräkningar
217 963 59 22 öfver
289 963 124 22 densamma
423 963 47 22 icke
481 964 116 27 uppgjorts.
613 964 76 21 Denna
699 963 122 23 bansträck-

60 997 50 28 ning
128 998 41 21 har
188 998 47 21 icke
250 998 67 21 heller
331 997 70 22 funnit
416 999 71 26 nägon
502 998 120 22 försvarare
636 997 57 22 inom
708 998 111 22 utskottet.

60 1031 133 28 Fullständig
208 1031 86 28 enighet
308 1031 40 22 har
362 1032 50 21 rädt
427 1032 81 27 derom,
525 1033 33 21 att
573 1032 42 22 alla
630 1032 26 21 de
666 1031 97 28 fördelar,
774 1039 47 16 som

60 1065 55 22 afses
138 1066 49 22 med
209 1066 69 22 denna
300 1066 129 27 sträckning,
452 1066 73 22 bättre
547 1066 40 22 och
605 1066 129 27 naturligare
749 1066 71 23 kunna

60 1100 63 21 ernäs
144 1106 77 21 genom
239 1101 70 26 nägon
324 1100 24 22 af
361 1101 27 21 de
402 1100 33 22 till
451 1100 89 27 Wiborg
556 1100 81 27 dragna
651 1100 95 22 linierna.
776 1100 43 23 Un-

61 1133 75 23 dantar
152 1140 50 16 man
216 1134 118 23 socknarne
349 1136 96 21 närmast
459 1134 152 28 Wiborg—S:t
626 1134 129 28 Petersburg
763 1135 56 27 jern-

60 1170 46 25 väg,
128 1168 73 22 hvilka
222 1168 53 22 höra
290 1168 32 22 till
338 1168 69 23 denna
419 1169 102 27 jernvägs
536 1168 157 28 trafikomräde,
712 1169 107 23 äfvensom

59 1202 150 28 sydostligaste
228 1203 104 22 Karelens
354 1204 95 21 närmast
471 1203 65 28 ryska
550 1205 91 25 gränsen
655 1203 90 27 belägna
760 1204 60 22 sock-

60 1242 44 22 nar,
128 1236 72 23 hvilka
222 1236 6 22 i
248 1237 72 27 hvarje
334 1237 103 22 händelse
453 1238 53 21 söka
522 1239 40 25 väg
577 1237 34 22 för
625 1237 32 22 sin
671 1237 64 22 trafik
751 1238 70 22 direkt

59 1272 28 26 pä
110 1271 32 22 S:t
160 1271 136 27 Petersburg,
312 1273 24 20 är
356 1272 37 21 det
408 1272 77 22 endast
499 1272 112 22 trakterna
626 1271 61 27 kring
701 1272 118 22 Wuoksens

59 1312 65 16 norra
145 1305 81 28 utlopp,
249 1305 72 22 hvilka
336 1305 101 28 möjligen
455 1305 87 23 komma
557 1307 32 21 att
602 1306 148 27 undandragas
762 1306 58 26 jern-

59 1339 143 28 vägstrafiken
224 1340 60 27 längs
307 1346 27 15 en
356 1340 49 22 linie
428 1340 49 22 frän
492 1340 88 27 Wiborg
595 1339 59 23 öfver
671 1340 32 22 S:t
720 1340 97 22 Andree.

128 1421 17 22 *)
163 1420 67 18 Under
246 1420 142 23 förutsättning
403 1420 21 18 af
440 1420 25 18 de
478 1420 67 23 bidrag
557 1420 43 17 frän
612 1420 147 23 bruksbolagets
771 1420 47 18 sida.

58 1455 42 12 som
113 1451 112 16 omnämnas
237 1449 7 17 i
256 1449 151 23 propositionen.

126 1483 191 24 Jernvägsutskottets
330 1484 116 18 betänkande
459 1484 39 18 N:o
511 1483 17 18 1.
