1056 1725
256 134 27 22 34
477 135 19 23 U.
513 134 18 23 B.
548 146 28 5 —
591 134 55 29 Prop.
662 134 35 24 N:o
713 134 36 23 34.

227 198 35 19 års
281 197 104 28 landtdag
406 198 83 22 hesläto
513 198 32 28 sig
567 198 122 22 Ständerna
706 196 122 22 emellertid
843 196 34 22 för
892 202 27 16 on
930 196 56 28 jorn-

228 232 42 27 väg
286 229 58 24 öster
359 229 35 24 om
408 231 108 29 Näsijärvi
531 231 33 22 till
573 228 126 25 sistnämda
714 230 56 28 stad,
781 230 41 22 och
831 230 87 22 dermed
933 230 56 22 hade

228 265 64 22 äfven
316 266 59 21 detta
393 266 67 21 första
475 266 81 27 förslag
570 266 34 21 till
619 266 127 27 sträckning
761 265 34 21 för
811 271 26 15 en
851 265 89 27 jernväg
954 264 35 22 till

226 300 34 21 till
275 300 133 28 Björneborg
423 301 62 21 fallit.

296 334 43 22 Vid
366 336 53 20 1882
445 335 34 21 ärs
504 335 103 26 landtdag
636 334 124 21 inlemnade
789 335 199 26 representanterne

226 368 34 21 för
287 369 144 27 Björneborgs
460 369 48 21 stad
531 368 92 27 petition
647 375 35 14 om
707 367 117 22 utförande
850 367 33 22 för
907 369 80 20 statens

226 403 93 26 räkning
344 403 52 20 eller
420 403 49 21 med
494 403 126 21 subvention
645 402 48 21 frän
720 404 83 19 statens
834 402 47 21 sida
909 401 24 22 af
961 407 27 16 en

223 437 93 27 jernväg
331 436 48 21 från
393 437 138 27 Björneborg,
546 437 57 21 helst
618 437 81 27 dragen
715 437 34 20 till
767 436 146 21 Tammerfors
935 436 53 21 eller

226 471 41 20 ock
289 471 35 21 till
346 471 70 28 nägon
431 471 89 27 lämplig
534 471 68 27 punkt
617 471 14 20 &
645 465 47 27 Äbo
708 471 79 21 banan.
819 471 30 20 PÄ
865 470 123 27 tillstyrkan

228 505 24 21 af
274 505 122 22 dävarande
415 505 184 28 jernvägsutskott
622 505 116 22 förordade
754 505 121 21 Ständerna
898 505 89 21 subven-

227 539 47 22 tion
290 539 34 21 för
340 540 143 27 anläggandet
497 539 24 21 af
534 546 27 15 en
573 539 90 28 jernväg
678 539 49 21 frän
742 539 135 27 Björneborg
892 539 33 21 till
938 539 49 21 Loi-

225 573 77 28 mijoki
318 573 52 22 eller
386 580 69 15 annan
470 574 143 27 närabelägen
631 574 70 27 punkt
724 573 13 21 &
752 568 161 33 Äbo—Toijala
935 573 52 22 ban-

228 608 41 26 del,
285 608 84 21 hvilket
383 608 71 21 beslut
469 608 63 21 äfven
546 614 56 15 vann
616 608 139 27 regeringens
771 607 70 22 bifall.

297 642 112 22 Utskottet
431 642 131 22 motiverade
577 642 70 21 denna
662 642 126 27 sträckning
804 642 93 26 dermed,
914 643 32 20 att
961 648 27 15 en

223 676 91 28 jernväg
329 676 61 28 längs
405 676 116 28 Loimijoki
536 676 39 22 och
589 676 71 22 Kumo
677 676 93 21 elfdalar
780 676 69 21 skulle
860 676 127 28 genomlöpa

227 716 26 16 en
269 710 25 21 af
308 711 26 21 de
350 712 67 20 tätast
431 710 114 22 befolkade
559 711 84 21 trakter
657 710 8 21 i
680 710 76 22 landet
771 710 40 22 och
829 710 102 27 derjemte
953 712 34 19 ut-

226 746 53 26 göra
293 744 76 28 början
377 745 34 21 till
419 752 25 14 en
453 745 110 27 sydvestra
571 745 118 26 stambana,
699 751 47 15 som
755 745 69 21 skulle
833 744 112 22 fortsättas
953 744 34 22 till

226 779 148 27 Kristinestad
398 781 55 19 samt
479 779 93 21 derifrån
597 779 34 21 till
655 779 91 27 lämplig
771 779 69 27 punkt
865 779 28 27 på
921 779 66 21 Wasa

226 813 78 21 banan.

296 847 34 22 Då
345 847 154 22 subventionen
521 847 119 22 emellertid
661 847 76 22 visade
757 847 33 28 sig
805 847 132 27 otillräcklig
953 846 34 23 för

226 881 193 22 ästadkommande
435 881 24 21 af
471 888 27 15 en
512 881 70 27 privat
597 882 93 27 jernväg,
707 881 125 21 inlemnade
843 881 143 28 Björneborgs

226 916 60 21 stads
308 917 173 26 representanter
503 922 25 15 en
551 923 27 20 ny
593 916 91 27 petition
698 916 38 21 vid
754 917 54 20 1885
826 916 34 21 ärs
876 916 109 27 landtdag,

225 950 127 21 alternativt
367 957 33 14 om
416 951 125 27 ytterligare
556 950 126 22 subvention
697 951 55 20 eller
768 950 115 21 utförande
899 950 33 21 för
943 952 42 19 sta-

225 986 49 19 tens
288 984 93 27 räkning
395 984 25 21 af
433 991 26 14 en
471 985 89 27 jernväg
575 984 47 21 från
638 985 134 26 Björneborg
787 985 35 20 till
837 984 90 22 Urdiala
943 986 42 20 sta-

225 1018 46 21 tion
287 1019 13 20 &
319 1013 63 26 Äbo—
389 1009 88 42 Toijala
491 1019 83 21 bandel.

295 1053 77 20 Denna
393 1053 124 27 sträckning
538 1053 55 21 hade
615 1053 92 27 tidigare
723 1052 74 22 blifvit
812 1053 118 20 undersökt
945 1053 40 21 och

223 1087 188 27 kostnadsförslag
425 1087 98 21 deröfver
537 1087 131 27 upprättadt.
698 1087 80 21 Linien
794 1087 66 27 drogs
876 1087 60 27 längs
952 1089 33 19 sö-

225 1121 39 21 dra
280 1121 62 21 sidan
358 1121 24 21 af
394 1121 71 21 Kumo
481 1121 30 21 elf
524 1121 33 21 till
567 1121 136 27 Lauttakylä,
713 1121 96 21 derifrän
818 1121 75 21 utmed
900 1121 85 21 Punka-

221 1155 48 27 joki
284 1156 49 20 ädal
350 1155 56 22 förbi
421 1156 136 21 Punkalaitio
571 1156 69 26 kyrka
655 1156 40 21 och
709 1156 77 21 vidare
802 1156 34 20 till
844 1155 90 22 Urdiala
942 1158 43 19 sta-

224 1190 53 21 tion.
309 1189 124 22 Banliniens
455 1190 64 27 längd
541 1190 63 21 utföll
625 1190 50 21 med
698 1192 69 24 109,18
783 1191 59 20 verst
857 1190 53 20 eller
927 1192 57 24 116,8

222 1224 116 21 kilometer
362 1224 39 21 och
420 1224 133 22 beräknades
568 1224 97 21 medföra
680 1231 26 15 en
721 1224 95 21 kostnad
833 1224 24 20 af
871 1225 112 25 6,005,693

223 1258 62 20 mark
301 1258 33 21 för
350 1264 26 15 en
391 1258 125 28 bredspärig
528 1259 89 27 jernväg
632 1258 40 22 och
687 1260 117 25 4,293,106
820 1258 62 21 mark
902 1258 34 21 för
958 1265 27 15 en

223 1292 129 28 smalspärig
368 1292 55 21 bana
439 1292 24 22 af
475 1295 7 19 1
493 1295 79 19 meters
581 1293 106 27 spärvidd,
696 1293 55 21 eller
766 1292 69 28 enligt
850 1294 33 20 ett
899 1292 23 21 af
929 1294 55 20 1885

223 1326 35 20 ärs
271 1326 185 28 jernvägsutskott
471 1327 65 27 nägot
557 1327 136 21 modifieradt
715 1326 192 28 kostnadsförslag
928 1333 55 21 resp.

224 1360 115 26 5,750,000
354 1361 63 20 mark
431 1360 34 22 för
481 1361 40 21 den
535 1361 140 27 bredspäriga
689 1361 41 21 och
747 1362 116 25 5,035,000
878 1361 61 21 mark
950 1360 33 22 för

223 1394 42 20 den
281 1394 142 27 smalspäriga
437 1395 76 21 banan.

291 1428 137 21 Beträffande
444 1429 149 28 sträckningen
608 1429 33 22 till
657 1429 92 22 Urdiala
765 1429 114 26 uttalades,
903 1431 33 20 att
951 1431 34 20 ut-

222 1462 82 21 skottet
320 1462 47 21 icke
382 1463 71 21 kunde
469 1463 86 22 förorda
570 1470 25 15 en
611 1464 72 26 sädan,
700 1471 36 14 om
753 1464 71 21 banan
840 1464 95 27 byggdes
950 1463 34 22 för

291 1502 191 22 Jernvägsutskottets
495 1503 114 17 betänkande
622 1503 35 18 N:o
671 1505 17 17 1.
