1056 1725
311 118 24 20 U.
348 119 22 18 B.
382 128 21 4 —
416 118 61 24 Prop.
491 118 38 20 N:o
541 119 33 19 39.
789 120 11 17 3

65 179 49 19 ders:
128 178 128 26 öfningskurs
276 179 50 17 samt
345 177 61 19 under
424 177 63 19 denna
506 177 29 19 tid
553 177 127 25 naturligtvis
697 178 50 19 blott
761 179 62 25 ytligt

64 212 96 20 inhemtat
183 218 23 13 en
229 211 128 20 kavallerists
381 211 122 25 mångsidiga
525 211 198 26 tjensteäligganden,
747 212 77 20 komme

65 249 29 17 att
108 247 45 19 visa
168 247 32 25 sig
214 245 75 20 mindre
304 245 133 23 användbara,
453 246 26 18 dä
494 246 23 18 de
534 245 33 19 vid
583 246 130 19 kavalleriets
725 246 98 20 mobilise-

65 280 45 25 ring
132 280 65 20 skulle
220 279 78 20 inträda
320 279 6 19 i
350 279 55 20 aktiv
424 280 65 25 tjenst.
520 280 30 19 På
569 280 56 19 dessa
645 280 35 19 och
697 280 60 20 andra
773 280 50 25 skäl,

65 315 71 20 hvilka
151 315 6 19 i
173 313 207 20 komitebetänkandet
392 316 88 17 närmare
493 314 97 25 angifvas,
603 314 82 19 föreslås
697 315 66 19 derför
773 315 6 19 i
791 315 32 19 be-

66 349 113 25 tänkandet,
196 350 29 17 att
240 348 32 19 det
287 348 64 19 finska
367 347 118 20 kavalleriet
500 348 59 19 borde
577 349 122 24 organiseras
714 349 63 25 enligt
787 349 37 19 den

66 383 111 26 grundsats,
197 385 30 16 att
242 382 44 19 dess
303 388 68 13 reserv
386 382 76 19 komme
477 384 30 17 att
522 384 81 23 utgöras
619 383 123 19 uteslutande
758 383 22 19 af
793 383 30 19 sä-

66 417 56 25 dana,
139 423 41 13 som
193 417 68 18 blifvit
275 416 32 19 till
320 422 93 13 reserven
427 416 113 19 öfverförda
556 417 51 18 efter
621 417 7 18 i
643 417 56 19 aktiv
715 417 60 25 tjenst
790 417 35 19 vid

66 451 119 20 kavalleriet
200 451 96 24 fullgjord
311 450 118 25 värnepligt.
457 450 9 19 I
483 450 50 25 följd
547 451 22 19 af
584 457 23 12 en
623 450 57 25 dylik
692 451 133 25 organisation

66 485 66 20 skulle
151 485 129 19 kavalleriets
298 491 67 12 reserv
383 484 64 19 blifva
463 485 146 24 jemförelsevis
628 485 71 25 fätalig
717 489 56 20 samt,
790 493 34 12 un-

66 519 35 20 der
123 519 141 25 förutsättning
288 519 21 19 af
326 519 37 18 den
383 519 6 18 i
407 519 168 25 krigsministerns
595 520 99 19 memorial
713 520 113 25 föreslagna

66 553 169 20 fredsnumerären
250 553 22 19 af
286 553 11 19 6
312 555 55 17 rotar
381 553 6 18 i
405 553 100 25 plutonen,
525 553 122 25 otillräcklig
665 554 30 19 för
710 555 116 25 uppnäende

66 588 7 19 i
89 588 85 25 krigstid
190 588 22 18 af
228 587 25 19 12
268 590 54 16 rotar
337 589 50 17 samt
402 587 31 19 för
443 588 141 24 uppsättandet
594 588 22 19 af
626 594 23 13 en
660 588 166 26 depotsgvadron.

67 622 92 19 Komitén
178 622 84 19 föreslår
282 622 66 18 derför
366 628 23 12 en
408 621 73 25 ökning
501 622 22 18 af
540 622 137 25 fredsstyrkan
696 622 31 20 till
744 622 11 20 9
771 626 56 17 rotar

67 657 7 18 i
96 656 101 26 plutonen,
223 656 139 19 motsvarande
380 655 41 19 288
440 658 77 23 ryttare
536 656 25 25 pä
579 656 97 20 hvardera
699 660 128 22 regementet.

68 690 82 20 Antalet
164 690 77 20 beridet
256 690 95 25 manskap
365 690 7 18 i
388 690 83 19 fredstid
487 690 76 19 komme
579 690 88 24 sälunda,
683 691 62 25 enligt
761 691 66 25 krigs-

67 725 113 19 ministerns
198 724 108 25 memorial,
325 726 29 17 att
373 726 70 23 utgöra
462 724 69 20 endast
546 724 83 26 hälften,
649 724 61 26 enligt
729 725 96 20 komit6ns

68 759 76 25 förslag
159 759 87 19 deremot
260 758 151 26 trefjerdedelar
426 758 21 20 af
461 758 180 26 krigsnumerären.
671 759 104 20 Hvardera
786 760 39 19 för-

68 793 66 25 slaget
151 793 37 25 gär
205 792 109 20 emellertid
330 795 21 16 ut
366 792 43 20 frän
426 792 36 20 den
478 792 148 26 förutsättning,
642 795 29 17 att
686 793 50 19 fulla
751 794 76 20 antalet

68 827 101 19 officerare
192 827 35 19 och
251 827 115 19 underbefäl
388 827 51 19 efter
461 827 147 25 krigsnumerär
629 828 92 19 anställes
740 828 60 20 redan
819 829 6 19 i

68 861 90 25 fredstid,
174 861 36 20 och
233 861 59 20 äfven
314 861 7 19 i
339 861 61 25 öfrigt
419 863 82 24 antager
520 861 93 25 komitön,
629 864 30 17 att
673 864 63 17 staten
752 862 31 19 för
797 865 29 18 ett

68 898 113 23 regemente
203 896 43 19 med
268 895 14 22 6
304 898 54 17 rotar
380 896 6 18 i
409 896 92 25 plutonen
521 898 50 17 samt
589 896 31 19 för
639 898 28 17 ett
684 897 43 18 med
744 897 11 19 9
772 899 55 18 rotar

69 930 65 19 skulle
150 930 77 19 komma
242 932 30 17 att
287 929 59 20 ställa
360 930 31 25 sig
405 929 54 20 olika
475 930 69 19 endast
559 930 53 19 hvad
627 931 61 24 angär
703 931 74 19 antalet.
792 932 33 19 be-

68 964 52 19 ridet
142 965 102 24 manskap.
274 964 36 19 Ett
331 966 122 23 regementes
475 964 145 19 fredsnumerär
638 965 64 19 skulle
721 965 107 26 nemligen,

69 998 63 25 enligt
147 999 96 18 komitens
258 998 139 25 beräkningar,
413 998 78 19 komma
506 1000 29 17 att
550 1000 80 23 utgöra:

414 1045 55 19 enligt
481 1045 146 19 krigsministerns
674 1046 55 19 enligt
741 1046 86 15 komitens

471 1073 96 16 memorial:
713 1075 71 19 förelag:

69 1106 108 21 Officerare
198 1102 9 34 =
222 1122 76 4 «0
330 1122 4 3 so
365 1122 4 3 so
401 1122 4 3 L
437 1122 4 3 L
487 1107 26 19 23
709 1108 26 19 23

70 1140 64 21 Civile
150 1142 115 25 tjenstemän
295 1156 4 4 .
330 1156 4 4 .
367 1156 4 4 .
402 1156 4 4 .
437 1156 5 4 .
473 1147 2 3 >=
503 1141 11 19 5
553 1147 34 20 28,
721 1142 12 19 5
771 1147 34 20 28.

68 1181 124 20 Underbefäl
208 1188 25 13 m.
249 1189 25 12 m.
291 1196 4 4 .
328 1196 4 4 .
364 1196 4 4 .
399 1196 4 4 .
435 1196 4 4 .
487 1182 26 18 49
709 1182 26 19 49

69 1215 112 26 Gefrejtrar
196 1216 36 20 och
248 1216 98 25 dragoner
368 1231 1 3 .
401 1231 4 4 .
435 1230 5 5 .
473 1216 40 20 192
694 1216 41 20 288

69 1249 101 21 Oberidaa
190 1266 1 3 .
222 1266 2 3 2
256 1266 4 3 .
292 1266 4 4 .
328 1266 4 4 .
364 1265 4 4 .
406 1266 1 4 0
436 1265 4 4 >
487 1250 26 20 69
710 1250 25 20 69

70 1284 116 20 Obevärade
221 1300 4 4 .
257 1300 4 4 .
293 1300 4 4 .
328 1300 77 4 0
488 1285 26 19 46
539 1290 48 20 356.
707 1285 26 19 46
757 1291 47 19 459.

138 1337 114 19 Kostnaden
275 1336 31 20 för
325 1336 56 20 såväl
400 1336 37 20 den
453 1336 63 20 första
531 1336 155 26 uppsättningen
702 1343 41 13 som
759 1336 67 20 &rsun-

69 1371 99 19 derhället
193 1371 77 19 komme
297 1370 49 26 åter,
372 1371 63 25 enligt
461 1371 23 19 de
515 1370 97 20 komitens
638 1370 122 20 betänkande
784 1371 42 19 vid-

69 1405 71 25 fogade
156 1405 234 25 kostnadsberäkningar,
406 1407 30 17 att
451 1405 60 19 ställa
527 1405 30 25 sig
573 1404 5 19 i
595 1404 32 20 det
637 1407 96 17 närmaste
745 1405 42 19 lika
796 1405 32 19 för

142 1445 196 21 Värnepligtsutskottets
350 1445 106 16 betänkande
469 1445 34 16 N:o
517 1445 15 16 1.
