1056 1725
315 128 71 22 Ständ.
400 128 33 22 Sv.
447 140 28 4 —
491 128 58 28 Prop.
566 128 36 22 N:o
617 128 31 22 31.
809 128 26 22 13

244 192 94 21 dustriel
360 192 125 27 inrättning
508 191 54 21 eller
583 198 54 14 vara
661 190 100 28 delegare
777 192 8 20 i
801 191 63 27 bolag

239 226 43 28 för
297 225 130 21 industrielt
442 225 113 26 ändamål,
571 225 53 21 eller
642 224 123 28 innehafva
777 228 86 25 patent-

242 262 47 19 rätt
309 260 34 21 till
362 260 8 20 i
388 259 87 21 sådana
497 260 153 27 inrättningar
665 260 102 20 använda
783 259 81 21 arbets-

241 301 117 22 processer,
376 294 109 21 maskiner
501 294 52 21 eller
569 296 127 25 apparater.

311 328 53 21 Han
380 330 29 19 är
424 328 38 21 ock
474 329 85 27 pligtig
575 331 33 18 att
623 328 46 21 med
685 328 90 28 tystnad
786 328 77 21 bevara

245 363 99 21 tekniska
358 362 169 27 förhållanden,
543 369 34 14 om
591 362 74 21 hvilka
681 362 44 21 han
740 369 75 21 genom
830 363 33 20 sin

245 397 188 27 embetsställning
455 397 98 21 erhåller
579 396 127 27 kännedom,
729 397 25 20 så
777 397 46 21 vidt
845 398 20 26 ej

246 431 152 28 olagligheters
427 431 134 21 anmälande
589 431 38 21 och
655 431 115 27 beifrande
795 434 70 18 annat

245 465 95 28 kräfver.
369 465 32 28 Ej
417 466 36 21 må
469 466 111 27 inspektör
595 465 51 22 söka
657 466 106 27 intränga
774 466 8 21 i
791 465 73 28 yrkes-

245 500 87 21 idkares
348 500 237 27 affärsförhållanden.

523 569 15 27 $
553 569 36 21 23.

318 626 103 21 Drabbas
445 626 73 28 någon
541 626 37 21 vid
600 626 117 22 industriel
739 626 125 27 inrättning

247 660 90 22 anstäld
362 667 81 21 person
471 660 72 22 under
572 660 81 22 arbetet
679 660 30 28 af
731 660 133 29 betydligare

246 694 155 28 kroppsskada,
424 701 51 14 vare
491 695 157 27 yrkesidkaren
660 695 83 28 pligtig
759 698 32 18 att
807 694 57 27 oför-

246 729 86 27 töfvadt
354 729 73 21 derom
451 729 134 21 underrätta
605 732 72 18 ortens
688 729 176 28 poliskammare,

246 764 124 27 magistrat,
386 763 155 28 ordningsrätt
557 764 54 20 eller
625 764 182 25 kronolänsman;
826 763 38 21 och

245 797 87 28 åligger
346 797 40 21 den
401 797 177 28 ifrågavarande
585 798 213 28 polismyndigheten
808 800 33 18 att
851 798 14 19 å

246 830 74 22 stället
335 834 55 18 utan
405 832 109 27 dröjsmål
529 832 98 21 anställa
638 832 163 27 undersökning
811 834 56 18 samt

246 873 34 14 om
290 865 158 28 förhållandet
464 866 36 21 till
515 865 200 29 yrkesinspektören
733 865 115 22 inberätta.

524 935 15 27 $
555 936 37 21 24.

319 992 132 21 Underlåter
461 991 146 29 yrkesidkare
615 994 32 19 att
655 991 141 28 efterkomma
802 991 64 26 före-

246 1026 73 29 skrift,
336 1033 45 14 som
397 1027 68 27 enligt
480 1027 29 21 20
527 1027 16 27 $
558 1026 31 26 af
599 1026 175 28 yrkesinspektör
784 1025 83 22 medde-

248 1061 42 21 lats
313 1061 52 21 eller
388 1061 75 27 blifvit
487 1061 29 24 af
531 1061 66 27 högre
613 1060 125 28 myndighet
753 1061 48 20 med
816 1059 53 22 eller

246 1098 55 18 utan
316 1095 97 28 ändring
427 1094 121 28 faststäld,
568 1095 87 27 strafes
669 1095 48 20 med
733 1095 58 20 böter
806 1094 62 28 högst

242 1129 138 28 femhundra
395 1129 71 26 mark,
485 1129 38 21 och
534 1129 118 28 förelägge
668 1128 117 22 domstolen
795 1129 73 28 yrkes-

246 1164 93 21 idkaren
363 1164 32 21 tid
417 1166 58 18 samt
500 1164 41 20 vite
563 1163 52 22 eller
633 1166 68 18 annat
716 1163 103 28 äfventyr
835 1166 33 18 att

240 1198 148 28 föreskriften
399 1198 111 28 fullgöra.

317 1232 45 28 Lag
377 1239 84 15 samma
478 1239 59 19 vare,
553 1239 34 15 om
602 1232 140 28 yrkesidkare
757 1232 44 21 icke
811 1231 56 28 full-

244 1268 42 25 gör
308 1267 40 21 den
372 1266 76 22 honom
473 1266 70 28 enligt
559 1268 28 20 14
601 1268 16 26 $
632 1266 117 28 åliggande
761 1266 59 28 pligt
835 1269 32 18 att

247 1300 77 22 bereda
339 1301 151 28 minderårige
507 1301 102 21 arbetare
623 1302 161 26 undervisning.

524 1370 15 27 $
555 1371 36 21 25.

325 1426 154 27 Yrkesidkare,
504 1427 37 22 hos
566 1427 85 22 hvilken
673 1427 55 22 barn
751 1426 50 23 eller
824 1434 43 21 ung
