1056 1725
266 117 66 23 Ständ.
347 116 32 24 $v.
395 129 28 3 —
439 116 55 29 Prop.
510 116 33 24 N:o
558 116 34 24 36.
762 118 27 21 15

476 184 26 20 19
517 184 19 23 8.

264 236 70 24 Egare
356 236 26 25 af
395 235 94 26 jernväg
511 234 79 26 åligger
613 237 29 19 att
668 235 7 21 a
692 236 126 20 densamma

196 272 42 19 mot
259 270 114 25 ersättning
395 270 97 25 befordra
510 271 49 24 post
573 270 36 20 och
621 269 80 26 fängar
717 271 62 24 enligt
793 271 24 20 de

195 306 102 19 närmare
310 305 129 25 föreskrifter
455 305 87 19 Senaten
558 305 111 20 meddelar.
700 305 117 20 Ersättnin-

194 345 51 19 gens
270 339 68 25 belopp
365 339 128 25 bestämmes,
516 339 37 20 der
575 339 19 25 ej
617 339 200 25 öfverenskommelse

195 375 44 20 kan
261 375 80 24 träffas,
362 374 26 25 af
404 374 51 25 gode
469 375 58 24 män,
544 374 26 25 af
582 374 70 20 hvilka
666 375 151 19 vederbörande

196 409 134 25 expedition
323 404 14 34 i
349 409 88 20 Senaten
459 409 36 19 och
513 408 179 25 jernvägsegaren
711 409 106 20 hvardera

194 445 44 18 utse
262 449 25 14 en
310 444 55 19 samt
389 443 24 20 de
435 441 91 22 sålunda
547 443 59 20 valde
627 445 128 22 gemensamt
777 443 39 20 den

195 477 69 26 tredje.

263 512 134 25 Beträffande
410 511 153 26 fortskaffande
579 511 26 25 af
616 512 79 19 militär
711 512 36 19 och
764 511 52 20 mili-

196 546 114 25 täreffekter
327 547 106 24 äfvensom
453 546 140 25 ersättningen
609 546 68 25 derför
692 546 53 25 gälle
761 546 55 20 hvad

195 581 71 20 derom
280 582 26 19 är
322 581 46 20 eller
381 580 75 20 varder
464 581 35 25 för
509 580 192 26 statsjernvägarne
711 581 104 25 stadgadt.

472 684 13 23 $
500 684 35 20 20.

262 736 15 19 I
295 735 97 21 händelse
413 736 26 24 af
458 735 109 25 krigsfara
589 740 46 20 eger
657 734 103 26 Kejsaren
779 736 37 19 och

196 770 127 25 Storfursten
340 770 109 25 förordna,
465 771 31 19 att
510 770 79 20 enskild
599 769 92 26 jernväg
705 770 54 20 skall
773 770 44 20 mot

195 805 114 24 ersättning
324 805 104 24 begagnas
443 804 128 20 uteslutande
583 804 35 25 för
630 805 75 19 statens
715 804 99 26 räkning,

196 840 35 19 och
254 839 82 25 driften,
359 844 33 15 om
414 838 25 21 så
460 839 72 25 nödigt
551 839 73 25 finnes,
643 839 134 25 handhafvas
792 838 27 25 af

191 879 106 20 personer,
317 879 45 15 som
381 874 38 19 äro
434 873 8 20 i
457 875 76 18 statens
553 873 62 26 tjenst
628 873 99 20 anstälde.
758 873 14 20 I
783 872 32 21 så-

194 909 53 19 dant
265 908 40 25 fall
322 907 38 26 får
377 907 118 26 jernvägen
513 908 84 25 befaras
617 908 61 25 äfven
693 908 26 25 af
731 908 84 19 statsba-

194 948 80 15 nornas
295 943 106 20 lokomotiv
423 943 36 20 och
476 947 89 21 vagnar,
585 941 91 26 såframt
689 942 82 20 banans
787 942 28 19 be-

194 977 114 25 skaffenhet
322 976 77 21 sådant
413 976 79 21 tillåter.

473 1079 14 24 8
501 1080 35 19 21.

264 1131 96 21 Emellan
381 1131 128 21 stationerna
523 1130 14 21 ä
552 1131 79 20 enskild
649 1130 91 26 jernväg
755 1130 60 26 skall,

196 1166 62 24 enligt
275 1166 99 20 Senatens
392 1166 161 25 bestämmande,
569 1165 90 25 telegraf-
675 1165 47 20 eller
737 1165 78 25 telefon-

195 1200 84 25 ledning
294 1201 26 25 af
327 1200 128 26 jernvägens
471 1206 60 19 egare
546 1200 104 25 anläggas
665 1200 36 20 och
716 1200 99 20 vidmakt-

195 1233 73 22 hållas.

476 1303 13 23 $
503 1303 34 20 22.

264 1354 70 25 Egare
356 1355 26 25 af
395 1354 94 26 jernväg
510 1353 79 30 åligger
604 1354 30 20 att
648 1353 55 25 öfver
715 1354 102 24 företaget

192 1389 50 25 föra
264 1389 37 21 bok
320 1388 25 21 så
360 1389 99 25 inrättad,
475 1390 30 19 att
519 1388 64 25 deraf
593 1387 100 27 framgår
708 1387 59 21 såväl
782 1386 33 21 år-

195 1424 43 25 liga
260 1424 115 21 inkomsten
393 1424 36 21 och
444 1422 144 27 behållningen
603 1423 26 25 af
636 1422 180 27 jernvägsdriften
