1056 1725
405 129 41 21 N:o
462 130 34 20 31.
791 129 11 20 7

282 204 120 32 Förslag
417 204 32 25 till
462 203 147 33 förordning,
622 202 123 34 angående
757 204 75 32 skydd

210 244 39 26 för
268 244 114 26 arbetare
401 245 5 25 i
426 244 28 26 de
474 244 141 26 industriela
633 244 96 32 yrkena.

141 314 43 21 För
208 315 32 20 att
264 313 23 21 åt
303 313 127 21 arbetarene
445 314 7 20 i
468 314 27 21 de
511 313 128 21 industriela
655 313 81 27 yrkena
752 313 80 21 bereda

75 348 66 21 ökadt
156 349 69 26 skydd
236 350 46 19 mot
293 348 183 27 sundhetsfarliga
487 348 120 27 inflytelser
617 348 78 21 varder
705 348 127 27 härigenom

72 383 104 27 stadgadt
192 384 39 21 och
247 383 128 21 förordnadt
390 389 46 14 som
452 382 72 27 följer:

429 441 46 26 18.

145 481 129 21 Arbetsrum
290 481 40 20 och
338 481 133 26 verkstäder,
481 487 46 15 som
543 481 34 21 för
585 480 116 27 yrkesdrift
716 481 115 26 begagnas,

73 515 60 22 skola
155 521 52 15 vara
230 515 90 26 sådana,
344 517 32 19 att
396 515 129 21 arbetarene
541 515 7 21 i
565 515 47 21 dem
628 515 65 20 hafva
708 515 75 26 nödigt
799 516 33 19 ut-

73 556 81 21 rymme
171 550 39 21 och
227 549 128 27 erforderlig
370 550 79 26 mängd
465 556 38 15 ren
519 550 48 21 luft.
587 550 32 21 De
635 549 61 22 skola
711 550 40 21 ock
764 550 68 27 jemte

72 586 82 25 gångar
178 584 39 22 och
241 586 89 25 trappor
352 591 53 14 vara
424 584 127 27 tillräckligt
567 584 84 27 belysta
666 584 67 21 under
749 584 83 22 arbets-

72 619 68 22 tiden.

146 654 10 20 I
171 653 102 27 samtliga
298 652 157 22 arbetslokaler
479 653 56 21 skall
559 653 92 27 ordning
670 654 39 20 och
725 654 108 26 renlighet

72 688 36 21 vid
124 688 60 21 makt
200 688 75 21 hållas.

429 718 11 18 2
457 716 19 27 8.

145 756 163 22 Arbetslokaler
323 756 53 20 böra
391 756 7 20 i
414 756 49 20 män
479 756 24 21 af
516 756 74 26 yrkets
601 756 137 27 eldfarlighet
749 756 40 22 och
798 763 34 14 ar-

75 792 114 21 betarenes
205 790 59 22 antal
280 796 52 15 vara
347 790 102 21 försedda
464 790 50 21 med
531 796 26 15 en
573 790 52 22 eller
648 790 51 22 flere
717 792 114 26 utgängar,

73 825 24 22 sä
112 826 132 25 anordnade,
261 827 33 19 att
309 825 126 21 arbetarene
451 824 7 21 i
474 824 104 22 händelse
595 824 22 22 af
631 825 77 21 vädeld
724 826 53 20 eller
793 832 37 14 an-

73 867 42 15 nan
132 859 175 28 olyckshändelse
323 859 73 21 kunna
412 861 52 19 utan
481 859 110 27 svärighet
607 859 137 22 undkomma.

146 894 121 26 Falluckor,
291 894 232 27 nedgängsöppningar
546 894 40 21 och
609 897 67 18 annat
694 895 69 26 dylikt
779 895 53 21 böra

74 936 52 15 vara
140 930 49 20 med
205 929 147 27 omhägnader
368 929 108 21 försedda.

428 993 13 20 3
457 992 19 27 8.

145 1027 19 27 Ä
180 1032 157 26 arbetsställen,
346 1032 89 21 hvarest
450 1032 99 27 skadliga
565 1033 90 21 dunster
671 1033 51 21 eller
737 1033 34 20 för
786 1033 45 20 hel-

74 1073 39 16 san
136 1067 74 27 farligt
233 1066 52 21 stoft
307 1067 35 20 vid
363 1067 167 26 tillverkningen
546 1068 85 26 uppstä,
648 1067 62 21 skola
725 1067 108 21 särskilda

74 1102 146 26 anordningar
242 1101 100 26 vidtagas
358 1101 33 20 för
407 1103 39 24 att,
464 1101 25 21 sä
505 1101 45 21 vidt
566 1101 37 21 ske
619 1102 50 25 kan,
685 1101 96 27 aflägsna
796 1101 36 21 de-

73 1141 81 17 samma
170 1136 53 21 eller
238 1137 53 25 göra
307 1135 47 21 dem
371 1135 33 21 för
419 1135 130 22 arbetarene
566 1136 118 27 oskadliga.

429 1200 12 20 4
458 1199 19 27 8.

144 1239 110 22 Maskiner
277 1239 39 21 och
340 1239 183 27 transmissioner,
547 1245 45 15 som
611 1239 36 21 vid
662 1239 117 27 yrkesdrift
795 1245 37 15 an-

73 1274 89 28 vindas,
185 1274 53 21 böra
258 1280 52 15 vara
325 1273 25 21 sä
365 1274 117 26 uppstälda
498 1273 40 21 och
554 1274 126 20 anordnade
696 1275 57 19 samt
769 1274 64 20 deras

73 1308 8 22 i
94 1309 83 21 rörelse
192 1308 96 22 varande
304 1308 67 26 delar,
388 1308 37 21 der
441 1308 37 21 det
494 1308 39 21 ske
549 1308 49 26 kan,
615 1308 24 21 sä
654 1308 129 27 inhägnade,
800 1309 33 20 att

73 1342 49 23 fara
137 1343 33 21 för
186 1343 139 21 arbetarenes
340 1342 27 22 lif
381 1342 40 21 och
436 1342 91 22 lemmar
543 1342 132 27 förebygges.

430 1406 48 27 58.

146 1440 146 21 Yrkesidkare
314 1442 24 19 är
356 1440 79 27 jemväl
451 1440 8 21 i
475 1440 66 27 öfrigt
556 1440 76 27 pligtig
647 1442 33 19 att
695 1440 88 27 vidtaga
798 1439 35 22 sä-
