1056 1725
384 102 39 22 N:o
440 103 34 21 38.
754 103 24 19 11

120 172 106 22 Klandras
242 171 94 22 åtkomst
351 171 34 21 till
397 171 122 27 jernvägen,
535 171 53 21 eller
602 170 90 28 uppstår
706 171 52 21 tvist
773 176 34 16 om

49 207 126 27 giltigheten
190 206 22 22 af
226 206 68 21 skedd
309 206 126 26 inteckning,
453 205 62 21 döme
531 205 74 21 derom
620 211 82 15 samma
716 207 51 19 rätt.

398 270 26 21 25
441 268 19 28 8.

119 311 74 22 Såsom
214 310 234 27 jernvägsaktiebolags
471 309 92 22 hemvist
583 315 60 16 anses
659 309 41 21 den
715 311 40 25 ort,
772 309 37 22 der

49 346 98 27 bolagets
162 345 90 27 styrelse
267 345 40 21 har
322 345 38 21 sitt
376 346 51 19 säte.

120 380 150 27 Förpligtelse,
294 385 46 15 som
363 379 66 27 enligt
453 379 68 21 denna
544 379 35 27 lag
603 379 80 27 åligger
705 385 64 21 egare
787 379 24 22 af

47 415 95 27 jernväg,
163 414 54 21 skall
234 413 33 22 för
282 413 123 28 aktiebolag
420 413 103 28 fullgöras
539 413 23 21 af
578 413 157 22 verkställande
751 414 58 21 med-

49 450 92 21 lemmen
156 449 7 21 i
180 449 47 21 dess
243 449 96 26 styrelse.
368 449 77 20 Finnes
461 448 19 27 ej
496 448 66 21 sådan
577 448 82 27 utsedd,
675 455 51 14 vare
741 450 66 20 samt-

49 485 43 26 lige
107 483 229 28 styrelsemedlemmar
352 483 33 22 för
399 483 144 27 fullgörandet
559 483 117 27 ansvarige.

399 555 26 19 26
441 553 19 27 8.

118 600 33 21 De
174 602 100 18 närmare
296 598 164 22 föreskrifterna
483 598 109 28 angående
615 598 193 28 fastighetsbokens

50 634 122 21 inrättande
188 634 38 21 och
242 634 88 20 förande
346 633 109 21 meddelas
471 633 22 21 af
508 634 99 21 Senaten.

122 668 193 28 Fastighetsboken
334 670 24 19 är
377 668 96 27 offentlig
489 668 38 21 och
542 668 40 21 bör
597 668 68 21 under
679 668 70 28 vanlig
764 674 43 16 em-

50 703 80 21 betstid
145 709 51 15 vara
212 702 34 22 för
261 703 80 21 enhvar
356 703 126 27 tillgänglig.

121 737 85 27 Utdrag
227 744 26 14 ur
274 737 70 21 boken
362 737 97 21 utfärdas
474 737 23 21 af
511 737 120 21 domstolen
645 739 45 19 mot
705 737 102 27 stadgade

50 772 93 27 afgifter.

400 814 26 20 27
442 813 18 27 8.

122 858 110 27 Lagfarts-
255 858 38 21 och
313 858 234 28 inteckningsåtgärder
569 861 56 19 samt
642 858 65 22 andra
723 859 85 22 anteck-

50 894 74 26 ningar
149 893 8 21 i
179 893 185 27 fastighetsboken
386 893 61 21 skola
469 899 77 22 genom
568 893 131 22 underskrift
721 893 23 22 af
764 896 44 19 rät-

49 929 48 20 tens
113 927 127 22 ordförande
256 927 124 22 fullbordas.

400 1004 26 20 28
442 1003 19 28 8.

122 1049 11 20 I
155 1048 99 28 lagfarts-
275 1049 39 21 och
336 1049 226 27 inteckningsärenden
581 1049 62 26 föres,
659 1049 102 22 särskildt
775 1049 34 22 för

50 1083 74 27 hvarje
136 1083 95 28 jernväg,
247 1083 115 27 protokoll,
373 1084 136 27 upptagande
521 1084 74 27 dagen,
607 1083 28 22 då
645 1083 75 22 sådant
731 1083 77 22 ärende

50 1117 137 28 handlägges,
204 1119 55 20 samt
274 1118 7 21 i
297 1118 87 21 korthet
399 1118 56 21 hvad
471 1119 7 20 i
489 1119 88 21 ärendet
587 1118 101 27 förelupit
699 1118 40 21 och
749 1118 59 21 dom-

50 1152 80 22 stolens
145 1152 83 28 åtgärd.

122 1187 203 27 Protokollsutdrag
340 1187 35 21 må
390 1188 18 26 ej
425 1188 33 21 till
474 1188 109 21 sökanden
598 1187 101 27 utfärdas,
717 1188 36 20 der
767 1187 44 22 han

50 1222 47 21 icke
112 1222 76 21 sådant
202 1222 82 27 begärt.

401 1270 26 20 29
443 1268 19 28 8.

122 1314 139 27 Handlingar,
285 1320 46 15 som
354 1314 39 21 hos
416 1316 71 20 rätten
510 1314 75 22 endast
603 1316 82 26 upptes,
703 1314 62 22 skola
778 1314 32 21 in-

50 1347 68 29 gifvas
133 1348 8 21 i
156 1348 145 22 hufvudskrift
316 1348 39 22 och
370 1348 98 27 afskrift;
485 1348 39 22 och
539 1348 65 22 varde
617 1348 194 28 ansökningshand-

49 1383 98 27 lingarna
170 1382 39 22 och
232 1382 26 21 de
280 1382 81 28 ingifna
384 1382 143 28 afskrifterna,
551 1383 24 21 af
595 1385 70 19 rätten
683 1382 127 28 besannade,

48 1417 66 27 jemte
130 1417 138 27 protokollet,
284 1417 102 22 särskildt
402 1417 34 22 för
450 1418 75 27 hvarje
539 1418 94 27 jernväg,
649 1417 119 22 förvarade.
