1056 1725
469 123 25 24 U.
511 123 23 24 B.
549 136 29 4 —
594 123 65 29 Prop.
675 120 39 27 N:o
729 123 38 26 38.

240 188 110 23 förordats
372 190 33 21 att
424 190 8 21 i
451 190 130 28 paragrafen
600 190 72 22 tillika
686 190 70 22 skulle
770 191 94 21 utsättas
879 196 74 16 ansvar

242 223 48 27 den,
314 229 46 22 som
374 223 145 23 försummade
534 226 33 20 att
580 224 94 28 fullgöra
689 225 33 21 sin
737 224 172 28 skyldighet
870 219 38 37 att
921 224 34 22 bel

241 264 42 20 gen
305 258 86 21 anmäla
412 259 33 27 sig
467 259 34 21 till
520 258 90 28 lagfarts
628 259 131 25 erhållande,
774 265 50 15 men
838 259 40 21 har
893 258 64 22 Utskc

242 293 71 21 ansett
327 292 164 23 föreskrifterna
505 293 8 22 i
527 293 156 27 författningen
698 293 63 22 äfven
771 294 67 21 sädan
848 293 110 22 straffbest

242 327 67 21 melse
324 327 87 22 förutan
425 327 68 22 förslä
508 329 33 21 att
555 328 90 22 tillhälla
656 334 28 21 ny
695 334 63 21 egare
768 327 23 22 af
798 328 91 27 jernväg
899 329 32 20 att
941 329 19 20 el

242 361 86 22 komma
344 362 33 21 sin
393 363 116 21 omordade
525 363 60 26 pligt.

312 401 51 22 Med
378 402 48 21 stöd
442 402 23 21 af
479 402 78 27 Kongl.
572 402 101 22 förbudet
687 402 41 21 den
739 403 28 21 22
777 402 97 22 Oktober
885 402 55 22 1766
951 409 12 14 s.

243 435 79 28 Kongl.
340 435 171 28 kungörelserna
527 437 40 21 den
583 437 28 22 24
626 437 59 21 Mars
702 437 57 22 1790
774 437 40 21 och
829 437 42 20 den
886 437 14 21 2
915 437 50 26 Aug

246 470 55 21 1792
324 476 69 21 anses,
409 472 33 20 att
457 471 165 27 obligationslän
637 471 47 22 icke
699 471 23 21 fä
736 473 53 19 utan
803 471 146 26 Regeringens
964 476 3 14 |

244 505 64 21 stånd
329 507 112 25 upptagas.
471 505 135 22 Beträffande
629 505 97 22 enskilda
748 505 83 22 banker
853 507 24 19 är
897 505 59 21 detta

246 539 64 27 öfrigt
325 539 144 28 uttryckligen
484 540 101 27 stadgadt
599 540 8 21 i
621 539 12 28 $
650 541 24 20 11
685 539 23 22 af
714 539 79 28 nådiga
803 539 167 27 förordningen
959 535 15 36 «

246 574 28 22 10
296 573 44 28 Maj
365 573 62 22 1886.
456 574 42 21 Vid
514 573 77 23 sädant
605 573 136 23 förhällande
756 573 33 23 fär
805 573 108 27 sjelffallet
926 573 44 22 inte

245 608 52 28 ning
318 608 34 22 till
374 608 101 22 säkerhet
496 608 34 22 för
550 608 165 28 obligationslän
734 608 46 22 icke
795 608 97 27 beviljas,
907 609 53 21 utan

246 643 79 21 Rätten
340 648 77 22 genom
432 643 131 27 granskning
578 643 23 21 af
615 643 41 21 den
671 643 108 27 handling,
790 643 62 21 hvari
862 642 113 28 Regeringt

246 676 128 28 begifvande
395 678 34 20 tili
450 677 61 22 lånet
530 680 55 19 samt
603 678 27 21 de
646 679 99 20 närmare
760 677 77 27 vilkor,
853 678 69 20 under
936 677 41 21 hvil

246 711 122 22 tillståndet
389 712 125 26 meddelats,
537 712 126 26 innehällas,
686 712 101 21 förvissat
805 712 34 27 sig
853 717 34 16 om
900 712 79 26 jernvä;

247 752 90 22 egarens
359 746 129 28 befogenhet
510 748 32 19 att
560 746 89 22 sålunda
664 748 95 26 upptaga
774 746 67 21 lånet.

246 781 76 21 härom
336 781 41 21 har
392 780 111 22 Utskottet
518 780 66 22 infört
598 781 8 21 i
621 780 11 27 $
648 781 33 21 11.

316 820 39 22 Uti
369 820 12 28 8
397 821 25 21 11
439 820 23 22 af
480 820 78 28 nådiga
572 821 153 27 förordningen
741 821 41 21 den
798 820 13 21 9
822 820 121 22 November
954 820 30 21 181

248 855 112 28 angäende
382 856 141 27 borgenärers
545 857 43 20 rätt
611 856 40 21 och
667 855 109 22 företräde
791 854 35 22 för
841 854 122 22 hvarandra
975 856 10 20 t

247 890 112 27 betalning
375 897 25 14 ur
415 890 110 27 egendom,
541 896 45 16 som
601 890 71 21 blifvit
687 890 33 21 till
735 890 98 21 konkurs
849 889 92 27 afträdd,
951 891 36 20 sta

247 931 45 22 gas,
316 927 32 19 att
370 925 154 27 inteckningar,
547 931 46 15 som
613 925 71 21 blifvit
706 924 115 22 faststälda
844 925 33 20 att
891 924 56 27 gälla
961 923 28 22 fri

248 965 82 16 samma
352 959 47 27 dag,
421 959 64 22 hafva
503 959 32 27 sig
550 959 91 21 emellan
655 959 46 22 lika
716 960 51 20 rätt.
798 958 35 22 Då
848 959 65 25 detta,
927 958 64 27 jemli]

250 994 26 21 17
297 993 12 28 8
324 994 7 21 i
346 993 140 22 förevarande
500 993 41 27 lag,
557 993 56 22 skall
628 993 58 28 gälla
701 993 63 22 äfven
780 992 135 22 beträffande
930 992 62 21 intecl

248 1029 77 26 ningar
344 1028 7 21 i
364 1029 94 26 jernväg,
475 1028 40 21 har
529 1027 112 22 Utskottet
657 1029 70 20 ansett
742 1033 27 16 en
785 1027 85 21 mindre
885 1027 90 26 ändring
990 1033 4 14 :

248 1063 12 27 8
276 1063 28 21 14
318 1069 52 15 vara
385 1062 132 27 erforderlig.

177 401 54 27 118.

870 746 108 21 Bestämni

180 820 57 27 148.

181 1102 26 21 15
219 1101 17 28 &.
319 1103 45 21 När
383 1103 103 26 förslaget
504 1103 33 21 till
553 1103 40 21 den
608 1101 79 28 nädiga
701 1101 165 28 propositionen
881 1101 116 27 granskade

248 1138 8 21 i
271 1137 121 28 Kejserliga
407 1137 100 27 Senaten,
523 1137 128 25 anmärktes,
667 1137 104 21 hurusom
782 1135 139 22 föreskriften
932 1136 67 21 deron

249 1174 33 20 att
304 1173 36 21 vid
358 1172 131 28 beviljandet
505 1172 39 21 och
559 1172 108 21 dödandet
683 1171 23 22 af
720 1170 127 28 inteckning
862 1170 34 21 till
912 1170 89 22 säkerhe

248 1207 34 21 för
304 1207 43 27 län,
370 1212 46 16 som
438 1206 109 27 upptagits
567 1208 46 20 mot
627 1206 86 27 tryckta
727 1206 56 21 eller
799 1204 117 28 graverade
932 1204 71 28 obliga

248 1242 79 26 tioner,
349 1241 73 27 hvarje
445 1241 118 27 obligation
582 1240 103 22 särskildt
699 1240 34 22 för
749 1240 34 27 sig
798 1239 67 21 borde
881 1238 68 22 förses
964 1246 40 15 met

248 1276 60 22 bevis
324 1276 60 22 öfver
399 1276 113 21 meddelad
527 1275 51 22 eller
593 1275 72 22 dödad
679 1275 132 26 inteckning,
822 1280 51 15 vore
884 1273 79 27 onödig
973 1274 33 21 oc!

249 1310 141 22 öfverhöfvan
411 1310 142 27 betungande,
575 1312 56 19 samt
653 1311 32 20 att
707 1309 100 27 tillfylles
822 1314 57 21 vore,
895 1313 35 17 om
946 1308 62 27 dylikt

248 1346 61 22 bevis
323 1344 116 23 tecknades
453 1344 92 22 allenast
559 1344 13 21 å
587 1344 42 22 den
644 1343 131 27 skuldsedel,
791 1342 69 22 hvarå
874 1342 59 22 lånet
947 1342 8 22 i
965 1342 44 22 des:

248 1380 76 21 helhet
345 1381 106 25 upptoges
474 1380 39 20 och
535 1378 24 22 af
578 1378 87 22 hvilken
687 1378 77 27 hvarje
781 1377 119 27 obligation
915 1377 96 27 utgjorde

249 1414 78 26 endast
349 1421 27 15 en
395 1413 225 27 partialförskrifning.
650 1413 30 22 Af
693 1413 70 23 sådan
779 1412 116 27 anledning
910 1411 103 28 föreslogs

320 1471 141 24 Lagutskottets
473 1471 116 19 betänkande
601 1472 37 17 N:o
650 1471 27 18 17.
