1056 1725
392 114 39 21 N:o
448 115 33 20 36.
763 116 24 20 11

401 196 27 20 26
444 194 19 28 8.

127 229 137 27 Åsidosätter
286 235 167 26 jernvägsegare
470 235 6 21 i
494 238 67 18 annat
577 236 38 20 fall
632 238 26 18 än
674 236 7 20 i
699 237 25 20 12
741 236 11 27 $
769 238 48 25 sägs

55 269 118 28 föreskrift,
197 276 46 15 som
259 269 6 21 i
282 269 70 21 denna
369 269 126 28 förordning
513 270 54 21 eller
583 270 236 27 anläggningstillstån-

56 304 36 21 det
108 304 127 26 meddelats,
252 310 39 20 ege
308 303 94 22 Senaten
417 304 86 21 tilldela
517 305 79 20 honom
608 305 91 26 varning
710 305 41 20 och
761 305 57 21 före-

55 339 62 26 lägge
139 339 86 27 honom,
250 339 37 20 der
310 338 66 27 något
395 338 84 21 utföras
495 339 46 27 bör,
559 341 32 19 att
607 339 79 21 sådant
701 339 56 21 inom
774 339 43 22 viss

55 373 32 21 tid
110 373 99 27 fullgöra,
233 373 35 20 vid
292 373 100 26 äfventyr
414 375 33 19 att
468 373 121 28 jernvägen
613 374 62 27 eljest
691 374 78 21 varder
785 373 34 22 för

55 407 54 22 hans
125 408 92 26 räkning
233 407 89 21 försåld.

127 442 45 21 Har
186 442 172 27 jernvägsegare,
377 448 45 15 som
439 443 57 26 gjort
512 443 33 26 sig
557 443 86 26 skyldig
653 443 33 20 till
697 449 29 14 nu
737 443 81 21 nämnd

55 476 155 26 försummelse,
235 477 67 20 under
327 477 25 20 de
376 476 47 27 fyra
442 478 97 19 närmast
555 477 133 26 föregående
703 477 115 22 kalender-

58 512 50 20 åren
125 513 33 19 tre
174 512 81 26 gånger
272 511 88 21 erhållit
376 511 96 26 varning,
490 513 72 19 såsom
576 511 63 21 ofvan
651 513 24 19 är
687 512 68 25 sagdt,
768 518 51 20 eger

56 545 94 22 Senaten
173 546 40 21 ock
236 545 109 26 förordna,
370 548 32 19 att
423 545 119 28 jernvägen
560 546 56 21 skall
632 545 24 21 af
670 552 79 20 egaren
765 546 53 21 eller

55 580 34 21 för
104 581 56 21 hans
176 580 92 27 räkning
284 580 70 28 säljas.

402 651 26 19 27
445 650 19 26 8.

128 690 104 21 Inseende
256 690 59 20 öfver
339 690 84 21 enskild
444 690 102 26 jernvägs
563 690 131 26 anläggning
709 690 41 20 och
766 689 53 22 drift

54 724 86 22 utöfvas
164 726 12 20 å
200 724 123 27 Styrelsens
347 726 82 24 vägnar
445 724 24 20 af
483 731 26 14 en
525 724 120 26 inspektör,
662 730 43 15 som
722 726 59 20 utses
797 724 24 21 af

53 758 97 22 Senaten
166 759 39 21 och
221 760 97 19 närmast
334 758 131 27 underlyder
483 754 174 31 Öfverstyrelsen
673 758 33 21 för
716 760 51 25 väg-
778 758 40 22 och

55 793 238 27 vattenbyggnaderna,
319 793 42 21 För
373 792 151 27 inspektörens
537 793 114 21 aflönande
662 793 55 21 skall
730 793 23 21 af
759 794 59 26 jern-

55 830 79 24 vägens
151 834 64 20 egare
232 828 32 20 till
281 828 82 20 kronan
379 828 99 26 erläggas
495 828 37 20 det
548 828 85 26 belopp,
651 834 44 14 som
711 828 6 20 i
729 828 89 26 anlägg-

55 862 187 27 ningstillståndet
258 862 110 21 bestämts.

407 932 26 20 28
449 931 18 27 $.

128 971 73 27 Yppas
218 972 12 20 å
245 971 57 21 bana
318 971 52 20 eller
384 971 182 26 jernvägsfordon
578 971 69 21 sådan
658 971 161 27 bristfällighet,

56 1008 34 19 att
110 1006 130 27 jernvägens
264 1005 141 27 begagnande
425 1005 126 27 derigenom
570 1005 42 21 blir
628 1005 87 27 vådligt,
732 1012 38 20 ege
786 1005 32 22 in-

57 1041 115 26 spektören
195 1040 100 27 förbjuda
312 1040 47 21 dess
378 1040 143 21 användande
538 1040 34 21 för
589 1040 80 21 allmän
685 1040 134 26 samfärdsel,

57 1075 57 20 intill
137 1075 49 20 dess
211 1074 180 27 bristfälligheten
412 1074 111 27 afhulpits,
545 1076 57 19 samt
619 1074 107 21 inberätte
742 1076 77 25 genast

58 1116 34 14 om
108 1109 146 21 förhållandet
270 1109 32 21 till
319 1104 174 31 Öfverstyrelsen
509 1109 33 21 för
559 1111 50 24 väg-
629 1109 39 21 och
678 1109 142 26 vattenbygg-

58 1144 103 26 naderna,
178 1149 46 16 som
241 1143 73 22 derom
332 1144 96 20 anmäler
443 1143 40 22 hos
502 1143 102 22 Senaten.

409 1215 26 20 29
452 1214 19 27 8.

130 1256 106 21 Tillstånd
260 1258 31 19 att
314 1256 92 26 anlägga
429 1256 40 20 och
494 1255 33 21 för
547 1255 80 21 allmän
644 1254 125 21 samfärdsel
785 1253 36 21 be-

61 1298 71 20 gagna
152 1292 91 26 jernväg
258 1290 35 22 må
310 1291 18 26 ej
345 1290 117 22 öfverlåtas
479 1290 32 21 till
530 1296 71 15 annan
619 1292 26 18 än
662 1289 45 26 den,
725 1295 44 15 som
786 1294 35 15 en-

61 1326 40 26 ligt
124 1327 12 20 2
156 1326 11 27 &
188 1328 24 18 är
228 1326 89 26 behörig
333 1327 33 19 att
382 1325 64 21 vinna
463 1325 70 27 dylikt
549 1324 100 22 tillstånd
665 1324 39 20 och
720 1324 7 20 i
743 1323 79 21 sådant

62 1360 100 22 afseende
186 1360 24 21 af
232 1360 93 21 Senaten
349 1360 133 27 godkännes.
512 1359 82 21 Vinnes
614 1359 19 25 ej
650 1358 104 21 Senatens
769 1357 53 27 god-

62 1396 122 25 kännande,
200 1401 50 15 vare
268 1394 153 22 öfverlåtelsen
437 1394 67 26 ogild.

134 1430 43 22 Vill
190 1430 169 27 jernvägsegare
375 1431 44 19 mot
435 1429 50 26 lega
501 1429 23 20 åt
540 1434 71 15 annan
627 1426 89 28 upplåta
731 1426 33 22 sin
779 1427 44 20 rätt
