1056 1725
320 182 67 18 Under
400 183 21 17 13
433 182 28 22 år,
474 182 44 17 åren
534 182 119 22 1874—1886,
665 182 36 17 har
708 182 83 18 sålunda
799 188 23 11 ur
829 182 186 18 kommunikations-

251 210 74 20 fonden
336 210 92 24 utgifvits
439 210 32 18 till
480 210 240 24 jernvagsanläggningar
731 214 39 15 oeh
787 213 143 21 återbetalning
947 213 22 16 at
983 213 34 16 det

250 240 62 23 ryska
324 239 89 23 bidraget
425 239 31 17 till
468 239 27 17 S:t
514 238 112 24 Petersburg
637 234 121 33 —Riihimäki
768 239 85 24 jernväg
868 239 129 18 tillsammans
1010 239 7 17 i

251 268 33 18 det
296 269 99 17 närmaste
407 268 22 18 65
442 268 90 23 miljoner
544 268 55 17 mark
611 267 46 19 eller
669 268 7 17 i
689 267 91 19 medeltal
793 268 10 18 5
819 268 90 23 miljoner
920 268 55 18 mark
987 268 30 17 år-

250 298 60 23 ligen.
334 297 78 23 Lägges
430 297 65 18 härtill
513 296 53 18 hvad
583 297 120 18 statsverket
720 296 31 18 för
766 297 59 23 inköp
839 297 22 17 af
871 297 70 24 Hangö
953 297 63 18 banan

251 326 39 18 och
307 325 102 18 utförande
421 325 24 18 af
455 325 158 18 Willmanstrand
626 326 63 17 banan
701 325 87 24 utgitdit,
805 325 81 19 erhålles
905 328 28 15 att
951 325 66 18 landet

251 355 63 18 under
332 354 63 18 denna
413 354 28 17 tid
459 355 7 16 i
484 354 89 18 medeltal
593 354 86 18 användt
697 353 31 19 för
746 360 38 17 nya
801 354 106 23 jernvägar
927 354 89 23 omkring

252 384 26 20 6,0
291 383 87 23 miljoner
390 383 52 18 mark
454 383 78 23 årligen.

322 411 176 18 Bränvinsskatten
510 411 36 18 har
558 411 85 24 bidragit
654 411 30 18 till
696 411 73 18 fonden
781 411 7 18 i
801 411 90 18 medeltal
903 411 44 18 med
965 411 51 22 3,257

252 443 58 16 tusen
322 441 56 17 mark
390 440 82 23 årligen;
485 439 21 18 af
517 440 191 23 nettobehållningen
721 439 44 18 från
775 440 134 23 jernvägarne
923 439 36 18 har
969 439 49 18 influ

252 471 25 17 tit
289 470 30 18 till
335 469 72 18 fonden
419 469 7 18 i
439 469 90 18 medeltal
541 470 51 21 1,185
604 471 57 16 tusen
673 469 56 17 mark
748 468 108 24 årligen;
838 464 22 32 +)
874 468 81 18 influtna
972 470 44 16 rän-

252 500 33 17 tor
296 498 61 19 hafva
368 498 7 18 i
388 498 90 18 medeltal
489 498 74 23 utgjort
575 498 24 17 88
610 499 57 16 tusen
679 497 56 18 mark
747 497 80 24 årligen.

324 568 17 23 +)
353 567 109 18 Anmärkas
474 566 35 18 bör
520 568 29 16 att
561 566 53 18 detta
626 566 43 18 icke
681 566 76 24 utgjort
769 566 45 18 hela
825 565 191 24 nettobehållningen

254 597 44 18 från
308 597 139 23 jernvägarne;
459 598 22 22 ty
494 595 111 19 derutöfver
618 595 35 18 har
665 601 24 12 en
702 595 30 17 del
745 595 64 23 ingått
821 596 7 16 i
846 594 126 22 statsfonden,
992 600 24 12 en

254 632 65 12 annan
336 626 31 17 del
384 625 104 19 utbetalats
506 624 29 18 till
553 624 59 24 ryska
629 624 209 18 riksskattkammaren
857 624 30 17 för
902 624 33 17 det
947 623 69 23 bidrag

254 654 143 24 kejsaredömet
415 654 72 18 lemnat
505 653 30 18 till
555 652 112 24 byggandet
685 652 22 18 af
721 652 30 18 S:t
768 652 248 24 Petersburg—Riihimäki

254 682 70 19 banan.
