1056 1725
302 126 19 24 U.
338 126 20 23 B.
374 138 27 4 —
418 126 55 29 Prop.
490 126 33 23 N:o
539 126 35 23 34.
764 129 27 21 57

61 195 145 21 arbetsledare
226 195 40 21 och
281 195 92 27 redskap
389 194 68 22 blifva
481 194 48 22 från
552 195 104 21 Savolaks
677 196 143 28 banbyggnad

61 229 73 28 lediga
148 229 40 21 och
204 229 101 22 slutföras
320 230 59 21 inom
395 230 24 20 år
444 231 54 19 1893
521 230 53 20 eller
597 232 72 19 senast
685 232 60 25 1894,
764 233 56 19 samt

62 266 33 19 att
110 264 143 28 Björneborgs
266 264 88 27 jernväg
369 264 134 21 undersökes
519 264 39 21 och
569 264 102 27 belägges
684 264 49 22 med
745 266 75 21 arbete

62 298 23 21 år
103 300 59 20 1890.

132 332 72 22 Skulle
228 333 59 21 detta
302 332 81 28 förslag
399 332 24 21 af
437 333 116 21 ständerna
568 335 97 25 antagas,
681 333 85 22 komme
781 340 38 15 un-

62 367 37 22 der
114 369 108 20 närmaste
237 368 37 21 två
288 367 170 27 finansperioder
473 368 53 21 eller
540 367 69 22 under
624 368 11 21 5
652 367 13 22 å
680 369 12 20 6
708 368 24 21 år
743 369 33 20 att
786 368 33 21 år-

61 401 57 28 ligen
133 401 83 22 utföras
230 408 55 21 resp.
302 403 26 20 87
344 401 13 22 å
374 403 41 20 100
430 401 115 22 kilometer
558 402 90 27 jernväg
664 401 33 22 för
712 409 26 14 en
760 403 59 21 kost-

61 436 42 21 nad
118 435 24 22 af
156 437 30 25 54
201 435 12 22 å
229 438 29 25 6,5
273 436 100 27 miljoner
387 436 69 21 mark.

129 471 57 20 Från
194 471 86 27 bilagda
294 471 67 21 tabell
376 471 10 20 I
402 476 70 21 synes,
489 472 32 19 att
537 470 47 21 från
599 471 104 20 Februari
720 473 54 20 1868
785 471 34 22 till

61 505 51 21 Juni
130 507 54 19 1876
200 505 81 27 årligen
296 505 80 21 utförts
390 505 8 20 i
413 505 103 21 medeltal
534 505 39 20 102
597 505 113 21 kilometer
729 505 90 27 jernväg

62 539 39 21 och
116 539 97 28 nedlagts
234 541 28 25 6,9
277 539 108 22 millloner
399 539 69 20 mark.
498 539 58 21 Från
571 539 66 21 slutet
653 538 23 21 af
689 539 51 21 Juni
758 541 60 24 1879,

62 573 27 21 då
104 573 65 22 Wasa
186 573 199 28 jernvägsbyggnad
407 573 136 28 påbörjades,
559 573 34 21 till
615 573 150 22 motsvarande
787 573 32 22 tid

61 607 143 22 innevarande
226 608 30 27 år,
279 608 19 21 d.
321 615 19 14 v.
365 614 16 15 s.
405 608 69 21 under
497 608 108 26 förloppet
619 607 24 21 af
656 610 85 19 senaste
756 610 12 19 9
785 608 30 26 år,

62 641 65 22 hafva
141 642 7 21 i
163 642 101 22 medeltal
280 642 81 28 årligen
376 642 100 28 nedlagts
491 642 7 21 i
511 642 224 27 jernvägsbyggnader
750 642 7 21 i
772 642 46 21 lan-

62 676 36 21 det
121 677 29 26 5,3
173 677 97 27 miljoner
291 677 69 21 mark.
392 676 71 22 Häraf
484 676 101 28 framgår,
601 678 32 20 att
648 682 34 16 om
697 677 36 21 det
749 676 23 22 af
785 679 34 19 ut-

62 710 82 22 skottet
158 711 76 27 gjorda
249 711 103 27 förslaget
367 711 68 27 följes,
454 711 205 27 jernvägsarbetena
680 711 47 21 icke
750 711 69 21 skulle

61 745 87 21 komma
173 747 32 20 att
220 746 108 21 bedrifvas
343 752 60 14 mera
414 745 109 22 forceradt
544 748 27 18 än
593 745 114 27 tillförene,
726 746 40 21 och
786 747 33 20 att

61 779 82 21 säledes
158 780 47 21 icke
220 780 67 21 heller
300 780 127 27 jordbruket
450 780 41 21 och
513 780 70 27 öfriga
604 780 101 27 näringar
719 780 7 20 i
745 780 74 22 landet

61 813 99 22 beröfvas
176 814 130 22 arbetskraft
325 815 7 21 i
351 816 69 20 större
435 815 57 26 män,
509 816 27 20 än
551 814 107 22 härintills
680 814 55 22 varit
750 814 67 22 fallet.

61 848 83 22 Härvid
168 849 40 21 bör
231 849 71 21 tillika
328 849 40 21 den
393 849 188 27 omständigheten
603 848 100 28 päpekas,
727 850 32 21 att
782 856 35 15 om

62 883 82 21 arbetet
165 883 109 28 samtidigt
289 883 108 22 bedrifves
411 883 8 21 i
435 883 60 22 olika
509 884 60 21 delar
588 883 23 21 af
631 883 79 27 landet,
733 884 86 21 arbeta-

61 923 51 15 rene
127 917 47 21 icke
192 917 4 21 i
212 923 80 16 samma
307 918 49 21 män
375 924 46 15 som
443 918 37 21 vid
503 920 32 19 ett
551 918 54 21 enda
623 919 68 20 större
707 918 111 27 jernvägs-

62 951 83 28 företag
161 952 75 27 dragas
251 952 46 21 frän
313 953 47 20 sina
374 952 110 21 hemorter
498 953 34 20 till
548 952 95 27 aflägsna
659 952 158 27 arbetsplatser.

60 985 43 22 För
124 985 151 28 befolkningen
290 986 84 21 medför
393 987 61 20 detta
472 986 96 21 fördelen
588 988 32 19 att
634 987 72 20 kunna
721 987 98 20 använda

60 1019 63 22 äfven
142 1021 86 20 kortare
247 1021 57 27 ledig
321 1021 33 21 tid
369 1021 34 21 för
418 1021 75 21 arbete
511 1021 36 21 vid
567 1021 252 27 jernvägsbyggnaderna

61 1054 39 21 och
123 1057 31 19 att
177 1057 67 19 större
267 1055 39 22 och
328 1055 99 28 billigare
445 1055 98 28 tillfällig
558 1055 145 27 arbetsstyrka
718 1055 37 21 vid
770 1055 49 21 dem

60 1089 42 20 kan
118 1089 112 26 päräknas.

128 1123 31 21 Pä
180 1124 69 27 grund
271 1123 23 22 af
317 1124 36 21 det
376 1123 64 22 ofvan
456 1124 67 27 sagda
538 1123 33 22 fär
586 1123 107 22 utskottet
707 1123 110 22 vördsamt

60 1157 85 27 föreslä,
162 1160 32 20 att
210 1158 119 22 Ständerna
344 1158 34 22 för
393 1158 33 21 sin
443 1158 34 21 del
493 1158 50 22 ville
558 1158 93 21 besluta:

266 1258 32 18 att
320 1255 155 21 Nikolaistads
495 1255 154 28 packhusspär
671 1256 48 20 med
743 1256 76 27 bispär

196 1290 35 20 till
246 1290 42 20 den
302 1297 17 14 s.
336 1290 20 20 k.
373 1290 98 21 Svenska
487 1290 96 28 bryggan
598 1291 65 20 mätte
682 1290 89 27 utföras
785 1297 34 14 se-

197 1327 49 18 nast
261 1324 70 21 under
346 1325 27 20 år
388 1326 72 24 1889;

264 1390 31 18 att
323 1387 117 21 Kouvola
458 1387 71 21 Kotka
554 1388 207 27 jernväysbyggnad
790 1388 26 20 sä

195 1424 62 19 snart
276 1422 37 21 ske
331 1422 45 21 kan
393 1422 108 28 päbörjas
521 1422 38 21 och
579 1423 84 26 utföres
686 1422 5 20 i
705 1422 112 21 samman-

195 1455 58 28 hang
268 1457 48 20 med
332 1457 105 21 Savolaks
453 1457 158 28 banbyggnad;

125 1502 191 22 Jernvägsutskottets
329 1501 118 19 dDetänkanac
460 1503 37 17 N:o
511 1504 14 16 1.
