<?xml version="1.0" encoding="UTF-8"?>
<alto xmlns="http://www.loc.gov/standards/alto/ns-v3#" xmlns:xlink="http://www.w3.org/1999/xlink" xmlns:xsi="http://www.w3.org/2001/XMLSchema-instance" xsi:schemaLocation="http://www.loc.gov/standards/alto/ns-v3# http://www.loc.gov/alto/v3/alto-3-0.xsd">
	<Description>
		<MeasurementUnit>pixel</MeasurementUnit>
		<sourceImageInformation>
			<fileName>/tmp/tess_se0mundk_input.PNG</fileName>
		</sourceImageInformation>
		<OCRProcessing ID="OCR_0">
			<ocrProcessingStep>
				<processingSoftware>
					<softwareName>tesseract 5.3.4</softwareName>
				</processingSoftware>
			</ocrProcessingStep>
		</OCRProcessing>
	</Description>
	<Layout>
		<Page WIDTH="1056" HEIGHT="1725" PHYSICAL_IMG_NR="0" ID="page_0">
			<PrintSpace HPOS="0" VPOS="0" WIDTH="1056" HEIGHT="1725">
				<ComposedBlock ID="cblock_0" HPOS="385" VPOS="137" WIDTH="398" HEIGHT="22">
					<TextBlock ID="block_0" HPOS="385" VPOS="137" WIDTH="398" HEIGHT="22">
						<TextLine ID="line_0" HPOS="385" VPOS="137" WIDTH="398" HEIGHT="22">
							<String ID="string_0" HPOS="385" VPOS="138" WIDTH="41" HEIGHT="20" WC="0.96" CONTENT="N:o"/><SP WIDTH="17" VPOS="138" HPOS="426"/>
							<String ID="string_1" HPOS="443" VPOS="138" WIDTH="35" HEIGHT="20" WC="0.96" CONTENT="34."/><SP WIDTH="279" VPOS="138" HPOS="478"/>
							<String ID="string_2" HPOS="757" VPOS="137" WIDTH="26" HEIGHT="22" WC="0.96" CONTENT="17"/>
						</TextLine>
					</TextBlock>
				</ComposedBlock>
				<ComposedBlock ID="cblock_1" HPOS="47" VPOS="205" WIDTH="765" HEIGHT="1302">
					<TextBlock ID="block_1" HPOS="50" VPOS="205" WIDTH="761" HEIGHT="62">
						<TextLine ID="line_1" HPOS="51" VPOS="205" WIDTH="760" HEIGHT="28">
							<String ID="string_3" HPOS="51" VPOS="206" WIDTH="69" HEIGHT="21" WC="0.93" CONTENT="banor"/><SP WIDTH="22" VPOS="206" HPOS="120"/>
							<String ID="string_4" HPOS="142" VPOS="206" WIDTH="109" HEIGHT="22" WC="0.91" CONTENT="förbindas"/><SP WIDTH="15" VPOS="206" HPOS="251"/>
							<String ID="string_5" HPOS="266" VPOS="206" WIDTH="49" HEIGHT="22" WC="0.96" CONTENT="med"/><SP WIDTH="23" VPOS="206" HPOS="315"/>
							<String ID="string_6" HPOS="338" VPOS="206" WIDTH="41" HEIGHT="21" WC="0.96" CONTENT="den"/><SP WIDTH="23" VPOS="206" HPOS="379"/>
							<String ID="string_7" HPOS="402" VPOS="206" WIDTH="104" HEIGHT="21" WC="0.93" CONTENT="karelska"/><SP WIDTH="21" VPOS="206" HPOS="506"/>
							<String ID="string_8" HPOS="527" VPOS="205" WIDTH="124" HEIGHT="28" WC="0.88" CONTENT="jernvägen,"/><SP WIDTH="16" VPOS="205" HPOS="651"/>
							<String ID="string_9" HPOS="667" VPOS="205" WIDTH="144" HEIGHT="23" WC="0.96" CONTENT="förekommer"/>
						</TextLine>
						<TextLine ID="line_2" HPOS="50" VPOS="240" WIDTH="634" HEIGHT="27">
							<String ID="string_10" HPOS="50" VPOS="240" WIDTH="47" HEIGHT="22" WC="0.96" CONTENT="icke"/><SP WIDTH="17" VPOS="240" HPOS="97"/>
							<String ID="string_11" HPOS="114" VPOS="241" WIDTH="46" HEIGHT="21" WC="0.96" CONTENT="skäl"/><SP WIDTH="18" VPOS="241" HPOS="160"/>
							<String ID="string_12" HPOS="178" VPOS="243" WIDTH="32" HEIGHT="19" WC="0.96" CONTENT="att"/><SP WIDTH="15" VPOS="243" HPOS="210"/>
							<String ID="string_13" HPOS="225" VPOS="242" WIDTH="49" HEIGHT="20" WC="0.93" CONTENT="leda"/><SP WIDTH="15" VPOS="242" HPOS="274"/>
							<String ID="string_14" HPOS="289" VPOS="241" WIDTH="155" HEIGHT="21" WC="0.90" CONTENT="hufvudbanan"/><SP WIDTH="17" VPOS="241" HPOS="444"/>
							<String ID="string_15" HPOS="461" VPOS="240" WIDTH="33" HEIGHT="22" WC="0.96" CONTENT="till"/><SP WIDTH="17" VPOS="240" HPOS="494"/>
							<String ID="string_16" HPOS="511" VPOS="240" WIDTH="69" HEIGHT="27" WC="0.96" CONTENT="sagda"/><SP WIDTH="15" VPOS="240" HPOS="580"/>
							<String ID="string_17" HPOS="595" VPOS="240" WIDTH="89" HEIGHT="27" WC="0.95" CONTENT="platser."/>
						</TextLine>
					</TextBlock>
					<TextBlock ID="block_2" HPOS="50" VPOS="275" WIDTH="762" HEIGHT="231">
						<TextLine ID="line_3" HPOS="123" VPOS="275" WIDTH="688" HEIGHT="28">
							<String ID="string_18" HPOS="123" VPOS="276" WIDTH="140" HEIGHT="21" WC="0.96" CONTENT="Beträffande"/><SP WIDTH="26" VPOS="276" HPOS="263"/>
							<String ID="string_19" HPOS="289" VPOS="276" WIDTH="153" HEIGHT="27" WC="0.96" CONTENT="sträckningen"/><SP WIDTH="25" VPOS="276" HPOS="442"/>
							<String ID="string_20" HPOS="467" VPOS="276" WIDTH="80" HEIGHT="21" WC="0.93" CONTENT="mellan"/><SP WIDTH="24" VPOS="276" HPOS="547"/>
							<String ID="string_21" HPOS="571" VPOS="275" WIDTH="88" HEIGHT="27" WC="0.90" CONTENT="Wiborg"/><SP WIDTH="19" VPOS="275" HPOS="659"/>
							<String ID="string_22" HPOS="678" VPOS="275" WIDTH="40" HEIGHT="22" WC="0.93" CONTENT="och"/><SP WIDTH="16" VPOS="275" HPOS="718"/>
							<String ID="string_23" HPOS="734" VPOS="275" WIDTH="77" HEIGHT="22" WC="0.90" CONTENT="Sorda-"/>
						</TextLine>
						<TextLine ID="line_4" HPOS="50" VPOS="306" WIDTH="761" HEIGHT="32">
							<String ID="string_24" HPOS="50" VPOS="311" WIDTH="49" HEIGHT="20" WC="0.91" CONTENT="vala"/><SP WIDTH="23" VPOS="311" HPOS="99"/>
							<String ID="string_25" HPOS="122" VPOS="317" WIDTH="62" HEIGHT="21" WC="0.96" CONTENT="synes"/><SP WIDTH="24" VPOS="317" HPOS="184"/>
							<String ID="string_26" HPOS="208" VPOS="311" WIDTH="40" HEIGHT="22" WC="0.97" CONTENT="den"/><SP WIDTH="24" VPOS="311" HPOS="248"/>
							<String ID="string_27" HPOS="272" VPOS="311" WIDTH="23" HEIGHT="21" WC="0.93" CONTENT="af"/><SP WIDTH="21" VPOS="311" HPOS="295"/>
							<String ID="string_28" HPOS="316" VPOS="306" WIDTH="193" HEIGHT="31" WC="0.91" CONTENT="Öfveringeniören"/><SP WIDTH="23" VPOS="306" HPOS="509"/>
							<String ID="string_29" HPOS="532" VPOS="310" WIDTH="105" HEIGHT="27" WC="0.91" CONTENT="Tallqvist"/><SP WIDTH="23" VPOS="310" HPOS="637"/>
							<String ID="string_30" HPOS="660" VPOS="310" WIDTH="151" HEIGHT="27" WC="0.91" CONTENT="projekterade"/>
						</TextLine>
						<TextLine ID="line_5" HPOS="51" VPOS="344" WIDTH="761" HEIGHT="28">
							<String ID="string_31" HPOS="51" VPOS="345" WIDTH="66" HEIGHT="21" WC="0.92" CONTENT="linien"/><SP WIDTH="23" VPOS="345" HPOS="117"/>
							<String ID="string_32" HPOS="140" VPOS="352" WIDTH="76" HEIGHT="20" WC="0.96" CONTENT="genom"/><SP WIDTH="25" VPOS="352" HPOS="216"/>
							<String ID="string_33" HPOS="241" VPOS="345" WIDTH="31" HEIGHT="22" WC="0.87" CONTENT="S:t"/><SP WIDTH="23" VPOS="345" HPOS="272"/>
							<String ID="string_34" HPOS="295" VPOS="345" WIDTH="98" HEIGHT="27" WC="0.91" CONTENT="Andre&amp;,"/><SP WIDTH="24" VPOS="345" HPOS="393"/>
							<String ID="string_35" HPOS="417" VPOS="345" WIDTH="144" HEIGHT="20" WC="0.88" CONTENT="Elisenvaara"/><SP WIDTH="24" VPOS="345" HPOS="561"/>
							<String ID="string_36" HPOS="585" VPOS="344" WIDTH="39" HEIGHT="21" WC="0.93" CONTENT="och"/><SP WIDTH="23" VPOS="344" HPOS="624"/>
							<String ID="string_37" HPOS="647" VPOS="344" WIDTH="114" HEIGHT="27" WC="0.92" CONTENT="Paigjärvi,"/><SP WIDTH="23" VPOS="344" HPOS="761"/>
							<String ID="string_38" HPOS="784" VPOS="344" WIDTH="28" HEIGHT="27" WC="0.97" CONTENT="pä"/>
						</TextLine>
						<TextLine ID="line_6" HPOS="52" VPOS="379" WIDTH="760" HEIGHT="27">
							<String ID="string_39" HPOS="52" VPOS="380" WIDTH="69" HEIGHT="26" WC="0.96" CONTENT="grund"/><SP WIDTH="9" VPOS="380" HPOS="121"/>
							<String ID="string_40" HPOS="130" VPOS="380" WIDTH="23" HEIGHT="21" WC="0.95" CONTENT="af"/><SP WIDTH="12" VPOS="380" HPOS="153"/>
							<String ID="string_41" HPOS="165" VPOS="381" WIDTH="32" HEIGHT="20" WC="0.96" CONTENT="sin"/><SP WIDTH="8" VPOS="381" HPOS="197"/>
							<String ID="string_42" HPOS="205" VPOS="380" WIDTH="100" HEIGHT="26" WC="0.93" CONTENT="billigare"/><SP WIDTH="9" VPOS="380" HPOS="305"/>
							<String ID="string_43" HPOS="314" VPOS="379" WIDTH="235" HEIGHT="27" WC="0.92" CONTENT="anläggningskostnad"/><SP WIDTH="17" VPOS="379" HPOS="549"/>
							<String ID="string_44" HPOS="566" VPOS="379" WIDTH="39" HEIGHT="21" WC="0.96" CONTENT="och"/><SP WIDTH="17" VPOS="379" HPOS="605"/>
							<String ID="string_45" HPOS="622" VPOS="381" WIDTH="51" HEIGHT="19" WC="0.95" CONTENT="enär"/><SP WIDTH="15" VPOS="381" HPOS="673"/>
							<String ID="string_46" HPOS="688" VPOS="379" WIDTH="124" HEIGHT="22" WC="0.95" CONTENT="densamma"/>
						</TextLine>
						<TextLine ID="line_7" HPOS="52" VPOS="413" WIDTH="760" HEIGHT="28">
							<String ID="string_47" HPOS="52" VPOS="413" WIDTH="99" HEIGHT="28" WC="0.91" CONTENT="öfvergår"/><SP WIDTH="23" VPOS="413" HPOS="151"/>
							<String ID="string_48" HPOS="174" VPOS="414" WIDTH="120" HEIGHT="21" WC="0.91" CONTENT="Wuoksens"/><SP WIDTH="24" VPOS="414" HPOS="294"/>
							<String ID="string_49" HPOS="318" VPOS="413" WIDTH="165" HEIGHT="22" WC="0.91" CONTENT="kanaliserbara"/><SP WIDTH="21" VPOS="413" HPOS="483"/>
							<String ID="string_50" HPOS="504" VPOS="414" WIDTH="34" HEIGHT="21" WC="0.96" CONTENT="del"/><SP WIDTH="17" VPOS="414" HPOS="538"/>
							<String ID="string_51" HPOS="555" VPOS="413" WIDTH="28" HEIGHT="27" WC="0.96" CONTENT="på"/><SP WIDTH="15" VPOS="413" HPOS="583"/>
							<String ID="string_52" HPOS="598" VPOS="415" WIDTH="31" HEIGHT="20" WC="0.96" CONTENT="ett"/><SP WIDTH="15" VPOS="415" HPOS="629"/>
							<String ID="string_53" HPOS="644" VPOS="420" WIDTH="59" HEIGHT="15" WC="0.96" CONTENT="mera"/><SP WIDTH="16" VPOS="420" HPOS="703"/>
							<String ID="string_54" HPOS="719" VPOS="414" WIDTH="93" HEIGHT="21" WC="0.96" CONTENT="centralt"/>
						</TextLine>
						<TextLine ID="line_8" HPOS="51" VPOS="447" WIDTH="760" HEIGHT="29">
							<String ID="string_55" HPOS="51" VPOS="449" WIDTH="64" HEIGHT="21" WC="0.96" CONTENT="ställe"/><SP WIDTH="24" VPOS="449" HPOS="115"/>
							<String ID="string_56" HPOS="139" VPOS="451" WIDTH="27" HEIGHT="18" WC="0.93" CONTENT="än"/><SP WIDTH="24" VPOS="451" HPOS="166"/>
							<String ID="string_57" HPOS="190" VPOS="449" WIDTH="93" HEIGHT="26" WC="0.91" CONTENT="Jääskis,"/><SP WIDTH="24" VPOS="449" HPOS="283"/>
							<String ID="string_58" HPOS="307" VPOS="455" WIDTH="51" HEIGHT="15" WC="0.96" CONTENT="vara"/><SP WIDTH="17" VPOS="455" HPOS="358"/>
							<String ID="string_59" HPOS="375" VPOS="449" WIDTH="32" HEIGHT="20" WC="0.93" CONTENT="att"/><SP WIDTH="16" VPOS="449" HPOS="407"/>
							<String ID="string_60" HPOS="423" VPOS="448" WIDTH="118" HEIGHT="27" WC="0.92" CONTENT="föredraga"/><SP WIDTH="15" VPOS="448" HPOS="541"/>
							<String ID="string_61" HPOS="556" VPOS="447" WIDTH="90" HEIGHT="22" WC="0.96" CONTENT="framför"/><SP WIDTH="16" VPOS="447" HPOS="646"/>
							<String ID="string_62" HPOS="662" VPOS="448" WIDTH="69" HEIGHT="28" WC="0.93" CONTENT="öfriga"/><SP WIDTH="16" VPOS="448" HPOS="731"/>
							<String ID="string_63" HPOS="747" VPOS="449" WIDTH="64" HEIGHT="21" WC="0.91" CONTENT="alter-"/>
						</TextLine>
						<TextLine ID="line_9" HPOS="50" VPOS="485" WIDTH="66" HEIGHT="21">
							<String ID="string_64" HPOS="50" VPOS="485" WIDTH="66" HEIGHT="21" WC="0.92" CONTENT="nativ."/>
						</TextLine>
					</TextBlock>
					<TextBlock ID="block_3" HPOS="47" VPOS="518" WIDTH="765" HEIGHT="929">
						<TextLine ID="line_10" HPOS="122" VPOS="518" WIDTH="690" HEIGHT="28">
							<String ID="string_65" HPOS="122" VPOS="519" WIDTH="44" HEIGHT="21" WC="0.96" CONTENT="För"/><SP WIDTH="22" VPOS="519" HPOS="166"/>
							<String ID="string_66" HPOS="188" VPOS="519" WIDTH="151" HEIGHT="27" WC="0.96" CONTENT="sträckningen"/><SP WIDTH="24" VPOS="519" HPOS="339"/>
							<String ID="string_67" HPOS="363" VPOS="519" WIDTH="80" HEIGHT="21" WC="0.93" CONTENT="mellan"/><SP WIDTH="24" VPOS="519" HPOS="443"/>
							<String ID="string_68" HPOS="467" VPOS="518" WIDTH="120" HEIGHT="21" WC="0.90" CONTENT="Sordavala"/><SP WIDTH="20" VPOS="518" HPOS="587"/>
							<String ID="string_69" HPOS="607" VPOS="519" WIDTH="40" HEIGHT="20" WC="0.96" CONTENT="och"/><SP WIDTH="15" VPOS="519" HPOS="647"/>
							<String ID="string_70" HPOS="662" VPOS="519" WIDTH="95" HEIGHT="21" WC="0.96" CONTENT="Joensuu"/><SP WIDTH="15" VPOS="519" HPOS="757"/>
							<String ID="string_71" HPOS="772" VPOS="519" WIDTH="40" HEIGHT="21" WC="0.96" CONTENT="har"/>
						</TextLine>
						<TextLine ID="line_11" HPOS="51" VPOS="553" WIDTH="759" HEIGHT="28">
							<String ID="string_72" HPOS="51" VPOS="554" WIDTH="40" HEIGHT="21" WC="0.90" CONTENT="den"/><SP WIDTH="18" VPOS="554" HPOS="91"/>
							<String ID="string_73" HPOS="109" VPOS="554" WIDTH="101" HEIGHT="27" WC="0.90" CONTENT="ostligare"/><SP WIDTH="15" VPOS="554" HPOS="210"/>
							<String ID="string_74" HPOS="225" VPOS="554" WIDTH="65" HEIGHT="21" WC="0.91" CONTENT="linien"/><SP WIDTH="16" VPOS="554" HPOS="290"/>
							<String ID="string_75" HPOS="306" VPOS="553" WIDTH="109" HEIGHT="22" WC="0.93" CONTENT="företräde"/><SP WIDTH="17" VPOS="553" HPOS="415"/>
							<String ID="string_76" HPOS="432" VPOS="553" WIDTH="54" HEIGHT="26" WC="0.92" CONTENT="deri,"/><SP WIDTH="17" VPOS="553" HPOS="486"/>
							<String ID="string_77" HPOS="503" VPOS="555" WIDTH="33" HEIGHT="19" WC="0.96" CONTENT="att"/><SP WIDTH="11" VPOS="555" HPOS="536"/>
							<String ID="string_78" HPOS="547" VPOS="553" WIDTH="123" HEIGHT="22" WC="0.95" CONTENT="densamma"/><SP WIDTH="9" VPOS="553" HPOS="670"/>
							<String ID="string_79" HPOS="679" VPOS="553" WIDTH="66" HEIGHT="27" WC="0.90" CONTENT="jemte"/><SP WIDTH="12" VPOS="553" HPOS="745"/>
							<String ID="string_80" HPOS="757" VPOS="554" WIDTH="53" HEIGHT="21" WC="0.90" CONTENT="Rus-"/>
						</TextLine>
						<TextLine ID="line_12" HPOS="51" VPOS="588" WIDTH="760" HEIGHT="27">
							<String ID="string_81" HPOS="51" VPOS="588" WIDTH="63" HEIGHT="22" WC="0.91" CONTENT="keala"/><SP WIDTH="22" VPOS="588" HPOS="114"/>
							<String ID="string_82" HPOS="136" VPOS="588" WIDTH="155" HEIGHT="22" WC="0.92" CONTENT="marmorbrott"/><SP WIDTH="23" VPOS="588" HPOS="291"/>
							<String ID="string_83" HPOS="314" VPOS="589" WIDTH="39" HEIGHT="21" WC="0.96" CONTENT="och"/><SP WIDTH="17" VPOS="589" HPOS="353"/>
							<String ID="string_84" HPOS="370" VPOS="588" WIDTH="105" HEIGHT="21" WC="0.96" CONTENT="Wärtsilä"/><SP WIDTH="15" VPOS="588" HPOS="475"/>
							<String ID="string_85" HPOS="490" VPOS="588" WIDTH="124" HEIGHT="27" WC="0.93" CONTENT="betydande"/><SP WIDTH="13" VPOS="588" HPOS="614"/>
							<String ID="string_86" HPOS="627" VPOS="588" WIDTH="105" HEIGHT="27" WC="0.90" CONTENT="jernbruk"/><SP WIDTH="15" VPOS="588" HPOS="732"/>
							<String ID="string_87" HPOS="747" VPOS="588" WIDTH="64" HEIGHT="22" WC="0.96" CONTENT="berör"/>
						</TextLine>
						<TextLine ID="line_13" HPOS="50" VPOS="622" WIDTH="761" HEIGHT="28">
							<String ID="string_88" HPOS="50" VPOS="623" WIDTH="89" HEIGHT="27" WC="0.96" CONTENT="trakter,"/><SP WIDTH="25" VPOS="623" HPOS="139"/>
							<String ID="string_89" HPOS="164" VPOS="630" WIDTH="45" HEIGHT="14" WC="0.96" CONTENT="som"/><SP WIDTH="15" VPOS="630" HPOS="209"/>
							<String ID="string_90" HPOS="224" VPOS="624" WIDTH="7" HEIGHT="20" WC="0.95" CONTENT="i"/><SP WIDTH="17" VPOS="624" HPOS="231"/>
							<String ID="string_91" HPOS="248" VPOS="623" WIDTH="99" HEIGHT="21" WC="0.93" CONTENT="afseende"/><SP WIDTH="18" VPOS="623" HPOS="347"/>
							<String ID="string_92" HPOS="365" VPOS="624" WIDTH="12" HEIGHT="20" WC="0.93" CONTENT="å"/><SP WIDTH="16" VPOS="624" HPOS="377"/>
							<String ID="string_93" HPOS="393" VPOS="623" WIDTH="188" HEIGHT="21" WC="0.96" CONTENT="kommunikation"/><SP WIDTH="21" VPOS="623" HPOS="581"/>
							<String ID="string_94" HPOS="602" VPOS="623" WIDTH="47" HEIGHT="21" WC="0.96" CONTENT="med"/><SP WIDTH="17" VPOS="623" HPOS="649"/>
							<String ID="string_95" HPOS="666" VPOS="622" WIDTH="69" HEIGHT="28" WC="0.96" CONTENT="öfriga"/><SP WIDTH="16" VPOS="622" HPOS="735"/>
							<String ID="string_96" HPOS="751" VPOS="623" WIDTH="60" HEIGHT="21" WC="0.96" CONTENT="delar"/>
						</TextLine>
						<TextLine ID="line_14" HPOS="51" VPOS="657" WIDTH="760" HEIGHT="28">
							<String ID="string_97" HPOS="51" VPOS="658" WIDTH="23" HEIGHT="20" WC="0.96" CONTENT="af"/><SP WIDTH="21" VPOS="658" HPOS="74"/>
							<String ID="string_98" HPOS="95" VPOS="658" WIDTH="74" HEIGHT="21" WC="0.96" CONTENT="landet"/><SP WIDTH="23" VPOS="658" HPOS="169"/>
							<String ID="string_99" HPOS="192" VPOS="658" WIDTH="39" HEIGHT="21" WC="0.96" CONTENT="och"/><SP WIDTH="23" VPOS="658" HPOS="231"/>
							<String ID="string_100" HPOS="254" VPOS="658" WIDTH="32" HEIGHT="21" WC="0.89" CONTENT="S:t"/><SP WIDTH="22" VPOS="658" HPOS="286"/>
							<String ID="string_101" HPOS="308" VPOS="658" WIDTH="130" HEIGHT="26" WC="0.96" CONTENT="Petersburg"/><SP WIDTH="20" VPOS="658" HPOS="438"/>
							<String ID="string_102" HPOS="458" VPOS="660" WIDTH="39" HEIGHT="18" WC="0.96" CONTENT="äro"/><SP WIDTH="16" VPOS="660" HPOS="497"/>
							<String ID="string_103" HPOS="513" VPOS="658" WIDTH="97" HEIGHT="20" WC="0.91" CONTENT="särdeles"/><SP WIDTH="16" VPOS="658" HPOS="610"/>
							<String ID="string_104" HPOS="626" VPOS="657" WIDTH="37" HEIGHT="21" WC="0.96" CONTENT="illa"/><SP WIDTH="14" VPOS="657" HPOS="663"/>
							<String ID="string_105" HPOS="677" VPOS="658" WIDTH="90" HEIGHT="27" WC="0.96" CONTENT="lottade,"/><SP WIDTH="16" VPOS="658" HPOS="767"/>
							<String ID="string_106" HPOS="783" VPOS="658" WIDTH="28" HEIGHT="21" WC="0.96" CONTENT="då"/>
						</TextLine>
						<TextLine ID="line_15" HPOS="51" VPOS="692" WIDTH="759" HEIGHT="27">
							<String ID="string_107" HPOS="51" VPOS="692" WIDTH="97" HEIGHT="22" WC="0.92" CONTENT="deremot"/><SP WIDTH="15" VPOS="692" HPOS="148"/>
							<String ID="string_108" HPOS="163" VPOS="692" WIDTH="71" HEIGHT="22" WC="0.96" CONTENT="banan"/><SP WIDTH="16" VPOS="692" HPOS="234"/>
							<String ID="string_109" HPOS="250" VPOS="699" WIDTH="76" HEIGHT="20" WC="0.90" CONTENT="genom"/><SP WIDTH="16" VPOS="699" HPOS="326"/>
							<String ID="string_110" HPOS="342" VPOS="692" WIDTH="67" HEIGHT="21" WC="0.90" CONTENT="Kides"/><SP WIDTH="15" VPOS="692" HPOS="409"/>
							<String ID="string_111" HPOS="424" VPOS="692" WIDTH="35" HEIGHT="21" WC="0.96" CONTENT="till"/><SP WIDTH="17" VPOS="692" HPOS="459"/>
							<String ID="string_112" HPOS="476" VPOS="694" WIDTH="81" HEIGHT="19" WC="0.96" CONTENT="största"/><SP WIDTH="17" VPOS="694" HPOS="557"/>
							<String ID="string_113" HPOS="574" VPOS="692" WIDTH="61" HEIGHT="21" WC="0.96" CONTENT="delen"/><SP WIDTH="17" VPOS="692" HPOS="635"/>
							<String ID="string_114" HPOS="652" VPOS="692" WIDTH="23" HEIGHT="21" WC="0.96" CONTENT="af"/><SP WIDTH="9" VPOS="692" HPOS="675"/>
							<String ID="string_115" HPOS="684" VPOS="692" WIDTH="31" HEIGHT="21" WC="0.92" CONTENT="sin"/><SP WIDTH="12" VPOS="692" HPOS="715"/>
							<String ID="string_116" HPOS="727" VPOS="692" WIDTH="83" HEIGHT="22" WC="0.92" CONTENT="sträck-"/>
						</TextLine>
						<TextLine ID="line_16" HPOS="50" VPOS="726" WIDTH="761" HEIGHT="28">
							<String ID="string_117" HPOS="50" VPOS="727" WIDTH="51" HEIGHT="27" WC="0.96" CONTENT="ning"/><SP WIDTH="16" VPOS="727" HPOS="101"/>
							<String ID="string_118" HPOS="117" VPOS="727" WIDTH="68" HEIGHT="21" WC="0.95" CONTENT="skulle"/><SP WIDTH="17" VPOS="727" HPOS="185"/>
							<String ID="string_119" HPOS="202" VPOS="734" WIDTH="88" HEIGHT="20" WC="0.96" CONTENT="passera"/><SP WIDTH="16" VPOS="734" HPOS="290"/>
							<String ID="string_120" HPOS="306" VPOS="729" WIDTH="64" HEIGHT="24" WC="0.96" CONTENT="orter,"/><SP WIDTH="16" VPOS="729" HPOS="370"/>
							<String ID="string_121" HPOS="386" VPOS="726" WIDTH="75" HEIGHT="22" WC="0.96" CONTENT="hvilka"/><SP WIDTH="16" VPOS="726" HPOS="461"/>
							<String ID="string_122" HPOS="477" VPOS="727" WIDTH="46" HEIGHT="21" WC="0.96" CONTENT="dels"/><SP WIDTH="16" VPOS="727" HPOS="523"/>
							<String ID="string_123" HPOS="539" VPOS="727" WIDTH="67" HEIGHT="21" WC="0.96" CONTENT="redan"/><SP WIDTH="9" VPOS="727" HPOS="606"/>
							<String ID="string_124" HPOS="615" VPOS="726" WIDTH="62" HEIGHT="22" WC="0.96" CONTENT="hafva"/><SP WIDTH="12" VPOS="726" HPOS="677"/>
							<String ID="string_125" HPOS="689" VPOS="727" WIDTH="122" HEIGHT="21" WC="0.96" CONTENT="omedelbar"/>
						</TextLine>
						<TextLine ID="line_17" HPOS="50" VPOS="762" WIDTH="760" HEIGHT="26">
							<String ID="string_126" HPOS="50" VPOS="762" WIDTH="184" HEIGHT="21" WC="0.96" CONTENT="kommunikation"/><SP WIDTH="23" VPOS="762" HPOS="234"/>
							<String ID="string_127" HPOS="257" VPOS="762" WIDTH="48" HEIGHT="21" WC="0.93" CONTENT="med"/><SP WIDTH="25" VPOS="762" HPOS="305"/>
							<String ID="string_128" HPOS="330" VPOS="762" WIDTH="92" HEIGHT="26" WC="0.90" CONTENT="Saimen,"/><SP WIDTH="17" VPOS="762" HPOS="422"/>
							<String ID="string_129" HPOS="439" VPOS="762" WIDTH="47" HEIGHT="20" WC="0.96" CONTENT="dels"/><SP WIDTH="16" VPOS="762" HPOS="486"/>
							<String ID="string_130" HPOS="502" VPOS="768" WIDTH="77" HEIGHT="20" WC="0.96" CONTENT="genom"/><SP WIDTH="16" VPOS="768" HPOS="579"/>
							<String ID="string_131" HPOS="595" VPOS="762" WIDTH="38" HEIGHT="21" WC="0.96" CONTENT="sitt"/><SP WIDTH="15" VPOS="762" HPOS="633"/>
							<String ID="string_132" HPOS="648" VPOS="762" WIDTH="48" HEIGHT="26" WC="0.96" CONTENT="läge"/><SP WIDTH="15" VPOS="762" HPOS="696"/>
							<String ID="string_133" HPOS="711" VPOS="762" WIDTH="6" HEIGHT="20" WC="0.93" CONTENT="i"/><SP WIDTH="17" VPOS="762" HPOS="717"/>
							<String ID="string_134" HPOS="734" VPOS="762" WIDTH="76" HEIGHT="21" WC="0.92" CONTENT="närhe-"/>
						</TextLine>
						<TextLine ID="line_18" HPOS="50" VPOS="796" WIDTH="760" HEIGHT="28">
							<String ID="string_135" HPOS="50" VPOS="798" WIDTH="36" HEIGHT="19" WC="0.96" CONTENT="ten"/><SP WIDTH="16" VPOS="798" HPOS="86"/>
							<String ID="string_136" HPOS="102" VPOS="796" WIDTH="24" HEIGHT="21" WC="0.96" CONTENT="af"/><SP WIDTH="13" VPOS="796" HPOS="126"/>
							<String ID="string_137" HPOS="139" VPOS="796" WIDTH="115" HEIGHT="28" WC="0.93" CONTENT="Pyhäjärvi"/><SP WIDTH="16" VPOS="796" HPOS="254"/>
							<String ID="string_138" HPOS="270" VPOS="796" WIDTH="30" HEIGHT="27" WC="0.93" CONTENT="sjö"/><SP WIDTH="18" VPOS="796" HPOS="300"/>
							<String ID="string_139" HPOS="318" VPOS="796" WIDTH="83" HEIGHT="27" WC="0.92" CONTENT="ätnjuta"/><SP WIDTH="15" VPOS="796" HPOS="401"/>
							<String ID="string_140" HPOS="416" VPOS="796" WIDTH="125" HEIGHT="22" WC="0.92" CONTENT="fördelarne"/><SP WIDTH="17" VPOS="796" HPOS="541"/>
							<String ID="string_141" HPOS="558" VPOS="796" WIDTH="23" HEIGHT="21" WC="0.96" CONTENT="af"/><SP WIDTH="12" VPOS="796" HPOS="581"/>
							<String ID="string_142" HPOS="593" VPOS="802" WIDTH="26" HEIGHT="15" WC="0.92" CONTENT="en"/><SP WIDTH="11" VPOS="802" HPOS="619"/>
							<String ID="string_143" HPOS="630" VPOS="796" WIDTH="180" HEIGHT="27" WC="0.91" CONTENT="sjökommunika-"/>
						</TextLine>
						<TextLine ID="line_19" HPOS="50" VPOS="830" WIDTH="760" HEIGHT="28">
							<String ID="string_144" HPOS="50" VPOS="830" WIDTH="51" HEIGHT="28" WC="0.96" CONTENT="tion,"/><SP WIDTH="20" VPOS="830" HPOS="101"/>
							<String ID="string_145" HPOS="121" VPOS="837" WIDTH="46" HEIGHT="15" WC="0.97" CONTENT="som"/><SP WIDTH="15" VPOS="837" HPOS="167"/>
							<String ID="string_146" HPOS="182" VPOS="837" WIDTH="77" HEIGHT="20" WC="0.96" CONTENT="genom"/><SP WIDTH="17" VPOS="837" HPOS="259"/>
							<String ID="string_147" HPOS="276" VPOS="838" WIDTH="26" HEIGHT="14" WC="0.93" CONTENT="en"/><SP WIDTH="16" VPOS="838" HPOS="302"/>
							<String ID="string_148" HPOS="318" VPOS="831" WIDTH="115" HEIGHT="27" WC="0.93" CONTENT="ifrägasatt"/><SP WIDTH="15" VPOS="831" HPOS="433"/>
							<String ID="string_149" HPOS="448" VPOS="830" WIDTH="67" HEIGHT="22" WC="0.92" CONTENT="kanal"/><SP WIDTH="16" VPOS="830" HPOS="515"/>
							<String ID="string_150" HPOS="531" VPOS="831" WIDTH="35" HEIGHT="21" WC="0.93" CONTENT="vid"/><SP WIDTH="16" VPOS="831" HPOS="566"/>
							<String ID="string_151" HPOS="582" VPOS="830" WIDTH="78" HEIGHT="22" WC="0.92" CONTENT="Puhois"/><SP WIDTH="16" VPOS="830" HPOS="660"/>
							<String ID="string_152" HPOS="676" VPOS="831" WIDTH="52" HEIGHT="21" WC="0.93" CONTENT="eller"/><SP WIDTH="15" VPOS="831" HPOS="728"/>
							<String ID="string_153" HPOS="743" VPOS="831" WIDTH="67" HEIGHT="21" WC="0.92" CONTENT="Kesä-"/>
						</TextLine>
						<TextLine ID="line_20" HPOS="50" VPOS="864" WIDTH="759" HEIGHT="23">
							<String ID="string_154" HPOS="50" VPOS="865" WIDTH="46" HEIGHT="21" WC="0.92" CONTENT="laks"/><SP WIDTH="15" VPOS="865" HPOS="96"/>
							<String ID="string_155" HPOS="111" VPOS="865" WIDTH="42" HEIGHT="21" WC="0.93" CONTENT="kan"/><SP WIDTH="18" VPOS="865" HPOS="153"/>
							<String ID="string_156" HPOS="171" VPOS="867" WIDTH="57" HEIGHT="20" WC="0.92" CONTENT="sätta"/><SP WIDTH="16" VPOS="867" HPOS="228"/>
							<String ID="string_157" HPOS="244" VPOS="866" WIDTH="48" HEIGHT="21" WC="0.96" CONTENT="dem"/><SP WIDTH="15" VPOS="866" HPOS="292"/>
							<String ID="string_158" HPOS="307" VPOS="866" WIDTH="7" HEIGHT="21" WC="0.96" CONTENT="i"/><SP WIDTH="16" VPOS="866" HPOS="314"/>
							<String ID="string_159" HPOS="330" VPOS="866" WIDTH="71" HEIGHT="21" WC="0.93" CONTENT="direkt"/><SP WIDTH="10" VPOS="866" HPOS="401"/>
							<String ID="string_160" HPOS="411" VPOS="864" WIDTH="134" HEIGHT="23" WC="0.92" CONTENT="förbindelse"/><SP WIDTH="12" VPOS="864" HPOS="545"/>
							<String ID="string_161" HPOS="557" VPOS="866" WIDTH="48" HEIGHT="21" WC="0.93" CONTENT="med"/><SP WIDTH="12" VPOS="866" HPOS="605"/>
							<String ID="string_162" HPOS="617" VPOS="865" WIDTH="97" HEIGHT="22" WC="0.93" CONTENT="Saimens"/><SP WIDTH="12" VPOS="865" HPOS="714"/>
							<String ID="string_163" HPOS="726" VPOS="867" WIDTH="83" HEIGHT="20" WC="0.92" CONTENT="vatten-"/>
						</TextLine>
						<TextLine ID="line_21" HPOS="50" VPOS="900" WIDTH="759" HEIGHT="27">
							<String ID="string_164" HPOS="50" VPOS="902" WIDTH="78" HEIGHT="25" WC="0.96" CONTENT="system"/><SP WIDTH="16" VPOS="902" HPOS="128"/>
							<String ID="string_165" HPOS="144" VPOS="900" WIDTH="40" HEIGHT="21" WC="0.96" CONTENT="och"/><SP WIDTH="16" VPOS="900" HPOS="184"/>
							<String ID="string_166" HPOS="200" VPOS="900" WIDTH="38" HEIGHT="21" WC="0.93" CONTENT="der"/><SP WIDTH="15" VPOS="900" HPOS="238"/>
							<String ID="string_167" HPOS="253" VPOS="901" WIDTH="111" HEIGHT="26" WC="0.92" CONTENT="befintliga"/><SP WIDTH="16" VPOS="901" HPOS="364"/>
							<String ID="string_168" HPOS="380" VPOS="901" WIDTH="52" HEIGHT="20" WC="0.93" CONTENT="eller"/><SP WIDTH="17" VPOS="901" HPOS="432"/>
							<String ID="string_169" HPOS="449" VPOS="900" WIDTH="117" HEIGHT="21" WC="0.92" CONTENT="framdeles"/><SP WIDTH="9" VPOS="900" HPOS="566"/>
							<String ID="string_170" HPOS="575" VPOS="900" WIDTH="132" HEIGHT="27" WC="0.92" CONTENT="uppstäende"/><SP WIDTH="12" VPOS="900" HPOS="707"/>
							<String ID="string_171" HPOS="719" VPOS="901" WIDTH="90" HEIGHT="26" WC="0.92" CONTENT="anknyt-"/>
						</TextLine>
						<TextLine ID="line_22" HPOS="50" VPOS="935" WIDTH="759" HEIGHT="26">
							<String ID="string_172" HPOS="50" VPOS="935" WIDTH="155" HEIGHT="26" WC="0.92" CONTENT="ningspunkter"/><SP WIDTH="23" VPOS="935" HPOS="205"/>
							<String ID="string_173" HPOS="228" VPOS="935" WIDTH="23" HEIGHT="20" WC="0.91" CONTENT="af"/><SP WIDTH="21" VPOS="935" HPOS="251"/>
							<String ID="string_174" HPOS="272" VPOS="935" WIDTH="86" HEIGHT="21" WC="0.93" CONTENT="landets"/><SP WIDTH="20" VPOS="935" HPOS="358"/>
							<String ID="string_175" HPOS="378" VPOS="935" WIDTH="160" HEIGHT="21" WC="0.92" CONTENT="stambanenät."/><SP WIDTH="30" VPOS="935" HPOS="538"/>
							<String ID="string_176" HPOS="568" VPOS="935" WIDTH="49" HEIGHT="20" WC="0.80" CONTENT="Men"/><SP WIDTH="16" VPOS="935" HPOS="617"/>
							<String ID="string_177" HPOS="633" VPOS="935" WIDTH="89" HEIGHT="21" WC="0.96" CONTENT="emedan"/><SP WIDTH="17" VPOS="935" HPOS="722"/>
							<String ID="string_178" HPOS="739" VPOS="936" WIDTH="70" HEIGHT="20" WC="0.96" CONTENT="denna"/>
						</TextLine>
						<TextLine ID="line_23" HPOS="50" VPOS="969" WIDTH="759" HEIGHT="27">
							<String ID="string_179" HPOS="50" VPOS="969" WIDTH="79" HEIGHT="27" WC="0.92" CONTENT="ostliga"/><SP WIDTH="15" VPOS="969" HPOS="129"/>
							<String ID="string_180" HPOS="144" VPOS="969" WIDTH="50" HEIGHT="22" WC="0.92" CONTENT="linie"/><SP WIDTH="16" VPOS="969" HPOS="194"/>
							<String ID="string_181" HPOS="210" VPOS="970" WIDTH="50" HEIGHT="21" WC="0.96" CONTENT="kort"/><SP WIDTH="15" VPOS="970" HPOS="260"/>
							<String ID="string_182" HPOS="275" VPOS="969" WIDTH="45" HEIGHT="22" WC="0.93" CONTENT="före"/><SP WIDTH="16" VPOS="969" HPOS="320"/>
							<String ID="string_183" HPOS="336" VPOS="970" WIDTH="127" HEIGHT="21" WC="0.92" CONTENT="ankomsten"/><SP WIDTH="18" VPOS="970" HPOS="463"/>
							<String ID="string_184" HPOS="481" VPOS="969" WIDTH="33" HEIGHT="21" WC="0.96" CONTENT="till"/><SP WIDTH="15" VPOS="969" HPOS="514"/>
							<String ID="string_185" HPOS="529" VPOS="969" WIDTH="103" HEIGHT="22" WC="0.96" CONTENT="Wärtsilä"/><SP WIDTH="15" VPOS="969" HPOS="632"/>
							<String ID="string_186" HPOS="647" VPOS="969" WIDTH="28" HEIGHT="27" WC="0.96" CONTENT="pä"/><SP WIDTH="15" VPOS="969" HPOS="675"/>
							<String ID="string_187" HPOS="690" VPOS="969" WIDTH="53" HEIGHT="22" WC="0.93" CONTENT="flera"/><SP WIDTH="14" VPOS="969" HPOS="743"/>
							<String ID="string_188" HPOS="757" VPOS="971" WIDTH="52" HEIGHT="20" WC="0.93" CONTENT="stäl-"/>
						</TextLine>
						<TextLine ID="line_24" HPOS="49" VPOS="1003" WIDTH="760" HEIGHT="28">
							<String ID="string_189" HPOS="49" VPOS="1003" WIDTH="34" HEIGHT="22" WC="0.96" CONTENT="len"/><SP WIDTH="20" VPOS="1003" HPOS="83"/>
							<String ID="string_190" HPOS="103" VPOS="1004" WIDTH="69" HEIGHT="21" WC="0.93" CONTENT="skulle"/><SP WIDTH="16" VPOS="1004" HPOS="172"/>
							<String ID="string_191" HPOS="188" VPOS="1011" WIDTH="87" HEIGHT="20" WC="0.92" CONTENT="passera"/><SP WIDTH="15" VPOS="1011" HPOS="275"/>
							<String ID="string_192" HPOS="290" VPOS="1005" WIDTH="134" HEIGHT="26" WC="0.96" CONTENT="vattendrag,"/><SP WIDTH="18" VPOS="1005" HPOS="424"/>
							<String ID="string_193" HPOS="442" VPOS="1004" WIDTH="39" HEIGHT="21" WC="0.93" CONTENT="der"/><SP WIDTH="15" VPOS="1004" HPOS="481"/>
							<String ID="string_194" HPOS="496" VPOS="1005" WIDTH="134" HEIGHT="20" WC="0.92" CONTENT="kostsamma"/><SP WIDTH="14" VPOS="1005" HPOS="630"/>
							<String ID="string_195" HPOS="644" VPOS="1005" WIDTH="165" HEIGHT="26" WC="0.92" CONTENT="brobyggnader"/>
						</TextLine>
						<TextLine ID="line_25" HPOS="50" VPOS="1039" WIDTH="760" HEIGHT="27">
							<String ID="string_196" HPOS="50" VPOS="1040" WIDTH="38" HEIGHT="19" WC="0.95" CONTENT="äro"/><SP WIDTH="24" VPOS="1040" HPOS="88"/>
							<String ID="string_197" HPOS="112" VPOS="1039" WIDTH="147" HEIGHT="27" WC="0.95" CONTENT="erforderliga,"/><SP WIDTH="25" VPOS="1039" HPOS="259"/>
							<String ID="string_198" HPOS="284" VPOS="1041" WIDTH="54" HEIGHT="19" WC="0.88" CONTENT="samt"/><SP WIDTH="25" VPOS="1041" HPOS="338"/>
							<String ID="string_199" HPOS="363" VPOS="1039" WIDTH="95" HEIGHT="21" WC="0.96" CONTENT="derefter"/><SP WIDTH="15" VPOS="1039" HPOS="458"/>
							<String ID="string_200" HPOS="473" VPOS="1045" WIDTH="77" HEIGHT="21" WC="0.86" CONTENT="genom"/><SP WIDTH="17" VPOS="1045" HPOS="550"/>
							<String ID="string_201" HPOS="567" VPOS="1045" WIDTH="25" HEIGHT="15" WC="0.93" CONTENT="en"/><SP WIDTH="17" VPOS="1045" HPOS="592"/>
							<String ID="string_202" HPOS="609" VPOS="1039" WIDTH="94" HEIGHT="27" WC="0.93" CONTENT="betydlig"/><SP WIDTH="16" VPOS="1039" HPOS="703"/>
							<String ID="string_203" HPOS="719" VPOS="1039" WIDTH="52" HEIGHT="27" WC="0.92" CONTENT="bugt"/><SP WIDTH="16" VPOS="1039" HPOS="771"/>
							<String ID="string_204" HPOS="787" VPOS="1039" WIDTH="23" HEIGHT="22" WC="0.94" CONTENT="ät"/>
						</TextLine>
						<TextLine ID="line_26" HPOS="49" VPOS="1073" WIDTH="758" HEIGHT="28">
							<String ID="string_205" HPOS="49" VPOS="1079" WIDTH="51" HEIGHT="15" WC="0.92" CONTENT="norr"/><SP WIDTH="23" VPOS="1079" HPOS="100"/>
							<String ID="string_206" HPOS="123" VPOS="1073" WIDTH="33" HEIGHT="21" WC="0.89" CONTENT="till"/><SP WIDTH="23" VPOS="1073" HPOS="156"/>
							<String ID="string_207" HPOS="179" VPOS="1073" WIDTH="165" HEIGHT="28" WC="0.92" CONTENT="Kihtelysvaara"/><SP WIDTH="26" VPOS="1073" HPOS="344"/>
							<String ID="string_208" HPOS="370" VPOS="1073" WIDTH="105" HEIGHT="28" WC="0.91" CONTENT="kyrkoby,"/><SP WIDTH="24" VPOS="1073" HPOS="475"/>
							<String ID="string_209" HPOS="499" VPOS="1075" WIDTH="51" HEIGHT="20" WC="0.96" CONTENT="utan"/><SP WIDTH="24" VPOS="1075" HPOS="550"/>
							<String ID="string_210" HPOS="574" VPOS="1074" WIDTH="149" HEIGHT="21" WC="0.93" CONTENT="motsvarande"/><SP WIDTH="22" VPOS="1074" HPOS="723"/>
							<String ID="string_211" HPOS="745" VPOS="1081" WIDTH="62" HEIGHT="20" WC="0.92" CONTENT="gagn,"/>
						</TextLine>
						<TextLine ID="line_27" HPOS="49" VPOS="1107" WIDTH="760" HEIGHT="28">
							<String ID="string_212" HPOS="49" VPOS="1107" WIDTH="85" HEIGHT="22" WC="0.93" CONTENT="komme"/><SP WIDTH="20" VPOS="1107" HPOS="134"/>
							<String ID="string_213" HPOS="154" VPOS="1110" WIDTH="33" HEIGHT="19" WC="0.93" CONTENT="att"/><SP WIDTH="15" VPOS="1110" HPOS="187"/>
							<String ID="string_214" HPOS="202" VPOS="1108" WIDTH="105" HEIGHT="27" WC="0.91" CONTENT="fördyras,"/><SP WIDTH="17" VPOS="1108" HPOS="307"/>
							<String ID="string_215" HPOS="324" VPOS="1109" WIDTH="40" HEIGHT="21" WC="0.96" CONTENT="har"/><SP WIDTH="15" VPOS="1109" HPOS="364"/>
							<String ID="string_216" HPOS="379" VPOS="1109" WIDTH="72" HEIGHT="20" WC="0.92" CONTENT="denna"/><SP WIDTH="16" VPOS="1109" HPOS="451"/>
							<String ID="string_217" HPOS="467" VPOS="1109" WIDTH="127" HEIGHT="26" WC="0.91" CONTENT="sträckning"/><SP WIDTH="15" VPOS="1109" HPOS="594"/>
							<String ID="string_218" HPOS="609" VPOS="1111" WIDTH="81" HEIGHT="19" WC="0.92" CONTENT="ansetts"/><SP WIDTH="15" VPOS="1111" HPOS="690"/>
							<String ID="string_219" HPOS="705" VPOS="1109" WIDTH="54" HEIGHT="21" WC="0.93" CONTENT="böra"/><SP WIDTH="15" VPOS="1109" HPOS="759"/>
							<String ID="string_220" HPOS="774" VPOS="1109" WIDTH="35" HEIGHT="21" WC="0.92" CONTENT="sä-"/>
						</TextLine>
						<TextLine ID="line_28" HPOS="49" VPOS="1142" WIDTH="759" HEIGHT="28">
							<String ID="string_221" HPOS="49" VPOS="1142" WIDTH="67" HEIGHT="22" WC="0.92" CONTENT="lunda"/><SP WIDTH="22" VPOS="1142" HPOS="116"/>
							<String ID="string_222" HPOS="138" VPOS="1143" WIDTH="128" HEIGHT="27" WC="0.92" CONTENT="modifieras,"/><SP WIDTH="24" VPOS="1143" HPOS="266"/>
							<String ID="string_223" HPOS="290" VPOS="1145" WIDTH="32" HEIGHT="19" WC="0.93" CONTENT="att"/><SP WIDTH="22" VPOS="1145" HPOS="322"/>
							<String ID="string_224" HPOS="344" VPOS="1143" WIDTH="66" HEIGHT="22" WC="0.93" CONTENT="linien"/><SP WIDTH="19" VPOS="1143" HPOS="410"/>
							<String ID="string_225" HPOS="429" VPOS="1143" WIDTH="72" HEIGHT="21" WC="0.93" CONTENT="skulle"/><SP WIDTH="16" VPOS="1143" HPOS="501"/>
							<String ID="string_226" HPOS="517" VPOS="1143" WIDTH="78" HEIGHT="27" WC="0.92" CONTENT="dragas"/><SP WIDTH="16" VPOS="1143" HPOS="595"/>
							<String ID="string_227" HPOS="611" VPOS="1145" WIDTH="58" HEIGHT="20" WC="0.92" CONTENT="öster"/><SP WIDTH="15" VPOS="1145" HPOS="669"/>
							<String ID="string_228" HPOS="684" VPOS="1149" WIDTH="33" HEIGHT="15" WC="0.93" CONTENT="om"/><SP WIDTH="16" VPOS="1149" HPOS="717"/>
							<String ID="string_229" HPOS="733" VPOS="1143" WIDTH="75" HEIGHT="22" WC="0.92" CONTENT="Noita-"/>
						</TextLine>
						<TextLine ID="line_29" HPOS="47" VPOS="1178" WIDTH="761" HEIGHT="28">
							<String ID="string_230" HPOS="47" VPOS="1178" WIDTH="56" HEIGHT="26" WC="0.93" CONTENT="järvi"/><SP WIDTH="23" VPOS="1178" HPOS="103"/>
							<String ID="string_231" HPOS="126" VPOS="1178" WIDTH="38" HEIGHT="26" WC="0.92" CONTENT="sjö,"/><SP WIDTH="24" VPOS="1178" HPOS="164"/>
							<String ID="string_232" HPOS="188" VPOS="1178" WIDTH="55" HEIGHT="21" WC="0.92" CONTENT="förbi"/><SP WIDTH="22" VPOS="1178" HPOS="243"/>
							<String ID="string_233" HPOS="265" VPOS="1178" WIDTH="77" HEIGHT="21" WC="0.96" CONTENT="Kemiä"/><SP WIDTH="21" VPOS="1178" HPOS="342"/>
							<String ID="string_234" HPOS="363" VPOS="1178" WIDTH="28" HEIGHT="27" WC="0.95" CONTENT="by"/><SP WIDTH="15" VPOS="1178" HPOS="391"/>
							<String ID="string_235" HPOS="406" VPOS="1178" WIDTH="7" HEIGHT="21" WC="0.93" CONTENT="i"/><SP WIDTH="16" VPOS="1178" HPOS="413"/>
							<String ID="string_236" HPOS="429" VPOS="1178" WIDTH="108" HEIGHT="21" WC="0.92" CONTENT="närheten"/><SP WIDTH="16" VPOS="1178" HPOS="537"/>
							<String ID="string_237" HPOS="553" VPOS="1178" WIDTH="24" HEIGHT="20" WC="0.96" CONTENT="af"/><SP WIDTH="13" VPOS="1178" HPOS="577"/>
							<String ID="string_238" HPOS="590" VPOS="1178" WIDTH="135" HEIGHT="27" WC="0.96" CONTENT="Tohmajärvi"/><SP WIDTH="15" VPOS="1178" HPOS="725"/>
							<String ID="string_239" HPOS="740" VPOS="1178" WIDTH="68" HEIGHT="28" WC="0.96" CONTENT="kyrka"/>
						</TextLine>
						<TextLine ID="line_30" HPOS="49" VPOS="1212" WIDTH="760" HEIGHT="28">
							<String ID="string_240" HPOS="49" VPOS="1212" WIDTH="33" HEIGHT="21" WC="0.95" CONTENT="till"/><SP WIDTH="16" VPOS="1212" HPOS="82"/>
							<String ID="string_241" HPOS="98" VPOS="1212" WIDTH="116" HEIGHT="27" WC="0.93" CONTENT="Särkijärvi"/><SP WIDTH="17" VPOS="1212" HPOS="214"/>
							<String ID="string_242" HPOS="231" VPOS="1212" WIDTH="37" HEIGHT="28" WC="0.93" CONTENT="sjö,"/><SP WIDTH="17" VPOS="1212" HPOS="268"/>
							<String ID="string_243" HPOS="285" VPOS="1213" WIDTH="37" HEIGHT="21" WC="0.96" CONTENT="der"/><SP WIDTH="16" VPOS="1213" HPOS="322"/>
							<String ID="string_244" HPOS="338" VPOS="1213" WIDTH="40" HEIGHT="21" WC="0.93" CONTENT="den"/><SP WIDTH="15" VPOS="1213" HPOS="378"/>
							<String ID="string_245" HPOS="393" VPOS="1213" WIDTH="87" HEIGHT="21" WC="0.93" CONTENT="komme"/><SP WIDTH="16" VPOS="1213" HPOS="480"/>
							<String ID="string_246" HPOS="496" VPOS="1214" WIDTH="33" HEIGHT="20" WC="0.93" CONTENT="att"/><SP WIDTH="15" VPOS="1214" HPOS="529"/>
							<String ID="string_247" HPOS="544" VPOS="1213" WIDTH="149" HEIGHT="21" WC="0.91" CONTENT="sammanfalla"/><SP WIDTH="15" VPOS="1213" HPOS="693"/>
							<String ID="string_248" HPOS="708" VPOS="1214" WIDTH="48" HEIGHT="21" WC="0.93" CONTENT="med"/><SP WIDTH="15" VPOS="1214" HPOS="756"/>
							<String ID="string_249" HPOS="771" VPOS="1213" WIDTH="38" HEIGHT="21" WC="0.92" CONTENT="Ki-"/>
						</TextLine>
						<TextLine ID="line_31" HPOS="50" VPOS="1247" WIDTH="756" HEIGHT="27">
							<String ID="string_250" HPOS="50" VPOS="1247" WIDTH="36" HEIGHT="20" WC="0.89" CONTENT="des"/><SP WIDTH="24" VPOS="1247" HPOS="86"/>
							<String ID="string_251" HPOS="110" VPOS="1247" WIDTH="144" HEIGHT="24" WC="0.87" CONTENT="alternativet,"/><SP WIDTH="24" VPOS="1247" HPOS="254"/>
							<String ID="string_252" HPOS="278" VPOS="1249" WIDTH="56" HEIGHT="19" WC="0.96" CONTENT="samt"/><SP WIDTH="22" VPOS="1249" HPOS="334"/>
							<String ID="string_253" HPOS="356" VPOS="1249" WIDTH="33" HEIGHT="19" WC="0.93" CONTENT="att"/><SP WIDTH="22" VPOS="1249" HPOS="389"/>
							<String ID="string_254" HPOS="411" VPOS="1247" WIDTH="166" HEIGHT="27" WC="0.92" CONTENT="ifrägavarande"/><SP WIDTH="24" VPOS="1247" HPOS="577"/>
							<String ID="string_255" HPOS="601" VPOS="1248" WIDTH="50" HEIGHT="20" WC="0.92" CONTENT="linie"/><SP WIDTH="24" VPOS="1248" HPOS="651"/>
							<String ID="string_256" HPOS="675" VPOS="1248" WIDTH="91" HEIGHT="21" WC="0.96" CONTENT="medelst"/><SP WIDTH="15" VPOS="1248" HPOS="766"/>
							<String ID="string_257" HPOS="781" VPOS="1254" WIDTH="25" HEIGHT="15" WC="0.96" CONTENT="en"/>
						</TextLine>
						<TextLine ID="line_32" HPOS="48" VPOS="1281" WIDTH="759" HEIGHT="23">
							<String ID="string_258" HPOS="48" VPOS="1281" WIDTH="50" HEIGHT="21" WC="0.90" CONTENT="kort"/><SP WIDTH="22" VPOS="1281" HPOS="98"/>
							<String ID="string_259" HPOS="120" VPOS="1281" WIDTH="79" HEIGHT="21" WC="0.90" CONTENT="bibana"/><SP WIDTH="23" VPOS="1281" HPOS="199"/>
							<String ID="string_260" HPOS="222" VPOS="1282" WIDTH="69" HEIGHT="20" WC="0.93" CONTENT="skulle"/><SP WIDTH="20" VPOS="1282" HPOS="291"/>
							<String ID="string_261" HPOS="311" VPOS="1284" WIDTH="68" HEIGHT="19" WC="0.93" CONTENT="sättas"/><SP WIDTH="16" VPOS="1284" HPOS="379"/>
							<String ID="string_262" HPOS="395" VPOS="1282" WIDTH="6" HEIGHT="21" WC="0.93" CONTENT="i"/><SP WIDTH="16" VPOS="1282" HPOS="401"/>
							<String ID="string_263" HPOS="417" VPOS="1282" WIDTH="132" HEIGHT="21" WC="0.93" CONTENT="förbindelse"/><SP WIDTH="16" VPOS="1282" HPOS="549"/>
							<String ID="string_264" HPOS="565" VPOS="1282" WIDTH="48" HEIGHT="21" WC="0.96" CONTENT="med"/><SP WIDTH="16" VPOS="1282" HPOS="613"/>
							<String ID="string_265" HPOS="629" VPOS="1282" WIDTH="102" HEIGHT="21" WC="0.96" CONTENT="Wärtsilä"/><SP WIDTH="15" VPOS="1282" HPOS="731"/>
							<String ID="string_266" HPOS="746" VPOS="1282" WIDTH="61" HEIGHT="22" WC="0.96" CONTENT="bruk."/>
						</TextLine>
						<TextLine ID="line_33" HPOS="50" VPOS="1306" WIDTH="756" HEIGHT="41">
							<String ID="string_267" HPOS="50" VPOS="1306" WIDTH="190" HEIGHT="41" WC="0.91" CONTENT="Öfveringeniören"/><SP WIDTH="24" VPOS="1306" HPOS="240"/>
							<String ID="string_268" HPOS="264" VPOS="1316" WIDTH="111" HEIGHT="28" WC="0.92" CONTENT="Tallgvist,"/><SP WIDTH="23" VPOS="1316" HPOS="375"/>
							<String ID="string_269" HPOS="398" VPOS="1316" WIDTH="67" HEIGHT="21" WC="0.92" CONTENT="hvars"/><SP WIDTH="15" VPOS="1316" HPOS="465"/>
							<String ID="string_270" HPOS="480" VPOS="1316" WIDTH="103" HEIGHT="27" WC="0.90" CONTENT="yttrande"/><SP WIDTH="15" VPOS="1316" HPOS="583"/>
							<String ID="string_271" HPOS="598" VPOS="1316" WIDTH="74" HEIGHT="22" WC="0.92" CONTENT="härom"/><SP WIDTH="16" VPOS="1316" HPOS="672"/>
							<String ID="string_272" HPOS="688" VPOS="1316" WIDTH="71" HEIGHT="22" WC="0.90" CONTENT="blifvit"/><SP WIDTH="15" VPOS="1316" HPOS="759"/>
							<String ID="string_273" HPOS="774" VPOS="1316" WIDTH="32" HEIGHT="22" WC="0.92" CONTENT="in-"/>
						</TextLine>
						<TextLine ID="line_34" HPOS="48" VPOS="1350" WIDTH="759" HEIGHT="28">
							<String ID="string_274" HPOS="48" VPOS="1350" WIDTH="102" HEIGHT="27" WC="0.93" CONTENT="hemtadt,"/><SP WIDTH="25" VPOS="1350" HPOS="150"/>
							<String ID="string_275" HPOS="175" VPOS="1350" WIDTH="45" HEIGHT="26" WC="0.93" CONTENT="har,"/><SP WIDTH="16" VPOS="1350" HPOS="220"/>
							<String ID="string_276" HPOS="236" VPOS="1351" WIDTH="65" HEIGHT="24" WC="0.92" CONTENT="jemte"/><SP WIDTH="17" VPOS="1351" HPOS="301"/>
							<String ID="string_277" HPOS="318" VPOS="1353" WIDTH="99" HEIGHT="19" WC="0.93" CONTENT="närmare"/><SP WIDTH="16" VPOS="1353" HPOS="417"/>
							<String ID="string_278" HPOS="433" VPOS="1350" WIDTH="132" HEIGHT="28" WC="0.92" CONTENT="angifvande"/><SP WIDTH="16" VPOS="1350" HPOS="565"/>
							<String ID="string_279" HPOS="581" VPOS="1351" WIDTH="22" HEIGHT="21" WC="0.96" CONTENT="af"/><SP WIDTH="15" VPOS="1351" HPOS="603"/>
							<String ID="string_280" HPOS="618" VPOS="1351" WIDTH="40" HEIGHT="21" WC="0.93" CONTENT="den"/><SP WIDTH="15" VPOS="1351" HPOS="658"/>
							<String ID="string_281" HPOS="673" VPOS="1352" WIDTH="134" HEIGHT="26" WC="0.91" CONTENT="sträckning,"/>
						</TextLine>
						<TextLine ID="line_35" HPOS="49" VPOS="1385" WIDTH="758" HEIGHT="28">
							<String ID="string_282" HPOS="49" VPOS="1385" WIDTH="141" HEIGHT="21" WC="0.90" CONTENT="omförmälda"/><SP WIDTH="23" VPOS="1385" HPOS="190"/>
							<String ID="string_283" HPOS="213" VPOS="1385" WIDTH="51" HEIGHT="21" WC="0.91" CONTENT="linie"/><SP WIDTH="22" VPOS="1385" HPOS="264"/>
							<String ID="string_284" HPOS="286" VPOS="1386" WIDTH="67" HEIGHT="20" WC="0.93" CONTENT="borde"/><SP WIDTH="21" VPOS="1386" HPOS="353"/>
							<String ID="string_285" HPOS="374" VPOS="1386" WIDTH="90" HEIGHT="27" WC="0.92" CONTENT="erhälla,"/><SP WIDTH="17" VPOS="1386" HPOS="464"/>
							<String ID="string_286" HPOS="481" VPOS="1386" WIDTH="40" HEIGHT="20" WC="0.96" CONTENT="och"/><SP WIDTH="15" VPOS="1386" HPOS="521"/>
							<String ID="string_287" HPOS="536" VPOS="1386" WIDTH="49" HEIGHT="21" WC="0.93" CONTENT="med"/><SP WIDTH="15" VPOS="1386" HPOS="585"/>
							<String ID="string_288" HPOS="600" VPOS="1386" WIDTH="127" HEIGHT="26" WC="0.91" CONTENT="biläggande"/><SP WIDTH="16" VPOS="1386" HPOS="727"/>
							<String ID="string_289" HPOS="743" VPOS="1386" WIDTH="24" HEIGHT="21" WC="0.96" CONTENT="af"/><SP WIDTH="14" VPOS="1386" HPOS="767"/>
							<String ID="string_290" HPOS="781" VPOS="1392" WIDTH="26" HEIGHT="15" WC="0.95" CONTENT="en"/>
						</TextLine>
						<TextLine ID="line_36" HPOS="47" VPOS="1419" WIDTH="627" HEIGHT="28">
							<String ID="string_291" HPOS="47" VPOS="1419" WIDTH="70" HEIGHT="27" WC="0.93" CONTENT="karta,"/><SP WIDTH="16" VPOS="1419" HPOS="117"/>
							<String ID="string_292" HPOS="133" VPOS="1419" WIDTH="66" HEIGHT="21" WC="0.90" CONTENT="hvarä"/><SP WIDTH="17" VPOS="1419" HPOS="199"/>
							<String ID="string_293" HPOS="216" VPOS="1420" WIDTH="125" HEIGHT="21" WC="0.96" CONTENT="densamma"/><SP WIDTH="16" VPOS="1420" HPOS="341"/>
							<String ID="string_294" HPOS="357" VPOS="1420" WIDTH="70" HEIGHT="21" WC="0.95" CONTENT="blifvit"/><SP WIDTH="16" VPOS="1420" HPOS="427"/>
							<String ID="string_295" HPOS="443" VPOS="1420" WIDTH="134" HEIGHT="27" WC="0.95" CONTENT="uppdragen,"/><SP WIDTH="16" VPOS="1420" HPOS="577"/>
							<String ID="string_296" HPOS="593" VPOS="1420" WIDTH="81" HEIGHT="21" WC="0.96" CONTENT="anfört:"/>
						</TextLine>
					</TextBlock>
					<TextBlock ID="block_4" HPOS="119" VPOS="1454" WIDTH="687" HEIGHT="26">
						<TextLine ID="line_37" HPOS="119" VPOS="1454" WIDTH="687" HEIGHT="26">
							<String ID="string_297" HPOS="119" VPOS="1456" WIDTH="39" HEIGHT="24" WC="0.93" CONTENT="att,"/><SP WIDTH="24" VPOS="1456" HPOS="158"/>
							<String ID="string_298" HPOS="182" VPOS="1454" WIDTH="70" HEIGHT="21" WC="0.92" CONTENT="såvidt"/><SP WIDTH="22" VPOS="1454" HPOS="252"/>
							<String ID="string_299" HPOS="274" VPOS="1455" WIDTH="43" HEIGHT="20" WC="0.95" CONTENT="han"/><SP WIDTH="24" VPOS="1455" HPOS="317"/>
							<String ID="string_300" HPOS="341" VPOS="1455" WIDTH="67" HEIGHT="21" WC="0.96" CONTENT="under"/><SP WIDTH="25" VPOS="1455" HPOS="408"/>
							<String ID="string_301" HPOS="433" VPOS="1461" WIDTH="26" HEIGHT="15" WC="0.96" CONTENT="en"/><SP WIDTH="25" VPOS="1461" HPOS="459"/>
							<String ID="string_302" HPOS="484" VPOS="1455" WIDTH="120" HEIGHT="21" WC="0.96" CONTENT="studieresa"/><SP WIDTH="15" VPOS="1455" HPOS="604"/>
							<String ID="string_303" HPOS="619" VPOS="1455" WIDTH="7" HEIGHT="20" WC="0.96" CONTENT="i"/><SP WIDTH="16" VPOS="1455" HPOS="626"/>
							<String ID="string_304" HPOS="642" VPOS="1455" WIDTH="62" HEIGHT="21" WC="0.96" CONTENT="dessa"/><SP WIDTH="19" VPOS="1455" HPOS="704"/>
							<String ID="string_305" HPOS="723" VPOS="1455" WIDTH="83" HEIGHT="22" WC="0.96" CONTENT="trakter"/>
						</TextLine>
					</TextBlock>
					<TextBlock ID="block_5" HPOS="736" VPOS="1491" WIDTH="11" HEIGHT="16">
						<TextLine ID="line_38" HPOS="736" VPOS="1491" WIDTH="11" HEIGHT="16">
							<String ID="string_306" HPOS="736" VPOS="1491" WIDTH="11" HEIGHT="16" WC="0.96" CONTENT="2"/>
						</TextLine>
					</TextBlock>
				</ComposedBlock>
			</PrintSpace>
		</Page>
	</Layout>
</alto>
