1056 1725
228 130 13 20 4
410 130 75 22 Ständ.
501 130 32 20 Sv.
549 142 28 2 —
593 130 60 27 Prop.
665 130 34 21 N:o
715 130 36 21 37.

200 193 23 21 af
242 192 78 22 nöden.
351 193 23 27 Ej
397 193 68 22 heller
488 192 63 22 hafva
574 192 123 22 Ständerna
712 194 53 20 trott
781 198 28 16 en
824 193 132 27 amortering

199 228 69 21 redan
290 228 70 22 under
382 228 27 22 de
431 229 99 20 närmast
552 227 95 27 följande
662 228 53 21 åren
731 234 54 14 vara
799 227 94 27 behöflig
908 228 51 21 eller

200 268 38 16 ens
260 262 96 27 lämplig,
380 262 27 22 då
433 262 60 22 detta
508 262 109 21 sannolikt
632 262 68 21 skulle
715 263 54 26 göra
785 262 171 27 obligationerna

200 297 83 21 mindre
299 297 112 27 begärliga
427 297 34 21 för
477 297 42 21 den
534 299 60 19 stora
609 297 153 21 allmänheten.

268 331 63 22 Hvad
347 333 66 20 sättet
424 331 33 22 för
468 332 161 27 amorteringen
639 331 110 29 beträffar,
761 331 64 22 hafva
836 331 121 22 Ständerna

200 368 71 19 ansett
294 367 48 20 skäl
368 366 125 27 förefinnas,
509 368 37 25 att,
563 367 74 20 såsom
653 367 6 20 i
675 367 42 21 den
733 367 80 26 nådiga
828 367 130 27 propositio-

200 406 42 16 nen
264 400 99 29 föreslås,
380 401 128 22 densamma
523 401 87 22 komme
626 403 31 19 att
673 401 38 22 ske
726 407 80 21 genom
821 401 135 28 uppsägning

200 435 95 26 serievis,
312 435 57 22 dock
386 435 91 22 sålunda
493 437 31 20 att
540 435 127 28 ordningen,
679 436 6 20 i
696 436 87 21 hvilken
795 436 95 21 serierna
898 436 61 21 skola

199 471 117 26 uppsägas,
333 470 48 21 icke
398 471 29 26 på
441 469 96 22 förhand
555 471 102 21 närmare
672 470 139 22 bestämmes.
841 470 40 22 Om
896 471 63 20 näm-

199 504 57 27 ligen
272 505 73 20 denna
360 505 95 27 ordning
469 505 68 21 redan
553 504 47 22 från
615 505 78 27 början
709 505 70 22 blefve
794 505 87 26 fixerad,
893 505 66 21 skulle

200 538 27 22 de
242 539 70 21 skilda
328 539 99 21 serierna
443 539 109 21 sannolikt
567 539 89 21 komma
672 541 31 20 att
719 540 13 21 å
747 539 211 28 penningemarkna-

200 573 42 22 den
264 573 90 28 betinga
377 574 34 27 sig
430 574 57 22 olika
503 574 48 27 pris.
582 573 123 23 Ständerna
720 576 34 19 tro
771 574 35 22 det
821 574 72 22 derför
907 580 53 15 vara

199 608 164 27 fördelaktigast
389 611 38 22 att,
451 608 31 22 till
504 608 139 22 undvikande
663 608 26 22 af
708 615 27 15 en
751 608 57 28 dylik
823 609 136 27 prisskilnad,

200 642 44 22 låta
260 643 36 21 det
311 643 36 21 vid
362 643 75 27 hvarje
453 643 134 27 amortering
602 643 53 21 bero
671 643 23 21 af
707 643 147 27 lottdragning
869 643 91 22 emellan

200 678 27 21 de
249 678 70 21 skilda
342 678 105 29 serierna,
471 678 86 21 hvilken
578 678 52 22 eller
650 678 73 21 hvilka
738 677 67 22 bland
820 678 64 22 dessa
899 678 60 21 skola

200 713 110 27 uppsägas
326 712 30 21 till
372 712 119 28 betalning.

268 746 105 28 Slutligen
395 747 21 21 få
431 747 124 21 Ständerna
570 748 75 20 såsom
660 749 31 20 ett
707 747 164 27 önskningsmål
886 747 74 29 uttala,

201 783 31 19 att
248 781 36 21 det
300 782 116 26 angående
432 782 26 21 de
474 788 29 14 nu
518 782 131 27 utelöpande
665 782 182 21 donationslånen
862 781 99 27 gällande

200 816 131 27 stadgandet
347 816 84 27 derom,
449 818 31 19 att
495 817 134 28 ,ersättning
645 816 32 22 för
693 816 116 22 förkomna
819 816 142 27 obligationer

200 851 42 21 och
257 850 180 29 räntekuponger
453 851 48 22 icke
516 857 51 22 eger
582 850 63 23 rum"
661 852 18 27 ej
696 851 71 22 blefve
782 851 36 22 vid
829 851 36 22 det
875 856 43 22 nya
928 850 33 21 lå-

200 887 37 20 net
259 886 129 27 tillämpadt.
419 885 155 23 Erfarenheten
596 887 40 20 har
658 887 63 26 visat,
737 888 32 19 att
785 885 139 22 innehafvare
939 884 24 22 af

200 920 84 21 sådana
303 920 318 27 donationslåneobligationer,
641 921 72 21 hvilka
733 921 104 27 antingen
851 921 36 20 vid
903 920 55 21 elds-

200 954 57 21 våda
281 955 51 21 eller
353 955 68 21 andra
441 955 191 27 olyckshändelser
646 955 119 28 bevisligen
783 956 46 27 gått
845 955 112 25 förlorade,

200 995 80 21 genom
304 989 157 22 ofvananförda
482 989 120 28 stadgande
617 990 98 21 hindrats
732 991 32 20 att
779 989 46 22 utfå
840 989 119 26 ersättning

200 1023 35 21 för
258 1023 73 28 dylika
354 1023 106 27 förluster,
477 1030 48 15 som
540 1025 44 21 helt
600 1025 42 21 och
657 1025 66 22 hället
739 1026 52 19 utan
807 1025 66 26 nägot
889 1024 70 27 tillgö-

200 1058 68 21 rande
292 1058 51 21 eller
366 1059 73 26 nägon
461 1059 162 21 uraktlätenhet
645 1058 50 22 frän
719 1059 64 21 deras
806 1058 47 21 sida
867 1058 91 21 drabbat

200 1092 56 27 dem,
272 1093 143 27 hvarigenom
433 1093 131 22 statsverket
575 1093 136 27 naturligtvis
719 1093 136 27 tillskyndats
864 1099 27 15 en
901 1095 56 19 mot-

200 1127 109 22 svarande
332 1127 85 28 oskälig
437 1127 63 21 vinst.
530 1127 76 28 Dylika
622 1128 117 21 orättvisor
755 1127 67 21 hafva
837 1127 122 22 Ständerna

202 1164 71 19 ansett
296 1162 74 21 kunna
393 1162 6 20 i
422 1162 120 28 möjligaste
560 1163 69 21 mätto
645 1162 148 22 förekommas
808 1168 79 21 genom
903 1162 56 21 inta-

200 1196 71 27 gande
295 1197 6 20 i
316 1197 193 27 bestämningarne
524 1197 114 27 angäende
654 1197 36 22 det
705 1203 44 21 nya
764 1196 194 27 konverteringslä-

200 1233 37 19 net
259 1231 24 21 af
304 1232 115 21 enahanda
443 1232 142 27 stadganden,
609 1238 48 15 som
680 1232 7 20 i
696 1232 67 21 detta
778 1231 102 22 afseende
896 1230 63 22 äfven

199 1266 33 21 för
248 1266 69 27 öfriga
333 1266 91 21 statslän
440 1268 38 19 äro
494 1266 105 27 gällande,
617 1266 50 22 eller
683 1268 31 20 att
731 1266 148 28 obligationer,
888 1265 71 21 hvilka

199 1300 46 27 gätt
267 1300 119 28 förlorade,
405 1301 62 21 skola
482 1300 73 22 kunna
573 1301 68 21 dödas
657 1301 42 22 och
715 1302 94 20 ersättas
825 1306 79 22 genom
919 1306 39 15 an-

200 1334 38 22 dra
254 1334 79 28 dylika.

269 1369 32 21 På
317 1370 68 26 grund
401 1370 24 20 af
437 1370 36 21 det
489 1370 67 21 ofvan
571 1370 92 22 anförda
678 1370 21 22 få
715 1370 124 22 Ständerna
849 1369 107 22 underdå-

200 1404 56 26 nigst
273 1404 98 21 anmäla:
