1056 1725
360 138 21 21 U.
398 138 21 22 B.
435 150 28 3 —
479 138 36 22 N:o
530 138 37 21 38.
799 138 13 21 3

84 202 63 26 kurs,
163 201 55 22 skall
233 201 72 22 under
320 200 111 28 offentligt
445 202 65 26 utrop
525 201 13 21 ä
555 201 160 22 landskansliet
729 200 113 29 försäljas;

83 236 38 22 och
136 236 105 26 iakttages
256 236 75 22 dervid
346 236 9 21 i
371 235 132 29 tillämpliga
517 236 62 22 delar
593 236 57 22 hvad
663 236 9 21 i
682 236 31 22 33
722 236 38 22 och
769 236 31 21 34
810 236 32 28 $$

82 271 44 22 här
148 271 67 28 ofvan
230 270 108 29 stadgas".
369 270 188 29 Borgareständet
575 272 46 22 åter
636 272 40 21 har
691 271 98 22 uteslutit
803 278 39 21 pa-

83 307 101 27 ragrafen
199 313 25 14 ur
241 305 249 28 författningsförslaget.

153 341 32 22 Dä
200 341 196 27 Borgareständets
412 341 95 22 berörda
522 341 70 22 beslut
605 341 48 22 icke
663 341 24 22 af
696 343 68 20 annat
774 341 69 22 Ständ

82 376 150 27 understödes,
248 378 57 19 samt
320 375 176 22 Presteständets
511 376 71 21 beslut
597 376 76 21 endast
689 376 58 22 afser
763 378 32 19 att
810 375 32 22 af-

83 411 77 28 lägsna
179 417 27 15 en
226 410 146 28 oegentlighet
391 410 6 21 i
416 410 143 28 paragrafens
580 410 80 29 lydelse
679 411 66 27 enligt
765 411 77 21 betän-

84 446 87 27 kandet,
187 445 89 22 föresläs
292 445 123 22 värdsamt:

281 516 34 20 att
328 514 102 29 Sländen
445 514 50 22 ville
507 514 119 28 godkänna
640 514 17 29 $
671 514 31 22 35
711 515 132 28 sälydande:

279 578 12 10 y
295 561 107 28 Jernväg,
423 568 45 14 som
485 561 107 27 upplåtits
612 560 33 23 till
662 561 105 27 konkurs,
787 561 56 23 skall

222 596 72 22 under
312 596 111 28 offentligt
441 597 65 27 utrop
521 596 14 21 ä
551 595 160 23 landskansliet
725 596 119 28 försäljas
834 591 13 37 ;

223 631 37 21 och
279 631 108 28 iakttages
405 630 76 22 dervid
499 630 58 22 hvad
575 630 8 22 i
603 630 29 22 33
649 630 37 22 och
704 631 32 21 34
753 631 34 28 $$
802 631 42 21 här

222 666 68 28 ofvan
305 666 110 28 stadgas".

156 776 140 28 Helsingfors,
312 776 42 21 den
370 776 28 21 23
413 775 43 27 Maj
474 775 61 21 1888.

127 1447 131 41 Helsingfors,
270 1461 18 18 J.
300 1460 69 19 Simelii
382 1450 108 33 arfvingars
502 1459 239 24 boktryckeri-aktiebolag,
754 1462 49 17 1889.
