1056 1725
255 168 27 21 16

226 228 48 21 icke
290 227 74 21 kunna
379 233 77 21 genom
473 227 89 27 uppköp
577 228 79 25 genast
671 226 54 28 fylla
740 227 40 21 sitt
796 226 66 22 behof
873 227 24 21 af
905 227 64 21 hästa

224 263 54 21 eller
294 263 6 21 i
317 262 43 22 alla
376 262 38 22 fall
435 262 81 22 erhålla
536 262 141 22 uteslutande
693 262 90 28 sådana,
800 268 45 16 som
863 268 50 16 vore
929 262 40 22 full

225 299 93 26 komligt
340 298 91 22 oöfvade
455 299 40 21 och
514 298 36 21 vid
575 299 80 21 sådant
678 299 136 21 förhållande
833 300 53 20 utan
905 298 65 22 tvifve

224 335 87 21 komme
335 337 33 20 att
393 334 6 21 i
423 334 111 27 betänklig
553 335 54 26 grad
626 334 99 22 försvåra
744 334 140 22 kavalleriets
904 340 66 20 opera

225 370 79 22 tioner.
328 370 139 27 Majoriteten
484 370 57 21 inom
558 370 104 21 Komitén
679 370 39 21 har
735 370 86 21 derföre
837 371 74 20 ansett
921 369 50 22 kraf

226 409 35 18 vet
285 408 27 25 på
333 406 140 22 anordnande
494 405 23 22 af
536 406 125 21 hästreserv
682 412 51 15 vara
756 405 117 28 oafvisligt.
906 405 67 22 Skull

226 443 37 20 det
279 442 56 21 dock
351 442 46 21 visa
414 441 33 27 sig
463 443 34 20 att
507 447 110 21 personer,
629 443 23 20 åt
662 441 75 22 hvilka
749 442 148 21 reservhästar
907 441 66 22 kunde

226 478 116 26 anförtros,
359 478 48 21 icke
423 477 87 26 erbjöde
526 477 33 27 sig
575 479 34 20 att
625 479 112 25 emottaga
753 478 81 21 sådana
846 478 39 21 och
897 483 77 16 reserv-

226 515 106 25 systemet
356 513 5 21 i
386 513 53 27 följd
463 513 62 22 deraf
546 513 105 27 antingen
674 513 41 21 alls
739 513 47 22 icke
806 513 53 21 eller
878 514 77 21 endast

228 549 85 22 mindre
332 556 49 15 mon
401 549 74 21 kunna
491 549 143 27 genomföras,
652 551 83 25 öppnar
752 549 11 27 $
781 549 26 21 17
825 549 31 21 uti
874 549 101 27 ifrägava-

228 586 67 21 rande
316 585 81 27 förslag
418 587 65 24 utväg
503 586 32 20 att
557 585 74 21 kunna
653 584 88 28 öfvergå
763 585 33 21 till
816 586 37 20 det
869 584 24 22 af
906 584 70 22 Komi-

227 622 49 20 téns
300 621 113 21 minoritet
436 620 115 22 förordade
573 622 68 20 sättet
662 623 33 19 att
714 620 103 28 uppköpa
839 621 36 21 det
895 620 33 22 för
943 621 34 21 ka-

228 656 100 22 valleriet
343 656 35 22 vid
395 656 149 27 mobilisering
559 655 110 28 behöfliga
685 656 59 21 antal
762 656 81 21 hästar.

289 692 158 26 Efterföljande
473 692 146 26 beräkningar
643 692 72 21 utvisa
742 692 55 21 huru
820 692 116 20 resultatet
960 693 19 19 al

228 730 178 24 reservsystemet
429 728 86 21 komme
536 730 33 19 att
590 727 78 22 utfalla
687 730 57 19 samt
765 728 37 21 det
823 727 59 21 antal
899 728 80 24 hästar,

228 770 55 20 som,
306 764 6 21 i
334 763 103 22 händelse
457 764 122 20 detsamma
600 764 160 26 genomfördes,
781 764 110 20 dessutom
914 762 66 22 borde

229 800 35 21 vid
282 799 149 27 mobilisering
447 799 118 27 uppköpas.

290 835 41 21 Vid
351 837 32 20 ett
399 835 208 27 dragonregemente
624 836 64 26 utgör
705 835 113 21 skilnaden
836 834 92 22 emellan
944 841 37 15 an-

229 871 55 22 talet
308 871 74 21 hästar
406 871 33 21 för
460 871 129 26 manskapet
605 871 36 21 vid
662 871 87 21 fronten
773 870 68 27 enligt
856 871 69 26 krigs-
942 871 39 21 och

229 907 190 21 fredsnumerären
446 907 28 20 96
500 907 38 20 och
567 906 84 21 således
676 907 35 20 vid
738 909 79 18 tvänne
843 908 139 25 regementen

230 943 50 20 192.
312 943 96 26 Antager
425 948 48 15 man
489 944 33 19 att
538 943 23 20 af
576 942 49 21 hela
642 943 83 21 antalet
743 942 134 21 fronthästar
893 942 35 21 vid
945 943 36 20 de-

229 978 182 27 potsqvadronen,
428 977 127 28 uppgående
575 977 69 27 enligt
664 978 33 21 för
718 979 127 20 densamma
861 977 121 27 föreslagen

229 1016 46 19 stat
298 1013 34 22 till
358 1014 50 25 184,
427 1013 62 27 tjugu
510 1016 91 24 procent
619 1013 54 22 böra
689 1020 51 15 vara
760 1013 86 22 inridna
865 1014 66 21 redan
947 1013 35 22 vid

229 1049 147 26 sqvadronens
398 1049 108 26 bildande,
526 1051 88 25 utgöres
637 1050 60 21 detta
719 1049 68 22 behof
804 1049 33 21 för
856 1050 127 26 depotsqva-

230 1085 83 22 dronen
330 1085 23 21 af
368 1085 27 20 37
413 1085 80 21 hästar.
526 1085 33 21 Då
575 1086 146 20 nästnämnda
737 1085 59 21 antal
812 1085 74 27 lägges
903 1085 34 21 till
953 1085 30 21 of-

231 1120 133 22 vananförda
381 1120 48 25 192,
445 1121 87 20 komme
549 1121 85 21 således
651 1121 129 21 kavalleriet
796 1122 35 19 att
847 1120 35 21 vid
899 1121 84 20 mobili-

230 1157 74 26 sering
320 1156 91 22 behöfva
427 1156 44 22 229
487 1156 86 22 inridna
589 1157 82 21 hästar.

291 1192 9 21 I
324 1192 91 22 fredstid
439 1192 138 21 underhålles
598 1192 35 21 vid
656 1193 107 21 hvardera
785 1194 136 25 regementet
941 1193 42 20 357

230 1228 136 21 fronthästar
385 1228 39 20 och
443 1228 84 21 således
544 1228 36 21 vid
597 1228 105 27 brigaden
720 1229 49 20 714.
802 1227 49 21 Ifall
869 1228 62 21 dessa
946 1228 39 20 hä-

230 1266 48 18 star
293 1263 77 26 skulle,
388 1264 70 20 såsom
477 1263 62 21 ofvan
556 1263 131 27 föreslagits,
703 1264 60 26 tjena
780 1264 35 20 vid
832 1265 153 25 regementena

231 1299 34 25 sju
287 1300 24 20 år
333 1299 38 21 och
393 1298 95 22 derefter
504 1301 33 19 tre
553 1300 24 20 år
594 1300 80 21 räknas
691 1300 34 20 till
742 1305 108 21 reserven,
867 1300 24 20 så
908 1299 77 26 skulle,

231 1335 29 21 då
276 1334 106 27 tjugufem
402 1337 89 23 procent
507 1334 79 22 afföras
603 1336 28 25 på
646 1334 161 27 förminskning
823 1334 23 22 af
860 1334 125 22 hästnume-

233 1372 64 19 rären
314 1376 77 20 genom
413 1370 146 26 hvarjehanda
575 1370 97 27 orsaker,
688 1371 37 21 vid
741 1376 100 16 reserven
857 1370 70 21 finnas
942 1370 44 21 229

232 1405 55 22 eller
308 1406 36 21 det
366 1405 33 21 för
420 1405 149 27 mobilisering
586 1405 107 27 behöfliga
709 1406 83 22 antalet
809 1406 24 21 af
847 1406 92 26 tidigare
956 1406 30 20 in-

230 1441 67 22 ridna
312 1442 80 21 hästai.
