1056 1725
256 113 12 22 8
444 112 66 24 Ständ.
525 112 32 25 $v.
571 125 29 5 —
616 113 55 29 Prop.
687 113 32 24 N:o
734 112 35 25 38.

224 178 35 22 för
278 178 130 28 behandling
422 180 8 21 i
444 179 147 28 föreliggande
610 180 225 28 författningsförslag.
865 180 31 22 På
915 181 70 21 denna

224 213 71 27 grund
314 213 42 22 och
374 213 28 22 då
416 213 115 28 lagförslag
546 220 35 16 om
596 214 165 28 arbetsgifvares
776 214 209 28 ansvarsskyldighet

224 248 34 21 för
278 248 75 26 skada,
368 254 45 16 som
432 248 94 22 drabbar
540 248 107 27 arbetare,
662 248 61 22 torde
737 254 53 16 vara
805 249 69 21 under
889 250 95 21 utarbet-

223 284 59 26 ning,
304 282 64 23 hafva
390 282 63 22 äfven
475 282 119 23 Ständerna
615 282 76 23 afstätt
710 282 48 23 från
772 284 33 21 att
820 284 73 27 intaga
907 284 77 27 nödiga

223 317 136 22 föreskrifter
374 317 7 22 i
396 317 155 22 ofvannämnda
571 317 100 23 afseende
689 318 32 21 uti
737 317 246 28 författningsförslaget.

223 352 104 22 Förutom
343 352 26 21 de
384 352 163 27 bestämningar,
563 358 47 16 som
625 353 32 21 uti
673 353 40 21 den
728 351 79 28 nådiga
824 352 159 27 propositionen

224 389 132 24 omnämnas,
378 386 69 22 skulle
469 387 55 21 dock
545 387 68 27 enligt
635 386 130 22 Ständernas
788 387 65 21 tanke
877 386 106 22 erfordras

223 420 134 27 stadganden
379 421 62 21 äfven
463 421 80 26 derom,
566 422 33 20 att
619 421 216 27 jernvägsanläggare
858 423 24 19 är
900 420 83 27 skyldig

223 454 98 23 anskaffa
335 455 65 26 nödig
414 454 53 22 vård
482 454 22 22 åt
519 455 126 22 arbetarene
660 455 35 22 vid
710 455 107 27 företaget
825 455 79 28 jemväl
914 455 7 22 i
931 455 52 21 hän-

223 489 59 22 delse
298 489 23 22 af
335 489 154 28 sjukdomsfall.

293 523 130 27 Ytterligare
437 523 64 22 hafva
516 523 119 22 Ständerna
651 523 23 22 af
687 524 48 21 rent
750 523 109 28 språkliga
871 523 47 22 skäl
927 523 56 21 före-

222 559 56 27 tagit
292 558 68 28 några
378 558 82 22 mindre
475 558 121 28 ändringar,
612 558 150 28 förnämligast
776 559 7 21 i
799 558 42 22 den
855 557 70 23 finska
939 557 44 28 lag-

222 594 81 20 texten.

292 626 74 22 Under
386 626 135 27 åberopande
535 626 24 22 af
572 626 56 22 hvad
642 627 8 21 i
665 627 36 21 det
716 626 129 28 föregående
861 626 69 22 blifvit
946 632 37 16 an-

222 662 66 26 fördt,
304 661 22 22 få
342 660 118 22 Ständerna
474 661 7 21 i
497 660 168 28 underdånighet
681 660 94 22 anmäla:

430 727 30 19 att
475 726 39 20 den
528 725 80 26 nådiga
619 726 155 25 propositionen
786 726 43 20 icke
839 726 83 19 kunnat
932 725 51 25 oför-

361 760 84 20 ändrad
467 761 125 24 godkännas
613 761 27 25 af
659 760 126 26 Ständerna,
808 760 71 20 hvilka
899 760 35 25 för
948 760 34 20 sin

361 795 31 20 del
407 796 80 24 antagit
502 800 25 15 en
541 794 24 22 så
580 795 100 25 lydande:

393 896 142 34 Förordning
554 895 123 35 angående
696 895 107 28 enskilda
820 895 129 34 jernvägar

513 942 39 28 för
570 942 85 28 allmän
675 941 155 28 samfärdsel.

647 1031 47 22 $1

429 1083 93 24 Jernväg
539 1082 36 25 för
597 1081 81 20 allmän
699 1081 127 26 samfärdsel
845 1080 38 26 fär
901 1081 43 20 icke
958 1082 26 24 af

360 1117 89 20 enskilde
472 1116 103 25 anläggas
597 1116 48 20 eller
659 1116 105 25 begagnas
778 1117 53 19 utan
846 1117 30 18 att
891 1115 90 21 tillstånd

360 1152 67 20 dertill
448 1152 37 20 hos
506 1150 103 26 Kejsaren
630 1151 36 20 och
682 1151 127 25 Storfursten
823 1150 110 26 utverkats,
949 1149 31 21 så-

360 1192 44 14 som
419 1186 8 20 i
441 1186 70 20 denna
522 1185 127 25 förordning
663 1185 92 25 stadgas.

647 1266 11 22 $
674 1266 20 19 2.

431 1316 99 22 Tillstånd
545 1317 29 20 till
584 1316 103 26 jernvägs
701 1316 133 26 anläggande
844 1316 43 20 kan
898 1315 83 26 beviljas

360 1352 72 20 endast
452 1352 55 25 finsk
528 1351 141 25 medborgare,
693 1356 45 15 som
760 1351 27 19 är
801 1350 8 20 i
824 1350 70 20 landet
910 1350 70 25 bosatt,

360 1387 46 19 eller
430 1387 101 19 kommun
547 1386 8 20 i
570 1386 69 20 landet
662 1385 47 20 eller
731 1385 41 25 ock,
792 1383 32 27 pä
845 1384 96 20 ansökan
958 1384 24 24 af

357 1421 55 25 finsk
426 1426 58 21 man,
500 1419 22 21 ät
535 1420 64 25 finskt
615 1420 114 24 aktiebolag
743 1419 48 20 med
806 1420 26 18 ett
846 1418 133 25 aktiekapital
