1056 1725
399 103 41 21 N:o
457 103 34 20 36.
787 104 12 20 7

66 178 37 14 vas
126 173 38 24 att,
188 171 73 21 sävidt
284 171 18 27 ej
320 177 83 15 annans
420 172 44 20 rätt
479 171 130 27 förnärmas,
627 171 152 21 kostnadsfritt
795 178 35 15 er-

66 206 59 20 hälla
141 206 82 20 kronan
239 205 97 27 tillhörig
353 206 61 20 mark
430 205 34 21 till
481 212 38 20 ego
536 205 52 21 eller
605 206 113 26 nyttjande
734 205 72 22 säsom
823 207 7 20 i

67 241 11 19 7
96 240 12 27 &
125 242 56 24 sägs.

418 270 25 20 10
459 269 18 27 8.

138 309 40 21 Till
201 309 191 27 jernvägsomräde
415 309 35 21 mä
474 309 18 27 ej
516 309 99 26 utläggas
636 315 71 15 annan
723 310 62 20 mark
801 311 29 20 än

65 345 43 20 den
132 343 92 22 Senaten
249 344 71 20 dertill
338 343 99 26 bestämt,
454 344 18 26 ej
490 343 67 21 heller
573 344 130 20 annorledes
721 346 26 18 än
763 344 8 21 i
787 344 42 21 den

68 379 34 20 för
116 379 60 26 jords
192 379 133 26 upplåtande
341 378 33 21 för
390 379 90 20 allmänt
496 378 67 21 behof
577 378 104 27 stadgade
698 379 97 26 ordning.

140 413 61 20 Hvad
225 413 40 20 här
288 415 24 18 är
336 413 61 26 sagdt
419 413 55 21 skall
490 413 111 26 iakttagas
618 413 61 20 äfven
695 413 6 20 i
718 413 61 27 fråga
795 419 35 16 om

68 447 129 27 anläggaren
214 447 50 27 sjelf
276 447 98 26 tillhörig
390 447 67 26 mark,
474 447 6 20 i
497 447 103 20 afseende
617 448 12 19 ä
641 447 48 21 dess
699 447 131 27 afskiljande

67 481 40 21 och
123 481 126 27 frigörande
265 481 48 21 från
329 482 126 26 inteckning
471 481 40 22 och
527 481 68 21 andra
611 481 114 22 sakrätter.

417 546 23 20 11
463 545 18 27 8.

141 585 55 21 Skär
217 586 91 26 jernväg
331 585 57 21 förut
413 585 134 21 tillkommen
572 585 80 21 allmän
677 586 52 20 eller
745 586 85 20 enskild

66 622 48 24 väg,
138 626 50 15 vare
210 620 128 26 jernvägens
355 626 64 20 egare
436 620 85 26 skyldig
536 620 82 20 inrätta
634 620 67 21 sädan
718 620 112 26 vägöfver-

67 655 63 26 gäng,
156 656 32 19 att
211 654 41 21 den
276 654 60 21 äldre
352 656 81 24 vägens
451 654 141 26 begagnande
608 654 47 21 icke
672 654 87 21 hindras
776 655 53 21 eller

68 688 41 21 blir
126 690 49 20 med
190 688 47 22 fara
252 689 96 21 förenad.

142 723 94 27 Uppstär
256 722 32 21 för
302 723 123 27 jordegare,
443 724 6 20 i
465 723 53 27 följd
534 722 23 22 af
569 723 100 27 jernvägs
686 723 91 21 ledande
793 730 36 20 ge-

67 763 50 15 nom
140 758 55 20 hans
217 758 107 26 lägenhet,
348 757 67 21 behof
437 758 23 21 af
481 760 42 24 väg
545 757 59 21 öfver
620 758 209 27 jernvägsomrädet,

68 792 57 20 skall
147 792 79 26 jemväl
251 791 23 21 af
293 792 182 26 jernvägsegaren
492 792 88 26 lämplig
597 792 118 26 öfvergäng
730 792 99 20 inrättas.

140 826 70 26 Egare
226 826 22 21 af
261 826 91 26 jernväg
367 832 51 14 vare
435 826 40 21 ock
491 826 77 26 pligtig
585 828 32 18 att
635 827 90 25 anlägga
737 826 92 27 aflopps-

66 860 63 21 diken
154 861 69 20 under
246 860 70 21 banan
333 861 13 20 ä
362 860 84 21 sädana
462 860 78 21 ställen
557 862 55 19 samt
628 860 33 21 till
677 861 68 20 sädan
761 861 68 21 bredd

66 895 41 20 och
129 895 94 26 djuplek,
248 897 32 18 att
303 895 75 21 hinder
401 895 34 20 för
459 895 155 26 öfverbyggare
638 895 48 21 icke
709 897 70 20 möter
796 897 33 20 att

70 929 71 21 atleda
157 931 85 19 vattnet
258 929 48 21 frän
322 930 48 20 sina
386 936 59 19 egor.

415 1000 26 19 12
459 999 18 26 &

139 1039 139 26 Anläggning
294 1039 22 20 af
327 1039 90 26 jernväg
434 1039 57 20 skall
507 1039 87 26 vidtaga
610 1039 39 20 och
661 1039 102 21 slutföras
775 1040 54 19 samt

63 1073 119 27 jernvägen
200 1073 32 21 till
248 1080 87 19 person-
352 1073 39 21 och
407 1073 174 26 godsbefordran
597 1073 102 26 upplätas
714 1074 57 20 inom
787 1073 42 21 den

66 1108 38 25 tid,
121 1114 45 15 som
185 1108 36 21 vid
235 1108 150 21 meddelandet
401 1108 23 21 af
439 1108 268 27 anläggningstillständet
718 1108 111 21 bestämts.

66 1142 140 22 Försummas
231 1143 40 27 det,
294 1149 51 15 vare
370 1142 217 27 anläggningsrätten
611 1142 40 21 och
667 1142 41 21 den
724 1142 33 21 för
771 1142 58 27 jern-

66 1177 194 27 vägsbyggnadens
272 1177 115 21 utförande
398 1178 73 20 stälda
483 1177 130 21 säkerheten
624 1177 122 21 förverkad.
769 1177 62 21 Dock

66 1213 42 25 mä,
132 1218 35 14 om
191 1212 62 20 mark
276 1212 33 21 för
330 1212 117 26 jernvägen
469 1212 68 21 redan
553 1214 24 18 är
592 1212 71 26 inlöst,
681 1212 150 26 anläggnings-

66 1248 73 19 rätten
160 1246 70 27 jemte
245 1247 88 20 marken
350 1246 40 21 och
406 1247 53 20 derä
477 1246 112 26 befintliga
604 1246 123 26 byggnader
743 1246 40 20 och
799 1246 32 20 in-

66 1280 124 27 rättningar
218 1282 55 20 samt
296 1280 33 21 för
354 1280 126 21 ändamälet
505 1280 124 21 anskaffade
651 1280 180 26 jernvägsfordon

67 1314 40 21 och
131 1314 69 27 öfriga
224 1315 101 21 tillbehör
348 1314 24 21 af
394 1315 134 26 anläggaren
553 1315 51 21 eller
620 1314 33 21 för
669 1314 54 21 hans
740 1314 91 27 räkning

66 1348 101 27 försäljas
192 1349 68 21 under
283 1349 25 21 de
325 1349 76 26 vilkor,
419 1349 96 21 Senaten
532 1349 33 21 till
581 1349 118 26 tryggande
715 1348 24 21 af
752 1348 80 22 företa-

67 1385 47 24 gets
130 1382 118 22 utförande
262 1384 42 20 kan
322 1384 57 20 finna
395 1383 75 27 nödigt
488 1383 115 21 fastställa.
633 1383 104 21 Kommer
748 1383 85 27 försälj-

66 1417 53 27 ning
143 1417 18 27 ej
178 1417 34 21 till
230 1418 68 25 stånd,
315 1424 38 20 ege
370 1418 94 20 Senaten
483 1418 98 20 förklara
596 1417 107 27 företaget
718 1418 113 26 nedlagdt;
