1056 1725
268 121 14 22 6
455 120 113 24 Ständ..$v.
583 132 27 6 —
626 120 55 30 Prop,
697 120 31 25 N:o
744 120 33 25 30.

238 193 52 16 anse
306 187 32 27 sig
358 187 121 22 Ständerna
497 187 72 22 kunna
591 187 69 22 uttala
675 187 41 22 den
731 187 150 29 förhoppning,
897 189 38 26 att,
950 189 49 21 med

239 222 83 27 hänsyn
337 222 34 22 till
386 222 27 21 de
427 221 49 22 från
491 221 130 23 Ständernas
637 222 47 22 sida
698 222 75 28 gjorda
787 222 148 28 erinringarna
944 222 7 22 i
961 229 37 15 an-

240 256 89 28 ledning
344 256 24 22 af
381 256 27 22 de
423 256 49 22 med
494 256 142 28 uppförandet
658 256 24 22 af
701 256 297 28 skarpskyttebataljonernas

238 291 104 22 kaserner
356 291 101 22 förenade
473 291 56 28 höga
543 292 151 24 kostnaderna,
711 292 28 21 all
753 291 74 28 möjlig
841 291 134 28 sparsamhet
990 291 7 22 i

239 325 63 28 fråga
318 331 34 16 om
367 325 136 22 kavalleriets
517 325 103 22 kaserner
635 325 66 22 måtte
716 326 115 27 iakttagas.

310 359 105 28 Beloppet
437 359 24 23 af
482 360 25 21 de
527 360 123 27 kostnader,
669 366 46 16 som
730 359 34 22 för
779 360 136 22 kavalleriets
930 360 68 22 första

240 395 140 27 uppsättning
394 401 28 15 m.
438 401 28 15 m.
481 394 85 22 komme
581 396 32 20 att
627 395 53 21 falla
694 395 58 21 inom
767 394 143 23 instundande
921 394 77 23 finans-

239 429 82 28 period,
337 431 24 19 är
376 429 135 28 naturligtvis
525 429 107 22 beroende
652 429 18 28 ej
687 429 82 22 mindre
785 429 23 21 af
821 429 129 27 tidpunkten
965 429 34 22 för

241 464 41 21 den
297 469 42 22 nya
354 463 183 28 organisationens
557 463 134 28 vidtagande,
708 465 27 20 än
750 463 23 22 af
787 463 42 22 den
845 463 153 28 utsträckning,

240 498 61 22 hvari
316 498 137 22 kavalleriets
467 497 68 23 första
550 499 139 26 uppsättning
704 505 50 20 eger
769 504 54 15 rum.
849 498 11 21 I
875 499 59 20 detta
947 499 52 21 hän-

240 533 78 22 seende
334 533 40 22 har
388 533 39 22 hos
441 533 121 22 Ständerna
576 532 128 23 framhållits
719 532 136 29 svårigheten
870 534 32 21 att
917 533 81 22 erhålla

240 567 76 28 nödigt
330 568 60 22 antal
405 567 110 23 officerare
529 567 34 23 för
584 569 31 21 ett
635 569 122 26 regemente
771 567 29 28 på
817 573 36 16 sex
869 567 129 28 sqvadroner

240 604 57 20 samt
312 604 33 20 att
360 602 36 22 det
411 602 72 22 derför
502 602 107 22 måhända
631 602 33 22 till
687 609 26 15 en
728 602 76 27 början
819 602 70 22 blefve
905 602 93 22 nödvän-

241 638 47 26 digt
302 639 32 20 att
350 637 115 23 inskränka
480 637 31 28 sig
528 637 33 21 till
583 637 150 27 uppställande
748 636 23 22 af
785 637 76 22 endast
876 636 47 28 fyra
937 643 61 21 sqva-

241 672 85 22 droner.
356 671 51 22 Men
422 671 63 22 äfven
499 672 7 21 i
521 671 65 28 öfrigt
609 678 61 20 synes
693 672 42 21 den
750 671 69 22 första
833 671 165 29 uppsättningen

240 706 48 22 icke
302 706 54 22 böra
370 705 121 29 påskyndas
505 706 84 22 utöfver
603 706 56 22 hvad
675 706 171 27 oundgängligen
857 708 24 20 är
891 705 23 23 af
922 706 77 27 nöden,

240 741 35 21 för
297 742 33 20 att
351 741 102 21 särskildt
475 741 56 21 hvad
553 740 103 22 beträffar
681 740 234 28 kasernbyggnaderna
936 740 65 28 nödig

242 775 134 27 sparsamhet
391 775 54 22 skall
460 775 73 22 kunna
547 775 107 28 iakttagas
670 775 40 22 och
725 775 88 27 misstag
828 774 111 23 undvikas.

312 809 50 22 Med
377 810 100 21 afseende
491 810 53 22 härå
559 809 39 23 och
614 809 27 22 då
657 816 26 15 en
694 809 215 27 undervisningskurs
919 809 33 22 för
962 815 39 15 un-

242 844 97 23 derbefäl
354 846 24 20 är
393 844 75 23 afsedd
483 845 32 22 att
532 844 87 28 vidtaga
641 844 40 22 den
705 844 10 22 1
732 843 62 28 April
809 844 37 22 det
861 843 30 29 år,
907 843 27 23 då
948 850 53 21 upp-

241 879 44 21 båd
300 879 33 22 till
348 879 126 22 kavalleriet
488 879 67 22 första
570 879 83 28 gången
672 885 49 21 eger
737 885 54 21 rum,
807 879 79 27 antaga
901 879 100 22 Ständer-

241 919 29 15 na
290 915 39 26 att,
350 914 7 21 i
380 913 220 22 öfverensstämmelse
624 913 49 22 med
693 913 104 22 Senatens
817 913 87 28 förslag,
925 913 76 28 början

241 948 50 21 med
306 948 135 23 kavalleriets
460 949 149 27 uppställande
629 950 62 26 göres
711 948 24 22 år
752 947 62 22 1890.
844 947 74 22 Under
933 947 68 22 förut-

244 983 94 27 sättning
353 983 70 22 tillika
438 984 33 21 att
485 990 27 15 en
532 983 105 27 tredjedel
658 983 23 22 af
694 983 49 21 hela
758 984 128 20 numerären
901 982 52 22 eller
968 981 33 24 så-

241 1017 67 22 lunda
323 1017 36 22 två
373 1017 130 28 sqvadroner
517 1018 92 21 inkallas
624 1017 24 22 år
661 1017 55 22 1890
728 1017 41 21 och
779 1017 104 22 likaledes
893 1016 37 22 två
940 1023 61 21 sqva-

242 1051 79 23 droner
336 1051 24 22 år
377 1052 63 27 1891;
456 1053 33 21 att
503 1052 242 28 undervisningskursen
760 1051 33 22 för
807 1051 132 28 underbefäl,
947 1051 53 22 hvil-

241 1087 43 21 ken
305 1087 66 27 enligt
391 1087 104 22 Senatens
516 1087 79 27 förslag
610 1087 84 22 komme
709 1087 33 22 att
757 1086 96 22 medföra
869 1092 26 16 en
909 1086 92 22 kostnad

242 1121 24 21 af
285 1121 92 28 116,000
395 1121 67 28 mark,
485 1122 88 21 oaktadt
593 1122 36 21 det
651 1121 7 22 i
679 1121 70 28 någon
770 1126 51 15 mon
836 1121 68 21 ökade
919 1121 82 21 antalet

242 1156 78 28 elever,
342 1156 47 22 icke
417 1156 70 22 skulle
511 1156 112 22 förorsaka
647 1156 128 22 nämnvärdt
797 1156 100 27 stegrade
915 1156 86 27 utgifter

242 1192 56 20 samt
313 1193 32 20 att
360 1191 100 28 slutligen
475 1191 143 28 uppförandet
629 1191 23 22 af
661 1190 232 28 kasernbyggnaderna
903 1190 34 22 till
946 1192 54 20 stör-

242 1227 34 20 sta
292 1225 63 22 delen
370 1226 61 22 torde
446 1226 73 22 infalla
534 1226 69 21 under
618 1226 143 21 instundande
777 1225 150 27 finansperiod,
938 1225 63 22 hafva

242 1259 122 22 Ständerna
383 1260 101 27 uppgjort
502 1260 93 27 följande
615 1260 118 28 beräkning
753 1260 24 22 af
791 1260 26 22 de
837 1260 8 21 i
860 1260 40 21 och
915 1259 34 22 för
963 1260 38 21 ka-

245 1294 98 22 valleriet
358 1294 140 28 erforderliga
513 1294 142 22 kostnaderna
670 1294 34 22 för
719 1294 52 22 åren
788 1294 152 22 1889—1891:

243 1340 372 28 Undervisningskommenderingen
628 1341 33 21 för
676 1340 127 22 underbefäl

311 1374 48 22 från
376 1376 10 20 1
403 1375 102 27 April—1
521 1375 120 22 November
657 1375 55 22 1890
737 1392 5 5 .
774 1392 4 4 .
794 1374 43 28 Zac
859 1374 97 28 125,000:
973 1386 28 4 —

243 1409 35 22 1:a
292 1409 197 27 uppsättningsåret
503 1409 48 22 från
567 1410 11 22 1
594 1410 121 22 November
732 1409 56 22 1890

291 1445 63 21 :.+i
368 1445 120 22 November
504 1445 53 22 i89i
589 1461 5 5 .
624 1461 6 6 .
661 1461 5 6 «
696 1461 5 6 .
737 1461 1 6 «
767 1451 6 16 >
811 1461 10 11 »
857 1444 99 28 440,000:
972 1454 27 6 —
