1056 1725
277 174 13 20 2
495 173 20 23 U.
531 172 19 24 B.
567 185 25 3 —
609 172 54 29 Prop.
683 172 33 24 N:o
731 172 36 23 40.

248 235 92 22 önskan
363 242 37 14 om
415 234 182 29 fondsystemets
611 234 136 28 förenkling
762 236 35 20 att
811 234 38 22 till
864 233 144 23 sistnämnda

248 269 70 22 kassa
348 268 134 30 öfverflytta
511 269 109 29 samtliga
642 268 278 23 militieboställskassans
943 268 65 22 såväl

248 303 131 22 inkomster
393 311 50 14 som
457 303 104 29 utgifter.

317 337 188 22 Vidkommande
520 337 40 22 det
575 337 8 22 i
599 337 45 22 den
659 337 86 29 nådiga
759 337 175 29 propositionen
949 336 59 22 före-

249 371 84 29 slagna
348 371 177 29 upphäfvandet
540 371 27 22 af
579 371 29 22 de
623 371 118 22 såkallade
755 371 252 27 säterifrihetsmedlen,

248 405 44 22 har
314 405 130 26 Utskottet,
466 406 31 28 på
519 405 28 22 de
562 406 9 21 i
585 405 188 29 proprositionen
788 405 97 29 angifna
900 405 108 30 grunder,

248 439 81 22 funnit
349 439 89 29 jemväl
460 439 77 22 denna
560 439 83 29 åtgärd
665 447 56 15 vara
738 439 27 22 af
777 439 178 22 förhållandena
969 440 40 29 på-

251 473 87 22 kallad.

318 507 29 29 Ej
372 507 72 22 heller
466 507 9 21 i
497 507 72 29 öfrigt
583 507 42 22 har
639 508 122 22 Utskottet
776 510 58 20 trott
849 508 36 29 sig
901 515 42 22 ega
959 508 51 21 skäl

250 541 37 22 till
302 542 81 28 någon
399 541 154 29 anmärkning
568 544 63 19 emot
646 541 39 22 det
700 542 9 21 i
723 542 175 29 propositionen
912 543 98 28 intagna

250 575 90 29 förslag
354 575 38 22 till
411 575 143 29 förordning,
571 575 97 28 hvilket,
685 576 37 22 till
737 575 46 23 den
799 576 37 22 del
851 577 40 21 det
906 576 20 30 ej
942 577 69 22 berör

250 610 152 22 förenämnda
417 610 154 29 öfverföring,
589 610 81 22 endast
685 613 70 27 utgör
763 618 28 14 en
802 611 208 29 sammanfattning

250 644 28 22 af
290 644 109 29 gällande
415 644 144 29 stadganden
573 645 9 21 i
599 647 84 20 ämnet.

318 696 123 22 Utskottet
455 696 37 21 får
507 696 77 21 derför
599 698 103 20 vörsamt
715 696 96 22 föreslå:

457 756 31 18 att
505 753 125 21 Ständerna
645 754 50 20 ville
710 756 83 26 antaga
809 754 41 21 den
865 754 83 28 nådiga
955 760 55 22 pro-

386 788 125 27 positionen
526 788 147 27 oförändrad.

320 923 13 21 I
354 923 172 30 behandlingen
541 924 27 21 af
581 925 64 22 detta
660 925 85 22 ärende
760 925 71 22 hafva
847 925 99 30 deltagit
961 926 50 21 ord-

250 956 118 22 föranden
390 957 107 22 Friherre
519 959 67 28 Boije
607 962 60 19 samt
685 960 158 22 ledamöterne
857 960 108 21 Friherre
979 960 31 22 K.

252 990 183 29 Langenskiöld,
457 992 30 21 K.
509 992 87 29 Antell,
619 994 128 25 Hackman,
769 994 120 25 Kihlman,
908 994 101 27 Donner,

250 1025 138 28 Danielson,
403 1026 143 28 Nordström,
562 1027 94 29 Elving,
667 1028 92 26 Heikel,
769 1028 132 29 Lindblom,
913 1023 96 33 Öhman,

252 1059 130 28 Meurman,
398 1059 75 28 Värri,
487 1060 81 23 Klami
583 1061 44 22 och
641 1062 104 29 Kiipula.

320 1117 149 29 Helsingfors
485 1118 44 21 den
545 1120 27 21 20
587 1119 68 29 April
671 1121 62 22 1888.

376 1537 128 24 Helsingfors,
516 1538 210 19 Hufvudstadsbladets
739 1539 85 24 tryckeri
837 1539 49 19 1888.
