1056 1725
258 119 66 25 Ständ.
339 119 31 23 Sv.
386 131 29 3 —
431 118 56 30 Prop.
503 118 32 24 N:o
550 118 33 24 38.
756 119 11 21 7

174 186 52 26 dem,
250 192 44 15 som
314 185 105 27 vederbör,
440 185 94 27 utgifven
553 185 48 22 eller
617 185 33 27 pä
663 184 134 28 föreskrifvet

173 222 45 20 sätt
232 219 126 23 säkerstäld.

460 270 50 29 $4

245 322 71 23 Sedan
329 323 91 27 jernväg
440 323 68 27 blifvit
526 323 9 21 i
548 323 151 27 fastighetsbok
712 323 85 26 inskrif-

174 364 45 20 ven,
238 357 55 28 gifve
312 357 117 22 domstolen
447 365 76 20 genom
542 358 73 27 nödigt
629 357 76 28 utdrag
721 365 26 14 ur
763 357 34 22 bo-

175 392 38 21 ken
232 392 80 21 sådant
332 392 31 21 till
381 392 74 21 känna
474 393 35 26 för
523 392 70 27 hvarje
607 392 118 27 underrätt,
741 392 57 21 inom

175 426 63 22 hvars
253 426 104 22 domkrets
371 427 73 26 någon
459 427 60 21 mark
533 426 67 27 blifvit
615 426 32 22 till
650 426 147 28 jernvägsom-

176 461 60 21 rådet
246 461 113 26 upplåten;
370 461 37 21 och
417 461 64 21 varde
491 461 124 26 anteckning
625 461 64 27 enligt
699 461 99 27 utdraget

174 495 63 27 gjord
251 495 9 21 i
274 495 62 22 dessa
352 495 129 22 domstolars
491 495 192 28 lagfartsprotokoll
692 497 57 20 samt
759 495 40 22 den

177 529 119 22 meddelade
319 529 104 27 lagfarten
447 529 61 28 bragt
526 529 32 22 till
577 529 78 22 allmän
673 529 124 27 kännedom,

176 563 71 23 såsom
264 571 33 15 om
312 564 189 28 offentliggörande
516 565 27 27 af
553 564 96 28 beviljadt
662 564 70 28 första
746 571 53 20 upp-

177 598 43 22 bud
234 600 25 20 är
273 598 107 28 stadgadt.

461 650 15 28 $
493 652 20 20 5.

246 702 82 27 Blifver
348 702 116 27 inskrifven
479 702 102 28 jernvägs
601 702 85 22 område
704 702 49 22 med
766 709 33 15 ve-

178 736 112 27 derbörligt
304 736 99 22 tillstånd
415 736 136 27 förändradt,
567 737 29 21 dä
605 736 54 22 skall
668 737 49 21 med
727 737 74 27 tillagd

178 770 33 22 del
232 770 95 28 lagfaras
350 771 48 21 eller
421 778 34 14 om
477 772 120 27 minskning
616 772 98 21 anmälas
733 772 67 21 under

178 805 136 27 iakttagande
332 806 9 20 i
362 805 126 28 tillämpliga
508 806 57 22 delar
583 806 28 27 af
625 806 56 22 hvad
696 806 64 27 ofvan
775 808 26 19 är

178 840 74 27 sagdt;
276 840 36 22 och
334 840 64 22 varde
421 840 156 28 förändringen
596 840 9 21 i
622 836 178 32 fästighetsboken

179 874 116 22 antecknad
314 875 8 20 i
341 874 155 29 sammanhang
511 875 47 22 med
573 875 34 22 det
620 875 59 27 förut
693 875 106 26 inskrifna

180 909 99 22 omrädet.

463 961 15 28 $
490 957 25 38 6.

251 1007 103 32 Öfvergär
368 1012 117 27 inskrifven
495 1013 90 27 jernväg
601 1011 31 22 till
647 1018 72 16 annan
733 1018 66 21 egare,

179 1047 63 22 varde
258 1047 36 22 ock
308 1047 54 21 hans
376 1047 55 27 fäng
445 1047 10 21 i
469 1046 175 28 fastighetsboken
658 1046 117 27 inskrifvet.

248 1081 47 28 Nye
325 1088 74 21 egaren
425 1081 78 22 ansöke
527 1081 70 22 derom
621 1081 119 27 skriftligen
765 1080 36 22 och

179 1116 71 27 styrke
268 1117 34 20 sin
321 1116 124 27 eganderätt
458 1123 75 20 genom
547 1115 253 27 ätkomsthandlingarna.

180 1149 110 29 Fullgöres
309 1151 40 27 det,
365 1150 54 22 skall
433 1151 10 21 i
456 1150 176 28 fastighetsboken
646 1152 107 25 upptagas
767 1151 35 20 sö-

180 1186 94 21 kandens
292 1192 66 16 namn
378 1185 37 22 och
433 1185 94 27 hemvist,
544 1186 35 21 det
592 1185 59 27 fång,
667 1184 134 28 hvarigenom

176 1220 116 28 jernvägen
316 1220 27 27 af
360 1220 76 21 honom
459 1220 126 24 ätkommits,
608 1221 56 20 samt
681 1218 74 28 dagen,
772 1218 29 21 då

180 1254 155 28 inskrifningen
350 1254 82 21 skedde.

465 1305 15 28 $
492 1301 25 38 7.

251 1358 65 22 Söker
337 1358 72 27 någon
429 1357 79 27 lagfart
525 1358 15 20 &
553 1357 90 27 jernväg
658 1358 53 20 utan
726 1356 76 21 iaktta-

179 1393 70 27 gande
268 1393 27 27 af
310 1392 55 22 hvad
383 1392 9 21 i
412 1394 15 19 3
447 1392 36 22 och
500 1393 13 20 6
527 1391 32 28 $$
574 1392 25 21 är
613 1390 138 28 föreskrifvet,
765 1390 38 21 mä

182 1427 142 28 ansökningen
339 1426 43 22 icke
396 1426 92 27 bifallas.
