1056 1725
265 121 14 21 2
455 119 66 24 Ständ.
537 118 30 24 $v.
583 131 28 3 —
627 118 53 30 Prop.
697 118 31 24 N:o
744 118 30 24 41.

237 186 67 21 finskt
318 186 110 27 kavalleri,
445 186 40 21 har
500 186 69 22 Eders
584 186 102 26 Majestät
698 186 79 27 jemväl
790 185 91 27 förelagt
895 184 100 22 Ständer-

238 226 29 17 na
281 220 67 28 nådig
366 221 132 27 proposition
521 227 34 16 om
578 221 91 27 ändring
691 220 23 22 af
734 220 106 22 särskilda
854 220 24 28 8$
893 220 7 22 i
915 219 81 22 Värne-

237 256 129 27 pligtslagen
382 255 23 21 af
419 256 41 21 den
481 256 28 21 27
532 256 119 21 December
668 256 61 26 1878,
747 256 83 21 hvilkas
845 254 150 26 förändrande,

237 291 49 21 med
302 291 115 27 anledning
432 291 23 21 af
469 291 66 27 några
549 291 50 21 med
621 291 136 21 kavalleriets
777 290 149 27 uppställande
941 295 56 16 sam-

237 325 163 27 manhängande
423 325 190 27 omständigheter,
636 327 82 20 ansetts
737 331 52 16 vara
809 325 23 21 af
845 324 100 23 behofvet
959 323 38 28 på-

237 359 90 22 kalladt.

308 394 58 22 Enär
389 395 107 26 nemligen
519 395 37 20 det
578 394 69 22 finska
670 394 126 22 kavalleriet
815 400 50 16 vore
881 393 70 23 afsedt
966 394 31 20 att

240 429 136 27 organiseras
398 429 67 27 enligt
487 429 42 21 den
550 429 121 27 grundsats,
695 431 32 20 att
749 429 193 27 kompletteringen
965 427 32 22 till

238 464 161 27 krigsnumerär
414 463 55 22 skall
484 463 38 22 ske
537 470 77 21 genom
629 463 123 22 inkallande
768 463 23 22 af
804 465 129 24 reservmän,
944 462 53 22 hvil-

237 499 29 21 ka
281 498 98 28 fullgjort
393 499 59 21 aktiv
467 498 65 27 tjenst
546 499 36 21 vid
597 498 131 27 kavalleriet,
744 497 97 28 föreslås,
857 498 48 22 med
915 497 83 22 afseen-

238 533 27 22 de
281 533 13 22 å
308 533 41 22 den
362 533 154 28 jemförelsevis
531 532 88 28 fåtaliga
642 539 78 21 reserv,
736 539 46 16 som
796 533 7 21 i
818 533 53 27 följd
885 532 64 22 häraf
961 537 37 16 vo-

238 574 23 16 re
277 569 33 21 att
324 567 67 28 tiligä,
407 567 67 23 sådan
489 568 90 27 ändring
593 567 24 23 af
630 567 27 22 86
673 567 18 28 $.
707 567 26 23 V.
744 567 31 27 L.,
787 569 32 21 att
830 567 33 22 till
873 567 125 22 kavalleriet

239 603 70 21 skulle
324 604 87 26 uttagas
425 603 33 26 de,
479 609 46 15 som
547 602 86 22 erhällit
655 603 26 21 de
698 602 70 28 lägsta
786 603 157 21 lottnumrorna
958 602 40 21 och

241 637 74 22 hvilka
330 637 56 27 förty
402 638 37 20 äro
455 636 129 28 förpligtade
609 639 32 20 att
659 638 7 20 i
681 637 90 21 främsta
785 638 92 21 rummet
891 636 86 22 inträda
991 636 8 22 i

239 672 60 21 aktiv
314 672 72 27 tjenst,
403 672 71 21 derest
489 672 40 21 alls
543 672 70 27 nägon
630 672 34 21 del
680 672 23 21 af
717 672 40 21 den
773 671 181 26 reserv-ärsklass,
965 671 33 21 till

239 706 88 21 hvilken
343 706 26 22 de
384 706 59 27 höra,
458 706 36 22 vid
509 707 127 26 truppernas
651 706 162 27 uppbringande
823 706 32 22 till
865 706 133 27 krigsnume-

238 742 38 20 rär
290 741 83 27 tages
366 736 15 36 i
395 740 100 28 anspråk.
525 741 34 21 Då
581 747 26 15 en
631 740 58 28 dylik
711 741 119 27 anordning
850 747 61 21 synes
925 741 73 21 vara
987 736 15 36 i

239 775 44 22 allo
300 774 174 28 ändamålsenlig,
489 775 64 22 hafva
568 774 120 23 Ständerna
702 776 97 26 godkänt
815 775 40 22 den
870 775 128 22 förändrade

239 810 87 27 lydelse,
342 809 162 28 ifrågavarande
527 809 11 27 $
560 810 8 21 i
590 810 70 22 denna
682 810 34 22 del
739 810 86 22 erhållit
842 810 7 21 i
865 810 42 22 den
921 810 78 27 nådiga

239 845 167 27 propositionen.

310 879 48 22 Den
376 880 7 21 i
397 879 160 22 slutmomentet
573 879 22 22 af
609 886 81 16 samma
705 879 11 28 $
731 880 122 27 föreslagna
867 880 132 22 nedsättnin-

239 920 41 21 gen
296 914 24 22 af
334 914 139 27 värnepligtig
488 914 6 21 i
517 914 56 22 vissa
595 913 39 22 fall
655 914 162 22 tillkommande
832 914 167 28 färdpenningar

239 948 66 22 hafva
321 948 119 22 Ständerna
455 949 96 21 deremot
566 949 47 21 icke
628 949 82 22 kunnat
725 949 121 28 godkänna.
876 949 34 22 Dä
920 949 78 27 skjuts-

239 984 65 27 legan
319 983 7 21 i
341 983 74 22 landet
437 983 65 22 sedan
524 983 59 22 tiden
605 983 33 22 för
659 984 204 27 värnepligtslagens
879 984 120 27 antagande

239 1018 107 27 betydligt
362 1019 90 26 stegrats
463 1019 56 21 samt
529 1019 41 20 den
581 1018 7 21 i
598 1019 161 26 propositionen
770 1018 127 22 framhällna
908 1019 91 21 distans-

240 1053 102 22 rabatten
357 1053 28 28 pä
397 1053 140 28 jernvägarne
552 1055 111 26 motväges
679 1054 66 27 deraf,
762 1055 33 20 att
809 1054 62 21 äfven
886 1053 113 28 biljettpri-

240 1089 33 20 set
288 1089 7 20 i
311 1088 68 27 tredje
394 1088 57 22 klass
467 1089 65 21 sedan
553 1089 92 21 nämnda
664 1089 32 21 tid
717 1089 98 26 förhöjts,
831 1095 52 16 anse
899 1088 100 22 Ständer-

239 1129 29 15 na
284 1129 88 16 snarare
388 1129 26 16 en
429 1123 85 27 ökning,
530 1125 27 19 än
577 1129 26 16 en
625 1123 122 28 minskning
769 1123 23 22 af
806 1123 193 27 färdpenningarne

239 1164 53 15 vara
308 1158 22 22 af
344 1158 161 22 förhällandena
521 1158 106 28 päkallad.
651 1158 51 22 Med
717 1159 100 21 afseende
828 1159 102 27 derjemte
940 1157 13 22 ä
964 1158 36 21 det

239 1192 63 28 ringa
317 1192 92 22 tillskott
423 1193 8 21 i
445 1192 94 28 utgifter,
555 1200 28 14 en
597 1193 83 21 mindre
695 1193 122 28 förhöjning
833 1193 23 22 af
869 1194 63 21 dessa
941 1192 58 22 färd-

240 1227 120 27 penningar
375 1228 84 21 komme
478 1229 32 21 att
533 1228 33 21 för
589 1228 129 22 statsverket
739 1228 103 27 medföra,
858 1228 65 22 hafva
938 1227 60 22 Stän-

240 1262 69 22 derna
323 1262 47 22 icke
386 1262 72 22 tvekat
480 1263 33 21 att
535 1263 118 21 bestämma
675 1262 49 22 dem
746 1262 33 22 till
795 1263 112 21 enahanda
922 1262 78 28 belopp

239 1296 35 22 för
289 1297 119 27 kilometer,
424 1304 45 15 som
484 1296 76 22 hittills
575 1298 56 21 varit
644 1297 110 22 faststäldt
768 1297 34 22 för
817 1299 64 25 verst,
891 1297 52 22 eller
954 1296 46 23 åtta

238 1332 74 27 penni.

310 1367 11 21 I
337 1367 41 22 den
393 1367 121 27 föreslagna
533 1367 96 27 lydelsen
651 1367 33 22 för
707 1367 11 27 &
735 1367 27 21 86
777 1367 64 22 hafva
857 1367 121 22 Ständerna
992 1368 7 20 i

240 1402 66 27 öfrigt
321 1402 91 28 vidtagit
427 1402 41 22 den
482 1402 96 27 ändring,
601 1403 33 21 att
653 1402 110 22 slutorden
779 1402 7 22 i
801 1402 67 22 första
882 1403 117 21 momentet

240 1437 160 30 omrodigorats,
415 1436 34 23 för
464 1438 33 21 att
511 1437 112 28 tydligare,
638 1439 28 20 än
681 1437 60 23 detta
755 1438 84 21 kunnat
853 1437 39 22 ske
905 1436 50 23 med
964 1437 35 22 dei
