1056 1725
319 150 70 22 Ständ.
404 150 32 22 Sv.
451 162 29 4 —
495 151 59 26 Prop.
570 150 34 22 N:o
620 150 37 22 29.
833 151 12 21 3

183 213 46 22 Den
252 213 99 27 ändring,
374 219 48 15 som
438 212 125 22 Ständerna
577 213 91 27 vidtagit
683 213 7 22 i
706 213 11 28 $
734 214 19 26 7,
771 212 58 23 afser
844 216 31 19 att

114 248 140 27 undanrödja
272 254 28 15 en
318 247 104 27 oklarhet,
443 254 54 20 som,
514 247 54 22 efter
583 246 134 23 Ständernas
733 247 142 23 förmenande

113 282 99 22 vidläder
226 282 30 28 &:s
272 282 80 28 lydelse
367 282 7 21 i
390 282 41 22 den
446 282 81 27 nådiga
541 282 171 27 propositionen.

186 316 68 23 Ordet
269 334 11 9 ,,
283 317 120 27 skeppare"
419 317 14 20 &
449 317 54 20 sista
517 316 68 22 raden
600 317 7 20 i
623 316 68 21 första
705 323 66 15 mom.
787 317 24 21 af
825 317 49 28 108

115 351 66 22 hafva
199 351 123 22 Ständerna
338 351 71 28 utbytt
424 354 47 19 mot
486 351 183 27 ,,befälhafvare'*,
684 351 88 22 hvilken
787 351 88 22 beteck-

114 386 52 27 ning
189 386 6 21 i
219 386 97 27 sjölagen
340 385 167 28 allmänneligen
531 385 117 22 användes.
678 385 109 28 Derjemte
809 385 66 22 hafva

115 420 125 22 Ständerna
255 422 73 20 ansett
342 420 33 27 sig
390 420 54 21 böra
454 419 99 22 förenkla
563 420 130 27 stadgandet
703 420 6 21 i
720 426 78 16 senare
809 427 64 15 mom.

112 455 24 21 af
150 455 12 28 8
176 455 49 22 236.

184 489 97 28 Liksom?
297 489 42 22 den
362 489 79 28 nådiga
451 489 166 28 propositionen
631 489 99 21 undvikit
745 491 37 24 att,
794 489 80 22 beträf-

114 523 64 22 fande
202 524 42 21 den
263 523 94 22 svenska
375 520 80 30 texten,
474 523 130 22 annorledes
621 525 29 20 än
665 523 38 22 der
719 523 36 22 det
770 523 33 22 för
819 524 54 21 änd-

114 559 74 27 ringar
210 558 6 21 i
237 558 39 22 sak
294 559 56 21 varit
365 559 75 27 nödigt
455 557 72 23 afvika
543 557 48 22 frän
607 558 108 27 sjölagens
731 558 142 28 ordalydelse,

114 594 26 21 sä
148 593 66 22 hafva
222 593 124 22 Ständerna
356 594 41 21 ock
405 595 53 20 trott
467 593 32 27 sig
507 593 62 29 böra,
577 592 169 22 vidkommande
755 593 42 22 den
804 592 70 22 finska

114 630 82 24 texten,
204 628 8 20 i
220 628 119 21 allmänhet
349 628 75 27 ätergä
439 628 31 20 till
486 628 72 21 denna
573 628 46 26 lags
627 628 151 26 ursprungliga
788 628 85 27 lydelse.

184 662 85 22 Genom
292 662 42 22 den
352 662 123 27 föreslagna
493 662 155 27 författningen
663 662 90 22 komma
768 662 105 22 särskilda

114 696 120 28 ändringar
250 699 31 19 att
296 696 66 22 blifva
377 696 140 28 erforderliga
531 696 64 22 äfven
611 697 7 20 i
628 696 80 28 nädiga
719 696 155 28 förordningen

114 731 42 21 den
178 732 29 20 30
229 731 60 27 April
314 731 60 27 1874,
392 731 114 27 angäende
521 731 169 28 sjömanshusen
705 731 6 21 i
727 730 79 28 landet,
823 737 50 16 men

114 772 49 14 som
180 766 72 21 denna
266 765 128 28 förordning
409 767 24 20 är
449 765 24 22 af
481 766 159 20 administrativ
650 768 71 24 natur,
732 765 65 22 hafva
808 765 65 22 Stän-

114 800 69 22 derna
198 800 78 22 endast
290 802 54 20 trott
359 801 33 27 sig
406 800 55 22 böra
477 800 77 22 härom
569 800 78 22 erinra.

320 876 44 27 2:0)
388 875 113 28 Förslaget
518 875 34 21 till
562 875 134 28 förordning
711 875 109 28 angäende
835 877 37 19 än-

252 910 56 21 drad
330 910 77 28 lydelse
425 910 30 28 af
471 911 28 20 13
518 911 15 26 $
551 910 8 21 i
573 910 160 27 förordningen
751 917 32 14 om
798 910 74 21 närin-

252 951 76 21 garna,
346 945 30 27 af
388 945 40 20 den
442 945 28 20 31
485 944 62 21 Mars
563 945 62 20 1879.

184 996 64 21 Emot
270 996 165 27 ifrågavarande
451 995 80 28 förslag
548 995 65 22 hafva
632 995 123 22 Ständerna
771 995 17 28 ej
803 995 69 22 funnit

114 1031 47 21 skäl
176 1031 30 20 till
221 1031 74 27 någon
310 1031 150 27 anmärkning.

325 1105 43 27 3:0)
395 1105 112 27 Förslaget
531 1105 34 20 till
581 1104 134 28 förordning
729 1111 33 14 om
788 1104 83 28 skepps-

251 1139 95 28 register.

182 1186 77 22 Denna
282 1186 137 27 förordnings
442 1186 83 27 ingress
543 1186 41 21 har
602 1186 21 21 at
638 1185 123 23 Ständernä
776 1186 74 28 bragts
865 1186 7 21 i

114 1221 215 21 öfverenstämmelse
344 1221 50 21 med
409 1221 42 21 den
467 1220 98 28 ändring,
582 1227 48 15 som
645 1220 123 22 Ständerna
782 1220 90 28 vidtagit

114 1255 49 22 med
178 1255 103 21 rubriken
296 1255 31 21 till
341 1255 161 27 förordningen,
518 1254 149 22 innefattande
683 1254 91 28 ändring
789 1254 23 22 af
825 1256 47 20 sär-

113 1290 69 21 skilda
198 1290 25 27 88
239 1290 7 20 i
261 1290 103 27 sjölagen.

182 1324 98 22 Emedan
302 1331 26 14 ur
350 1324 80 27 nädiga
450 1324 166 28 propositionen
634 1323 97 28 framgär
749 1326 32 19 att
795 1323 76 29 fartyg,

115 1365 48 15 som
182 1358 50 22 icke
247 1360 71 20 mäter
333 1359 65 21 minst
413 1358 72 22 nitton
499 1358 148 28 registertons,
663 1358 19 27 ej
698 1358 33 21 fär
741 1358 7 20 i
759 1358 113 28 skeppsre-

114 1394 75 26 gistret
211 1392 89 28 införas,
316 1399 51 15 men
390 1392 124 28 uttryckligt
531 1392 78 22 förbud
624 1394 59 20 emot
697 1392 139 28 registrering
851 1392 24 22 af

113 1427 71 29 fartyg
207 1427 23 22 af
250 1428 86 22 mindre
355 1428 122 27 drägtighet
499 1428 6 20 i
528 1426 241 29 författningsförslaget
784 1427 87 27 saknas,

114 1462 66 22 hafva
195 1462 123 22 Ständerna
333 1463 7 20 i
357 1464 10 20 1
385 1463 12 27 $
413 1462 65 22 infört
494 1464 30 20 ett
540 1462 67 27 dylikt
623 1461 82 22 förbud.
