<?xml version="1.0" encoding="UTF-8"?>
<alto xmlns="http://www.loc.gov/standards/alto/ns-v3#" xmlns:xlink="http://www.w3.org/1999/xlink" xmlns:xsi="http://www.w3.org/2001/XMLSchema-instance" xsi:schemaLocation="http://www.loc.gov/standards/alto/ns-v3# http://www.loc.gov/alto/v3/alto-3-0.xsd">
	<Description>
		<MeasurementUnit>pixel</MeasurementUnit>
		<sourceImageInformation>
			<fileName>/tmp/tess_qmnbc1w8_input.PNG</fileName>
		</sourceImageInformation>
		<OCRProcessing ID="OCR_0">
			<ocrProcessingStep>
				<processingSoftware>
					<softwareName>tesseract 5.3.4</softwareName>
				</processingSoftware>
			</ocrProcessingStep>
		</OCRProcessing>
	</Description>
	<Layout>
		<Page WIDTH="1056" HEIGHT="1725" PHYSICAL_IMG_NR="0" ID="page_0">
			<PrintSpace HPOS="0" VPOS="0" WIDTH="1056" HEIGHT="1725">
				<ComposedBlock ID="cblock_0" HPOS="393" VPOS="128" WIDTH="398" HEIGHT="23">
					<TextBlock ID="block_0" HPOS="393" VPOS="128" WIDTH="398" HEIGHT="23">
						<TextLine ID="line_0" HPOS="393" VPOS="128" WIDTH="398" HEIGHT="23">
							<String ID="string_0" HPOS="393" VPOS="130" WIDTH="40" HEIGHT="21" WC="0.95" CONTENT="N:o"/><SP WIDTH="18" VPOS="130" HPOS="433"/>
							<String ID="string_1" HPOS="451" VPOS="130" WIDTH="35" HEIGHT="20" WC="0.96" CONTENT="38."/><SP WIDTH="293" VPOS="130" HPOS="486"/>
							<String ID="string_2" HPOS="779" VPOS="128" WIDTH="12" HEIGHT="20" WC="0.96" CONTENT="3"/>
						</TextLine>
					</TextBlock>
				</ComposedBlock>
				<ComposedBlock ID="cblock_1" HPOS="51" VPOS="197" WIDTH="768" HEIGHT="1272">
					<TextBlock ID="block_1" HPOS="57" VPOS="197" WIDTH="762" HEIGHT="374">
						<TextLine ID="line_1" HPOS="59" VPOS="197" WIDTH="760" HEIGHT="28">
							<String ID="string_3" HPOS="59" VPOS="199" WIDTH="43" HEIGHT="21" WC="0.93" CONTENT="För"/><SP WIDTH="23" VPOS="199" HPOS="102"/>
							<String ID="string_4" HPOS="125" VPOS="199" WIDTH="177" HEIGHT="26" WC="0.91" CONTENT="ådagaläggande"/><SP WIDTH="24" VPOS="199" HPOS="302"/>
							<String ID="string_5" HPOS="326" VPOS="198" WIDTH="23" HEIGHT="21" WC="0.93" CONTENT="af"/><SP WIDTH="21" VPOS="198" HPOS="349"/>
							<String ID="string_6" HPOS="370" VPOS="198" WIDTH="143" HEIGHT="26" WC="0.91" CONTENT="anläggarens"/><SP WIDTH="24" VPOS="198" HPOS="513"/>
							<String ID="string_7" HPOS="537" VPOS="197" WIDTH="94" HEIGHT="21" WC="0.95" CONTENT="åtkomst"/><SP WIDTH="24" VPOS="197" HPOS="631"/>
							<String ID="string_8" HPOS="655" VPOS="197" WIDTH="32" HEIGHT="21" WC="0.93" CONTENT="till"/><SP WIDTH="19" VPOS="197" HPOS="687"/>
							<String ID="string_9" HPOS="706" VPOS="198" WIDTH="113" HEIGHT="26" WC="0.91" CONTENT="jernvägs-"/>
						</TextLine>
						<TextLine ID="line_2" HPOS="59" VPOS="231" WIDTH="760" HEIGHT="29">
							<String ID="string_10" HPOS="59" VPOS="234" WIDTH="131" HEIGHT="26" WC="0.96" CONTENT="fastigheten"/><SP WIDTH="24" VPOS="234" HPOS="190"/>
							<String ID="string_11" HPOS="214" VPOS="233" WIDTH="68" HEIGHT="21" WC="0.96" CONTENT="måste"/><SP WIDTH="18" VPOS="233" HPOS="282"/>
							<String ID="string_12" HPOS="300" VPOS="232" WIDTH="74" HEIGHT="22" WC="0.96" CONTENT="derför"/><SP WIDTH="18" VPOS="232" HPOS="374"/>
							<String ID="string_13" HPOS="392" VPOS="233" WIDTH="95" HEIGHT="22" WC="0.96" CONTENT="utredas,"/><SP WIDTH="18" VPOS="233" HPOS="487"/>
							<String ID="string_14" HPOS="505" VPOS="234" WIDTH="32" HEIGHT="19" WC="0.96" CONTENT="att"/><SP WIDTH="16" VPOS="234" HPOS="537"/>
							<String ID="string_15" HPOS="553" VPOS="232" WIDTH="74" HEIGHT="26" WC="0.96" CONTENT="hvarje"/><SP WIDTH="16" VPOS="232" HPOS="627"/>
							<String ID="string_16" HPOS="643" VPOS="231" WIDTH="23" HEIGHT="21" WC="0.96" CONTENT="af"/><SP WIDTH="14" VPOS="231" HPOS="666"/>
							<String ID="string_17" HPOS="680" VPOS="232" WIDTH="65" HEIGHT="20" WC="0.93" CONTENT="dessa"/><SP WIDTH="13" VPOS="232" HPOS="745"/>
							<String ID="string_18" HPOS="758" VPOS="232" WIDTH="61" HEIGHT="26" WC="0.92" CONTENT="jord-"/>
						</TextLine>
						<TextLine ID="line_3" HPOS="60" VPOS="266" WIDTH="759" HEIGHT="29">
							<String ID="string_19" HPOS="60" VPOS="268" WIDTH="87" HEIGHT="27" WC="0.95" CONTENT="stycken"/><SP WIDTH="24" VPOS="268" HPOS="147"/>
							<String ID="string_20" HPOS="171" VPOS="268" WIDTH="71" HEIGHT="20" WC="0.95" CONTENT="blifvit"/><SP WIDTH="20" VPOS="268" HPOS="242"/>
							<String ID="string_21" HPOS="262" VPOS="268" WIDTH="118" HEIGHT="25" WC="0.93" CONTENT="behörigen"/><SP WIDTH="20" VPOS="268" HPOS="380"/>
							<String ID="string_22" HPOS="400" VPOS="267" WIDTH="176" HEIGHT="28" WC="0.89" CONTENT="exproprieradt;"/><SP WIDTH="17" VPOS="267" HPOS="576"/>
							<String ID="string_23" HPOS="593" VPOS="266" WIDTH="39" HEIGHT="21" WC="0.96" CONTENT="och"/><SP WIDTH="17" VPOS="266" HPOS="632"/>
							<String ID="string_24" HPOS="649" VPOS="266" WIDTH="28" HEIGHT="21" WC="0.93" CONTENT="dä"/><SP WIDTH="15" VPOS="266" HPOS="677"/>
							<String ID="string_25" HPOS="692" VPOS="266" WIDTH="127" HEIGHT="27" WC="0.92" CONTENT="fastighets-"/>
						</TextLine>
						<TextLine ID="line_4" HPOS="60" VPOS="301" WIDTH="759" HEIGHT="28">
							<String ID="string_26" HPOS="60" VPOS="303" WIDTH="77" HEIGHT="26" WC="0.96" CONTENT="boken,"/><SP WIDTH="17" VPOS="303" HPOS="137"/>
							<String ID="string_27" HPOS="154" VPOS="309" WIDTH="26" HEIGHT="14" WC="0.96" CONTENT="ur"/><SP WIDTH="16" VPOS="309" HPOS="180"/>
							<String ID="string_28" HPOS="196" VPOS="302" WIDTH="85" HEIGHT="21" WC="0.96" CONTENT="hvilken"/><SP WIDTH="21" VPOS="302" HPOS="281"/>
							<String ID="string_29" HPOS="302" VPOS="302" WIDTH="122" HEIGHT="21" WC="0.96" CONTENT="åtkomsten"/><SP WIDTH="21" VPOS="302" HPOS="424"/>
							<String ID="string_30" HPOS="445" VPOS="302" WIDTH="56" HEIGHT="21" WC="0.96" CONTENT="skall"/><SP WIDTH="17" VPOS="302" HPOS="501"/>
							<String ID="string_31" HPOS="518" VPOS="301" WIDTH="89" HEIGHT="26" WC="0.96" CONTENT="framgå,"/><SP WIDTH="16" VPOS="301" HPOS="607"/>
							<String ID="string_32" HPOS="623" VPOS="301" WIDTH="48" HEIGHT="21" WC="0.96" CONTENT="icke"/><SP WIDTH="16" VPOS="301" HPOS="671"/>
							<String ID="string_33" HPOS="687" VPOS="301" WIDTH="41" HEIGHT="21" WC="0.96" CONTENT="kan"/><SP WIDTH="18" VPOS="301" HPOS="728"/>
							<String ID="string_34" HPOS="746" VPOS="301" WIDTH="73" HEIGHT="21" WC="0.96" CONTENT="utvisa"/>
						</TextLine>
						<TextLine ID="line_5" HPOS="59" VPOS="336" WIDTH="760" HEIGHT="27">
							<String ID="string_35" HPOS="59" VPOS="338" WIDTH="60" HEIGHT="21" WC="0.96" CONTENT="detta"/><SP WIDTH="23" VPOS="338" HPOS="119"/>
							<String ID="string_36" HPOS="142" VPOS="340" WIDTH="52" HEIGHT="19" WC="0.96" CONTENT="utan"/><SP WIDTH="23" VPOS="340" HPOS="194"/>
							<String ID="string_37" HPOS="217" VPOS="339" WIDTH="32" HEIGHT="19" WC="0.93" CONTENT="att"/><SP WIDTH="23" VPOS="339" HPOS="249"/>
							<String ID="string_38" HPOS="272" VPOS="339" WIDTH="104" HEIGHT="24" WC="0.92" CONTENT="upptaga,"/><SP WIDTH="17" VPOS="339" HPOS="376"/>
							<String ID="string_39" HPOS="393" VPOS="337" WIDTH="73" HEIGHT="20" WC="0.96" CONTENT="hvilka"/><SP WIDTH="16" VPOS="337" HPOS="466"/>
							<String ID="string_40" HPOS="482" VPOS="337" WIDTH="64" HEIGHT="20" WC="0.93" CONTENT="dessa"/><SP WIDTH="13" VPOS="337" HPOS="546"/>
							<String ID="string_41" HPOS="559" VPOS="336" WIDTH="141" HEIGHT="27" WC="0.91" CONTENT="jordstycken"/><SP WIDTH="17" VPOS="336" HPOS="700"/>
							<String ID="string_42" HPOS="717" VPOS="338" WIDTH="44" HEIGHT="24" WC="0.96" CONTENT="äro,"/><SP WIDTH="18" VPOS="338" HPOS="761"/>
							<String ID="string_43" HPOS="779" VPOS="337" WIDTH="40" HEIGHT="20" WC="0.96" CONTENT="bör"/>
						</TextLine>
						<TextLine ID="line_6" HPOS="58" VPOS="371" WIDTH="760" HEIGHT="28">
							<String ID="string_44" HPOS="58" VPOS="373" WIDTH="36" HEIGHT="21" WC="0.93" CONTENT="vid"/><SP WIDTH="20" VPOS="373" HPOS="94"/>
							<String ID="string_45" HPOS="114" VPOS="373" WIDTH="131" HEIGHT="26" WC="0.93" CONTENT="jernvägens"/><SP WIDTH="23" VPOS="373" HPOS="245"/>
							<String ID="string_46" HPOS="268" VPOS="371" WIDTH="70" HEIGHT="21" WC="0.93" CONTENT="första"/><SP WIDTH="23" VPOS="371" HPOS="338"/>
							<String ID="string_47" HPOS="361" VPOS="371" WIDTH="126" HEIGHT="27" WC="0.91" CONTENT="lagfarande"/><SP WIDTH="19" VPOS="371" HPOS="487"/>
							<String ID="string_48" HPOS="506" VPOS="371" WIDTH="87" HEIGHT="26" WC="0.96" CONTENT="uppgift"/><SP WIDTH="16" VPOS="371" HPOS="593"/>
							<String ID="string_49" HPOS="609" VPOS="377" WIDTH="32" HEIGHT="14" WC="0.96" CONTENT="om"/><SP WIDTH="18" VPOS="377" HPOS="641"/>
							<String ID="string_50" HPOS="659" VPOS="371" WIDTH="47" HEIGHT="21" WC="0.96" CONTENT="dem"/><SP WIDTH="18" VPOS="371" HPOS="706"/>
							<String ID="string_51" HPOS="724" VPOS="371" WIDTH="7" HEIGHT="20" WC="0.96" CONTENT="i"/><SP WIDTH="16" VPOS="371" HPOS="731"/>
							<String ID="string_52" HPOS="747" VPOS="371" WIDTH="71" HEIGHT="21" WC="0.96" CONTENT="boken"/>
						</TextLine>
						<TextLine ID="line_7" HPOS="57" VPOS="405" WIDTH="760" HEIGHT="28">
							<String ID="string_53" HPOS="57" VPOS="407" WIDTH="57" HEIGHT="26" WC="0.96" CONTENT="ingå."/><SP WIDTH="32" VPOS="407" HPOS="114"/>
							<String ID="string_54" HPOS="146" VPOS="406" WIDTH="75" HEIGHT="21" WC="0.92" CONTENT="Såsom"/><SP WIDTH="17" VPOS="406" HPOS="221"/>
							<String ID="string_55" HPOS="238" VPOS="413" WIDTH="25" HEIGHT="14" WC="0.96" CONTENT="en"/><SP WIDTH="16" VPOS="413" HPOS="263"/>
							<String ID="string_56" HPOS="279" VPOS="406" WIDTH="109" HEIGHT="26" WC="0.96" CONTENT="väsentlig"/><SP WIDTH="15" VPOS="406" HPOS="388"/>
							<String ID="string_57" HPOS="403" VPOS="406" WIDTH="48" HEIGHT="21" WC="0.96" CONTENT="sida"/><SP WIDTH="16" VPOS="406" HPOS="451"/>
							<String ID="string_58" HPOS="467" VPOS="406" WIDTH="23" HEIGHT="20" WC="0.96" CONTENT="af"/><SP WIDTH="10" VPOS="406" HPOS="490"/>
							<String ID="string_59" HPOS="500" VPOS="406" WIDTH="40" HEIGHT="20" WC="0.96" CONTENT="den"/><SP WIDTH="12" VPOS="406" HPOS="540"/>
							<String ID="string_60" HPOS="552" VPOS="405" WIDTH="69" HEIGHT="21" WC="0.93" CONTENT="första"/><SP WIDTH="12" VPOS="405" HPOS="621"/>
							<String ID="string_61" HPOS="633" VPOS="405" WIDTH="108" HEIGHT="27" WC="0.91" CONTENT="lagfarten"/><SP WIDTH="11" VPOS="405" HPOS="741"/>
							<String ID="string_62" HPOS="752" VPOS="405" WIDTH="65" HEIGHT="22" WC="0.92" CONTENT="fram-"/>
						</TextLine>
						<TextLine ID="line_8" HPOS="58" VPOS="440" WIDTH="760" HEIGHT="27">
							<String ID="string_63" HPOS="58" VPOS="441" WIDTH="46" HEIGHT="21" WC="0.96" CONTENT="står"/><SP WIDTH="22" VPOS="441" HPOS="104"/>
							<String ID="string_64" HPOS="126" VPOS="441" WIDTH="7" HEIGHT="21" WC="0.96" CONTENT="i"/><SP WIDTH="23" VPOS="441" HPOS="133"/>
							<String ID="string_65" HPOS="156" VPOS="441" WIDTH="53" HEIGHT="26" WC="0.96" CONTENT="följd"/><SP WIDTH="20" VPOS="441" HPOS="209"/>
							<String ID="string_66" HPOS="229" VPOS="441" WIDTH="67" HEIGHT="26" WC="0.96" CONTENT="häraf,"/><SP WIDTH="16" VPOS="441" HPOS="296"/>
							<String ID="string_67" HPOS="312" VPOS="443" WIDTH="34" HEIGHT="18" WC="0.96" CONTENT="att"/><SP WIDTH="16" VPOS="443" HPOS="346"/>
							<String ID="string_68" HPOS="362" VPOS="441" WIDTH="40" HEIGHT="20" WC="0.93" CONTENT="den"/><SP WIDTH="19" VPOS="441" HPOS="402"/>
							<String ID="string_69" HPOS="421" VPOS="441" WIDTH="98" HEIGHT="25" WC="0.93" CONTENT="angifver"/><SP WIDTH="13" VPOS="441" HPOS="519"/>
							<String ID="string_70" HPOS="532" VPOS="440" WIDTH="235" HEIGHT="27" WC="0.91" CONTENT="jernvägsfastigheten"/><SP WIDTH="17" VPOS="440" HPOS="767"/>
							<String ID="string_71" HPOS="784" VPOS="440" WIDTH="34" HEIGHT="21" WC="0.96" CONTENT="till"/>
						</TextLine>
						<TextLine ID="line_9" HPOS="58" VPOS="475" WIDTH="759" HEIGHT="27">
							<String ID="string_72" HPOS="58" VPOS="476" WIDTH="54" HEIGHT="26" WC="0.96" CONTENT="läge,"/><SP WIDTH="17" VPOS="476" HPOS="112"/>
							<String ID="string_73" HPOS="129" VPOS="475" WIDTH="51" HEIGHT="21" WC="0.96" CONTENT="vidd"/><SP WIDTH="16" VPOS="475" HPOS="180"/>
							<String ID="string_74" HPOS="196" VPOS="475" WIDTH="40" HEIGHT="21" WC="0.96" CONTENT="och"/><SP WIDTH="15" VPOS="475" HPOS="236"/>
							<String ID="string_75" HPOS="251" VPOS="477" WIDTH="97" HEIGHT="25" WC="0.96" CONTENT="gränser,"/><SP WIDTH="17" VPOS="477" HPOS="348"/>
							<String ID="string_76" HPOS="365" VPOS="475" WIDTH="139" HEIGHT="26" WC="0.93" CONTENT="hvarigenom"/><SP WIDTH="17" VPOS="475" HPOS="504"/>
							<String ID="string_77" HPOS="521" VPOS="475" WIDTH="186" HEIGHT="26" WC="0.92" CONTENT="fastighetsboken"/><SP WIDTH="12" VPOS="475" HPOS="707"/>
							<String ID="string_78" HPOS="719" VPOS="475" WIDTH="98" HEIGHT="21" WC="0.96" CONTENT="kommer"/>
						</TextLine>
						<TextLine ID="line_10" HPOS="58" VPOS="509" WIDTH="758" HEIGHT="27">
							<String ID="string_79" HPOS="58" VPOS="512" WIDTH="32" HEIGHT="19" WC="0.96" CONTENT="att"/><SP WIDTH="16" VPOS="512" HPOS="90"/>
							<String ID="string_80" HPOS="106" VPOS="510" WIDTH="70" HEIGHT="21" WC="0.96" CONTENT="utvisa"/><SP WIDTH="24" VPOS="510" HPOS="176"/>
							<String ID="string_81" HPOS="200" VPOS="510" WIDTH="46" HEIGHT="21" WC="0.96" CONTENT="icke"/><SP WIDTH="23" VPOS="510" HPOS="246"/>
							<String ID="string_82" HPOS="269" VPOS="510" WIDTH="57" HEIGHT="20" WC="0.95" CONTENT="blott"/><SP WIDTH="24" VPOS="510" HPOS="326"/>
							<String ID="string_83" HPOS="350" VPOS="509" WIDTH="26" HEIGHT="21" WC="0.93" CONTENT="de"/><SP WIDTH="21" VPOS="509" HPOS="376"/>
							<String ID="string_84" HPOS="397" VPOS="509" WIDTH="118" HEIGHT="27" WC="0.91" CONTENT="jernvägen"/><SP WIDTH="18" VPOS="509" HPOS="515"/>
							<String ID="string_85" HPOS="533" VPOS="509" WIDTH="91" HEIGHT="21" WC="0.93" CONTENT="rörande"/><SP WIDTH="16" VPOS="509" HPOS="624"/>
							<String ID="string_86" HPOS="640" VPOS="509" WIDTH="176" HEIGHT="21" WC="0.91" CONTENT="rättsförhållan-"/>
						</TextLine>
						<TextLine ID="line_11" HPOS="58" VPOS="543" WIDTH="758" HEIGHT="28">
							<String ID="string_87" HPOS="58" VPOS="545" WIDTH="61" HEIGHT="25" WC="0.95" CONTENT="dena,"/><SP WIDTH="24" VPOS="545" HPOS="119"/>
							<String ID="string_88" HPOS="143" VPOS="547" WIDTH="51" HEIGHT="18" WC="0.96" CONTENT="utan"/><SP WIDTH="25" VPOS="547" HPOS="194"/>
							<String ID="string_89" HPOS="219" VPOS="544" WIDTH="61" HEIGHT="21" WC="0.96" CONTENT="äfven"/><SP WIDTH="22" VPOS="544" HPOS="280"/>
							<String ID="string_90" HPOS="302" VPOS="543" WIDTH="79" HEIGHT="22" WC="0.96" CONTENT="hvaraf"/><SP WIDTH="14" VPOS="543" HPOS="381"/>
							<String ID="string_91" HPOS="395" VPOS="544" WIDTH="76" HEIGHT="27" WC="0.93" CONTENT="sjelfva"/><SP WIDTH="13" VPOS="544" HPOS="471"/>
							<String ID="string_92" HPOS="484" VPOS="543" WIDTH="234" HEIGHT="27" WC="0.91" CONTENT="jernvägsfastigheten"/><SP WIDTH="17" VPOS="543" HPOS="718"/>
							<String ID="string_93" HPOS="735" VPOS="544" WIDTH="81" HEIGHT="21" WC="0.96" CONTENT="består."/>
						</TextLine>
					</TextBlock>
					<TextBlock ID="block_2" HPOS="52" VPOS="578" WIDTH="765" HEIGHT="442">
						<TextLine ID="line_12" HPOS="125" VPOS="578" WIDTH="692" HEIGHT="28">
							<String ID="string_94" HPOS="125" VPOS="579" WIDTH="79" HEIGHT="21" WC="0.91" CONTENT="Medan"/><SP WIDTH="23" VPOS="579" HPOS="204"/>
							<String ID="string_95" HPOS="227" VPOS="579" WIDTH="95" HEIGHT="27" WC="0.91" CONTENT="hypotek"/><SP WIDTH="24" VPOS="579" HPOS="322"/>
							<String ID="string_96" HPOS="346" VPOS="579" WIDTH="6" HEIGHT="20" WC="0.95" CONTENT="i"/><SP WIDTH="16" VPOS="579" HPOS="352"/>
							<String ID="string_97" HPOS="368" VPOS="578" WIDTH="106" HEIGHT="28" WC="0.95" CONTENT="fastighet"/><SP WIDTH="16" VPOS="578" HPOS="474"/>
							<String ID="string_98" HPOS="490" VPOS="578" WIDTH="68" HEIGHT="26" WC="0.96" CONTENT="enligt"/><SP WIDTH="15" VPOS="578" HPOS="558"/>
							<String ID="string_99" HPOS="573" VPOS="578" WIDTH="99" HEIGHT="27" WC="0.96" CONTENT="gällande"/><SP WIDTH="17" VPOS="578" HPOS="672"/>
							<String ID="string_100" HPOS="689" VPOS="578" WIDTH="128" HEIGHT="28" WC="0.96" CONTENT="förordning"/>
						</TextLine>
						<TextLine ID="line_13" HPOS="56" VPOS="613" WIDTH="759" HEIGHT="27">
							<String ID="string_101" HPOS="56" VPOS="614" WIDTH="7" HEIGHT="21" WC="0.96" CONTENT="i"/><SP WIDTH="16" VPOS="614" HPOS="63"/>
							<String ID="string_102" HPOS="79" VPOS="616" WIDTH="73" HEIGHT="18" WC="0.96" CONTENT="ämnet"/><SP WIDTH="15" VPOS="616" HPOS="152"/>
							<String ID="string_103" HPOS="167" VPOS="614" WIDTH="95" HEIGHT="20" WC="0.96" CONTENT="kommer"/><SP WIDTH="17" VPOS="614" HPOS="262"/>
							<String ID="string_104" HPOS="279" VPOS="614" WIDTH="31" HEIGHT="20" WC="0.96" CONTENT="till"/><SP WIDTH="18" VPOS="614" HPOS="310"/>
							<String ID="string_105" HPOS="328" VPOS="613" WIDTH="64" HEIGHT="21" WC="0.96" CONTENT="stånd"/><SP WIDTH="17" VPOS="613" HPOS="392"/>
							<String ID="string_106" HPOS="409" VPOS="614" WIDTH="66" HEIGHT="20" WC="0.96" CONTENT="redan"/><SP WIDTH="17" VPOS="614" HPOS="475"/>
							<String ID="string_107" HPOS="492" VPOS="619" WIDTH="75" HEIGHT="20" WC="0.96" CONTENT="genom"/><SP WIDTH="18" VPOS="619" HPOS="567"/>
							<String ID="string_108" HPOS="585" VPOS="613" WIDTH="37" HEIGHT="21" WC="0.96" CONTENT="det"/><SP WIDTH="15" VPOS="613" HPOS="622"/>
							<String ID="string_109" HPOS="637" VPOS="615" WIDTH="84" HEIGHT="19" WC="0.96" CONTENT="rättens"/><SP WIDTH="15" VPOS="615" HPOS="721"/>
							<String ID="string_110" HPOS="736" VPOS="614" WIDTH="79" HEIGHT="26" WC="0.95" CONTENT="utslag,"/>
						</TextLine>
						<TextLine ID="line_14" HPOS="56" VPOS="648" WIDTH="760" HEIGHT="27">
							<String ID="string_111" HPOS="56" VPOS="648" WIDTH="139" HEIGHT="26" WC="0.96" CONTENT="hvarigenom"/><SP WIDTH="15" VPOS="648" HPOS="195"/>
							<String ID="string_112" HPOS="210" VPOS="648" WIDTH="125" HEIGHT="26" WC="0.96" CONTENT="inteckning"/><SP WIDTH="16" VPOS="648" HPOS="335"/>
							<String ID="string_113" HPOS="351" VPOS="648" WIDTH="129" HEIGHT="25" WC="0.95" CONTENT="fastställes,"/><SP WIDTH="17" VPOS="648" HPOS="480"/>
							<String ID="string_114" HPOS="497" VPOS="648" WIDTH="90" HEIGHT="20" WC="0.95" CONTENT="innebär"/><SP WIDTH="15" VPOS="648" HPOS="587"/>
							<String ID="string_115" HPOS="602" VPOS="649" WIDTH="31" HEIGHT="19" WC="0.96" CONTENT="ett"/><SP WIDTH="16" VPOS="649" HPOS="633"/>
							<String ID="string_116" HPOS="649" VPOS="648" WIDTH="27" HEIGHT="26" WC="0.93" CONTENT="på"/><SP WIDTH="14" VPOS="648" HPOS="676"/>
							<String ID="string_117" HPOS="690" VPOS="648" WIDTH="126" HEIGHT="27" WC="0.91" CONTENT="fastighets-"/>
						</TextLine>
						<TextLine ID="line_15" HPOS="56" VPOS="682" WIDTH="759" HEIGHT="27">
							<String ID="string_118" HPOS="56" VPOS="682" WIDTH="44" HEIGHT="21" WC="0.92" CONTENT="bok"/><SP WIDTH="16" VPOS="682" HPOS="100"/>
							<String ID="string_119" HPOS="116" VPOS="682" WIDTH="67" HEIGHT="27" WC="0.91" CONTENT="bygdt"/><SP WIDTH="15" VPOS="682" HPOS="183"/>
							<String ID="string_120" HPOS="198" VPOS="682" WIDTH="226" HEIGHT="26" WC="0.91" CONTENT="inteckningssystem,"/><SP WIDTH="18" VPOS="682" HPOS="424"/>
							<String ID="string_121" HPOS="442" VPOS="684" WIDTH="33" HEIGHT="18" WC="0.96" CONTENT="att"/><SP WIDTH="15" VPOS="684" HPOS="475"/>
							<String ID="string_122" HPOS="490" VPOS="682" WIDTH="130" HEIGHT="26" WC="0.96" CONTENT="inteckning,"/><SP WIDTH="15" VPOS="682" HPOS="620"/>
							<String ID="string_123" HPOS="635" VPOS="682" WIDTH="7" HEIGHT="20" WC="0.96" CONTENT="i"/><SP WIDTH="17" VPOS="682" HPOS="642"/>
							<String ID="string_124" HPOS="659" VPOS="682" WIDTH="95" HEIGHT="27" WC="0.96" CONTENT="enlighet"/><SP WIDTH="12" VPOS="682" HPOS="754"/>
							<String ID="string_125" HPOS="766" VPOS="683" WIDTH="49" HEIGHT="21" WC="0.96" CONTENT="med"/>
						</TextLine>
						<TextLine ID="line_16" HPOS="57" VPOS="716" WIDTH="759" HEIGHT="27">
							<String ID="string_126" HPOS="57" VPOS="717" WIDTH="41" HEIGHT="21" WC="0.96" CONTENT="den"/><SP WIDTH="16" VPOS="717" HPOS="98"/>
							<String ID="string_127" HPOS="114" VPOS="717" WIDTH="108" HEIGHT="26" WC="0.96" CONTENT="egentliga"/><SP WIDTH="16" VPOS="717" HPOS="222"/>
							<String ID="string_128" HPOS="238" VPOS="716" WIDTH="126" HEIGHT="27" WC="0.96" CONTENT="betydelsen"/><SP WIDTH="17" VPOS="716" HPOS="364"/>
							<String ID="string_129" HPOS="381" VPOS="716" WIDTH="23" HEIGHT="20" WC="0.96" CONTENT="af"/><SP WIDTH="15" VPOS="716" HPOS="404"/>
							<String ID="string_130" HPOS="419" VPOS="716" WIDTH="60" HEIGHT="21" WC="0.96" CONTENT="detta"/><SP WIDTH="16" VPOS="716" HPOS="479"/>
							<String ID="string_131" HPOS="495" VPOS="716" WIDTH="45" HEIGHT="26" WC="0.96" CONTENT="ord,"/><SP WIDTH="17" VPOS="716" HPOS="540"/>
							<String ID="string_132" HPOS="557" VPOS="716" WIDTH="107" HEIGHT="27" WC="0.95" CONTENT="försiggår"/><SP WIDTH="15" VPOS="716" HPOS="664"/>
							<String ID="string_133" HPOS="679" VPOS="723" WIDTH="77" HEIGHT="20" WC="0.92" CONTENT="genom"/><SP WIDTH="16" VPOS="723" HPOS="756"/>
							<String ID="string_134" HPOS="772" VPOS="717" WIDTH="44" HEIGHT="21" WC="0.92" CONTENT="for-"/>
						</TextLine>
						<TextLine ID="line_17" HPOS="56" VPOS="752" WIDTH="759" HEIGHT="25">
							<String ID="string_135" HPOS="56" VPOS="752" WIDTH="65" HEIGHT="20" WC="0.92" CONTENT="drans"/><SP WIDTH="23" VPOS="752" HPOS="121"/>
							<String ID="string_136" HPOS="144" VPOS="752" WIDTH="147" HEIGHT="20" WC="0.92" CONTENT="inskrifvande"/><SP WIDTH="23" VPOS="752" HPOS="291"/>
							<String ID="string_137" HPOS="314" VPOS="752" WIDTH="54" HEIGHT="20" WC="0.93" CONTENT="eller"/><SP WIDTH="16" VPOS="752" HPOS="368"/>
							<String ID="string_138" HPOS="384" VPOS="752" WIDTH="143" HEIGHT="20" WC="0.92" CONTENT="intecknande"/><SP WIDTH="19" VPOS="752" HPOS="527"/>
							<String ID="string_139" HPOS="546" VPOS="752" WIDTH="7" HEIGHT="20" WC="0.96" CONTENT="i"/><SP WIDTH="16" VPOS="752" HPOS="553"/>
							<String ID="string_140" HPOS="569" VPOS="752" WIDTH="76" HEIGHT="25" WC="0.96" CONTENT="boken,"/><SP WIDTH="18" VPOS="752" HPOS="645"/>
							<String ID="string_141" HPOS="663" VPOS="752" WIDTH="38" HEIGHT="21" WC="0.96" CONTENT="och"/><SP WIDTH="16" VPOS="752" HPOS="701"/>
							<String ID="string_142" HPOS="717" VPOS="754" WIDTH="34" HEIGHT="19" WC="0.93" CONTENT="att"/><SP WIDTH="16" VPOS="754" HPOS="751"/>
							<String ID="string_143" HPOS="767" VPOS="752" WIDTH="48" HEIGHT="22" WC="0.91" CONTENT="der-"/>
						</TextLine>
						<TextLine ID="line_18" HPOS="55" VPOS="786" WIDTH="760" HEIGHT="26">
							<String ID="string_144" HPOS="55" VPOS="786" WIDTH="100" HEIGHT="21" WC="0.91" CONTENT="förinnan"/><SP WIDTH="16" VPOS="786" HPOS="155"/>
							<String ID="string_145" HPOS="171" VPOS="786" WIDTH="71" HEIGHT="26" WC="0.93" CONTENT="någon"/><SP WIDTH="16" VPOS="786" HPOS="242"/>
							<String ID="string_146" HPOS="258" VPOS="787" WIDTH="98" HEIGHT="25" WC="0.91" CONTENT="panträtt"/><SP WIDTH="15" VPOS="787" HPOS="356"/>
							<String ID="string_147" HPOS="371" VPOS="786" WIDTH="48" HEIGHT="20" WC="0.96" CONTENT="icke"/><SP WIDTH="11" VPOS="786" HPOS="419"/>
							<String ID="string_148" HPOS="430" VPOS="786" WIDTH="43" HEIGHT="20" WC="0.92" CONTENT="kan"/><SP WIDTH="12" VPOS="786" HPOS="473"/>
							<String ID="string_149" HPOS="485" VPOS="792" WIDTH="38" HEIGHT="20" WC="0.89" CONTENT="ega"/><SP WIDTH="12" VPOS="792" HPOS="523"/>
							<String ID="string_150" HPOS="535" VPOS="792" WIDTH="53" HEIGHT="14" WC="0.93" CONTENT="rum."/><SP WIDTH="27" VPOS="792" HPOS="588"/>
							<String ID="string_151" HPOS="615" VPOS="786" WIDTH="71" HEIGHT="21" WC="0.92" CONTENT="Jemte"/><SP WIDTH="11" VPOS="786" HPOS="686"/>
							<String ID="string_152" HPOS="697" VPOS="787" WIDTH="37" HEIGHT="21" WC="0.96" CONTENT="det"/><SP WIDTH="11" VPOS="787" HPOS="734"/>
							<String ID="string_153" HPOS="745" VPOS="787" WIDTH="70" HEIGHT="21" WC="0.96" CONTENT="denna"/>
						</TextLine>
						<TextLine ID="line_19" HPOS="55" VPOS="820" WIDTH="759" HEIGHT="28">
							<String ID="string_154" HPOS="55" VPOS="821" WIDTH="117" HEIGHT="26" WC="0.96" CONTENT="grundsats"/><SP WIDTH="24" VPOS="821" HPOS="172"/>
							<String ID="string_155" HPOS="196" VPOS="820" WIDTH="72" HEIGHT="21" WC="0.95" CONTENT="blifvit"/><SP WIDTH="22" VPOS="820" HPOS="268"/>
							<String ID="string_156" HPOS="290" VPOS="820" WIDTH="164" HEIGHT="21" WC="0.96" CONTENT="bestämmande"/><SP WIDTH="23" VPOS="820" HPOS="454"/>
							<String ID="string_157" HPOS="477" VPOS="820" WIDTH="49" HEIGHT="21" WC="0.96" CONTENT="med"/><SP WIDTH="23" VPOS="820" HPOS="526"/>
							<String ID="string_158" HPOS="549" VPOS="820" WIDTH="101" HEIGHT="22" WC="0.92" CONTENT="afseende"/><SP WIDTH="16" VPOS="820" HPOS="650"/>
							<String ID="string_159" HPOS="666" VPOS="821" WIDTH="12" HEIGHT="20" WC="0.92" CONTENT="å"/><SP WIDTH="17" VPOS="821" HPOS="678"/>
							<String ID="string_160" HPOS="695" VPOS="821" WIDTH="119" HEIGHT="27" WC="0.91" CONTENT="hypotek"/><SP WIDTH="-12" VPOS="821" HPOS="814"/>
							<String ID="string_161" HPOS="802" VPOS="816" WIDTH="17" HEIGHT="36" WC="0.96" CONTENT="i"/>
						</TextLine>
						<TextLine ID="line_20" HPOS="52" VPOS="854" WIDTH="762" HEIGHT="28">
							<String ID="string_162" HPOS="52" VPOS="855" WIDTH="98" HEIGHT="27" WC="0.92" CONTENT="jernväg,"/><SP WIDTH="16" VPOS="855" HPOS="150"/>
							<String ID="string_163" HPOS="166" VPOS="855" WIDTH="40" HEIGHT="21" WC="0.96" CONTENT="har"/><SP WIDTH="15" VPOS="855" HPOS="206"/>
							<String ID="string_164" HPOS="221" VPOS="855" WIDTH="71" HEIGHT="21" WC="0.93" CONTENT="tillika"/><SP WIDTH="15" VPOS="855" HPOS="292"/>
							<String ID="string_165" HPOS="307" VPOS="854" WIDTH="139" HEIGHT="27" WC="0.91" CONTENT="intecknings"/><SP WIDTH="16" VPOS="854" HPOS="446"/>
							<String ID="string_166" HPOS="462" VPOS="854" WIDTH="141" HEIGHT="22" WC="0.96" CONTENT="meddelande"/><SP WIDTH="16" VPOS="854" HPOS="603"/>
							<String ID="string_167" HPOS="619" VPOS="855" WIDTH="69" HEIGHT="27" WC="0.96" CONTENT="gjorts"/><SP WIDTH="17" VPOS="855" HPOS="688"/>
							<String ID="string_168" HPOS="705" VPOS="856" WIDTH="109" HEIGHT="21" WC="0.96" CONTENT="beroende"/>
						</TextLine>
						<TextLine ID="line_21" HPOS="55" VPOS="889" WIDTH="759" HEIGHT="27">
							<String ID="string_169" HPOS="55" VPOS="889" WIDTH="23" HEIGHT="22" WC="0.93" CONTENT="af"/><SP WIDTH="18" VPOS="889" HPOS="78"/>
							<String ID="string_170" HPOS="96" VPOS="890" WIDTH="194" HEIGHT="26" WC="0.91" CONTENT="jernvägsegarens"/><SP WIDTH="26" VPOS="890" HPOS="290"/>
							<String ID="string_171" HPOS="316" VPOS="889" WIDTH="112" HEIGHT="26" WC="0.93" CONTENT="skriftliga"/><SP WIDTH="23" VPOS="889" HPOS="428"/>
							<String ID="string_172" HPOS="451" VPOS="889" WIDTH="158" HEIGHT="26" WC="0.89" CONTENT="medgifvande,"/><SP WIDTH="24" VPOS="889" HPOS="609"/>
							<String ID="string_173" HPOS="633" VPOS="891" WIDTH="51" HEIGHT="20" WC="0.96" CONTENT="enär"/><SP WIDTH="19" VPOS="891" HPOS="684"/>
							<String ID="string_174" HPOS="703" VPOS="890" WIDTH="47" HEIGHT="21" WC="0.96" CONTENT="skäl"/><SP WIDTH="16" VPOS="890" HPOS="750"/>
							<String ID="string_175" HPOS="766" VPOS="891" WIDTH="48" HEIGHT="21" WC="0.96" CONTENT="icke"/>
						</TextLine>
						<TextLine ID="line_22" HPOS="54" VPOS="923" WIDTH="759" HEIGHT="29">
							<String ID="string_176" HPOS="54" VPOS="923" WIDTH="68" HEIGHT="22" WC="0.96" CONTENT="finnes"/><SP WIDTH="24" VPOS="923" HPOS="122"/>
							<String ID="string_177" HPOS="146" VPOS="926" WIDTH="32" HEIGHT="19" WC="0.96" CONTENT="att"/><SP WIDTH="22" VPOS="926" HPOS="178"/>
							<String ID="string_178" HPOS="200" VPOS="924" WIDTH="72" HEIGHT="21" WC="0.93" CONTENT="tillåta"/><SP WIDTH="19" VPOS="924" HPOS="272"/>
							<String ID="string_179" HPOS="291" VPOS="923" WIDTH="178" HEIGHT="28" WC="0.92" CONTENT="fordringsegare"/><SP WIDTH="18" VPOS="923" HPOS="469"/>
							<String ID="string_180" HPOS="487" VPOS="925" WIDTH="39" HEIGHT="22" WC="0.96" CONTENT="att,"/><SP WIDTH="16" VPOS="925" HPOS="526"/>
							<String ID="string_181" HPOS="542" VPOS="924" WIDTH="33" HEIGHT="21" WC="0.96" CONTENT="till"/><SP WIDTH="16" VPOS="924" HPOS="575"/>
							<String ID="string_182" HPOS="591" VPOS="931" WIDTH="47" HEIGHT="14" WC="0.96" CONTENT="men"/><SP WIDTH="16" VPOS="931" HPOS="638"/>
							<String ID="string_183" HPOS="654" VPOS="925" WIDTH="33" HEIGHT="20" WC="0.93" CONTENT="för"/><SP WIDTH="12" VPOS="925" HPOS="687"/>
							<String ID="string_184" HPOS="699" VPOS="925" WIDTH="114" HEIGHT="27" WC="0.89" CONTENT="jernvägs-"/>
						</TextLine>
						<TextLine ID="line_23" HPOS="54" VPOS="958" WIDTH="759" HEIGHT="29">
							<String ID="string_185" HPOS="54" VPOS="965" WIDTH="91" HEIGHT="20" WC="0.91" CONTENT="egarens"/><SP WIDTH="23" VPOS="965" HPOS="145"/>
							<String ID="string_186" HPOS="168" VPOS="958" WIDTH="78" HEIGHT="26" WC="0.93" CONTENT="kredit,"/><SP WIDTH="24" VPOS="958" HPOS="246"/>
							<String ID="string_187" HPOS="270" VPOS="958" WIDTH="109" HEIGHT="27" WC="0.92" CONTENT="tilltvinga"/><SP WIDTH="23" VPOS="958" HPOS="379"/>
							<String ID="string_188" HPOS="402" VPOS="959" WIDTH="35" HEIGHT="26" WC="0.96" CONTENT="sig"/><SP WIDTH="23" VPOS="959" HPOS="437"/>
							<String ID="string_189" HPOS="460" VPOS="965" WIDTH="26" HEIGHT="14" WC="0.93" CONTENT="en"/><SP WIDTH="17" VPOS="965" HPOS="486"/>
							<String ID="string_190" HPOS="503" VPOS="959" WIDTH="148" HEIGHT="21" WC="0.91" CONTENT="realsäkerhet"/><SP WIDTH="15" VPOS="959" HPOS="651"/>
							<String ID="string_191" HPOS="666" VPOS="959" WIDTH="6" HEIGHT="21" WC="0.93" CONTENT="i"/><SP WIDTH="14" VPOS="959" HPOS="672"/>
							<String ID="string_192" HPOS="686" VPOS="959" WIDTH="127" HEIGHT="28" WC="0.92" CONTENT="jernvägen,"/>
						</TextLine>
						<TextLine ID="line_24" HPOS="54" VPOS="993" WIDTH="212" HEIGHT="27">
							<String ID="string_193" HPOS="54" VPOS="999" WIDTH="46" HEIGHT="15" WC="0.96" CONTENT="som"/><SP WIDTH="17" VPOS="999" HPOS="100"/>
							<String ID="string_194" HPOS="117" VPOS="994" WIDTH="18" HEIGHT="26" WC="0.96" CONTENT="ej"/><SP WIDTH="17" VPOS="994" HPOS="135"/>
							<String ID="string_195" HPOS="152" VPOS="995" WIDTH="24" HEIGHT="19" WC="0.96" CONTENT="är"/><SP WIDTH="15" VPOS="995" HPOS="176"/>
							<String ID="string_196" HPOS="191" VPOS="993" WIDTH="75" HEIGHT="21" WC="0.95" CONTENT="utfäst."/>
						</TextLine>
					</TextBlock>
					<TextBlock ID="block_3" HPOS="51" VPOS="1027" WIDTH="762" HEIGHT="373">
						<TextLine ID="line_25" HPOS="123" VPOS="1027" WIDTH="690" HEIGHT="29">
							<String ID="string_197" HPOS="123" VPOS="1027" WIDTH="59" HEIGHT="21" WC="0.90" CONTENT="Enär"/><SP WIDTH="23" VPOS="1027" HPOS="182"/>
							<String ID="string_198" HPOS="205" VPOS="1027" WIDTH="26" HEIGHT="21" WC="0.96" CONTENT="de"/><SP WIDTH="22" VPOS="1027" HPOS="231"/>
							<String ID="string_199" HPOS="253" VPOS="1027" WIDTH="7" HEIGHT="21" WC="0.89" CONTENT="i"/><SP WIDTH="26" VPOS="1027" HPOS="260"/>
							<String ID="string_200" HPOS="286" VPOS="1027" WIDTH="190" HEIGHT="26" WC="0.89" CONTENT="fastighetsboken"/><SP WIDTH="25" VPOS="1027" HPOS="476"/>
							<String ID="string_201" HPOS="501" VPOS="1027" WIDTH="111" HEIGHT="28" WC="0.93" CONTENT="befintliga"/><SP WIDTH="22" VPOS="1027" HPOS="612"/>
							<String ID="string_202" HPOS="634" VPOS="1029" WIDTH="179" HEIGHT="27" WC="0.92" CONTENT="inteckningarna"/>
						</TextLine>
						<TextLine ID="line_26" HPOS="54" VPOS="1061" WIDTH="759" HEIGHT="30">
							<String ID="string_203" HPOS="54" VPOS="1061" WIDTH="157" HEIGHT="27" WC="0.90" CONTENT="öfverskådligt"/><SP WIDTH="21" VPOS="1061" HPOS="211"/>
							<String ID="string_204" HPOS="232" VPOS="1062" WIDTH="84" HEIGHT="27" WC="0.96" CONTENT="framgå"/><SP WIDTH="16" VPOS="1062" HPOS="316"/>
							<String ID="string_205" HPOS="332" VPOS="1069" WIDTH="26" HEIGHT="14" WC="0.96" CONTENT="ur"/><SP WIDTH="16" VPOS="1069" HPOS="358"/>
							<String ID="string_206" HPOS="374" VPOS="1063" WIDTH="77" HEIGHT="25" WC="0.96" CONTENT="denna,"/><SP WIDTH="17" VPOS="1063" HPOS="451"/>
							<String ID="string_207" HPOS="468" VPOS="1064" WIDTH="53" HEIGHT="19" WC="0.96" CONTENT="utan"/><SP WIDTH="16" VPOS="1064" HPOS="521"/>
							<String ID="string_208" HPOS="537" VPOS="1062" WIDTH="100" HEIGHT="21" WC="0.93" CONTENT="afseende"/><SP WIDTH="16" VPOS="1062" HPOS="637"/>
							<String ID="string_209" HPOS="653" VPOS="1063" WIDTH="12" HEIGHT="20" WC="0.93" CONTENT="å"/><SP WIDTH="16" VPOS="1063" HPOS="665"/>
							<String ID="string_210" HPOS="681" VPOS="1063" WIDTH="41" HEIGHT="21" WC="0.96" CONTENT="den"/><SP WIDTH="15" VPOS="1063" HPOS="722"/>
							<String ID="string_211" HPOS="737" VPOS="1064" WIDTH="76" HEIGHT="27" WC="0.96" CONTENT="längre"/>
						</TextLine>
						<TextLine ID="line_27" HPOS="54" VPOS="1096" WIDTH="758" HEIGHT="28">
							<String ID="string_212" HPOS="54" VPOS="1097" WIDTH="52" HEIGHT="20" WC="0.96" CONTENT="eller"/><SP WIDTH="16" VPOS="1097" HPOS="106"/>
							<String ID="string_213" HPOS="122" VPOS="1096" WIDTH="88" HEIGHT="21" WC="0.96" CONTENT="kortare"/><SP WIDTH="20" VPOS="1096" HPOS="210"/>
							<String ID="string_214" HPOS="230" VPOS="1097" WIDTH="38" HEIGHT="26" WC="0.96" CONTENT="tid,"/><SP WIDTH="21" VPOS="1097" HPOS="268"/>
							<String ID="string_215" HPOS="289" VPOS="1103" WIDTH="45" HEIGHT="14" WC="0.96" CONTENT="som"/><SP WIDTH="17" VPOS="1103" HPOS="334"/>
							<String ID="string_216" HPOS="351" VPOS="1096" WIDTH="94" HEIGHT="21" WC="0.96" CONTENT="förflutit"/><SP WIDTH="16" VPOS="1096" HPOS="445"/>
							<String ID="string_217" HPOS="461" VPOS="1097" WIDTH="67" HEIGHT="21" WC="0.96" CONTENT="sedan"/><SP WIDTH="17" VPOS="1097" HPOS="528"/>
							<String ID="string_218" HPOS="545" VPOS="1097" WIDTH="63" HEIGHT="21" WC="0.96" CONTENT="deras"/><SP WIDTH="16" VPOS="1097" HPOS="608"/>
							<String ID="string_219" HPOS="624" VPOS="1097" WIDTH="111" HEIGHT="27" WC="0.93" CONTENT="tillkomst,"/><SP WIDTH="18" VPOS="1097" HPOS="735"/>
							<String ID="string_220" HPOS="753" VPOS="1098" WIDTH="59" HEIGHT="21" WC="0.92" CONTENT="bort-"/>
						</TextLine>
						<TextLine ID="line_28" HPOS="52" VPOS="1131" WIDTH="760" HEIGHT="28">
							<String ID="string_221" HPOS="52" VPOS="1131" WIDTH="64" HEIGHT="21" WC="0.95" CONTENT="faller"/><SP WIDTH="23" VPOS="1131" HPOS="116"/>
							<String ID="string_222" HPOS="139" VPOS="1131" WIDTH="41" HEIGHT="21" WC="0.96" CONTENT="den"/><SP WIDTH="20" VPOS="1131" HPOS="180"/>
							<String ID="string_223" HPOS="200" VPOS="1131" WIDTH="115" HEIGHT="27" WC="0.96" CONTENT="anledning"/><SP WIDTH="16" VPOS="1131" HPOS="315"/>
							<String ID="string_224" HPOS="331" VPOS="1133" WIDTH="33" HEIGHT="19" WC="0.96" CONTENT="att"/><SP WIDTH="15" VPOS="1133" HPOS="364"/>
							<String ID="string_225" HPOS="379" VPOS="1131" WIDTH="77" HEIGHT="21" WC="0.93" CONTENT="fordra"/><SP WIDTH="15" VPOS="1131" HPOS="456"/>
							<String ID="string_226" HPOS="471" VPOS="1131" WIDTH="136" HEIGHT="27" WC="0.92" CONTENT="intecknings"/><SP WIDTH="16" VPOS="1131" HPOS="607"/>
							<String ID="string_227" HPOS="623" VPOS="1131" WIDTH="125" HEIGHT="28" WC="0.91" CONTENT="förnyande,"/><SP WIDTH="17" VPOS="1131" HPOS="748"/>
							<String ID="string_228" HPOS="765" VPOS="1139" WIDTH="47" HEIGHT="15" WC="0.96" CONTENT="som"/>
						</TextLine>
						<TextLine ID="line_29" HPOS="52" VPOS="1166" WIDTH="760" HEIGHT="27">
							<String ID="string_229" HPOS="52" VPOS="1166" WIDTH="37" HEIGHT="20" WC="0.96" CONTENT="vid"/><SP WIDTH="23" VPOS="1166" HPOS="89"/>
							<String ID="string_230" HPOS="112" VPOS="1168" WIDTH="32" HEIGHT="19" WC="0.96" CONTENT="ett"/><SP WIDTH="17" VPOS="1168" HPOS="144"/>
							<String ID="string_231" HPOS="161" VPOS="1166" WIDTH="29" HEIGHT="26" WC="0.96" CONTENT="på"/><SP WIDTH="21" VPOS="1166" HPOS="190"/>
							<String ID="string_232" HPOS="211" VPOS="1166" WIDTH="109" HEIGHT="26" WC="0.93" CONTENT="protokoll"/><SP WIDTH="17" VPOS="1166" HPOS="320"/>
							<String ID="string_233" HPOS="337" VPOS="1166" WIDTH="68" HEIGHT="26" WC="0.92" CONTENT="bygdt"/><SP WIDTH="15" VPOS="1166" HPOS="405"/>
							<String ID="string_234" HPOS="420" VPOS="1166" WIDTH="220" HEIGHT="27" WC="0.92" CONTENT="inteckningssystem"/><SP WIDTH="17" VPOS="1166" HPOS="640"/>
							<String ID="string_235" HPOS="657" VPOS="1167" WIDTH="68" HEIGHT="26" WC="0.96" CONTENT="ligger"/><SP WIDTH="16" VPOS="1167" HPOS="725"/>
							<String ID="string_236" HPOS="741" VPOS="1167" WIDTH="6" HEIGHT="21" WC="0.92" CONTENT="i"/><SP WIDTH="18" VPOS="1167" HPOS="747"/>
							<String ID="string_237" HPOS="765" VPOS="1167" WIDTH="47" HEIGHT="21" WC="0.91" CONTENT="svå-"/>
						</TextLine>
						<TextLine ID="line_30" HPOS="53" VPOS="1200" WIDTH="758" HEIGHT="28">
							<String ID="string_238" HPOS="53" VPOS="1200" WIDTH="98" HEIGHT="27" WC="0.93" CONTENT="righeten"/><SP WIDTH="16" VPOS="1200" HPOS="151"/>
							<String ID="string_239" HPOS="167" VPOS="1202" WIDTH="33" HEIGHT="20" WC="0.93" CONTENT="att"/><SP WIDTH="15" VPOS="1202" HPOS="200"/>
							<String ID="string_240" HPOS="215" VPOS="1200" WIDTH="107" HEIGHT="22" WC="0.92" CONTENT="beherska"/><SP WIDTH="15" VPOS="1200" HPOS="322"/>
							<String ID="string_241" HPOS="337" VPOS="1200" WIDTH="120" HEIGHT="22" WC="0.96" CONTENT="innehållet"/><SP WIDTH="17" VPOS="1200" HPOS="457"/>
							<String ID="string_242" HPOS="474" VPOS="1200" WIDTH="23" HEIGHT="22" WC="0.96" CONTENT="af"/><SP WIDTH="10" VPOS="1200" HPOS="497"/>
							<String ID="string_243" HPOS="507" VPOS="1200" WIDTH="136" HEIGHT="28" WC="0.96" CONTENT="protokollen"/><SP WIDTH="12" VPOS="1200" HPOS="643"/>
							<String ID="string_244" HPOS="655" VPOS="1200" WIDTH="34" HEIGHT="22" WC="0.96" CONTENT="för"/><SP WIDTH="10" VPOS="1200" HPOS="689"/>
							<String ID="string_245" HPOS="699" VPOS="1208" WIDTH="26" HEIGHT="14" WC="0.96" CONTENT="en"/><SP WIDTH="11" VPOS="1208" HPOS="725"/>
							<String ID="string_246" HPOS="736" VPOS="1202" WIDTH="75" HEIGHT="26" WC="0.95" CONTENT="längre"/>
						</TextLine>
						<TextLine ID="line_31" HPOS="52" VPOS="1235" WIDTH="760" HEIGHT="27">
							<String ID="string_247" HPOS="52" VPOS="1235" WIDTH="39" HEIGHT="21" WC="0.95" CONTENT="tid."/><SP WIDTH="30" VPOS="1235" HPOS="91"/>
							<String ID="string_248" HPOS="121" VPOS="1235" WIDTH="51" HEIGHT="21" WC="0.96" CONTENT="Med"/><SP WIDTH="16" VPOS="1235" HPOS="172"/>
							<String ID="string_249" HPOS="188" VPOS="1235" WIDTH="101" HEIGHT="21" WC="0.91" CONTENT="afseende"/><SP WIDTH="16" VPOS="1235" HPOS="289"/>
							<String ID="string_250" HPOS="305" VPOS="1235" WIDTH="53" HEIGHT="21" WC="0.91" CONTENT="härå"/><SP WIDTH="16" VPOS="1235" HPOS="358"/>
							<String ID="string_251" HPOS="374" VPOS="1235" WIDTH="39" HEIGHT="21" WC="0.96" CONTENT="och"/><SP WIDTH="18" VPOS="1235" HPOS="413"/>
							<String ID="string_252" HPOS="431" VPOS="1235" WIDTH="28" HEIGHT="21" WC="0.96" CONTENT="då"/><SP WIDTH="16" VPOS="1235" HPOS="459"/>
							<String ID="string_253" HPOS="475" VPOS="1236" WIDTH="41" HEIGHT="20" WC="0.96" CONTENT="den"/><SP WIDTH="17" VPOS="1236" HPOS="516"/>
							<String ID="string_254" HPOS="533" VPOS="1235" WIDTH="118" HEIGHT="27" WC="0.96" CONTENT="olägenhet,"/><SP WIDTH="16" VPOS="1235" HPOS="651"/>
							<String ID="string_255" HPOS="667" VPOS="1242" WIDTH="45" HEIGHT="15" WC="0.96" CONTENT="som"/><SP WIDTH="11" VPOS="1242" HPOS="712"/>
							<String ID="string_256" HPOS="723" VPOS="1236" WIDTH="89" HEIGHT="22" WC="0.96" CONTENT="fordran"/>
						</TextLine>
						<TextLine ID="line_32" HPOS="52" VPOS="1269" WIDTH="759" HEIGHT="27">
							<String ID="string_257" HPOS="52" VPOS="1269" WIDTH="28" HEIGHT="27" WC="0.93" CONTENT="på"/><SP WIDTH="23" VPOS="1269" HPOS="80"/>
							<String ID="string_258" HPOS="103" VPOS="1269" WIDTH="163" HEIGHT="27" WC="0.92" CONTENT="inteckningens"/><SP WIDTH="23" VPOS="1269" HPOS="266"/>
							<String ID="string_259" HPOS="289" VPOS="1269" WIDTH="120" HEIGHT="27" WC="0.91" CONTENT="förnyande"/><SP WIDTH="22" VPOS="1269" HPOS="409"/>
							<String ID="string_260" HPOS="431" VPOS="1269" WIDTH="88" HEIGHT="21" WC="0.96" CONTENT="komme"/><SP WIDTH="24" VPOS="1269" HPOS="519"/>
							<String ID="string_261" HPOS="543" VPOS="1272" WIDTH="32" HEIGHT="18" WC="0.95" CONTENT="att"/><SP WIDTH="22" VPOS="1272" HPOS="575"/>
							<String ID="string_262" HPOS="597" VPOS="1269" WIDTH="113" HEIGHT="22" WC="0.93" CONTENT="förorsaka"/><SP WIDTH="19" VPOS="1269" HPOS="710"/>
							<String ID="string_263" HPOS="729" VPOS="1270" WIDTH="82" HEIGHT="22" WC="0.92" CONTENT="inteck-"/>
						</TextLine>
						<TextLine ID="line_33" HPOS="52" VPOS="1304" WIDTH="760" HEIGHT="27">
							<String ID="string_264" HPOS="52" VPOS="1304" WIDTH="173" HEIGHT="26" WC="0.91" CONTENT="ningshafvaren,"/><SP WIDTH="24" VPOS="1304" HPOS="225"/>
							<String ID="string_265" HPOS="249" VPOS="1307" WIDTH="51" HEIGHT="17" WC="0.93" CONTENT="utan"/><SP WIDTH="24" VPOS="1307" HPOS="300"/>
							<String ID="string_266" HPOS="324" VPOS="1304" WIDTH="74" HEIGHT="21" WC="0.92" CONTENT="tvifvel"/><SP WIDTH="17" VPOS="1304" HPOS="398"/>
							<String ID="string_267" HPOS="415" VPOS="1304" WIDTH="73" HEIGHT="21" WC="0.96" CONTENT="skulle"/><SP WIDTH="16" VPOS="1304" HPOS="488"/>
							<String ID="string_268" HPOS="504" VPOS="1304" WIDTH="90" HEIGHT="26" WC="0.96" CONTENT="menligt"/><SP WIDTH="14" VPOS="1304" HPOS="594"/>
							<String ID="string_269" HPOS="608" VPOS="1304" WIDTH="89" HEIGHT="21" WC="0.96" CONTENT="inverka"/><SP WIDTH="15" VPOS="1304" HPOS="697"/>
							<String ID="string_270" HPOS="712" VPOS="1304" WIDTH="28" HEIGHT="26" WC="0.93" CONTENT="på"/><SP WIDTH="12" VPOS="1304" HPOS="740"/>
							<String ID="string_271" HPOS="752" VPOS="1305" WIDTH="60" HEIGHT="26" WC="0.91" CONTENT="jern-"/>
						</TextLine>
						<TextLine ID="line_34" HPOS="51" VPOS="1338" WIDTH="760" HEIGHT="27">
							<String ID="string_272" HPOS="51" VPOS="1340" WIDTH="81" HEIGHT="24" WC="0.95" CONTENT="vägens"/><SP WIDTH="16" VPOS="1340" HPOS="132"/>
							<String ID="string_273" HPOS="148" VPOS="1338" WIDTH="141" HEIGHT="21" WC="0.96" CONTENT="användande"/><SP WIDTH="20" VPOS="1338" HPOS="289"/>
							<String ID="string_274" HPOS="309" VPOS="1338" WIDTH="71" HEIGHT="21" WC="0.94" CONTENT="såsom"/><SP WIDTH="20" VPOS="1338" HPOS="380"/>
							<String ID="string_275" HPOS="400" VPOS="1338" WIDTH="109" HEIGHT="27" WC="0.94" CONTENT="underlag"/><SP WIDTH="15" VPOS="1338" HPOS="509"/>
							<String ID="string_276" HPOS="524" VPOS="1338" WIDTH="34" HEIGHT="21" WC="0.93" CONTENT="för"/><SP WIDTH="15" VPOS="1338" HPOS="558"/>
							<String ID="string_277" HPOS="573" VPOS="1338" WIDTH="124" HEIGHT="27" WC="0.92" CONTENT="realkredit,"/><SP WIDTH="16" VPOS="1338" HPOS="697"/>
							<String ID="string_278" HPOS="713" VPOS="1338" WIDTH="40" HEIGHT="22" WC="0.93" CONTENT="har"/><SP WIDTH="14" VPOS="1338" HPOS="753"/>
							<String ID="string_279" HPOS="767" VPOS="1339" WIDTH="44" HEIGHT="21" WC="0.92" CONTENT="för-"/>
						</TextLine>
						<TextLine ID="line_35" HPOS="51" VPOS="1372" WIDTH="664" HEIGHT="28">
							<String ID="string_280" HPOS="51" VPOS="1372" WIDTH="75" HEIGHT="27" WC="0.92" CONTENT="nyelse"/><SP WIDTH="15" VPOS="1372" HPOS="126"/>
							<String ID="string_281" HPOS="141" VPOS="1372" WIDTH="24" HEIGHT="21" WC="0.96" CONTENT="af"/><SP WIDTH="13" VPOS="1372" HPOS="165"/>
							<String ID="string_282" HPOS="178" VPOS="1372" WIDTH="125" HEIGHT="27" WC="0.96" CONTENT="inteckning"/><SP WIDTH="15" VPOS="1372" HPOS="303"/>
							<String ID="string_283" HPOS="318" VPOS="1374" WIDTH="84" HEIGHT="20" WC="0.96" CONTENT="ansetts"/><SP WIDTH="16" VPOS="1374" HPOS="402"/>
							<String ID="string_284" HPOS="418" VPOS="1372" WIDTH="49" HEIGHT="22" WC="0.96" CONTENT="icke"/><SP WIDTH="17" VPOS="1372" HPOS="467"/>
							<String ID="string_285" HPOS="484" VPOS="1373" WIDTH="54" HEIGHT="21" WC="0.93" CONTENT="böra"/><SP WIDTH="15" VPOS="1373" HPOS="538"/>
							<String ID="string_286" HPOS="553" VPOS="1373" WIDTH="162" HEIGHT="27" WC="0.91" CONTENT="ifrågakomma."/>
						</TextLine>
					</TextBlock>
					<TextBlock ID="block_4" HPOS="51" VPOS="1406" WIDTH="762" HEIGHT="63">
						<TextLine ID="line_36" HPOS="120" VPOS="1406" WIDTH="693" HEIGHT="28">
							<String ID="string_287" HPOS="120" VPOS="1406" WIDTH="36" HEIGHT="22" WC="0.96" CONTENT="Nu"/><SP WIDTH="16" VPOS="1406" HPOS="156"/>
							<String ID="string_288" HPOS="172" VPOS="1406" WIDTH="100" HEIGHT="27" WC="0.96" CONTENT="gällande"/><SP WIDTH="15" VPOS="1406" HPOS="272"/>
							<String ID="string_289" HPOS="287" VPOS="1407" WIDTH="128" HEIGHT="27" WC="0.96" CONTENT="anordning,"/><SP WIDTH="16" VPOS="1407" HPOS="415"/>
							<String ID="string_290" HPOS="431" VPOS="1409" WIDTH="35" HEIGHT="19" WC="0.96" CONTENT="att"/><SP WIDTH="16" VPOS="1409" HPOS="466"/>
							<String ID="string_291" HPOS="482" VPOS="1407" WIDTH="36" HEIGHT="21" WC="0.96" CONTENT="vid"/><SP WIDTH="11" VPOS="1407" HPOS="518"/>
							<String ID="string_292" HPOS="529" VPOS="1408" WIDTH="101" HEIGHT="20" WC="0.96" CONTENT="exekutiv"/><SP WIDTH="15" VPOS="1408" HPOS="630"/>
							<String ID="string_293" HPOS="645" VPOS="1407" WIDTH="128" HEIGHT="27" WC="0.96" CONTENT="försäljning"/><SP WIDTH="16" VPOS="1407" HPOS="773"/>
							<String ID="string_294" HPOS="789" VPOS="1407" WIDTH="24" HEIGHT="21" WC="0.96" CONTENT="af"/>
						</TextLine>
						<TextLine ID="line_37" HPOS="51" VPOS="1440" WIDTH="761" HEIGHT="29">
							<String ID="string_295" HPOS="51" VPOS="1440" WIDTH="116" HEIGHT="23" WC="0.92" CONTENT="intecknad"/><SP WIDTH="16" VPOS="1440" HPOS="167"/>
							<String ID="string_296" HPOS="183" VPOS="1441" WIDTH="105" HEIGHT="27" WC="0.96" CONTENT="fastighet"/><SP WIDTH="14" VPOS="1441" HPOS="288"/>
							<String ID="string_297" HPOS="302" VPOS="1442" WIDTH="103" HEIGHT="27" WC="0.93" CONTENT="samtliga"/><SP WIDTH="15" VPOS="1442" HPOS="405"/>
							<String ID="string_298" HPOS="420" VPOS="1442" WIDTH="132" HEIGHT="21" WC="0.92" CONTENT="intecknade"/><SP WIDTH="15" VPOS="1442" HPOS="552"/>
							<String ID="string_299" HPOS="567" VPOS="1442" WIDTH="124" HEIGHT="27" WC="0.96" CONTENT="fordringar"/><SP WIDTH="11" VPOS="1442" HPOS="691"/>
							<String ID="string_300" HPOS="702" VPOS="1442" WIDTH="61" HEIGHT="21" WC="0.93" CONTENT="skola"/><SP WIDTH="16" VPOS="1442" HPOS="763"/>
							<String ID="string_301" HPOS="779" VPOS="1442" WIDTH="33" HEIGHT="21" WC="0.91" CONTENT="in-"/>
						</TextLine>
					</TextBlock>
				</ComposedBlock>
			</PrintSpace>
		</Page>
	</Layout>
</alto>
