1056 1725
263 176 27 22 10
473 175 22 24 U.
512 177 22 22 B;
551 189 26 6 —
593 177 59 28 Prop.
668 173 36 27 N:o
718 174 37 26 38.

230 247 48 16 som
298 241 107 23 faststälts
424 243 8 21 i
451 243 98 27 jernväg,
569 243 48 22 icke
631 244 132 27 erforderlig.
793 244 169 27 Anledningen
949 237 16 39 1

230 276 69 22 denna
320 276 100 23 afvikelse
439 276 50 23 från
504 277 57 23 hvad
576 283 29 16 nu
614 277 107 28 gällande
736 280 45 20 rätt
794 284 35 17 om
845 278 118 28 inteckning

230 311 115 22 allmänhet
358 311 119 22 innehäller
495 314 24 20 är
529 312 128 22 framhällen
667 313 7 21 i
685 313 40 22 den
735 313 78 28 nädiga
823 313 140 27 propositione

230 345 63 22 hvars
314 345 133 23 anföranden
469 347 8 21 i
500 347 71 22 denna
593 347 35 22 del
643 347 24 22 af
679 347 114 22 Utskottet
807 348 7 21 i
829 347 43 22 allo
887 347 77 22 biträd:

230 379 60 22 Inom
312 380 111 23 Utskottet
444 381 41 22 har
500 381 35 22 väl
550 382 109 21 anmärkts
675 383 38 26 att,
728 384 41 19 när
783 382 68 21 sädan
866 381 99 22 inteckni

229 414 118 22 meddelats
361 415 8 21 i
384 415 47 21 stöd
447 415 23 22 af
484 415 219 28 fordringshandling,
719 422 47 17 som
781 417 80 21 saknar
870 417 69 20 utsatt
948 415 17 22 fi

228 447 100 29 fallodag,
343 449 150 28 inteckningen
508 449 47 22 icke
571 450 42 21 kan
629 451 73 26 dödas,
719 451 39 21 och
774 451 47 21 icke
836 450 69 21 heller
913 456 52 21 geno

228 483 142 26 preskription
392 484 90 27 upphör,
505 485 8 20 i
528 485 101 21 händelse
645 485 193 27 fordringsbeviset
853 484 113 22 förkomme

230 516 111 22 Utskottet
356 517 39 22 har
409 517 55 22 dock
480 519 7 20 i
502 517 116 23 förlitande
634 519 71 27 derpä,
721 521 33 19 att
769 526 28 15 en
807 518 128 27 författning
942 525 25 14 m:

229 551 133 22 föreskrifter
377 558 34 15 om
426 554 32 20 ett
473 553 91 21 allmänt
579 553 290 22 mortifikationsförfarande
884 553 8 20 i
902 559 27 15 en
941 559 26 15 sn

228 586 87 22 framtid
330 586 55 22 skall
399 587 86 21 komma
500 587 34 21 till
549 587 70 27 ständ,
629 589 54 20 trott
693 588 130 27 paragrafen
833 588 53 21 utan
895 587 73 27 tillägg

228 621 131 27 stadganden
377 622 73 21 kunna
465 622 132 27 godkännas.
614 634 25 4 —
656 622 43 21 För
714 624 33 20 att
762 622 128 28 tydliggöra,
906 623 33 20 att
953 629 15 15 e:

228 655 47 21 dast
290 657 122 25 panträtten
427 656 123 27 fortbestär,
566 656 77 22 medan
659 657 68 27 öfriga
743 656 129 28 rättigheter
883 656 28 27 pä
921 662 48 22 grur

227 690 23 21 af
270 689 58 22 lånet
349 696 77 21 genom
448 691 145 27 preskription
618 691 72 21 kunna
711 692 119 26 försvinna,
855 702 26 4 —
904 691 28 27 pä
947 693 22 19 sä

227 724 61 21 äfven
311 724 109 28 angående
442 725 112 27 handpant
577 726 86 26 stadgas
686 726 7 20 i
709 726 13 21 6
738 725 12 27 &
766 726 31 20 uti
813 724 79 28 nådiga
906 725 64 21 förort

226 759 77 27 ningen
326 765 35 15 om
383 759 146 27 preskription
547 760 40 20 och
607 759 150 28 årsstämning,
773 760 73 27 gifven
861 760 41 21 den
917 760 14 21 9
945 759 26 21 Ni

227 794 85 21 vember
336 794 61 26 1868,
420 805 29 4 —
472 794 39 21 har
529 793 112 23 Utskottet
659 794 7 21 i
681 794 71 27 någon
768 793 51 22 män
835 794 77 21 ändrat
927 800 44 21 par:

227 828 85 26 grafens
327 828 140 27 ordalydelse.

160 863 55 28 228.
294 862 42 22 Det
351 862 68 23 måste
435 869 63 15 anses
513 869 51 15 vara
579 863 24 21 af
615 864 108 27 synnerlig
737 864 52 27 vigt,
806 864 39 26 att,
860 864 39 21 när
913 863 8 21 i
935 862 37 28 följ

227 897 23 21 af
270 897 26 22 de
318 897 32 22 uti
372 897 12 27 $
406 898 28 21 22
453 897 90 21 anförda
561 898 182 27 omständigheter
759 897 124 27 inteckning
898 898 75 27 upphö:

226 932 128 27 anteckning
376 933 72 20 derom
472 931 50 22 sker
547 932 8 21 i
580 932 191 27 fastighetsboken,
799 932 90 21 emedan
919 932 7 21 i
950 938 23 15 ar

226 973 42 14 nan
283 967 106 21 händelse.
400 967 41 20 den
456 966 53 21 eller
531 966 26 21 de
580 966 148 27 förbindelser,
749 966 68 22 hvarå
837 966 134 27 inteckninge

226 1001 125 27 meddelats,
373 1001 72 21 kunde
471 1001 85 21 komma
577 1002 33 19 att
632 1003 131 24 gvarstanna
785 1001 9 20 i
817 1000 41 22 den
880 1000 92 21 allmänn

225 1035 101 27 rörelsen,
342 1037 51 20 utan
409 1037 32 20 att
456 1035 183 26 fastighetsboken
654 1035 110 22 innehölle
778 1034 72 28 nägon
860 1035 115 26 upplysnin;

226 1075 34 16 om
276 1070 63 21 deras
353 1069 142 22 värdelöshet.
525 1063 29 27 Ät
576 1069 40 22 den
635 1076 40 21 nye
688 1069 183 28 jernvägsegaren
885 1069 43 21 kan
943 1075 32 15 om

226 1110 76 21 sorgen
324 1111 34 15 om
377 1104 123 21 införandet
515 1103 22 22 af
551 1103 67 22 sädan
634 1105 131 26 anteckning
780 1104 8 21 i
803 1103 173 28 fastighetsboke:

225 1139 47 21 icke
295 1139 146 26 öfverlemnas,
465 1140 52 20 enär
534 1138 49 27 han,
599 1138 8 21 i
622 1138 38 22 fall
675 1139 43 21 han
734 1140 25 19 är
775 1138 76 27 oärlig,
866 1137 43 22 kan
923 1137 53 22 hafv:

225 1174 91 21 intresse
331 1173 23 21 af
367 1175 32 19 att
407 1172 97 28 fördölja,
515 1172 38 22 det
562 1173 210 27 inteckningsrätten
782 1172 101 28 upphört.
907 1172 70 22 Sådan

224 1208 44 21 kan
292 1214 52 15 vara
361 1208 60 21 fallet
435 1206 128 28 exempelvis
579 1213 34 15 om
628 1207 42 21 han
685 1208 37 20 vill
738 1207 141 27 bedrägligen
893 1206 47 22 äter
954 1208 23 20 ut

225 1242 57 26 gifva
305 1242 26 22 de
354 1242 73 27 ogiltig
452 1241 123 22 förklarade
598 1241 244 22 skuldförbindelserna.
879 1241 42 21 Det
943 1240 34 28 vig

224 1276 46 27 tiga
293 1276 116 28 ätagandet
431 1278 32 19 att
485 1276 56 21 döda
561 1276 72 27 dylika
651 1276 152 27 inteckningar
820 1276 41 20 har
875 1275 102 21 Utskotte

225 1310 73 22 derför
319 1312 71 20 ansett
410 1310 122 28 lämpligast
549 1310 53 22 böra
621 1310 142 22 öfverlemnas
779 1309 23 22 ät
817 1309 96 27 offentlig
928 1315 50 21 myn

225 1345 79 27 dighet.
334 1345 112 21 Utskottet
467 1345 40 21 har
528 1344 57 28 förty
607 1345 40 21 och
669 1345 28 22 dä
713 1344 64 22 äfven
793 1344 52 28 eljes
860 1343 61 22 torde
935 1350 44 15 var:

228 1379 94 28 Onskligt
344 1381 32 20 att
395 1379 96 27 jernväg,
514 1379 7 21 i
543 1379 103 21 händelse
669 1379 23 21 af
705 1379 108 26 konkurs,
836 1378 19 27 ej
870 1377 35 22 mä
919 1378 61 21 unde;

224 1413 60 22 hand
298 1414 109 27 föryttras,
421 1413 35 22 till
471 1413 152 27 författningen
638 1413 61 27 fogat
709 1419 29 15 en
748 1418 29 22 ny
788 1412 103 28 paragraf
899 1424 29 4 —
937 1412 12 28 $
959 1412 22 22 3£

227 1459 25 4 —
274 1449 24 21 af
311 1448 99 27 innehäll,
425 1449 32 20 att
470 1448 95 27 jernväg,
581 1454 46 15 som
643 1447 106 28 upplåtits
765 1447 34 22 till
813 1447 102 27 konkurs,
931 1447 50 28 finge

295 1521 140 24 Lagutskottets
448 1521 116 18 betänkande
575 1521 38 18 N:o
625 1521 28 18 17.
