<?xml version="1.0" encoding="UTF-8"?>
<alto xmlns="http://www.loc.gov/standards/alto/ns-v3#" xmlns:xlink="http://www.w3.org/1999/xlink" xmlns:xsi="http://www.w3.org/2001/XMLSchema-instance" xsi:schemaLocation="http://www.loc.gov/standards/alto/ns-v3# http://www.loc.gov/alto/v3/alto-3-0.xsd">
	<Description>
		<MeasurementUnit>pixel</MeasurementUnit>
		<sourceImageInformation>
			<fileName>/tmp/tess_j_dl4ars_input.PNG</fileName>
		</sourceImageInformation>
		<OCRProcessing ID="OCR_0">
			<ocrProcessingStep>
				<processingSoftware>
					<softwareName>tesseract 5.3.4</softwareName>
				</processingSoftware>
			</ocrProcessingStep>
		</OCRProcessing>
	</Description>
	<Layout>
		<Page WIDTH="1056" HEIGHT="1725" PHYSICAL_IMG_NR="0" ID="page_0">
			<PrintSpace HPOS="0" VPOS="0" WIDTH="1056" HEIGHT="1725">
				<ComposedBlock ID="cblock_0" HPOS="792" VPOS="115" WIDTH="12" HEIGHT="19">
					<TextBlock ID="block_0" HPOS="792" VPOS="115" WIDTH="12" HEIGHT="19">
						<TextLine ID="line_0" HPOS="792" VPOS="115" WIDTH="12" HEIGHT="19">
							<String ID="string_0" HPOS="792" VPOS="115" WIDTH="12" HEIGHT="19" WC="0.92" CONTENT="9"/>
						</TextLine>
					</TextBlock>
				</ComposedBlock>
				<ComposedBlock ID="cblock_1" HPOS="68" VPOS="182" WIDTH="765" HEIGHT="1270">
					<TextBlock ID="block_1" HPOS="69" VPOS="182" WIDTH="764" HEIGHT="297">
						<TextLine ID="line_1" HPOS="145" VPOS="182" WIDTH="688" HEIGHT="26">
							<String ID="string_1" HPOS="145" VPOS="182" WIDTH="34" HEIGHT="21" WC="0.96" CONTENT="Då"/><SP WIDTH="24" VPOS="182" HPOS="179"/>
							<String ID="string_2" HPOS="203" VPOS="182" WIDTH="106" HEIGHT="26" WC="0.93" CONTENT="allmogen"/><SP WIDTH="25" VPOS="182" HPOS="309"/>
							<String ID="string_3" HPOS="334" VPOS="183" WIDTH="12" HEIGHT="19" WC="0.89" CONTENT="å"/><SP WIDTH="24" VPOS="183" HPOS="346"/>
							<String ID="string_4" HPOS="370" VPOS="182" WIDTH="196" HEIGHT="26" WC="0.92" CONTENT="donationsgodsen"/><SP WIDTH="21" VPOS="182" HPOS="566"/>
							<String ID="string_5" HPOS="587" VPOS="182" WIDTH="35" HEIGHT="21" WC="0.96" CONTENT="vid"/><SP WIDTH="16" VPOS="182" HPOS="622"/>
							<String ID="string_6" HPOS="638" VPOS="182" WIDTH="49" HEIGHT="21" WC="0.96" CONTENT="med"/><SP WIDTH="15" VPOS="182" HPOS="687"/>
							<String ID="string_7" HPOS="702" VPOS="182" WIDTH="48" HEIGHT="21" WC="0.95" CONTENT="dem"/><SP WIDTH="16" VPOS="182" HPOS="750"/>
							<String ID="string_8" HPOS="766" VPOS="183" WIDTH="67" HEIGHT="20" WC="0.95" CONTENT="redan"/>
						</TextLine>
						<TextLine ID="line_2" HPOS="72" VPOS="216" WIDTH="761" HEIGHT="28">
							<String ID="string_9" HPOS="72" VPOS="217" WIDTH="94" HEIGHT="27" WC="0.96" CONTENT="tidigare"/><SP WIDTH="23" VPOS="217" HPOS="166"/>
							<String ID="string_10" HPOS="189" VPOS="216" WIDTH="75" HEIGHT="21" WC="0.95" CONTENT="hållna"/><SP WIDTH="23" VPOS="216" HPOS="264"/>
							<String ID="string_11" HPOS="287" VPOS="218" WIDTH="174" HEIGHT="19" WC="0.96" CONTENT="sammanträden"/><SP WIDTH="26" VPOS="218" HPOS="461"/>
							<String ID="string_12" HPOS="487" VPOS="216" WIDTH="6" HEIGHT="21" WC="0.96" CONTENT="i"/><SP WIDTH="24" VPOS="216" HPOS="493"/>
							<String ID="string_13" HPOS="517" VPOS="216" WIDTH="116" HEIGHT="27" WC="0.96" CONTENT="anledning"/><SP WIDTH="24" VPOS="216" HPOS="633"/>
							<String ID="string_14" HPOS="657" VPOS="216" WIDTH="22" HEIGHT="21" WC="0.93" CONTENT="af"/><SP WIDTH="14" VPOS="216" HPOS="679"/>
							<String ID="string_15" HPOS="693" VPOS="216" WIDTH="140" HEIGHT="22" WC="0.91" CONTENT="förenämnda"/>
						</TextLine>
						<TextLine ID="line_3" HPOS="69" VPOS="251" WIDTH="764" HEIGHT="27">
							<String ID="string_16" HPOS="69" VPOS="251" WIDTH="153" HEIGHT="22" WC="0.92" CONTENT="kommissions"/><SP WIDTH="22" VPOS="251" HPOS="222"/>
							<String ID="string_17" HPOS="244" VPOS="251" WIDTH="141" HEIGHT="21" WC="0.92" CONTENT="omförmälda"/><SP WIDTH="15" VPOS="251" HPOS="385"/>
							<String ID="string_18" HPOS="400" VPOS="251" WIDTH="81" HEIGHT="26" WC="0.96" CONTENT="förslag"/><SP WIDTH="16" VPOS="251" HPOS="481"/>
							<String ID="string_19" HPOS="497" VPOS="251" WIDTH="80" HEIGHT="21" WC="0.96" CONTENT="uttalat"/><SP WIDTH="16" VPOS="251" HPOS="577"/>
							<String ID="string_20" HPOS="593" VPOS="251" WIDTH="32" HEIGHT="26" WC="0.96" CONTENT="sig"/><SP WIDTH="16" VPOS="251" HPOS="625"/>
							<String ID="string_21" HPOS="641" VPOS="252" WIDTH="58" HEIGHT="20" WC="0.93" CONTENT="emot"/><SP WIDTH="15" VPOS="252" HPOS="699"/>
							<String ID="string_22" HPOS="714" VPOS="251" WIDTH="119" HEIGHT="27" WC="0.90" CONTENT="samfällig-"/>
						</TextLine>
						<TextLine ID="line_4" HPOS="71" VPOS="285" WIDTH="762" HEIGHT="28">
							<String ID="string_23" HPOS="71" VPOS="286" WIDTH="141" HEIGHT="27" WC="0.92" CONTENT="hetsskogars"/><SP WIDTH="16" VPOS="286" HPOS="212"/>
							<String ID="string_24" HPOS="228" VPOS="286" WIDTH="132" HEIGHT="27" WC="0.96" CONTENT="inrättande,"/><SP WIDTH="16" VPOS="286" HPOS="360"/>
							<String ID="string_25" HPOS="376" VPOS="286" WIDTH="76" HEIGHT="21" WC="0.93" CONTENT="trodde"/><SP WIDTH="16" VPOS="286" HPOS="452"/>
							<String ID="string_26" HPOS="468" VPOS="285" WIDTH="27" HEIGHT="22" WC="0.93" CONTENT="K."/><SP WIDTH="18" VPOS="285" HPOS="495"/>
							<String ID="string_27" HPOS="513" VPOS="285" WIDTH="94" HEIGHT="22" WC="0.96" CONTENT="Senaten"/><SP WIDTH="16" VPOS="285" HPOS="607"/>
							<String ID="string_28" HPOS="623" VPOS="286" WIDTH="36" HEIGHT="21" WC="0.95" CONTENT="det"/><SP WIDTH="16" VPOS="286" HPOS="659"/>
							<String ID="string_29" HPOS="675" VPOS="292" WIDTH="51" HEIGHT="15" WC="0.95" CONTENT="vara"/><SP WIDTH="16" VPOS="292" HPOS="726"/>
							<String ID="string_30" HPOS="742" VPOS="288" WIDTH="33" HEIGHT="19" WC="0.93" CONTENT="att"/><SP WIDTH="15" VPOS="288" HPOS="775"/>
							<String ID="string_31" HPOS="790" VPOS="286" WIDTH="43" HEIGHT="21" WC="0.92" CONTENT="för-"/>
						</TextLine>
						<TextLine ID="line_5" HPOS="70" VPOS="320" WIDTH="763" HEIGHT="27">
							<String ID="string_32" HPOS="70" VPOS="323" WIDTH="92" HEIGHT="24" WC="0.96" CONTENT="utsätta,"/><SP WIDTH="17" VPOS="323" HPOS="162"/>
							<String ID="string_33" HPOS="179" VPOS="322" WIDTH="33" HEIGHT="19" WC="0.96" CONTENT="att"/><SP WIDTH="16" VPOS="322" HPOS="212"/>
							<String ID="string_34" HPOS="228" VPOS="321" WIDTH="106" HEIGHT="26" WC="0.93" CONTENT="allmogen"/><SP WIDTH="15" VPOS="321" HPOS="334"/>
							<String ID="string_35" HPOS="349" VPOS="321" WIDTH="79" HEIGHT="26" WC="0.91" CONTENT="jemväl"/><SP WIDTH="17" VPOS="321" HPOS="428"/>
							<String ID="string_36" HPOS="445" VPOS="320" WIDTH="117" HEIGHT="21" WC="0.91" CONTENT="framdeles"/><SP WIDTH="15" VPOS="320" HPOS="562"/>
							<String ID="string_37" HPOS="577" VPOS="320" WIDTH="86" HEIGHT="21" WC="0.96" CONTENT="komme"/><SP WIDTH="16" VPOS="320" HPOS="663"/>
							<String ID="string_38" HPOS="679" VPOS="322" WIDTH="32" HEIGHT="19" WC="0.96" CONTENT="att"/><SP WIDTH="16" VPOS="322" HPOS="711"/>
							<String ID="string_39" HPOS="727" VPOS="323" WIDTH="106" HEIGHT="18" WC="0.96" CONTENT="motsätta"/>
						</TextLine>
						<TextLine ID="line_6" HPOS="71" VPOS="355" WIDTH="761" HEIGHT="27">
							<String ID="string_40" HPOS="71" VPOS="355" WIDTH="32" HEIGHT="27" WC="0.95" CONTENT="sig"/><SP WIDTH="9" VPOS="355" HPOS="103"/>
							<String ID="string_41" HPOS="112" VPOS="355" WIDTH="74" HEIGHT="27" WC="0.92" CONTENT="dylika"/><SP WIDTH="8" VPOS="355" HPOS="186"/>
							<String ID="string_42" HPOS="194" VPOS="355" WIDTH="91" HEIGHT="26" WC="0.92" CONTENT="skogars"/><SP WIDTH="10" VPOS="355" HPOS="285"/>
							<String ID="string_43" HPOS="295" VPOS="355" WIDTH="107" HEIGHT="24" WC="0.96" CONTENT="bildande,"/><SP WIDTH="10" VPOS="355" HPOS="402"/>
							<String ID="string_44" HPOS="412" VPOS="355" WIDTH="52" HEIGHT="20" WC="0.96" CONTENT="eller"/><SP WIDTH="9" VPOS="355" HPOS="464"/>
							<String ID="string_45" HPOS="473" VPOS="356" WIDTH="34" HEIGHT="19" WC="0.96" CONTENT="att"/><SP WIDTH="8" VPOS="356" HPOS="507"/>
							<String ID="string_46" HPOS="515" VPOS="355" WIDTH="33" HEIGHT="20" WC="0.96" CONTENT="för"/><SP WIDTH="8" VPOS="355" HPOS="548"/>
							<String ID="string_47" HPOS="556" VPOS="355" WIDTH="76" HEIGHT="26" WC="0.96" CONTENT="längre"/><SP WIDTH="9" VPOS="355" HPOS="632"/>
							<String ID="string_48" HPOS="641" VPOS="355" WIDTH="52" HEIGHT="20" WC="0.96" CONTENT="eller"/><SP WIDTH="11" VPOS="355" HPOS="693"/>
							<String ID="string_49" HPOS="704" VPOS="355" WIDTH="88" HEIGHT="21" WC="0.96" CONTENT="kortare"/><SP WIDTH="9" VPOS="355" HPOS="792"/>
							<String ID="string_50" HPOS="801" VPOS="355" WIDTH="31" HEIGHT="21" WC="0.96" CONTENT="tid"/>
						</TextLine>
						<TextLine ID="line_7" HPOS="72" VPOS="389" WIDTH="760" HEIGHT="27">
							<String ID="string_51" HPOS="72" VPOS="391" WIDTH="65" HEIGHT="20" WC="0.96" CONTENT="ställa"/><SP WIDTH="17" VPOS="391" HPOS="137"/>
							<String ID="string_52" HPOS="154" VPOS="390" WIDTH="25" HEIGHT="20" WC="0.96" CONTENT="de"/><SP WIDTH="17" VPOS="390" HPOS="179"/>
							<String ID="string_53" HPOS="196" VPOS="389" WIDTH="48" HEIGHT="21" WC="0.91" CONTENT="dem"/><SP WIDTH="17" VPOS="389" HPOS="244"/>
							<String ID="string_54" HPOS="261" VPOS="389" WIDTH="128" HEIGHT="21" WC="0.90" CONTENT="tillskiftade"/><SP WIDTH="12" VPOS="389" HPOS="389"/>
							<String ID="string_55" HPOS="401" VPOS="389" WIDTH="152" HEIGHT="27" WC="0.92" CONTENT="skogsmarker"/><SP WIDTH="12" VPOS="389" HPOS="553"/>
							<String ID="string_56" HPOS="565" VPOS="389" WIDTH="69" HEIGHT="20" WC="0.96" CONTENT="under"/><SP WIDTH="11" VPOS="389" HPOS="634"/>
							<String ID="string_57" HPOS="645" VPOS="395" WIDTH="123" HEIGHT="20" WC="0.96" CONTENT="gemensam"/><SP WIDTH="11" VPOS="395" HPOS="768"/>
							<String ID="string_58" HPOS="779" VPOS="390" WIDTH="53" HEIGHT="20" WC="0.96" CONTENT="vård"/>
						</TextLine>
						<TextLine ID="line_8" HPOS="70" VPOS="423" WIDTH="762" HEIGHT="27">
							<String ID="string_59" HPOS="70" VPOS="425" WIDTH="40" HEIGHT="20" WC="0.95" CONTENT="och"/><SP WIDTH="24" VPOS="425" HPOS="110"/>
							<String ID="string_60" HPOS="134" VPOS="423" WIDTH="139" HEIGHT="27" WC="0.93" CONTENT="förvaltning,"/><SP WIDTH="25" VPOS="423" HPOS="273"/>
							<String ID="string_61" HPOS="298" VPOS="424" WIDTH="72" HEIGHT="21" WC="0.90" CONTENT="derest"/><SP WIDTH="17" VPOS="424" HPOS="370"/>
							<String ID="string_62" HPOS="387" VPOS="423" WIDTH="46" HEIGHT="22" WC="0.96" CONTENT="icke"/><SP WIDTH="16" VPOS="423" HPOS="433"/>
							<String ID="string_63" HPOS="449" VPOS="423" WIDTH="108" HEIGHT="21" WC="0.96" CONTENT="särskilda"/><SP WIDTH="16" VPOS="423" HPOS="557"/>
							<String ID="string_64" HPOS="573" VPOS="423" WIDTH="108" HEIGHT="22" WC="0.95" CONTENT="lättnader"/><SP WIDTH="16" VPOS="423" HPOS="681"/>
							<String ID="string_65" HPOS="697" VPOS="424" WIDTH="39" HEIGHT="21" WC="0.93" CONTENT="och"/><SP WIDTH="17" VPOS="424" HPOS="736"/>
							<String ID="string_66" HPOS="753" VPOS="423" WIDTH="79" HEIGHT="22" WC="0.92" CONTENT="förmå-"/>
						</TextLine>
						<TextLine ID="line_9" HPOS="70" VPOS="457" WIDTH="607" HEIGHT="22">
							<String ID="string_67" HPOS="70" VPOS="465" WIDTH="39" HEIGHT="14" WC="0.95" CONTENT="ner"/><SP WIDTH="16" VPOS="465" HPOS="109"/>
							<String ID="string_68" HPOS="125" VPOS="459" WIDTH="7" HEIGHT="20" WC="0.96" CONTENT="i"/><SP WIDTH="16" VPOS="459" HPOS="132"/>
							<String ID="string_69" HPOS="148" VPOS="459" WIDTH="78" HEIGHT="20" WC="0.95" CONTENT="sådant"/><SP WIDTH="16" VPOS="459" HPOS="226"/>
							<String ID="string_70" HPOS="242" VPOS="458" WIDTH="100" HEIGHT="21" WC="0.93" CONTENT="afseende"/><SP WIDTH="16" VPOS="458" HPOS="342"/>
							<String ID="string_71" HPOS="358" VPOS="458" WIDTH="70" HEIGHT="21" WC="0.92" CONTENT="blefve"/><SP WIDTH="17" VPOS="458" HPOS="428"/>
							<String ID="string_72" HPOS="445" VPOS="458" WIDTH="48" HEIGHT="21" WC="0.91" CONTENT="dem"/><SP WIDTH="17" VPOS="458" HPOS="493"/>
							<String ID="string_73" HPOS="510" VPOS="457" WIDTH="167" HEIGHT="22" WC="0.91" CONTENT="tillförsäkrade."/>
						</TextLine>
					</TextBlock>
					<TextBlock ID="block_2" HPOS="69" VPOS="492" WIDTH="763" HEIGHT="131">
						<TextLine ID="line_10" HPOS="143" VPOS="492" WIDTH="688" HEIGHT="27">
							<String ID="string_74" HPOS="143" VPOS="493" WIDTH="11" HEIGHT="20" WC="0.96" CONTENT="I"/><SP WIDTH="15" VPOS="493" HPOS="154"/>
							<String ID="string_75" HPOS="169" VPOS="493" WIDTH="144" HEIGHT="20" WC="0.96" CONTENT="betraktande"/><SP WIDTH="16" VPOS="493" HPOS="313"/>
							<String ID="string_76" HPOS="329" VPOS="493" WIDTH="64" HEIGHT="20" WC="0.96" CONTENT="häraf"/><SP WIDTH="13" VPOS="493" HPOS="393"/>
							<String ID="string_77" HPOS="406" VPOS="493" WIDTH="39" HEIGHT="20" WC="0.93" CONTENT="har"/><SP WIDTH="16" VPOS="493" HPOS="445"/>
							<String ID="string_78" HPOS="461" VPOS="493" WIDTH="26" HEIGHT="20" WC="0.92" CONTENT="K."/><SP WIDTH="18" VPOS="493" HPOS="487"/>
							<String ID="string_79" HPOS="505" VPOS="492" WIDTH="100" HEIGHT="27" WC="0.95" CONTENT="Senaten,"/><SP WIDTH="16" VPOS="492" HPOS="605"/>
							<String ID="string_80" HPOS="621" VPOS="493" WIDTH="28" HEIGHT="26" WC="0.96" CONTENT="på"/><SP WIDTH="10" VPOS="493" HPOS="649"/>
							<String ID="string_81" HPOS="659" VPOS="493" WIDTH="68" HEIGHT="26" WC="0.96" CONTENT="grund"/><SP WIDTH="12" VPOS="493" HPOS="727"/>
							<String ID="string_82" HPOS="739" VPOS="493" WIDTH="24" HEIGHT="20" WC="0.96" CONTENT="af"/><SP WIDTH="8" VPOS="493" HPOS="763"/>
							<String ID="string_83" HPOS="771" VPOS="493" WIDTH="60" HEIGHT="20" WC="0.95" CONTENT="Hans"/>
						</TextLine>
						<TextLine ID="line_11" HPOS="70" VPOS="527" WIDTH="761" HEIGHT="27">
							<String ID="string_84" HPOS="70" VPOS="527" WIDTH="122" HEIGHT="27" WC="0.96" CONTENT="Kejserliga"/><SP WIDTH="15" VPOS="527" HPOS="192"/>
							<String ID="string_85" HPOS="207" VPOS="527" WIDTH="111" HEIGHT="27" WC="0.93" CONTENT="Majestäts"/><SP WIDTH="18" VPOS="527" HPOS="318"/>
							<String ID="string_86" HPOS="336" VPOS="527" WIDTH="159" HEIGHT="22" WC="0.91" CONTENT="ofvannämnda"/><SP WIDTH="15" VPOS="527" HPOS="495"/>
							<String ID="string_87" HPOS="510" VPOS="527" WIDTH="80" HEIGHT="26" WC="0.96" CONTENT="nådiga"/><SP WIDTH="11" VPOS="527" HPOS="590"/>
							<String ID="string_88" HPOS="601" VPOS="527" WIDTH="177" HEIGHT="27" WC="0.96" CONTENT="bemyndigande,"/><SP WIDTH="12" VPOS="527" HPOS="778"/>
							<String ID="string_89" HPOS="790" VPOS="527" WIDTH="41" HEIGHT="21" WC="0.96" CONTENT="den"/>
						</TextLine>
						<TextLine ID="line_12" HPOS="70" VPOS="561" WIDTH="762" HEIGHT="28">
							<String ID="string_90" HPOS="70" VPOS="563" WIDTH="12" HEIGHT="20" WC="0.96" CONTENT="6"/><SP WIDTH="16" VPOS="563" HPOS="82"/>
							<String ID="string_91" HPOS="98" VPOS="562" WIDTH="44" HEIGHT="27" WC="0.96" CONTENT="Maj"/><SP WIDTH="19" VPOS="562" HPOS="142"/>
							<String ID="string_92" HPOS="161" VPOS="563" WIDTH="55" HEIGHT="20" WC="0.96" CONTENT="1887"/><SP WIDTH="18" VPOS="563" HPOS="216"/>
							<String ID="string_93" HPOS="234" VPOS="562" WIDTH="109" HEIGHT="22" WC="0.96" CONTENT="meddelat"/><SP WIDTH="16" VPOS="562" HPOS="343"/>
							<String ID="string_94" HPOS="359" VPOS="562" WIDTH="93" HEIGHT="27" WC="0.96" CONTENT="följande"/><SP WIDTH="17" VPOS="562" HPOS="452"/>
							<String ID="string_95" HPOS="469" VPOS="564" WIDTH="99" HEIGHT="19" WC="0.95" CONTENT="närmare"/><SP WIDTH="17" VPOS="564" HPOS="568"/>
							<String ID="string_96" HPOS="585" VPOS="561" WIDTH="134" HEIGHT="22" WC="0.96" CONTENT="föreskrifter"/><SP WIDTH="17" VPOS="561" HPOS="719"/>
							<String ID="string_97" HPOS="736" VPOS="562" WIDTH="5" HEIGHT="20" WC="0.96" CONTENT="i"/><SP WIDTH="12" VPOS="562" HPOS="741"/>
							<String ID="string_98" HPOS="753" VPOS="562" WIDTH="79" HEIGHT="27" WC="0.96" CONTENT="ämnet,"/>
						</TextLine>
						<TextLine ID="line_13" HPOS="69" VPOS="596" WIDTH="123" HEIGHT="27">
							<String ID="string_99" HPOS="69" VPOS="596" WIDTH="123" HEIGHT="27" WC="0.89" CONTENT="nämligen"/><SP WIDTH="-12" VPOS="596" HPOS="192"/>
							<String ID="string_100" HPOS="180" VPOS="592" WIDTH="17" HEIGHT="35" WC="0.89" CONTENT=":"/>
						</TextLine>
					</TextBlock>
					<TextBlock ID="block_3" HPOS="71" VPOS="631" WIDTH="761" HEIGHT="90">
						<TextLine ID="line_14" HPOS="139" VPOS="631" WIDTH="693" HEIGHT="27">
							<String ID="string_101" HPOS="139" VPOS="631" WIDTH="140" HEIGHT="21" WC="0.96" CONTENT="Beträffande"/><SP WIDTH="16" VPOS="631" HPOS="279"/>
							<String ID="string_102" HPOS="295" VPOS="631" WIDTH="26" HEIGHT="21" WC="0.97" CONTENT="de"/><SP WIDTH="15" VPOS="631" HPOS="321"/>
							<String ID="string_103" HPOS="336" VPOS="631" WIDTH="59" HEIGHT="27" WC="0.96" CONTENT="gods,"/><SP WIDTH="11" VPOS="631" HPOS="395"/>
							<String ID="string_104" HPOS="406" VPOS="631" WIDTH="88" HEIGHT="21" WC="0.96" CONTENT="hvarest"/><SP WIDTH="11" VPOS="631" HPOS="494"/>
							<String ID="string_105" HPOS="505" VPOS="631" WIDTH="122" HEIGHT="21" WC="0.96" CONTENT="storskiftet"/><SP WIDTH="10" VPOS="631" HPOS="627"/>
							<String ID="string_106" HPOS="637" VPOS="632" WIDTH="56" HEIGHT="20" WC="0.96" CONTENT="ännu"/><SP WIDTH="11" VPOS="632" HPOS="693"/>
							<String ID="string_107" HPOS="704" VPOS="631" WIDTH="47" HEIGHT="21" WC="0.96" CONTENT="icke"/><SP WIDTH="10" VPOS="631" HPOS="751"/>
							<String ID="string_108" HPOS="761" VPOS="631" WIDTH="71" HEIGHT="21" WC="0.96" CONTENT="blifvit"/>
						</TextLine>
						<TextLine ID="line_15" HPOS="74" VPOS="665" WIDTH="757" HEIGHT="27">
							<String ID="string_109" HPOS="74" VPOS="666" WIDTH="104" HEIGHT="20" WC="0.91" CONTENT="slutfördt"/><SP WIDTH="24" VPOS="666" HPOS="178"/>
							<String ID="string_110" HPOS="202" VPOS="665" WIDTH="40" HEIGHT="21" WC="0.92" CONTENT="och"/><SP WIDTH="23" VPOS="665" HPOS="242"/>
							<String ID="string_111" HPOS="265" VPOS="665" WIDTH="235" HEIGHT="27" WC="0.91" CONTENT="samfällighetsskogar"/><SP WIDTH="22" VPOS="665" HPOS="500"/>
							<String ID="string_112" HPOS="522" VPOS="665" WIDTH="73" HEIGHT="21" WC="0.96" CONTENT="kunna"/><SP WIDTH="16" VPOS="665" HPOS="595"/>
							<String ID="string_113" HPOS="611" VPOS="666" WIDTH="48" HEIGHT="20" WC="0.96" CONTENT="med"/><SP WIDTH="16" VPOS="666" HPOS="659"/>
							<String ID="string_114" HPOS="675" VPOS="665" WIDTH="68" HEIGHT="21" WC="0.93" CONTENT="fördel"/><SP WIDTH="16" VPOS="665" HPOS="743"/>
							<String ID="string_115" HPOS="759" VPOS="666" WIDTH="72" HEIGHT="20" WC="0.92" CONTENT="åstad-"/>
						</TextLine>
						<TextLine ID="line_16" HPOS="71" VPOS="700" WIDTH="109" HEIGHT="21">
							<String ID="string_116" HPOS="71" VPOS="700" WIDTH="109" HEIGHT="21" WC="0.96" CONTENT="kommas:"/>
						</TextLine>
					</TextBlock>
					<TextBlock ID="block_4" HPOS="71" VPOS="734" WIDTH="762" HEIGHT="165">
						<TextLine ID="line_17" HPOS="146" VPOS="734" WIDTH="685" HEIGHT="26">
							<String ID="string_117" HPOS="146" VPOS="737" WIDTH="32" HEIGHT="19" WC="0.76" CONTENT="1:o"/><SP WIDTH="24" VPOS="737" HPOS="178"/>
							<String ID="string_118" HPOS="202" VPOS="736" WIDTH="40" HEIGHT="24" WC="0.96" CONTENT="att,"/><SP WIDTH="24" VPOS="736" HPOS="242"/>
							<String ID="string_119" HPOS="266" VPOS="734" WIDTH="6" HEIGHT="20" WC="0.93" CONTENT="i"/><SP WIDTH="24" VPOS="734" HPOS="272"/>
							<String ID="string_120" HPOS="296" VPOS="734" WIDTH="225" HEIGHT="21" WC="0.92" CONTENT="öfverensstämmelse"/><SP WIDTH="24" VPOS="734" HPOS="521"/>
							<String ID="string_121" HPOS="545" VPOS="734" WIDTH="49" HEIGHT="21" WC="0.93" CONTENT="med"/><SP WIDTH="17" VPOS="734" HPOS="594"/>
							<String ID="string_122" HPOS="611" VPOS="734" WIDTH="130" HEIGHT="21" WC="0.92" CONTENT="Ständernas"/><SP WIDTH="16" VPOS="734" HPOS="741"/>
							<String ID="string_123" HPOS="757" VPOS="735" WIDTH="74" HEIGHT="21" WC="0.96" CONTENT="derom"/>
						</TextLine>
						<TextLine ID="line_18" HPOS="71" VPOS="768" WIDTH="760" HEIGHT="27">
							<String ID="string_124" HPOS="71" VPOS="769" WIDTH="98" HEIGHT="21" WC="0.96" CONTENT="uttalade"/><SP WIDTH="25" VPOS="769" HPOS="169"/>
							<String ID="string_125" HPOS="194" VPOS="768" WIDTH="90" HEIGHT="27" WC="0.96" CONTENT="önskan,"/><SP WIDTH="16" VPOS="768" HPOS="284"/>
							<String ID="string_126" HPOS="300" VPOS="768" WIDTH="78" HEIGHT="27" WC="0.96" CONTENT="åtgärd"/><SP WIDTH="16" VPOS="768" HPOS="378"/>
							<String ID="string_127" HPOS="394" VPOS="768" WIDTH="55" HEIGHT="21" WC="0.95" CONTENT="skall"/><SP WIDTH="17" VPOS="768" HPOS="449"/>
							<String ID="string_128" HPOS="466" VPOS="768" WIDTH="100" HEIGHT="27" WC="0.95" CONTENT="vidtagas"/><SP WIDTH="17" VPOS="768" HPOS="566"/>
							<String ID="string_129" HPOS="583" VPOS="771" WIDTH="32" HEIGHT="19" WC="0.97" CONTENT="att"/><SP WIDTH="16" VPOS="771" HPOS="615"/>
							<String ID="string_130" HPOS="631" VPOS="770" WIDTH="27" HEIGHT="25" WC="0.93" CONTENT="på"/><SP WIDTH="16" VPOS="770" HPOS="658"/>
							<String ID="string_131" HPOS="674" VPOS="768" WIDTH="157" HEIGHT="22" WC="0.91" CONTENT="öfverenskom-"/>
						</TextLine>
						<TextLine ID="line_19" HPOS="71" VPOS="803" WIDTH="761" HEIGHT="26">
							<String ID="string_132" HPOS="71" VPOS="804" WIDTH="94" HEIGHT="20" WC="0.91" CONTENT="melsens"/><SP WIDTH="24" VPOS="804" HPOS="165"/>
							<String ID="string_133" HPOS="189" VPOS="805" WIDTH="41" HEIGHT="24" WC="0.96" CONTENT="väg"/><SP WIDTH="23" VPOS="805" HPOS="230"/>
							<String ID="string_134" HPOS="253" VPOS="803" WIDTH="53" HEIGHT="21" WC="0.96" CONTENT="söka"/><SP WIDTH="23" VPOS="803" HPOS="306"/>
							<String ID="string_135" HPOS="329" VPOS="803" WIDTH="69" HEIGHT="21" WC="0.93" CONTENT="förmå"/><SP WIDTH="23" VPOS="803" HPOS="398"/>
							<String ID="string_136" HPOS="421" VPOS="803" WIDTH="133" HEIGHT="21" WC="0.91" CONTENT="landboarne"/><SP WIDTH="23" VPOS="803" HPOS="554"/>
							<String ID="string_137" HPOS="577" VPOS="805" WIDTH="32" HEIGHT="19" WC="0.96" CONTENT="att"/><SP WIDTH="20" VPOS="805" HPOS="609"/>
							<String ID="string_138" HPOS="629" VPOS="803" WIDTH="57" HEIGHT="21" WC="0.96" CONTENT="bilda"/><SP WIDTH="16" VPOS="803" HPOS="686"/>
							<String ID="string_139" HPOS="702" VPOS="804" WIDTH="82" HEIGHT="21" WC="0.96" CONTENT="sådana"/><SP WIDTH="15" VPOS="804" HPOS="784"/>
							<String ID="string_140" HPOS="799" VPOS="804" WIDTH="33" HEIGHT="21" WC="0.96" CONTENT="till"/>
						</TextLine>
						<TextLine ID="line_20" HPOS="72" VPOS="837" WIDTH="761" HEIGHT="29">
							<String ID="string_141" HPOS="72" VPOS="838" WIDTH="98" HEIGHT="26" WC="0.96" CONTENT="ständigt"/><SP WIDTH="24" VPOS="838" HPOS="170"/>
							<String ID="string_142" HPOS="194" VPOS="837" WIDTH="120" HEIGHT="27" WC="0.92" CONTENT="skogsbruk"/><SP WIDTH="23" VPOS="837" HPOS="314"/>
							<String ID="string_143" HPOS="337" VPOS="837" WIDTH="89" HEIGHT="21" WC="0.92" CONTENT="afsedda"/><SP WIDTH="23" VPOS="837" HPOS="426"/>
							<String ID="string_144" HPOS="449" VPOS="838" WIDTH="242" HEIGHT="27" WC="0.88" CONTENT="samfällighetsskogar,"/><SP WIDTH="17" VPOS="838" HPOS="691"/>
							<String ID="string_145" HPOS="708" VPOS="844" WIDTH="45" HEIGHT="15" WC="0.96" CONTENT="som"/><SP WIDTH="17" VPOS="844" HPOS="753"/>
							<String ID="string_146" HPOS="770" VPOS="841" WIDTH="11" HEIGHT="19" WC="0.93" CONTENT="7"/><SP WIDTH="17" VPOS="841" HPOS="781"/>
							<String ID="string_147" HPOS="798" VPOS="838" WIDTH="11" HEIGHT="28" WC="0.88" CONTENT="&amp;"/><SP WIDTH="16" VPOS="838" HPOS="809"/>
							<String ID="string_148" HPOS="825" VPOS="839" WIDTH="8" HEIGHT="20" WC="0.96" CONTENT="i"/>
						</TextLine>
						<TextLine ID="line_21" HPOS="71" VPOS="872" WIDTH="631" HEIGHT="27">
							<String ID="string_149" HPOS="71" VPOS="873" WIDTH="130" HEIGHT="26" WC="0.90" CONTENT="skogslagen"/><SP WIDTH="17" VPOS="873" HPOS="201"/>
							<String ID="string_150" HPOS="218" VPOS="872" WIDTH="22" HEIGHT="21" WC="0.96" CONTENT="af"/><SP WIDTH="15" VPOS="872" HPOS="240"/>
							<String ID="string_151" HPOS="255" VPOS="872" WIDTH="40" HEIGHT="21" WC="0.96" CONTENT="den"/><SP WIDTH="17" VPOS="872" HPOS="295"/>
							<String ID="string_152" HPOS="312" VPOS="874" WIDTH="12" HEIGHT="19" WC="0.96" CONTENT="3"/><SP WIDTH="16" VPOS="874" HPOS="324"/>
							<String ID="string_153" HPOS="340" VPOS="872" WIDTH="126" HEIGHT="27" WC="0.96" CONTENT="September"/><SP WIDTH="17" VPOS="872" HPOS="466"/>
							<String ID="string_154" HPOS="483" VPOS="873" WIDTH="54" HEIGHT="20" WC="0.91" CONTENT="1886"/><SP WIDTH="18" VPOS="873" HPOS="537"/>
							<String ID="string_155" HPOS="555" VPOS="873" WIDTH="147" HEIGHT="26" WC="0.89" CONTENT="omförmäler;"/>
						</TextLine>
					</TextBlock>
					<TextBlock ID="block_5" HPOS="69" VPOS="907" WIDTH="763" HEIGHT="372">
						<TextLine ID="line_22" HPOS="144" VPOS="907" WIDTH="688" HEIGHT="27">
							<String ID="string_156" HPOS="144" VPOS="908" WIDTH="34" HEIGHT="19" WC="0.83" CONTENT="2:0"/><SP WIDTH="18" VPOS="908" HPOS="178"/>
							<String ID="string_157" HPOS="196" VPOS="909" WIDTH="32" HEIGHT="18" WC="0.96" CONTENT="att"/><SP WIDTH="15" VPOS="909" HPOS="228"/>
							<String ID="string_158" HPOS="243" VPOS="907" WIDTH="8" HEIGHT="20" WC="0.96" CONTENT="i"/><SP WIDTH="15" VPOS="907" HPOS="251"/>
							<String ID="string_159" HPOS="266" VPOS="907" WIDTH="102" HEIGHT="20" WC="0.93" CONTENT="händelse"/><SP WIDTH="17" VPOS="907" HPOS="368"/>
							<String ID="string_160" HPOS="385" VPOS="907" WIDTH="133" HEIGHT="21" WC="0.91" CONTENT="landboarne"/><SP WIDTH="17" VPOS="907" HPOS="518"/>
							<String ID="string_161" HPOS="535" VPOS="907" WIDTH="110" HEIGHT="26" WC="0.96" CONTENT="samtycka"/><SP WIDTH="11" VPOS="907" HPOS="645"/>
							<String ID="string_162" HPOS="656" VPOS="907" WIDTH="33" HEIGHT="21" WC="0.96" CONTENT="till"/><SP WIDTH="11" VPOS="907" HPOS="689"/>
							<String ID="string_163" HPOS="700" VPOS="908" WIDTH="73" HEIGHT="26" WC="0.93" CONTENT="dylika"/><SP WIDTH="11" VPOS="908" HPOS="773"/>
							<String ID="string_164" HPOS="784" VPOS="908" WIDTH="48" HEIGHT="21" WC="0.93" CONTENT="sko-"/>
						</TextLine>
						<TextLine ID="line_23" HPOS="69" VPOS="941" WIDTH="763" HEIGHT="27">
							<String ID="string_165" HPOS="69" VPOS="947" WIDTH="50" HEIGHT="21" WC="0.91" CONTENT="gars"/><SP WIDTH="16" VPOS="947" HPOS="119"/>
							<String ID="string_166" HPOS="135" VPOS="941" WIDTH="107" HEIGHT="26" WC="0.92" CONTENT="bildande,"/><SP WIDTH="17" VPOS="941" HPOS="242"/>
							<String ID="string_167" HPOS="259" VPOS="941" WIDTH="291" HEIGHT="27" WC="0.91" CONTENT="Landtmäteriinspektören"/><SP WIDTH="17" VPOS="941" HPOS="550"/>
							<String ID="string_168" HPOS="567" VPOS="942" WIDTH="6" HEIGHT="20" WC="0.96" CONTENT="i"/><SP WIDTH="18" VPOS="942" HPOS="573"/>
							<String ID="string_169" HPOS="591" VPOS="942" WIDTH="59" HEIGHT="20" WC="0.96" CONTENT="länet"/><SP WIDTH="16" VPOS="942" HPOS="650"/>
							<String ID="string_170" HPOS="666" VPOS="942" WIDTH="63" HEIGHT="26" WC="0.93" CONTENT="jemte"/><SP WIDTH="16" VPOS="942" HPOS="729"/>
							<String ID="string_171" HPOS="745" VPOS="942" WIDTH="87" HEIGHT="21" WC="0.92" CONTENT="förrätt-"/>
						</TextLine>
						<TextLine ID="line_24" HPOS="72" VPOS="976" WIDTH="760" HEIGHT="26">
							<String ID="string_172" HPOS="72" VPOS="976" WIDTH="226" HEIGHT="26" WC="0.90" CONTENT="ningslandtmätaren"/><SP WIDTH="23" VPOS="976" HPOS="298"/>
							<String ID="string_173" HPOS="321" VPOS="981" WIDTH="50" HEIGHT="21" WC="0.93" CONTENT="eger"/><SP WIDTH="23" VPOS="981" HPOS="371"/>
							<String ID="string_174" HPOS="394" VPOS="978" WIDTH="97" HEIGHT="24" WC="0.92" CONTENT="uppgöra"/><SP WIDTH="17" VPOS="978" HPOS="491"/>
							<String ID="string_175" HPOS="508" VPOS="976" WIDTH="39" HEIGHT="21" WC="0.93" CONTENT="och"/><SP WIDTH="18" VPOS="976" HPOS="547"/>
							<String ID="string_176" HPOS="565" VPOS="977" WIDTH="12" HEIGHT="19" WC="0.92" CONTENT="å"/><SP WIDTH="16" VPOS="977" HPOS="577"/>
							<String ID="string_177" HPOS="593" VPOS="976" WIDTH="63" HEIGHT="21" WC="0.95" CONTENT="karta"/><SP WIDTH="17" VPOS="976" HPOS="656"/>
							<String ID="string_178" HPOS="673" VPOS="976" WIDTH="100" HEIGHT="21" WC="0.93" CONTENT="utmärka"/><SP WIDTH="16" VPOS="976" HPOS="773"/>
							<String ID="string_179" HPOS="789" VPOS="976" WIDTH="43" HEIGHT="21" WC="0.92" CONTENT="för-"/>
						</TextLine>
						<TextLine ID="line_25" HPOS="70" VPOS="1010" WIDTH="762" HEIGHT="27">
							<String ID="string_180" HPOS="70" VPOS="1011" WIDTH="48" HEIGHT="26" WC="0.89" CONTENT="slag"/><SP WIDTH="25" VPOS="1011" HPOS="118"/>
							<String ID="string_181" HPOS="143" VPOS="1010" WIDTH="79" HEIGHT="27" WC="0.89" CONTENT="dertill,"/><SP WIDTH="24" VPOS="1010" HPOS="222"/>
							<String ID="string_182" HPOS="246" VPOS="1010" WIDTH="90" HEIGHT="21" WC="0.96" CONTENT="hvarvid"/><SP WIDTH="15" VPOS="1010" HPOS="336"/>
							<String ID="string_183" HPOS="351" VPOS="1010" WIDTH="67" HEIGHT="21" WC="0.95" CONTENT="borde"/><SP WIDTH="16" VPOS="1010" HPOS="418"/>
							<String ID="string_184" HPOS="434" VPOS="1010" WIDTH="111" HEIGHT="27" WC="0.96" CONTENT="iakttagas"/><SP WIDTH="18" VPOS="1010" HPOS="545"/>
							<String ID="string_185" HPOS="563" VPOS="1013" WIDTH="38" HEIGHT="24" WC="0.93" CONTENT="att,"/><SP WIDTH="17" VPOS="1013" HPOS="601"/>
							<String ID="string_186" HPOS="618" VPOS="1010" WIDTH="83" HEIGHT="21" WC="0.92" CONTENT="utöfver"/><SP WIDTH="16" VPOS="1010" HPOS="701"/>
							<String ID="string_187" HPOS="717" VPOS="1011" WIDTH="26" HEIGHT="20" WC="0.93" CONTENT="de"/><SP WIDTH="18" VPOS="1011" HPOS="743"/>
							<String ID="string_188" HPOS="761" VPOS="1011" WIDTH="71" HEIGHT="20" WC="0.92" CONTENT="områ-"/>
						</TextLine>
						<TextLine ID="line_26" HPOS="70" VPOS="1045" WIDTH="761" HEIGHT="26">
							<String ID="string_189" HPOS="70" VPOS="1045" WIDTH="48" HEIGHT="25" WC="0.95" CONTENT="den,"/><SP WIDTH="24" VPOS="1045" HPOS="118"/>
							<String ID="string_190" HPOS="142" VPOS="1045" WIDTH="74" HEIGHT="20" WC="0.93" CONTENT="hvilka"/><SP WIDTH="23" VPOS="1045" HPOS="216"/>
							<String ID="string_191" HPOS="239" VPOS="1045" WIDTH="111" HEIGHT="20" WC="0.92" CONTENT="allaredan"/><SP WIDTH="24" VPOS="1045" HPOS="350"/>
							<String ID="string_192" HPOS="374" VPOS="1045" WIDTH="69" HEIGHT="20" WC="0.95" CONTENT="blifvit"/><SP WIDTH="24" VPOS="1045" HPOS="443"/>
							<String ID="string_193" HPOS="467" VPOS="1045" WIDTH="60" HEIGHT="26" WC="0.95" CONTENT="eller,"/><SP WIDTH="17" VPOS="1045" HPOS="527"/>
							<String ID="string_194" HPOS="544" VPOS="1045" WIDTH="70" HEIGHT="26" WC="0.96" CONTENT="enligt"/><SP WIDTH="16" VPOS="1045" HPOS="614"/>
							<String ID="string_195" HPOS="630" VPOS="1045" WIDTH="102" HEIGHT="21" WC="0.93" CONTENT="särskildt"/><SP WIDTH="16" VPOS="1045" HPOS="732"/>
							<String ID="string_196" HPOS="748" VPOS="1045" WIDTH="83" HEIGHT="21" WC="0.92" CONTENT="förord-"/>
						</TextLine>
						<TextLine ID="line_27" HPOS="69" VPOS="1078" WIDTH="762" HEIGHT="28">
							<String ID="string_197" HPOS="69" VPOS="1079" WIDTH="70" HEIGHT="21" WC="0.95" CONTENT="nande"/><SP WIDTH="24" VPOS="1079" HPOS="139"/>
							<String ID="string_198" HPOS="163" VPOS="1079" WIDTH="23" HEIGHT="20" WC="0.93" CONTENT="af"/><SP WIDTH="18" VPOS="1079" HPOS="186"/>
							<String ID="string_199" HPOS="204" VPOS="1079" WIDTH="26" HEIGHT="21" WC="0.90" CONTENT="K."/><SP WIDTH="18" VPOS="1079" HPOS="230"/>
							<String ID="string_200" HPOS="248" VPOS="1078" WIDTH="101" HEIGHT="27" WC="0.95" CONTENT="Senaten,"/><SP WIDTH="17" VPOS="1078" HPOS="349"/>
							<String ID="string_201" HPOS="366" VPOS="1079" WIDTH="84" HEIGHT="21" WC="0.96" CONTENT="komma"/><SP WIDTH="17" VPOS="1079" HPOS="450"/>
							<String ID="string_202" HPOS="467" VPOS="1081" WIDTH="33" HEIGHT="19" WC="0.95" CONTENT="att"/><SP WIDTH="16" VPOS="1081" HPOS="500"/>
							<String ID="string_203" HPOS="516" VPOS="1079" WIDTH="33" HEIGHT="21" WC="0.93" CONTENT="till"/><SP WIDTH="16" VPOS="1079" HPOS="549"/>
							<String ID="string_204" HPOS="565" VPOS="1080" WIDTH="154" HEIGHT="26" WC="0.90" CONTENT="kronoparker,"/><SP WIDTH="17" VPOS="1080" HPOS="719"/>
							<String ID="string_205" HPOS="736" VPOS="1079" WIDTH="95" HEIGHT="27" WC="0.93" CONTENT="hofläger"/>
						</TextLine>
						<TextLine ID="line_28" HPOS="69" VPOS="1113" WIDTH="762" HEIGHT="28">
							<String ID="string_206" HPOS="69" VPOS="1120" WIDTH="28" HEIGHT="14" WC="0.95" CONTENT="m."/><SP WIDTH="17" VPOS="1120" HPOS="97"/>
							<String ID="string_207" HPOS="114" VPOS="1119" WIDTH="27" HEIGHT="15" WC="0.93" CONTENT="m."/><SP WIDTH="17" VPOS="1119" HPOS="141"/>
							<String ID="string_208" HPOS="158" VPOS="1113" WIDTH="90" HEIGHT="26" WC="0.92" CONTENT="afrösas,"/><SP WIDTH="16" VPOS="1113" HPOS="248"/>
							<String ID="string_209" HPOS="264" VPOS="1113" WIDTH="48" HEIGHT="21" WC="0.96" CONTENT="från"/><SP WIDTH="17" VPOS="1113" HPOS="312"/>
							<String ID="string_210" HPOS="329" VPOS="1114" WIDTH="41" HEIGHT="20" WC="0.96" CONTENT="den"/><SP WIDTH="16" VPOS="1114" HPOS="370"/>
							<String ID="string_211" HPOS="386" VPOS="1115" WIDTH="159" HEIGHT="25" WC="0.93" CONTENT="gemensamma"/><SP WIDTH="12" VPOS="1115" HPOS="545"/>
							<String ID="string_212" HPOS="557" VPOS="1120" WIDTH="134" HEIGHT="21" WC="0.92" CONTENT="egomassan,"/><SP WIDTH="11" VPOS="1120" HPOS="691"/>
							<String ID="string_213" HPOS="702" VPOS="1115" WIDTH="69" HEIGHT="20" WC="0.96" CONTENT="under"/><SP WIDTH="10" VPOS="1115" HPOS="771"/>
							<String ID="string_214" HPOS="781" VPOS="1113" WIDTH="50" HEIGHT="22" WC="0.96" CONTENT="fullt"/>
						</TextLine>
						<TextLine ID="line_29" HPOS="69" VPOS="1147" WIDTH="763" HEIGHT="28">
							<String ID="string_215" HPOS="69" VPOS="1147" WIDTH="148" HEIGHT="27" WC="0.96" CONTENT="betryggande"/><SP WIDTH="24" VPOS="1147" HPOS="217"/>
							<String ID="string_216" HPOS="241" VPOS="1147" WIDTH="23" HEIGHT="21" WC="0.93" CONTENT="af"/><SP WIDTH="15" VPOS="1147" HPOS="264"/>
							<String ID="string_217" HPOS="279" VPOS="1148" WIDTH="247" HEIGHT="27" WC="0.91" CONTENT="landbolägenheternas"/><SP WIDTH="17" VPOS="1148" HPOS="526"/>
							<String ID="string_218" HPOS="543" VPOS="1148" WIDTH="141" HEIGHT="27" WC="0.91" CONTENT="sjelfbestånd"/><SP WIDTH="16" VPOS="1148" HPOS="684"/>
							<String ID="string_219" HPOS="700" VPOS="1149" WIDTH="39" HEIGHT="21" WC="0.93" CONTENT="och"/><SP WIDTH="17" VPOS="1149" HPOS="739"/>
							<String ID="string_220" HPOS="756" VPOS="1149" WIDTH="76" HEIGHT="26" WC="0.93" CONTENT="skogs-"/>
						</TextLine>
						<TextLine ID="line_30" HPOS="69" VPOS="1182" WIDTH="762" HEIGHT="28">
							<String ID="string_221" HPOS="69" VPOS="1182" WIDTH="71" HEIGHT="26" WC="0.92" CONTENT="behof,"/><SP WIDTH="17" VPOS="1182" HPOS="140"/>
							<String ID="string_222" HPOS="157" VPOS="1182" WIDTH="33" HEIGHT="21" WC="0.96" CONTENT="för"/><SP WIDTH="16" VPOS="1182" HPOS="190"/>
							<String ID="string_223" HPOS="206" VPOS="1182" WIDTH="67" HEIGHT="27" WC="0.96" CONTENT="sagda"/><SP WIDTH="15" VPOS="1182" HPOS="273"/>
							<String ID="string_224" HPOS="288" VPOS="1182" WIDTH="100" HEIGHT="22" WC="0.96" CONTENT="ändamål"/><SP WIDTH="16" VPOS="1182" HPOS="388"/>
							<String ID="string_225" HPOS="404" VPOS="1183" WIDTH="155" HEIGHT="21" WC="0.93" CONTENT="företrädesvis"/><SP WIDTH="16" VPOS="1183" HPOS="559"/>
							<String ID="string_226" HPOS="575" VPOS="1183" WIDTH="98" HEIGHT="27" WC="0.52" CONTENT="atbrytas"/><SP WIDTH="16" VPOS="1183" HPOS="673"/>
							<String ID="string_227" HPOS="689" VPOS="1183" WIDTH="26" HEIGHT="21" WC="0.96" CONTENT="de"/><SP WIDTH="11" VPOS="1183" HPOS="715"/>
							<String ID="string_228" HPOS="726" VPOS="1183" WIDTH="48" HEIGHT="21" WC="0.93" CONTENT="från"/><SP WIDTH="12" VPOS="1183" HPOS="774"/>
							<String ID="string_229" HPOS="786" VPOS="1183" WIDTH="45" HEIGHT="21" WC="0.92" CONTENT="bol-"/>
						</TextLine>
						<TextLine ID="line_31" HPOS="70" VPOS="1216" WIDTH="762" HEIGHT="29">
							<String ID="string_230" HPOS="70" VPOS="1216" WIDTH="103" HEIGHT="22" WC="0.93" CONTENT="städerna"/><SP WIDTH="21" VPOS="1216" HPOS="173"/>
							<String ID="string_231" HPOS="194" VPOS="1216" WIDTH="122" HEIGHT="27" WC="0.90" CONTENT="aflägsnare"/><SP WIDTH="20" VPOS="1216" HPOS="316"/>
							<String ID="string_232" HPOS="336" VPOS="1218" WIDTH="40" HEIGHT="20" WC="0.96" CONTENT="och"/><SP WIDTH="15" VPOS="1218" HPOS="376"/>
							<String ID="string_233" HPOS="391" VPOS="1218" WIDTH="6" HEIGHT="20" WC="0.96" CONTENT="i"/><SP WIDTH="16" VPOS="1218" HPOS="397"/>
							<String ID="string_234" HPOS="413" VPOS="1218" WIDTH="213" HEIGHT="26" WC="0.93" CONTENT="sammanhängande"/><SP WIDTH="16" VPOS="1218" HPOS="626"/>
							<String ID="string_235" HPOS="642" VPOS="1218" WIDTH="190" HEIGHT="27" WC="0.91" CONTENT="skogskomplexer"/>
						</TextLine>
						<TextLine ID="line_32" HPOS="69" VPOS="1250" WIDTH="724" HEIGHT="29">
							<String ID="string_236" HPOS="69" VPOS="1250" WIDTH="93" HEIGHT="27" WC="0.96" CONTENT="belägna"/><SP WIDTH="17" VPOS="1250" HPOS="162"/>
							<String ID="string_237" HPOS="179" VPOS="1251" WIDTH="111" HEIGHT="27" WC="0.96" CONTENT="områden,"/><SP WIDTH="16" VPOS="1251" HPOS="290"/>
							<String ID="string_238" HPOS="306" VPOS="1251" WIDTH="74" HEIGHT="21" WC="0.93" CONTENT="hvilka"/><SP WIDTH="15" VPOS="1251" HPOS="380"/>
							<String ID="string_239" HPOS="395" VPOS="1252" WIDTH="98" HEIGHT="21" WC="0.89" CONTENT="befinnas"/><SP WIDTH="15" VPOS="1252" HPOS="493"/>
							<String ID="string_240" HPOS="508" VPOS="1252" WIDTH="89" HEIGHT="26" WC="0.92" CONTENT="tjenliga"/><SP WIDTH="17" VPOS="1252" HPOS="597"/>
							<String ID="string_241" HPOS="614" VPOS="1252" WIDTH="33" HEIGHT="21" WC="0.96" CONTENT="till"/><SP WIDTH="16" VPOS="1252" HPOS="647"/>
							<String ID="string_242" HPOS="663" VPOS="1252" WIDTH="130" HEIGHT="27" WC="0.96" CONTENT="skogsbruk;"/>
						</TextLine>
					</TextBlock>
					<TextBlock ID="block_6" HPOS="68" VPOS="1285" WIDTH="764" HEIGHT="132">
						<TextLine ID="line_33" HPOS="142" VPOS="1285" WIDTH="689" HEIGHT="29">
							<String ID="string_243" HPOS="142" VPOS="1286" WIDTH="35" HEIGHT="20" WC="0.76" CONTENT="3:0"/><SP WIDTH="19" VPOS="1286" HPOS="177"/>
							<String ID="string_244" HPOS="196" VPOS="1286" WIDTH="33" HEIGHT="20" WC="0.93" CONTENT="att"/><SP WIDTH="16" VPOS="1286" HPOS="229"/>
							<String ID="string_245" HPOS="245" VPOS="1285" WIDTH="133" HEIGHT="22" WC="0.92" CONTENT="landboarne"/><SP WIDTH="16" VPOS="1285" HPOS="378"/>
							<String ID="string_246" HPOS="394" VPOS="1285" WIDTH="67" HEIGHT="22" WC="0.96" CONTENT="blifva"/><SP WIDTH="16" VPOS="1285" HPOS="461"/>
							<String ID="string_247" HPOS="477" VPOS="1286" WIDTH="112" HEIGHT="27" WC="0.96" CONTENT="delaktiga"/><SP WIDTH="15" VPOS="1286" HPOS="589"/>
							<String ID="string_248" HPOS="604" VPOS="1286" WIDTH="8" HEIGHT="21" WC="0.93" CONTENT="i"/><SP WIDTH="15" VPOS="1286" HPOS="612"/>
							<String ID="string_249" HPOS="627" VPOS="1286" WIDTH="204" HEIGHT="28" WC="0.91" CONTENT="samfällighetssko-"/>
						</TextLine>
						<TextLine ID="line_34" HPOS="68" VPOS="1318" WIDTH="764" HEIGHT="30">
							<String ID="string_250" HPOS="68" VPOS="1326" WIDTH="42" HEIGHT="20" WC="0.96" CONTENT="gen"/><SP WIDTH="22" VPOS="1326" HPOS="110"/>
							<String ID="string_251" HPOS="132" VPOS="1318" WIDTH="7" HEIGHT="22" WC="0.96" CONTENT="i"/><SP WIDTH="24" VPOS="1318" HPOS="139"/>
							<String ID="string_252" HPOS="163" VPOS="1319" WIDTH="138" HEIGHT="21" WC="0.96" CONTENT="förhållande"/><SP WIDTH="24" VPOS="1319" HPOS="301"/>
							<String ID="string_253" HPOS="325" VPOS="1320" WIDTH="34" HEIGHT="21" WC="0.96" CONTENT="till"/><SP WIDTH="27" VPOS="1320" HPOS="359"/>
							<String ID="string_254" HPOS="386" VPOS="1320" WIDTH="36" HEIGHT="22" WC="0.96" CONTENT="det"/><SP WIDTH="15" VPOS="1320" HPOS="422"/>
							<String ID="string_255" HPOS="437" VPOS="1327" WIDTH="42" HEIGHT="21" WC="0.93" CONTENT="nya"/><SP WIDTH="16" VPOS="1327" HPOS="479"/>
							<String ID="string_256" HPOS="495" VPOS="1321" WIDTH="110" HEIGHT="26" WC="0.91" CONTENT="skattetal,"/><SP WIDTH="18" VPOS="1321" HPOS="605"/>
							<String ID="string_257" HPOS="623" VPOS="1328" WIDTH="44" HEIGHT="14" WC="0.96" CONTENT="som"/><SP WIDTH="17" VPOS="1328" HPOS="667"/>
							<String ID="string_258" HPOS="684" VPOS="1321" WIDTH="35" HEIGHT="21" WC="0.96" CONTENT="vid"/><SP WIDTH="18" VPOS="1321" HPOS="719"/>
							<String ID="string_259" HPOS="737" VPOS="1321" WIDTH="95" HEIGHT="21" WC="0.96" CONTENT="skeende"/>
						</TextLine>
						<TextLine ID="line_35" HPOS="69" VPOS="1354" WIDTH="763" HEIGHT="28">
							<String ID="string_260" HPOS="69" VPOS="1354" WIDTH="165" HEIGHT="27" WC="0.90" CONTENT="skattläggning"/><SP WIDTH="23" VPOS="1354" HPOS="234"/>
							<String ID="string_261" HPOS="257" VPOS="1355" WIDTH="83" HEIGHT="21" WC="0.90" CONTENT="åsättes"/><SP WIDTH="26" VPOS="1355" HPOS="340"/>
							<String ID="string_262" HPOS="366" VPOS="1355" WIDTH="63" HEIGHT="21" WC="0.96" CONTENT="deras"/><SP WIDTH="20" VPOS="1355" HPOS="429"/>
							<String ID="string_263" HPOS="449" VPOS="1356" WIDTH="128" HEIGHT="26" WC="0.96" CONTENT="lägenheter"/><SP WIDTH="16" VPOS="1356" HPOS="577"/>
							<String ID="string_264" HPOS="593" VPOS="1356" WIDTH="40" HEIGHT="21" WC="0.96" CONTENT="och"/><SP WIDTH="15" VPOS="1356" HPOS="633"/>
							<String ID="string_265" HPOS="648" VPOS="1356" WIDTH="89" HEIGHT="21" WC="0.93" CONTENT="hvarvid"/><SP WIDTH="16" VPOS="1356" HPOS="737"/>
							<String ID="string_266" HPOS="753" VPOS="1356" WIDTH="79" HEIGHT="20" WC="0.90" CONTENT="förmo-"/>
						</TextLine>
						<TextLine ID="line_36" HPOS="69" VPOS="1388" WIDTH="628" HEIGHT="29">
							<String ID="string_267" HPOS="69" VPOS="1394" WIDTH="41" HEIGHT="15" WC="0.95" CONTENT="nen"/><SP WIDTH="18" VPOS="1394" HPOS="110"/>
							<String ID="string_268" HPOS="128" VPOS="1388" WIDTH="23" HEIGHT="21" WC="0.91" CONTENT="af"/><SP WIDTH="15" VPOS="1388" HPOS="151"/>
							<String ID="string_269" HPOS="166" VPOS="1388" WIDTH="237" HEIGHT="28" WC="0.91" CONTENT="samfällighetsskogar"/><SP WIDTH="15" VPOS="1388" HPOS="403"/>
							<String ID="string_270" HPOS="418" VPOS="1390" WIDTH="80" HEIGHT="27" WC="0.92" CONTENT="jemväl"/><SP WIDTH="16" VPOS="1390" HPOS="498"/>
							<String ID="string_271" HPOS="514" VPOS="1390" WIDTH="67" HEIGHT="21" WC="0.96" CONTENT="borde"/><SP WIDTH="16" VPOS="1390" HPOS="581"/>
							<String ID="string_272" HPOS="597" VPOS="1390" WIDTH="100" HEIGHT="26" WC="0.96" CONTENT="beaktas;"/>
						</TextLine>
					</TextBlock>
					<TextBlock ID="block_7" HPOS="141" VPOS="1423" WIDTH="691" HEIGHT="29">
						<TextLine ID="line_37" HPOS="141" VPOS="1423" WIDTH="691" HEIGHT="29">
							<String ID="string_273" HPOS="141" VPOS="1424" WIDTH="34" HEIGHT="20" WC="0.92" CONTENT="4:0"/><SP WIDTH="21" VPOS="1424" HPOS="175"/>
							<String ID="string_274" HPOS="196" VPOS="1425" WIDTH="33" HEIGHT="19" WC="0.96" CONTENT="att"/><SP WIDTH="16" VPOS="1425" HPOS="229"/>
							<String ID="string_275" HPOS="245" VPOS="1423" WIDTH="41" HEIGHT="21" WC="0.93" CONTENT="den"/><SP WIDTH="16" VPOS="1423" HPOS="286"/>
							<String ID="string_276" HPOS="302" VPOS="1424" WIDTH="13" HEIGHT="21" WC="0.91" CONTENT="å"/><SP WIDTH="16" VPOS="1424" HPOS="315"/>
							<String ID="string_277" HPOS="331" VPOS="1424" WIDTH="237" HEIGHT="27" WC="0.91" CONTENT="landbolägenheterna"/><SP WIDTH="14" VPOS="1424" HPOS="568"/>
							<String ID="string_278" HPOS="582" VPOS="1425" WIDTH="67" HEIGHT="26" WC="0.93" CONTENT="jemte"/><SP WIDTH="16" VPOS="1425" HPOS="649"/>
							<String ID="string_279" HPOS="665" VPOS="1425" WIDTH="167" HEIGHT="27" WC="0.90" CONTENT="samfällighets-"/>
						</TextLine>
					</TextBlock>
				</ComposedBlock>
			</PrintSpace>
		</Page>
	</Layout>
</alto>
