1056 1725
251 125 28 19 40
467 122 19 24 U.
502 122 19 24 B.
536 135 29 4 —
580 123 55 29 Prop.
652 124 35 22 N:o
703 123 34 23 34.

221 185 36 22 vid
272 185 74 27 längre
362 186 89 28 flötning
467 186 39 21 har
521 186 47 21 fara
583 188 33 20 att
624 186 77 28 siunka
716 186 40 21 och
764 186 149 28 förskämmas,
922 188 60 21 kom-

220 216 52 36 mer:
283 216 37 36 att
328 220 129 22 verkställas
471 220 8 21 i
493 220 152 27 Tammerfors,
662 220 46 22 dels
723 220 41 22 ock
779 222 32 20 att
827 221 82 27 ganska
924 222 59 21 stora

221 254 82 27 partier
317 254 125 28 handsägad
458 255 52 21 eller
525 255 49 21 med
590 254 101 28 flyttbara
710 255 107 27 ängsägar
839 257 56 19 samt
917 255 35 21 vid
975 255 7 21 i

220 288 105 22 närheten
340 288 23 22 af
374 289 168 28 jernvägslinien
565 289 94 28 belägna
682 289 139 28 vattensägar
846 289 135 28 förfärdigad

220 329 53 15 vara
294 323 58 22 finna
374 323 69 22 fördel
467 325 32 20 att
520 324 99 27 begagna
631 324 124 27 jernvägen,
771 323 120 28 hvarjemte
907 324 75 27 betyd-

221 357 45 28 liga
281 358 129 26 gvantiteter
425 358 123 27 björkvirke
563 358 40 21 och
626 359 47 25 ved,
697 358 74 21 hvilka
793 364 30 15 nu
845 360 37 19 äro
905 359 78 20 nästan

221 391 119 27 värdelösa,
361 392 68 21 skulle
444 392 93 21 tillföras
559 392 131 21 densamma.
721 392 114 21 Utskottet
849 393 42 20 har
907 392 75 21 endast

222 426 70 21 säsom
308 426 32 20 sin
354 426 139 27 uppfattning
507 427 58 21 velat
579 427 76 26 uttala,
673 428 32 19 att
719 426 71 21 Kumo
806 426 41 21 elfs
870 426 111 27 betydelse

222 460 70 21 säsom
307 459 74 22 flötled
395 461 48 20 icke
461 461 3 20 i
480 461 118 21 nämnvärd
613 461 54 27 grad
681 461 98 21 kommer
799 462 32 19 att
846 461 87 26 rubbas,
950 460 31 21 äf-

220 500 41 15 ven
284 500 35 15 om
339 495 230 27 jernvägsförbindelse
592 495 89 21 beredes
704 495 40 21 och
759 496 33 20 att
807 495 42 20 den
864 497 59 20 stora
939 496 43 20 trä-

220 529 149 20 varurörelsen
384 529 7 20 i
405 529 132 27 Björneborg
551 529 98 21 kommer
665 531 32 19 att
705 529 40 21 allt
753 529 134 21 fortfarande
899 529 82 21 drifvas

222 562 70 22 säsom
307 563 115 21 härintills.

290 609 121 27 Jernvägen
426 609 34 21 till
475 609 132 27 Björneborg
621 609 40 21 har
676 608 69 28 enligt
759 609 119 21 utskottets
893 608 87 28 mening

222 642 38 22 sitt
282 644 108 20 närmaste
412 643 67 21 motiv
502 643 39 21 och
560 644 151 26 berättigande
727 643 71 21 såsom
814 643 130 21 förmedlare
959 643 24 21 af

222 677 155 21 lokalrörelsen
392 678 7 20 i
415 678 126 20 Satakunta.
572 678 70 20 Häraf
663 678 64 27 följer
749 677 114 27 sjelffallet,
883 679 33 19 att
930 684 50 14 man

221 711 37 21 vid
272 711 173 21 bestämmandet
461 711 23 21 af
498 712 47 20 dess
561 712 125 27 sträckning
702 712 39 21 bör
756 712 98 26 uppsöka
873 712 26 21 de
922 712 60 21 trak-

222 747 39 25 ter,
282 752 46 14 som
343 745 111 22 framstå
443 741 16 37 i
471 746 99 21 afseende
585 746 14 21 &
620 746 165 27 befolkningens
808 746 76 26 täthet,
908 746 73 27 odling

221 779 40 22 och
276 780 112 26 möjlighet
402 780 34 21 till
452 780 72 27 odling
539 782 56 19 samt
610 780 124 21 industrielt
756 780 32 26 lif,
812 780 109 21 äfvensom
944 780 37 21 be-

220 813 106 22 träffande
342 814 89 27 tillgång
446 814 28 26 på
488 814 123 22 råmaterial
627 814 39 22 och
682 814 130 21 naturkraft.

289 859 43 22 Vid
347 859 101 22 liknande
463 859 149 22 förhållanden
627 860 34 21 för
677 860 66 27 öfrigt
754 860 39 21 bör
803 860 41 21 den
855 859 126 28 sträckning

221 893 132 28 föredragas,
370 901 45 14 som
430 894 39 21 har
485 895 72 20 starka
573 894 141 22 trafikcentra
729 895 7 20 i
753 894 106 21 hvardera
868 894 112 27 ändpunk-

220 930 44 25 ten,
280 929 90 20 emedan
382 929 24 26 ju
422 929 123 27 derigenom
560 929 41 21 den
617 931 78 19 största
712 929 160 26 beqvämlighet
891 928 88 21 beredes

218 962 36 21 för
270 963 42 20 den
330 963 72 20 lokala
417 963 94 21 rörelsen
527 963 47 21 från
592 965 58 20 orter
665 963 36 21 vid
721 963 71 21 banan
816 965 33 19 att
873 963 52 20 söka
947 962 33 27 sig

219 999 42 24 väg
276 997 34 20 till
324 997 56 20 båda
395 997 63 21 dessa
473 999 78 20 centra.
567 997 66 22 Detta
644 997 109 22 företräde
763 997 76 21 vinnes
848 997 33 21 för
893 997 88 26 Björne-

219 1031 95 27 borgska
336 1031 71 21 banan
423 1031 76 22 endast
516 1031 47 21 ifall
578 1031 146 22 Tammerfors
739 1031 67 27 väljes
821 1031 35 21 till
879 1031 102 28 utgångs-

220 1065 76 26 punkt.

290 1111 34 21 Då
338 1111 71 21 tillika
424 1111 27 21 de
465 1111 129 28 betingelser
609 1111 34 22 för
658 1118 26 15 en
699 1111 56 27 liflig
770 1111 147 26 lokalrörelse,
935 1117 46 16 som

220 1152 50 20 nyss
294 1145 64 22 ofvan
374 1145 89 27 anförts,
486 1146 48 21 bäst
556 1145 117 22 återfinnas
691 1146 62 27 längs
769 1152 26 14 en
810 1145 59 27 linie,
892 1145 89 22 hvilken

220 1179 63 27 följer
298 1180 70 21 Kumo
384 1180 40 21 elfs
439 1180 127 27 vattendrag
582 1180 22 22 åt
620 1180 47 21 från
683 1180 148 21 Tammerfors
847 1180 34 20 till
893 1180 89 27 Björne-

219 1214 61 27 borg,
298 1214 23 21 så
336 1220 62 15 anser
413 1214 107 22 utskottet
535 1214 33 28 sig
582 1215 53 21 böra
651 1214 88 22 förorda
754 1221 27 14 en
797 1214 125 28 sträckning
932 1214 47 21 från

220 1248 145 22 Tammerfors
380 1255 77 21 genom
472 1248 108 27 Birkkala,
596 1249 96 26 Karkku,
709 1249 82 27 Tyrvis,
811 1248 88 26 Kiikka,
923 1248 58 22 Kau-

219 1284 68 25 vatsa,
303 1283 77 26 Kumo,
396 1283 133 27 Harjavalta,
545 1283 94 21 Nakkila
655 1284 39 20 och
711 1283 78 27 Ulfsby
800 1283 34 21 tilt
842 1282 138 28 Björneborg,

219 1317 93 27 löpande
326 1317 28 27 pä
368 1323 64 15 norra
448 1317 60 21 sidan
523 1316 24 22 af
560 1318 150 26 vattendraget
727 1317 56 21 ända
806 1317 34 21 till
863 1317 117 25 Kauvatsa,

220 1350 34 22 för
276 1353 33 19 att
332 1352 38 20 der
392 1351 87 27 öfvergä
498 1351 70 21 elfven
591 1352 125 20 alternativt
732 1351 36 21 vid
783 1351 124 21 Witikkala
929 1350 52 21 eller

218 1385 37 21 vid
270 1385 71 27 nägon
356 1386 68 26 punkt
438 1385 66 27 högre
519 1392 49 20 upp,
584 1386 107 20 beroende
706 1385 29 27 pä
751 1392 34 14 om
801 1385 68 21 linien
884 1385 36 21 vid
932 1386 49 19 när-

218 1426 60 14 mare
293 1419 86 21 teknisk
393 1419 160 28 undersökning
567 1420 49 20 med
632 1422 68 18 större
716 1419 70 21 fördel
801 1420 44 20 kan
860 1419 61 21 ledas
929 1424 52 16 norr

219 1453 53 21 eller
288 1454 63 20 söder
366 1460 34 15 om
416 1454 119 27 Puurijärvi
551 1454 38 26 sjö.

288 1493 191 22 Jernvägsutskottets
493 1493 113 18 betänkande
619 1493 37 18 N:o
671 1494 16 17 1.
