1056 1725
207 153 14 21 4
390 153 71 22 Ständ.
478 153 31 22 Sv.
526 165 27 3 —
569 153 58 27 Prop.
645 154 34 22 N:o
695 154 38 22 29.

248 216 8 21 I
272 216 12 26 8
300 216 13 22 5
329 216 64 22 hafva
408 216 124 22 Ständerna
543 216 71 28 utbytt
625 216 60 22 ordet
698 216 242 28 ,igenkänningsmått"'

179 252 47 20 mot
242 250 171 27 ,,hufvudmått',
429 250 88 22 hvilken
532 256 78 16 senare
625 236 132 42 beteckning
768 253 60 26 synts
838 251 103 27 riktigare

182 285 43 22 och
240 285 112 22 användes
369 284 64 23 äfven
448 284 7 21 i
470 285 104 27 England.
605 285 70 22 Jemte
691 286 37 21 det
744 285 123 23 Ständerna
881 286 32 21 till
927 287 13 20 8

180 326 66 15 mom.
262 319 23 22 af
298 320 72 22 denna
375 315 14 38 $
413 320 68 27 tillagt
496 319 109 22 föreskrift
620 320 81 27 derom,
719 323 32 19 att
763 321 82 27 jemväl
860 321 81 28 fartygs

180 354 93 22 officiela
288 361 106 20 nummer,
411 361 36 15 om
461 354 70 21 sådan
546 355 91 21 tilldelas
653 355 100 28 fartyget,
769 355 54 22 skall
833 356 7 20 i
851 355 90 28 skepps-

179 389 102 27 registret
299 391 114 25 upptagas,
429 388 89 28 utbedja
533 389 33 27 sig
582 388 123 23 Ständerna
721 391 32 20 att
767 390 31 21 till
813 389 77 28 frågan
905 396 37 15 om

180 423 125 22 införandet
328 423 23 21 äf
367 423 69 22 sådan
451 429 100 16 nummer
567 423 33 22 för
615 423 70 22 finska
700 423 72 28 fartyg
795 424 21 21 få
831 424 110 22 återkom-

180 464 38 15 ma
236 457 41 22 här
295 457 72 22 nedan
385 457 36 22 vid
436 457 161 28 behandlingen
613 457 23 22 af
649 457 103 28 förslaget
767 459 30 20 till
812 458 130 28 kungörelse

180 492 116 27 angående
311 492 69 21 finska
395 491 82 28 fartygs
492 492 243 27 igenkänningstecken.

250 533 98 21 Emedan
367 532 242 27 författningsförslaget
624 533 47 21 icke
687 533 50 21 med
753 533 104 27 tydlighet
869 538 72 21 anger,

181 567 65 22 hvem
270 574 49 15 som
338 567 55 23 skall
408 567 30 21 till
454 567 92 27 afföring
560 573 26 15 ur
600 567 100 27 registret
716 567 88 21 anmäla
819 569 31 20 ett
865 566 76 28 fartyg,

182 608 49 15 som
247 602 107 27 öfvergått
369 602 31 20 till
415 602 112 26 utländing
543 602 42 21 och
601 602 127 26 derigenom
743 602 94 28 upphört
848 604 32 19 att
890 607 53 15 vara

181 636 71 26 finskt,
268 636 66 22 hafva
356 636 129 27 Ständerna,
506 636 33 21 för
554 635 93 28 fyllande
666 635 23 22 af
702 636 73 22 denna
790 636 69 27 lucka,
877 636 66 22 delvis

182 670 166 22 omformulerat
371 671 25 27 $$
421 671 32 26 10,
479 671 24 21 11
524 670 43 22 och
583 671 32 21 12.
630 683 29 3 —
674 670 109 28 Derjemte
798 670 65 22 hafva
879 670 64 22 Stän-

182 706 69 21 derna
267 705 181 27 förfullständigat
463 705 42 22 den
521 704 69 22 första
605 704 24 22 af
643 705 64 21 dessa
722 705 127 28 paragrafer
863 711 81 21 genom

182 742 31 19 ett
228 740 207 27 tilläggsstadgande
451 740 82 26 derom,
549 740 55 20 huru
614 739 60 22 tiden
683 739 35 22 för
729 739 131 28 afgifvandet
871 739 23 22 af
902 740 42 21 den

182 775 7 20 i
212 774 132 28 paragrafen
363 774 119 22 omordade
497 774 104 21 anmälan
617 774 54 21 skall
685 774 116 27 beräknas,
818 774 6 21 i
840 774 103 22 händelse

183 809 28 21 all
225 809 159 21 underrättelse
399 815 37 15 om
451 808 92 28 fartyget
559 808 118 22 uteblifver.

252 843 8 21 I
284 844 64 21 slutet
368 842 22 22 af
414 843 6 21 2
436 850 65 14 mom.
521 843 26 21 13
563 843 12 28 &
590 842 66 22 hafva
672 842 69 22 orden
757 842 67 28 ,,efter
839 842 104 29 fartygets

182 877 140 22 hemkomst''
338 878 87 21 ändrats
441 878 31 21 till
487 877 68 28 ,,efter
569 877 104 28 fartygets
689 878 103 21 ankomst
804 878 30 21 till
844 878 99 21 hemlan-

182 913 50 21 det'*
248 912 35 23 för
294 915 31 19 att
335 913 104 27 tydligare
449 913 108 26 utmärka,
573 914 32 19 att
616 912 47 22 icke
673 912 121 27 hemorten,
806 914 52 19 utan
869 913 74 26 hvarje

182 947 103 22 inhemsk
300 947 67 21 hamn
382 947 39 21 här
437 946 88 28 åsyftas.
555 947 40 21 Det
611 952 78 16 senare
706 947 109 27 uttrycket
830 947 65 27 ingår
911 946 33 22 för

184 981 63 28 öfrigt
261 981 83 28 jemväl
359 981 7 21 i
382 981 11 28 $
408 981 28 21 43
452 981 24 21 af
489 981 42 22 den
546 981 80 27 nådiga
641 981 170 27 propositionen.

252 1015 33 22 På
301 1016 35 21 det
352 1018 31 19 att
399 1015 35 22 det
449 1015 56 28 finge
516 1015 53 22 bero
581 1015 23 22 af
612 1015 119 28 Kejserliga
741 1015 107 22 Senatens
860 1015 84 22 arbets-

184 1050 100 28 ordning,
301 1051 13 21 å
329 1051 86 21 hvilken
430 1049 24 22 af
466 1049 107 22 Senatens
591 1050 153 27 Expeditioner
753 1050 191 27 handläggningen

184 1084 23 22 af
228 1085 27 21 de
279 1085 7 21 i
310 1085 26 21 15
356 1085 12 27 8
388 1084 144 22 omförmälda
554 1084 101 27 åtgärder
679 1085 36 20 mä
735 1085 126 26 ankomma,
877 1083 66 22 hafva

183 1119 125 22 Ständerna
330 1119 7 21 i
360 1119 96 21 nämnda
467 1114 9 36 &
499 1119 70 27 utbytt
584 1119 108 27 uttrycket
708 1119 94 26 ,,Finans
821 1118 123 28 Expeditio-

183 1155 69 21 nens**
270 1156 46 20 mot
332 1154 177 27 ,,vederbörande
525 1154 155 26 expeditions''.

253 1189 99 22 Emedan
355 1184 15 37 i
388 1188 242 28 författningsförslaget
645 1188 81 22 saknas
741 1188 108 22 föreskrift
869 1188 75 21 derom

183 1225 38 25 att,
230 1224 7 20 i
245 1224 106 21 händelse
359 1222 98 22 faststäld
463 1223 125 27 inteckning
596 1223 75 27 dödas,
681 1223 132 27 anteckning
821 1223 76 21 derom
904 1222 41 22 bör

184 1258 38 22 ske
234 1258 6 21 i
252 1258 149 22 nationalitets
413 1258 134 26 certifikatet,
562 1258 65 21 hafva
643 1258 124 22 Ständerna
781 1257 66 22 infört
863 1264 27 15 en
905 1257 40 21 slik

184 1292 155 29 kestämning'i
350 1292 175 28 propositionens
535 1292 12 28 $
559 1292 33 27 23,
604 1292 87 22 hvilken
701 1292 24 21 af
733 1292 123 22 Ständerna
866 1293 79 26 uppta-

184 1328 42 26 gits
237 1328 77 21 såsom
329 1327 12 27 &
357 1327 34 27 24,
407 1327 80 21 medan
501 1328 48 20 åter
559 1327 176 27 propositionens
745 1327 12 27 $
769 1327 34 26 24,
816 1333 47 15 som
874 1326 70 21 hand-

184 1363 33 21 lar
228 1369 37 15 om
282 1362 134 28 procedyren
431 1362 6 21 i
447 1362 123 26 allmänhet,
583 1364 40 19 när
633 1362 126 27 inteckning
769 1362 7 20 i
786 1361 71 27 fartyg
868 1360 75 26 dödas,

186 1396 134 22 oförändrad
335 1396 76 22 införts
427 1397 74 21 såsom
517 1396 12 28 $
544 1397 34 21 23.

253 1432 99 22 Emedan
368 1431 122 22 Ständerna
507 1433 72 20 ansett
591 1431 50 22 deti
652 1431 13 21 2
674 1437 65 16 mom.
748 1430 23 22 af
778 1430 26 22 27
814 1430 11 28 $
835 1429 110 22 förekom-

185 1466 80 22 mande
282 1466 116 28 uttrycket:
415 1466 21 27 ,i
452 1468 29 20 ett
493 1466 159 27 sammanhang
661 1465 120 22 behandlas
792 1465 42 21 och
843 1464 102 27 afgöras''
