1056 1725
227 139 11 19 3
437 136 24 24 U.
477 136 23 24 B.
515 148 29 6 —
561 136 62 30 Prop,
639 138 36 22 N:o
691 138 40 22 32.

196 200 95 20 streradt
312 200 128 22 varumärko
463 200 71 22 kundo
556 206 53 16 vara
630 200 159 24 underkastadi
813 200 62 22 siraii
887 201 24 21 sä
925 201 36 22 väl

196 234 68 28 enligt
279 234 153 28 förordningen
447 241 36 15 om
498 234 68 28 skydd
582 234 33 22 för
631 236 143 20 varumärken
792 241 46 15 som
853 235 66 27 enligt
935 236 27 21 de

198 270 61 21 äldre
274 269 145 28 lagrummen;
434 269 107 22 utskottet
557 268 33 22 fär
607 269 84 22 derföre
707 269 112 22 vördsamt

407 332 93 28 inbjuda
511 333 161 28 Ridderskapet
683 333 39 21 och
733 333 66 21 adeln
811 336 55 18 samt
877 333 86 21 Preste-

339 367 39 20 och
402 367 171 21 Bondeständen
595 370 32 18 att
647 368 85 27 förena
755 367 34 28 sig
814 374 33 14 om
871 367 40 21 den
935 368 31 27 af

337 401 185 27 Borgareständet
538 401 99 21 beslutna
652 402 96 27 lydelsen
764 402 31 27 af
808 402 15 27 $
838 403 34 20 18.

272 464 160 22 Bondeständet
447 464 40 21 har
501 465 34 21 till
550 465 89 21 rättelse
655 465 102 21 anmärkt
769 465 111 28 ätskilliga
890 464 73 28 spräk-

202 498 41 23 och
265 499 92 27 tryckfel
379 499 8 21 i
409 499 41 21 den
472 498 69 22 finska
563 501 80 25 texten,
660 499 75 22 hvilka
749 499 102 22 rättelser
866 500 61 21 torde
943 499 23 21 af

202 533 251 28 Expeditionsutskottet
467 533 135 22 verkställas.
808 533 3 2 |

272 568 44 21 För
338 567 65 28 öfrigt
425 568 40 21 har
486 568 107 22 utskottet
616 568 77 27 funnit,
717 570 34 20 att
766 568 37 22 vid
818 568 148 28 infogandet
952 563 16 37 i

203 604 11 25 8
236 604 26 20 10
281 602 24 22 af
322 602 36 22 det
376 608 41 22 nya
433 602 67 21 andra
514 604 125 25 momentet,
664 609 46 15 som
726 602 89 28 stadgar
830 604 33 20 att
877 602 89 22 införsel

203 637 49 21 frän
267 637 99 21 utlandet
381 636 24 22 af
417 643 58 20 vara,
492 636 86 22 försedd
592 638 51 20 med
657 637 40 21 här
712 637 7 21 i
735 637 74 21 landet
827 636 140 28 registreradt

203 672 111 21 inhemskt
336 672 133 26 varumärke,
492 671 112 21 bestraffas
620 672 71 21 säsom
707 671 74 27 oloflig
795 671 148 27 varuinförsel,
959 670 8 21 i

204 706 71 21 första
296 712 65 15 mom.
380 705 23 21 af
417 712 81 15 samma
513 706 11 27 $
540 706 66 21 orden
616 701 17 37 ,,
637 706 35 20 till
687 706 76 21 landet
778 706 78 27 inför"
872 705 47 21 från
935 706 32 20 ett

204 740 94 27 tidigare
320 739 206 28 redaktionsförslag
549 740 42 21 fätt
614 740 93 27 gvarstä,
731 740 83 21 hvilket
836 740 89 21 innebär
940 745 27 15 en

205 774 115 28 möjlighet
334 776 32 20 att
378 774 57 28 välja
445 774 92 21 emellan
547 774 36 22 tvä
594 774 59 22 olika
663 774 168 28 bestraffningar
842 774 33 21 för
886 780 81 15 samma

205 809 67 27 brott,
289 809 40 22 och
344 809 34 21 fär
392 809 107 21 utskottet
514 808 56 28 förty
585 809 112 21 vördsamt
711 808 83 22 föreslä

416 875 31 19 att
470 872 66 21 orden
558 873 49 24 ,till
625 873 75 20 landet
716 872 77 27 inför!
809 872 14 21 &
837 871 48 22 4:de
899 872 70 21 raden

348 907 8 20 i
371 907 15 27 $
401 907 28 20 10
446 907 64 20 måtte
524 907 111 21 uteslutas.

279 1039 38 21 Uti
339 1039 117 21 utskottets
478 1039 130 27 behandling
628 1039 24 21 af
667 1039 60 21 detta
743 1038 227 28 sammanjemknings-

208 1073 81 22 ärende
312 1073 65 22 hafva
399 1073 90 28 deltagit
512 1073 143 22 ordföranden
671 1074 24 21 L.
711 1074 24 21 L.
752 1073 107 27 Lindelöf,
876 1073 94 21 ledamö-

209 1110 61 20 terne
286 1108 23 21 T.
325 1108 20 22 J.
361 1107 100 28 Aminoff,
484 1108 25 21 A.
525 1109 24 20 L.
564 1115 42 14 von
621 1108 116 27 Knorring,
762 1109 20 20 J.
799 1108 128 26 Johansson,
943 1107 26 22 G.

208 1142 27 22 G.
251 1142 111 27 Forsman,
386 1143 23 21 F.
425 1143 33 21 W.
475 1142 106 28 Sandelin,
605 1143 33 21 W.
655 1143 86 26 Wallin,
766 1142 25 22 E.
807 1142 118 27 Molander,
944 1143 26 21 R.

209 1178 26 20 A.
259 1177 140 27 Hasselblatt,
422 1178 24 20 L.
468 1184 41 15 von
531 1178 78 26 Pfaler,
634 1178 29 21 M.
684 1178 112 26 Hallberg,
820 1178 24 20 E.
864 1177 106 27 Duncker,

208 1212 24 21 F.
253 1212 34 21 W.
308 1212 133 27 Lagerstedt,
463 1212 27 21 K.
510 1212 25 21 A.
555 1212 113 22 Karlstedt
683 1212 40 22 och
743 1212 26 21 A.
791 1212 109 26 Häyrinen
916 1213 55 19 samt

210 1246 143 28 suppleanten
368 1246 25 21 V.
409 1253 19 15 v.
444 1246 92 28 Wright.

281 1297 136 28 Helsingfors
433 1298 40 21 den
489 1299 26 21 25
531 1298 61 28 April
611 1300 60 20 1888.

333 1477 129 33 Helsingfors,
474 1467 210 43 Hutvudstadsbladets
696 1478 93 32 tryckeri,
801 1468 56 41 1888.
