1056 1725
343 120 20 21 U.
380 120 20 21 B.
415 132 28 3 —
460 120 59 27 Prop.
537 120 34 21 N:o
587 119 35 22 36.
803 122 26 20 39

101 182 137 26 uppförande
252 182 41 21 och
310 182 113 21 underhäll
438 182 66 27 ingen
521 182 52 21 eller
589 182 63 27 högst
667 182 68 28 ringa.
766 183 38 21 Att
815 184 41 20 sär-

101 215 65 22 skildt
181 216 7 20 i
204 216 63 21 dessa
288 215 39 22 fall
342 216 101 22 ähvälfva
465 217 42 21 den
523 223 42 15 ena
582 216 52 22 eller
649 217 70 21 andra
733 224 27 14 en
776 216 81 28 obliga-

101 250 68 21 torisk
184 250 221 28 hägnadsskyldighet
421 257 50 15 vore
491 251 25 21 sä
531 250 86 28 mycket
633 257 59 15 mera
707 251 151 25 omotiveradt,

101 291 45 15 som
163 285 41 21 den
220 284 241 23 nationalekonomiska
476 284 86 27 förlust,
577 284 75 23 landet
663 285 126 28 härigenom
800 285 57 22 kom-

100 325 34 15 me
157 321 33 20 att
211 319 51 26 lida,
284 319 48 22 icke
355 319 67 22 heller
438 319 39 22 bör
492 319 161 22 underskattas.
683 319 31 22 De
731 319 125 26 kostnader,

100 353 74 22 landet
196 360 77 21 genom
291 361 45 14 mer
355 353 52 22 eller
422 353 84 22 mindre
522 353 95 28 onödiga
632 353 111 28 hägnader
758 354 99 27 tillskyn-

101 389 49 20 dats
166 387 40 22 och
222 387 132 22 fortfarande
370 388 33 21 fär
417 388 129 25 vidkännas,
560 389 74 26 uppgä
649 388 159 27 otvifvelaktigt
823 388 32 21 till

100 422 48 22 icke
164 422 62 27 ringa
242 422 84 27 belopp,
341 423 7 20 i
364 423 37 20 det
416 422 109 27 nämligen
541 422 47 21 icke
605 422 92 22 allenast
712 426 32 18 ett
755 426 54 18 stort
819 430 37 14 an-

101 457 30 21 tal
148 457 139 27 dagsverken,
303 457 74 21 hvilka
392 457 63 27 eljest
470 457 84 22 kunnat
569 458 111 21 användas
691 457 33 21 för
739 465 58 14 mera
807 464 50 21 pro-

100 491 90 22 duktiva
212 491 108 25 ändamäl,
344 491 127 28 härigenom
489 492 28 27 gä
536 491 115 26 förlorade,
674 495 53 18 utan
747 491 40 22 ock
803 499 53 20 ung-

100 526 81 27 skogen
196 526 6 21 i
218 526 48 21 icke
282 528 61 25 ringa
363 527 53 26 grad
432 526 110 26 förstöres,
558 526 87 22 hvilken
661 526 136 22 sistnämnda
812 533 43 15 om-

100 560 125 27 ständighet
245 560 81 28 jemväl
344 561 7 21 i
367 561 32 21 sin
416 567 50 15 mon
489 561 62 21 torde
566 561 94 27 bidragit
675 561 32 21 till
724 561 41 21 den
782 561 72 27 skogs-

100 594 61 26 brist,
184 602 46 14 som
255 596 65 20 redan
338 602 28 14 nu
383 595 5 20 i
405 595 68 27 några
488 596 87 21 trakten
591 595 122 21 förefinnes.
745 595 110 22 Utskottet

100 630 40 21 har
155 629 125 27 visserligen
295 629 33 22 för
344 632 32 19 att
392 630 96 21 undvika
503 630 137 28 uppförande
655 629 25 22 af
688 630 117 27 hägnader,
817 630 38 21 der

100 664 110 22 desamma
225 664 47 22 icke
288 664 68 22 skulle
372 664 97 22 medföra
486 667 67 25 nytta,
573 664 66 21 infört
655 665 39 21 den
711 664 144 28 bestämning,

99 702 33 18 att
152 698 68 22 ehuru
243 705 77 21 egaren
341 699 25 21 af
376 698 120 28 jernvägen
513 699 7 21 i
535 699 59 27 regel
617 705 50 15 vore
683 698 77 28 pligtig
776 701 33 19 att
823 698 30 21 in-

100 733 72 27 hägna
184 733 207 28 jernväysomrädet,
413 733 45 21 han
474 734 55 21 dock
545 740 77 20 genom
638 732 217 22 öfverenskommelse

100 768 49 21 med
163 774 97 20 grannen
277 768 41 21 kan
334 768 91 28 fritagas
440 768 48 21 frän
500 768 72 21 denna
581 768 129 28 skyldighet.
735 768 48 21 Men
795 768 60 21 detta

100 802 150 27 medgifvande
272 802 68 21 skulle
356 802 125 28 antagligen
497 803 7 20 i
520 803 27 21 de
562 802 63 22 flesta
641 802 37 21 fall
694 802 47 22 icke
757 802 50 22 leda
821 802 33 21 till

99 837 37 20 det
150 836 99 28 äsyftade
268 837 130 25 ändamälet,
421 839 53 19 utan
491 837 90 21 fastmer
597 837 32 21 för
639 836 80 22 auleda
730 837 32 21 till
773 836 81 22 trakas-

99 871 66 21 serier
188 871 40 22 och
250 871 140 28 tvistigheter.
421 872 31 27 Ty
468 872 5 20 i
490 871 104 22 händelse
609 879 97 20 grannen
721 873 25 20 är
761 871 92 27 lagligen

100 906 122 27 berättigad
237 909 36 18 att
288 905 73 22 fordra
376 906 109 27 stängsels
500 905 145 28 uppförande,
660 906 71 21 kunde
745 906 49 25 han,
806 906 47 20 med

100 940 138 27 äberopande
254 941 24 20 af
291 941 71 21 denna
378 942 49 24 rätt,
451 941 75 27 tvinga
539 940 179 28 jernvässegaren
735 943 32 18 att
783 940 71 21 antin-

99 982 48 19 gen,
163 975 62 21 äfven
242 975 6 20 i
264 975 37 21 fall
318 975 77 21 sädant
411 975 40 21 alls
467 975 48 21 icke
531 982 51 15 vore
598 975 81 27 nödigt,
694 975 93 27 uppföra
802 975 52 26 häg-

100 1010 67 21 nader
190 1009 51 26 eller
263 1009 39 22 ock
324 1012 32 19 att
371 1016 77 20 genom
465 1009 132 28 erläggande
613 1009 24 21 af
650 1015 25 15 en
691 1009 42 21 viss
749 1016 83 14 summa
847 1009 7 20 i

99 1047 31 18 ett
146 1044 34 21 för
195 1043 39 22 allt
250 1043 52 22 eller
317 1046 31 19 ett
362 1043 66 28 ärligt
450 1043 80 28 belopp
546 1043 87 28 friköpa
648 1043 32 28 sig
696 1043 45 21 frän
760 1043 94 21 nämnda

99 1078 130 27 skyldighet,
253 1081 51 18 utan
326 1081 32 18 att
374 1079 73 20 dervid
471 1077 74 22 ikläda
560 1077 32 28 sig
608 1078 70 27 nägon
702 1078 151 21 motsvarande

99 1112 140 27 förpligtelse.

165 1147 41 27 Jag
221 1147 36 21 vill
273 1146 119 28 ingalunda
407 1147 92 21 förneka
514 1149 33 19 att
563 1153 26 15 en
603 1146 121 28 jordegare,
741 1153 44 15 som
802 1146 42 21 nöd

98 1188 40 20 gas
154 1181 56 21 afstä
226 1181 60 21 mark
302 1180 33 22 för
350 1188 26 14 en
393 1181 246 27 jernvägsanläggning,
654 1181 7 21 i
677 1180 102 22 afseende
795 1181 13 21 ä
823 1180 30 22 lä-

98 1215 119 27 genhetens
240 1215 137 27 bebrukning
398 1215 42 22 kan
462 1215 129 28 tillskyndas
614 1216 67 20 större
700 1215 52 21 eller
771 1215 83 21 mindre

99 1250 141 27 olägenlieter
255 1250 25 21 af
299 1249 166 28 anläggningen.
497 1250 49 21 Men
563 1250 28 21 dä
605 1250 44 21 han
665 1250 66 26 enligt
753 1249 101 27 gällande

98 1284 305 27 expropriationsförfattning
425 1284 50 22 icke
498 1284 92 22 allenast
613 1284 39 21 bör
671 1284 82 21 erhälla
769 1283 40 21 full
825 1290 28 14 er-

99 1318 96 27 sättning
210 1318 33 21 för
258 1319 36 21 det
310 1318 107 27 afträdda,
429 1318 90 22 hvarvid
531 1319 66 27 något
607 1318 76 28 afdrag
694 1319 32 20 tör
737 1319 40 20 den
787 1321 67 25 nytta,

96 1353 119 27 jernvägen
232 1352 34 22 för
281 1353 79 21 honom
376 1353 42 21 kan
435 1353 104 25 medföra,
561 1353 48 21 icke
625 1354 32 20 fär
671 1352 114 26 beräknas,
801 1355 52 19 utan

98 1387 40 22 ock
162 1388 24 20 är
208 1388 122 27 berättigad
354 1390 38 23 att,
413 1388 6 20 i
439 1388 104 21 händelse
567 1387 162 27 bebrukningen
745 1387 24 21 af
783 1388 70 26 nägon

99 1423 69 21 under
184 1423 54 21 hans
253 1422 131 28 förvaltning
400 1422 165 28 gvarblifvande
580 1422 91 28 jordlott
685 1428 77 21 genom
779 1428 74 21 expro-

167 1463 133 22 Lagutskottets
312 1462 109 18 betänkande
435 1464 34 16 N:o
482 1463 28 18 12.
