1056 1725
252 125 26 20 12
557 124 40 21 N:o
614 125 35 20 34.

220 193 129 25 18,579,000
358 193 72 21 marks
439 193 247 27 anlägeningskostnad,
696 193 40 21 och
745 199 34 15 om
789 194 72 20 denna
872 194 55 21 bana
935 194 48 21 icke

218 226 76 22 fördes
310 227 42 21 ned
363 228 32 20 till
407 227 156 27 Lahdenpohja
575 229 52 19 utan
639 228 73 20 utmed
723 228 42 20 den
776 227 59 21 förut
847 229 135 25 omnämnda,

220 261 23 21 af
264 257 194 31 Öfveringeniören
474 262 104 26 Tallqvist
595 258 154 30 projekterade
766 262 217 27 förbindningslinien

220 297 80 20 mellan
326 297 25 20 de
372 297 102 20 förenade
490 296 87 21 Jääskis
593 297 40 20 och
650 297 31 21 S:t
697 297 92 21 Andre&
806 297 94 21 linierna
916 299 12 19 å
945 303 40 15 ena

220 331 63 20 sidan
300 333 56 18 samt
371 331 92 21 linierna
479 338 51 14 norr
547 337 33 14 om
597 331 155 27 Lahdenpohja
769 333 11 19 å
797 332 40 20 den
849 333 72 26 andra,
931 338 52 15 vun-

220 371 39 15 nes
282 366 125 25 ytterligare
430 372 26 14 en
480 365 115 27 besparing
619 365 23 21 af
661 367 31 24 7,9
712 366 112 21 kilometer
841 367 6 20 i
863 367 66 26 längd
945 366 40 21 och

222 401 114 25 1,066,000
360 400 60 20 mark
437 400 6 20 i
459 400 98 21 kostnad.
588 400 32 21 En
647 400 80 21 bibana
744 401 32 20 till
792 401 156 26 Lahdenpohja
964 400 23 21 af

223 436 46 22 10,1
295 434 124 21 kilometers
443 434 64 27 längd
532 435 39 20 och
596 435 92 26 764,000
712 435 73 20 marks
808 435 92 20 kostnad
916 434 69 21 blefve

224 468 56 21 dock
297 468 7 21 i
321 469 77 20 sådant
415 468 37 21 fall
468 469 123 26 nödvändig
607 469 32 20 för
657 471 32 18 att
705 471 58 18 sätta
778 469 89 25 Ladoga
884 469 30 27 sjö
926 469 6 20 i
944 469 41 20 för-

222 502 98 21 bindelse
344 503 48 20 med
415 503 41 20 den
477 503 102 20 karelska
603 504 137 25 stambanan,
757 503 39 21 och
814 504 70 20 banan
902 504 84 20 komme

222 537 86 21 således
324 537 35 21 vid
376 537 71 21 denna
462 537 148 21 kombination
627 540 33 18 att
676 538 22 20 få
714 544 26 14 en
756 538 65 26 längd
838 538 23 21 af
875 539 60 24 276,2
954 538 31 20 ki-

222 571 94 22 lometer
332 572 39 21 och
388 574 32 19 att
435 573 64 20 kosta
517 573 127 26 18,277,000
660 573 69 20 mark.

297 602 189 31 Öfveringeniören
503 607 104 27 Tallqvist
623 608 40 20 har
679 607 122 21 emellertid
818 609 72 19 ansett
906 609 32 19 att
949 614 37 14 an-

223 641 218 27 knytningspunkten
457 642 33 20 för
506 642 40 20 den
572 642 101 20 karelska
691 642 72 20 banan
779 642 48 20 med
843 642 88 26 Ladoga
947 642 39 20 och

223 675 84 21 banans
322 676 73 20 vidare
412 676 125 26 sträckning
553 679 76 17 norrut
646 676 47 21 icke
710 676 67 20 borde
793 676 130 20 bestämmas
939 676 48 21 med

224 710 85 26 hänsyn
332 710 33 20 till
386 711 40 20 den
443 710 106 27 billigaste
564 710 129 26 kostnaden,
711 712 52 19 utan
779 710 66 21 borde
862 710 76 26 banan,
955 710 32 21 för

224 746 34 18 att
282 744 97 21 medföra
401 745 36 20 det
461 745 86 21 dermed
571 744 89 21 afsedda
683 751 56 19 gagn
756 744 6 21 i
779 744 136 22 ekonomiskt
935 745 51 20 hän-

225 779 88 26 seende,
330 779 77 21 beröra
423 778 118 22 Sordavala
557 779 55 26 stad,
630 778 72 22 såsom
719 779 95 20 varande
829 781 33 19 ett
879 778 22 22 af
916 779 72 21 lands-

226 813 75 21 delens
324 813 153 26 väsentligaste
497 813 147 25 trafikcentra,
662 813 40 21 och
719 813 96 21 derifrån
833 814 78 26 dragas
928 814 7 20 i
951 819 36 15 en-

224 847 68 27 lighet
316 848 47 21 med
385 848 36 21 det
437 848 102 26 ostligare
555 848 148 26 alternativet,
719 848 54 20 midt
789 848 83 26 igenom
889 848 98 21 landsde-

225 882 43 25 len,
292 883 87 20 hvarest
394 883 124 20 råmaterial
534 883 23 20 af
571 883 148 26 hvarjehanda
735 883 47 26 slag
798 883 39 20 och
853 883 135 20 industriella

226 917 156 26 anläggningar
402 917 76 20 funnes
495 917 38 20 och
549 917 104 26 derjemte
670 917 144 21 folktätheten
831 917 39 20 och
887 917 100 26 odlingen

226 957 53 15 vore
295 951 82 20 kanske
393 953 72 19 störst.

300 986 63 21 Hvad
378 986 153 26 Lahdenpohja
547 986 64 21 hamn
628 986 127 26 beträffade,
771 992 50 15 vore
838 987 95 20 rörelsen
951 987 37 20 der

227 1020 111 27 obetydlig
358 1021 5 20 i
378 1021 124 26 jemförelse
525 1021 48 21 med
597 1021 41 21 den
654 1021 7 21 i
678 1021 127 27 Sordavala,
827 1021 88 21 hvarest
939 1021 49 20 hela

227 1055 127 26 sjötrafiken
375 1056 26 25 på
418 1055 87 26 Ladoga
520 1055 55 21 hade
591 1055 32 21 sin
641 1055 114 27 ändpunkt
770 1055 40 21 och
826 1061 45 15 som
887 1055 102 21 besöktes

227 1089 23 22 af
272 1089 54 22 flera
349 1089 105 27 ångbåtar
470 1090 6 20 i
492 1090 88 26 veckan,
605 1091 77 20 medan
701 1089 152 22 förstnämnda
868 1090 64 21 hamn
951 1096 37 15 un-

227 1124 39 21 der
290 1131 82 14 samma
387 1124 31 21 tid
434 1124 99 21 besöktes
550 1125 77 20 endast
642 1124 24 21 af
680 1131 26 14 en
724 1124 89 27 ångbåt.
843 1124 10 21 I
869 1123 119 22 Sordavala

226 1165 53 15 vore
295 1159 73 21 vidare
383 1158 106 22 inskrifna
505 1159 98 27 omkring
619 1160 27 20 60
662 1159 139 27 segelfartyg,
818 1165 48 15 men
876 1159 7 21 i
893 1159 95 21 Jaakim-

226 1200 68 14 vaara
310 1193 76 21 endast
403 1195 19 19 6.

302 1228 99 20 Trafiken
425 1228 27 27 pä
475 1228 114 26 Pyhäjärvi
612 1228 31 26 sjö
661 1229 54 25 åter,
731 1234 46 14 som
793 1234 50 14 vore
859 1227 130 21 framkallad

228 1262 68 25 deraf,
314 1264 33 19 att
357 1262 130 26 inbyggarne
503 1262 6 20 i
525 1262 120 21 Sordavala
660 1262 96 25 trakten,
773 1262 72 20 derest
861 1262 26 20 de
903 1262 19 26 ej
938 1262 51 20 ville

228 1298 54 25 göra
304 1299 104 24 omvägen
427 1303 76 20 genom
519 1296 32 21 S:t
566 1297 139 26 Petersburg,
722 1296 47 21 icke
785 1297 28 25 på
829 1298 100 19 närmare
944 1296 46 20 håll

228 1333 28 19 än
272 1332 36 20 vid
323 1327 165 25 Ännikänniemi
503 1332 6 20 i
525 1332 64 26 sagde
606 1332 31 26 sjö
654 1332 73 20 kunde
739 1330 94 27 påträffa
845 1330 101 27 ångkraft
957 1330 34 21 för

227 1366 76 21 färder
318 1366 33 21 till
368 1367 25 20 de
409 1366 60 21 delar
485 1366 23 21 af
521 1366 81 27 landet,
619 1372 46 15 som
681 1366 59 26 ligga
755 1367 81 19 vester-
850 1365 39 21 och
901 1365 89 21 söderut

229 1400 103 27 derifrån,
353 1400 68 22 skulle
441 1401 6 20 i
463 1401 104 26 väsentlig
590 1400 49 21 mån
663 1400 82 21 förlora
769 1400 33 21 sin
825 1400 118 26 betydelse,
966 1400 25 20 så

228 1438 63 19 snart
310 1442 24 16 en
354 1435 86 22 karelsk
460 1435 90 27 jernväg
565 1436 85 21 komme
665 1435 34 22 till
716 1435 71 28 stånd,
803 1436 90 19 emedan
909 1433 82 22 afstån-
