1056 1725
31 883 31 24 17,

318 138 20 23 U.
354 137 19 23 B.
389 150 28 3 —
433 138 55 28 Prop.
506 138 33 23 N:o
555 138 26 22 31.
776 139 25 21 13

75 200 54 22 dare
144 200 43 22 har
204 200 115 22 utskottet
334 200 96 25 befarat,
447 202 36 19 att
498 200 180 28 tillämpningen
693 200 26 22 af
733 200 99 22 bestäm-

74 235 114 29 ningarne
210 235 8 21 i
241 234 76 22 denna
339 235 11 27 $
373 234 80 22 kunna
475 234 75 21 blifva
565 241 47 21 nog
630 234 149 29 betungande
796 234 37 22 för

75 272 86 19 smärre
176 268 137 23 industriela
335 268 166 29 inrättningar,
516 268 109 21 hvarföre
640 268 116 23 utskottet
771 268 61 23 tillä-

75 303 31 22 tit
128 303 36 29 sig
186 303 84 22 föreslä
293 305 34 19 att
350 303 88 21 antalet
457 303 64 24 barn,
537 309 50 15 som
603 302 26 22 af
641 310 30 14 en
685 303 44 21 och
745 311 88 14 samma

76 337 165 30 arbetsgifvare
257 337 151 29 sysselsättas,
425 337 43 22 bör
483 337 79 28 uppgå
577 337 38 21 till
631 338 33 27 15,
675 337 73 22 innan
759 337 73 22 sådan

77 371 141 30 skyldighet,
234 379 49 14 som
298 371 42 22 här
355 371 66 28 afses,
437 371 112 22 inträder.

145 408 11 25 8
169 408 25 21 16
204 406 42 21 har
257 405 26 22 af
294 406 114 22 utskottet
423 405 82 22 blifvit
515 405 186 28 omformulerad,
712 406 49 22 dels
773 413 60 14 eme-

76 440 46 23 dan
144 441 115 21 utskottet
281 443 76 19 ansett
372 440 39 22 det
426 440 58 22 böra
500 440 123 22 ankomma
637 441 30 28 pä
681 440 153 28 Industristy-

76 475 76 22 relsen
168 477 35 19 att
217 475 37 21 till
268 475 168 28 yrkesidkaren
451 474 94 22 utfärda
561 477 34 18 ett
610 474 83 22 sädant
707 475 86 28 utdrag
803 481 28 14 ur

76 509 110 29 gällande
200 509 146 28 författning,
362 516 49 15 som
426 509 43 22 bör
484 509 9 21 i
508 509 76 22 fabrik
600 509 55 21 eller
669 509 111 21 verkstad
795 516 39 14 an-

77 543 53 27 släs,
152 547 56 18 enär
222 543 168 29 yrkesidkaren
404 543 9 22 i
428 544 87 28 mänga
530 543 41 22 fall
587 543 117 29 svärligen
719 543 56 28 sjelf
787 543 47 21 kan

76 578 105 27 bedöma,
197 578 80 22 hvilka
292 578 89 28 lagrum
399 578 112 22 särskildt
526 578 71 22 borde
612 578 119 21 befordras
747 578 37 21 till
800 585 34 13 ar-

76 612 122 22 betarenes
213 612 137 28 kännedom;
366 612 49 22 dels
425 612 38 22 för
474 612 145 29 tilläggande
631 612 26 22 af
665 614 34 20 ett
710 613 33 21 3:e
755 619 78 20 mom.,

77 646 165 31 innehållande
264 648 35 20 att
307 646 86 29 jemväl
404 646 97 29 uppgift
512 647 13 21 ä
535 646 217 29 yrkesinspektörns
763 653 72 15 namn

78 681 44 22 och
137 681 137 29 boningsort
289 681 41 22 bör
345 682 30 28 pä
390 681 124 22 enahanda
529 684 47 19 sätt
591 680 114 30 delgifvas
721 681 112 21 arbetare.

78 716 72 21 Detta
167 716 41 21 har
222 716 115 21 utskottet
352 716 26 21 sä
392 716 97 28 mycket
503 716 72 21 hellre
591 718 76 19 ansett
681 722 57 14 vara
753 714 27 22 af
793 718 40 18 nö-

78 750 52 26 den,
154 757 49 15 som
224 750 164 28 inspektionen
411 750 27 21 af
458 750 29 21 de
511 750 137 21 industriela
663 749 171 22 etablissemen-

78 786 40 20 ten
141 784 51 22 icke
209 784 47 22 kan
279 784 25 22 sä
326 783 50 23 ofta
397 784 126 29 företagas,
547 786 35 20 att
597 784 19 28 ej
632 784 73 21 under
720 783 114 22 mellanti-

79 818 71 22 derna
172 818 106 29 skadliga
300 818 115 22 missbruk
438 818 81 22 kunna
542 818 91 29 uppstä,
653 818 91 22 hvilkas
760 817 75 22 öfver-

78 852 118 29 klagande
211 852 42 22 bör
267 852 37 22 för
320 852 120 23 arbetaren
455 853 32 29 pä
503 853 42 22 allt
560 855 47 20 sätt
621 852 150 23 underlättas.

148 887 80 22 Såsom
244 887 8 22 i
267 887 40 22 det
321 887 141 29 föregående
478 887 97 28 anförts,
591 887 42 22 har
647 887 40 22 vid
702 887 12 29 &
732 889 26 20 17
773 887 62 22 inom

78 921 116 22 utskottet
216 921 128 22 framstälts
367 921 44 22 den
435 922 164 29 anmärkning,
623 924 34 19 att
679 921 156 22 tillsättandet

79 955 26 22 af
125 955 113 22 särskilda
259 956 218 29 yrkesinspektörer
492 956 36 22 för
544 959 34 19 att
593 956 126 22 öfvervaka
734 955 101 22 efterlef-

78 990 78 21 naden
179 989 26 22 af
226 989 178 30 förordningens
434 990 147 22 föreskrifter
606 991 73 21 skulle
706 990 129 29 tillskynda

80 1025 137 21 statsverket
232 1024 101 29 onödiga
348 1024 104 29 utgifter,
470 1025 31 21 dä
512 1025 28 28 ju
555 1025 74 29 enligt
643 1025 13 28 8
671 1027 13 20 4
696 1025 26 22 af
731 1025 105 22 Instruk-

79 1059 81 22 tionen
181 1058 37 22 för
239 1058 224 29 Industristyrelsen,
488 1059 81 29 gifven
591 1059 45 22 den
658 1061 25 20 13
705 1058 132 23 November

82 1094 62 26 1884,
160 1093 71 22 bland
245 1093 190 22 intendenternes
450 1093 42 22 vid
507 1093 102 22 nämnda
624 1093 145 22 embetsverk
779 1093 57 29 älig-

80 1127 95 29 ganden
190 1127 70 22 äfven
274 1127 68 29 ingär
356 1129 36 20 att
406 1127 83 22 tidtals
505 1128 86 21 besöka
607 1127 27 22 de
649 1127 137 22 industriela
803 1128 34 21 in-

79 1162 163 28 rättningarne
264 1162 36 22 för
323 1164 35 20 att
380 1162 140 27 undersöka,
543 1162 59 22 huru
621 1162 108 29 gällande
745 1162 90 22 författ-

79 1196 85 29 ningar
180 1196 120 30 angäende
314 1196 70 22 barns
399 1196 44 22 och
457 1196 167 30 minderäriges
635 1197 151 29 användning
796 1197 41 22 vid

80 1230 117 22 industrin
220 1230 119 22 äfvensom
362 1231 77 29 öfriga
462 1231 145 22 beträffande
629 1232 131 21 arbetarnes
776 1232 60 21 sani-

80 1266 52 20 tära
148 1264 162 23 förhällanden
324 1266 125 21 utfärdade
465 1265 145 29 stadganden
625 1265 140 22 efterlefvas.
790 1266 47 20 En-

79 1299 46 29 ligt
146 1299 98 22 berörda
265 1300 142 22 instruktion
430 1304 27 18 är
471 1300 130 27 intendent,
617 1307 36 15 om
668 1300 46 22 han
729 1300 9 22 i
753 1299 84 23 omför-

79 1333 76 22 mäldt
177 1334 107 22 afseende
306 1334 75 22 finner
395 1334 53 22 skäl
463 1334 38 22 till
517 1334 160 29 anmärkning,
693 1334 95 28 skyldig
803 1336 35 19 att

82 1368 80 22 derom
179 1368 135 22 underrätta
329 1368 176 22 vederbörande
521 1369 127 27 Guvernör,
664 1369 13 21 &
692 1368 96 22 hvilken
798 1368 40 22 det

81 1402 73 22 sedan
176 1402 134 22 ankommer
332 1405 36 19 att
389 1402 99 30 vidtaga
507 1403 83 29 ätgärd
605 1402 36 22 till
657 1402 181 22 missförhällan-

82 1436 50 23 dets
158 1436 154 30 afhjelpande.
342 1438 37 21 Då
397 1437 113 30 derjemte
525 1437 238 30 provincialläkarene
778 1439 60 20 samt

149 1477 202 18 Ekonomiutskottets
363 1477 123 18 betänkande
499 1477 35 18 N:o
549 1479 25 16 14.
