1056 1725
449 114 66 24 Ständ.
531 114 30 25 $v.
577 128 27 4 —
620 116 55 30 Prop.
691 116 32 25 N:n
739 117 33 24 38.

434 180 82 22 Rätten
535 182 68 22 teckne
623 182 36 22 ock
674 184 15 20 &
703 184 238 28 fordringshandlingen
957 184 32 22 be-

366 215 33 22 vis
417 217 32 20 att
468 216 118 28 inteckning
605 216 55 23 skett
669 218 67 26 jemte
749 218 88 28 uppgift
859 220 8 20 ä
880 224 108 16 samman-

367 249 62 27 lagda
445 250 93 26 beloppet
553 251 27 26 af
589 251 128 27 föregående
731 252 145 28 inteckningar
891 252 37 22 och
939 259 49 15 ena-

366 283 71 23 handa
458 284 86 28 uppgift
566 293 33 14 om
621 293 82 15 samma
721 286 42 28 dag
781 287 118 27 faststälda
913 286 76 23 inteck-

366 318 78 27 ningar
459 319 48 22 eller
523 319 35 22 ock
572 320 91 28 intygan
679 323 31 20 att
725 328 72 15 annan
812 321 120 28 inteckning
947 321 42 22 icke

367 353 121 22 meddelats.

643 417 16 28 $
674 419 34 21 15.

436 472 40 23 Då
489 473 118 29 inteckning
623 475 85 28 beviljas
722 476 35 27 för
773 476 43 27 län,
831 483 46 15 som
887 477 103 26 upptages

369 509 54 20 emot
433 508 80 27 tryckta
523 509 48 21 eller
579 510 114 26 graverade
704 510 143 27 obligationer,
855 510 63 22 varde
926 511 65 20 samt-

369 541 42 28 liga
422 542 33 21 till
465 542 58 22 lånet
531 543 92 22 hörande
635 544 136 27 obligationer
779 546 129 26 gemensamt
915 543 76 22 inteck-

368 577 61 27 nade,
450 578 49 21 med
517 579 84 27 uppgift
619 579 64 21 såväl
697 586 34 15 om
740 579 161 27 sammanlagda
911 579 80 21 lånebe-

369 611 69 27 loppet
460 619 46 15 som
529 620 32 14 om
585 613 177 27 obligationernas
785 613 59 22 antal
863 613 37 22 och
915 613 76 22 beteck-

369 646 52 27 ning
443 649 56 19 samt
522 647 33 21 det
573 648 79 26 belopp,
671 648 68 22 hvarä
758 648 25 21 de
801 648 69 21 skilda
885 648 107 27 obligatio-

370 688 65 14 nerna
454 680 60 28 lyda;
533 681 50 22 dock
599 682 36 22 bör
649 682 71 28 hvarje
735 682 114 28 obligation
863 682 68 28 förses
945 682 48 22 med

370 715 79 22 sådant
465 716 62 27 bevis,
542 723 45 15 som
603 717 9 21 i
625 718 27 20 14
667 716 15 28 $
697 718 59 26 sägs.

645 778 16 29 $
676 780 34 20 16.

439 836 49 22 Har
504 836 97 28 jernväg,
620 836 67 22 sedan
707 836 41 22 den
768 836 104 28 öfvergätt
886 836 9 21 i
909 842 84 16 annans

372 877 43 21 ego,
435 871 117 22 intecknats
570 871 34 27 för
622 872 57 26 förre
694 878 89 21 egarens
797 871 132 27 förbindelse,
944 877 49 16 vare

372 905 145 27 inteckningen
534 907 52 20 utan
604 905 76 22 verkan
695 907 44 20 mot
755 905 40 22 den
809 912 40 21 nye
863 911 81 22 egaren,
960 912 33 15 om

372 939 42 22 han
437 940 34 27 sig
494 940 31 21 till
547 940 121 21 erhållande
686 941 27 26 af
727 940 83 27 lagfart
828 939 95 22 anmäler
937 940 57 21 inom

373 974 39 21 den
435 975 9 20 i
463 975 15 20 8
497 974 15 27 $
529 975 128 26 föreskrifna
675 975 36 21 tid.
742 974 140 22 Försummar
895 974 42 22 han
953 974 40 26 det,

373 1008 36 23 och
427 1011 26 19 är
467 1009 146 27 förbindelsen,
629 1009 69 21 hvarä
712 1008 146 28 inteckningen
873 1008 121 25 meddelats,

372 1043 105 28 utfärdad
498 1043 45 27 före
556 1043 129 28 jernvägens
705 1043 137 28 öfverlätelse,
857 1049 49 16 vare
920 1043 75 22 inteck-

372 1078 77 27 ningen
465 1078 149 21 beständande.

441 1107 35 27 Är
498 1112 123 27 anteckning
641 1119 33 15 om
693 1111 187 29 lagfartsansökan
897 1112 9 21 i
919 1112 76 27 fastig-

373 1147 111 22 hetsboken
506 1147 67 28 gjord,
593 1147 72 22 såsom
680 1147 9 21 i
703 1154 76 15 senare
796 1153 61 15 mom.
873 1146 26 28 af
912 1147 14 21 7
940 1146 16 28 $
971 1149 26 19 är

374 1182 68 27 sagdt,
464 1182 36 22 och
515 1182 60 21 sökes
593 1182 45 27 före
653 1182 108 27 utgängen
777 1182 27 26 af
815 1181 40 22 den
869 1181 34 27 för
918 1181 79 28 lagfar-

374 1218 47 20 tens
435 1216 133 28 fullföljande
584 1216 27 27 af
617 1216 116 22 domstolen
744 1218 83 20 utsatta
837 1216 32 21 tid
878 1216 118 27 inteckning

374 1252 33 26 för
425 1251 126 27 föregående
565 1258 72 20 egares
651 1250 135 28 förbindelse,
801 1250 37 21 må
852 1250 145 27 inteckningen

374 1286 85 27 beviljas
476 1286 75 21 endast
564 1285 48 22 med
625 1285 103 27 förbehåll
745 1286 31 20 att
791 1284 121 22 densamma
923 1284 74 22 varder

374 1322 53 20 utan
448 1320 77 22 verkan
547 1322 42 20 mot
611 1320 41 21 den
673 1326 40 22 nye
732 1326 83 20 egaren,
835 1325 34 15 om
883 1318 42 22 han
940 1318 57 22 inom

375 1355 86 22 berörda
478 1355 31 21 tid
523 1355 88 21 erhåller
625 1354 86 28 lagfart.

443 1389 83 27 Blifver
543 1389 90 27 jernväg
654 1396 76 20 genom
749 1388 88 22 klander
856 1388 27 26 af
899 1387 98 27 innehaf-

374 1430 75 16 varens
473 1424 91 21 åtkomst
585 1423 53 28 från
659 1423 77 22 honom
751 1429 91 20 vunnen,
857 1428 49 15 vare
920 1421 78 22 inteck-
