1056 1725
250 110 12 18 8
476 109 23 18 U.
511 108 22 19 B.
546 118 18 4 —
580 108 64 24 Prop.
657 108 37 18 N:o
707 108 31 19 39.

228 168 22 19 af
264 168 104 25 kassering
383 168 33 18 vid
432 167 77 19 inträde
525 167 6 19 i
547 167 60 25 tjenst
623 167 35 19 och
674 166 61 20 andra
751 166 80 20 orsaker
847 166 60 19 måste
923 166 63 19 blifva

228 202 56 25 lägre
300 205 23 16 än
340 202 52 19 hvad
408 202 21 19 af
443 208 24 13 en
483 202 25 25 på
523 201 83 19 förhand
622 201 99 25 uppgjord
735 200 74 26 kalkyl
823 200 94 25 framgår.

300 305 39 18 Till
356 307 87 17 närmare
459 305 147 24 förtydligande
622 304 21 19 af
657 305 33 18 det
704 304 82 25 förslag,
798 304 76 25 hvarpå
885 303 104 24 utskottet,

230 339 63 19 såsom
310 339 59 19 ofvan
385 339 125 24 framhållits,
526 339 86 25 grundat
627 339 42 19 sina
684 339 140 24 beräkningar,
835 338 36 19 har
881 338 22 19 af
911 337 76 19 utskot-

230 375 29 17 tet
278 373 102 25 uppgjorts
400 373 91 25 bifogade
512 373 169 24 kostnadsförslag
701 373 88 26 (bilagan
805 372 37 19 N:o
862 372 25 25 1),
903 371 85 20 hvarvid

230 413 74 13 samma
312 407 110 25 enhetspris
437 413 24 13 m.
474 414 24 12 m.
513 407 53 26 följts
579 414 41 12 som
632 407 5 19 i
650 407 195 20 kavallerikomiténs
859 405 130 22 betänkande,

231 443 53 17 utom
308 444 35 20 att,
367 441 6 19 i
393 441 86 25 enlighet
498 441 43 19 med
560 441 112 25 Kejserliga
691 440 95 20 Senatens
806 441 62 24 enligt
883 440 107 19 utskottets

231 475 61 19 tanke
308 475 25 24 på
348 475 50 25 goda
418 475 44 20 skäl
477 475 100 25 grundade
593 475 81 25 förslag,
691 475 98 19 särskilda
804 475 22 19 af
839 475 74 19 kronan
929 474 59 19 beko-

232 509 55 19 stade
304 509 121 20 fronthästar
443 509 31 20 för
490 509 100 20 officerare
610 509 43 20 icke
673 509 108 25 upptagits,
799 509 101 19 äfvensom
919 508 69 19 under-

236 543 83 20 befälets
339 544 35 19 och
393 544 125 25 manskapets
535 544 109 25 aflöningar
659 543 106 20 beräknats
781 543 43 20 icke
840 543 62 25 enligt
917 543 23 18 de
956 542 33 20 vid

234 578 183 25 gardesbataljonen
437 578 92 25 gällande
548 578 91 25 grunder,
660 581 45 16 utan
721 578 32 19 till
769 578 23 19 de
808 578 31 19 för
853 577 136 25 armébataljo-

233 618 61 13 nerna
310 612 103 19 faststälda
429 612 55 25 lägre
499 613 77 24 belopp.

307 644 268 28 Uppsättningskostnaden
605 647 30 19 för
665 646 120 20 kavalleriet
816 646 83 26 uppgår,
929 646 62 24 enligt

233 680 84 19 nämnda
333 680 176 26 kostnadsförslag,
525 681 31 19 till
571 681 6 19 i
593 681 58 19 rundt
667 681 28 19 tal
711 680 92 25 835,000
819 681 62 19 mark.

304 714 39 19 Det
358 715 6 18 i
380 715 97 25 förslaget
491 718 100 22 upptagna
606 715 127 25 medelpriset
748 715 31 19 för
793 714 145 20 underbefälets
955 714 34 19 och

234 748 128 25 manskapets
385 749 74 25 hästar,
483 749 40 19 500
546 750 62 24 mark,
628 756 59 18 synes
706 749 118 25 visserligen
843 749 96 19 utskottet
955 755 39 18 nog

234 782 54 25 högt,
305 782 25 20 då
346 783 88 25 verkligt
449 783 50 25 goda
513 783 36 19 och
560 783 31 19 för
601 783 129 20 kavalleriets
741 783 62 19 behof
811 783 48 19 fullt
869 783 125 19 användbara

235 816 68 19 hästar
322 817 117 19 åtminstone
458 817 60 19 under
537 818 112 19 nuvarande
666 818 144 24 konjunkturer
825 818 66 18 kunna
908 817 87 19 erhållas

235 850 101 26 betydligt
351 851 92 26 billigare
459 855 50 16 samt
523 852 32 19 vid
567 851 128 20 kavalleriets
707 852 134 25 uppsättning,
853 852 62 25 enligt
927 851 68 20 kaval-

234 884 135 21 lerikomiténs
388 885 129 25 betänkande,
537 886 75 19 komme
627 889 29 16 att
672 886 103 25 uppköpas
791 893 23 12 en
830 886 111 25 betydande
957 885 31 20 del

236 919 78 20 inridna
336 919 55 20 äldre
414 920 73 24 hästar,
507 927 39 12 som
566 920 22 19 af
605 921 85 18 komitén
705 921 108 19 beräknats
829 921 32 18 till
876 922 29 17 ett
920 920 40 25 pris
975 924 25 19 af

235 953 70 20 endast
324 953 41 20 250
385 954 61 19 mark.
477 954 44 19 Men
541 954 24 19 då
584 955 32 18 det
631 955 30 18 för
677 955 97 19 utskottet
790 955 43 19 icke
849 955 52 19 varit
917 955 78 24 möjligt

235 989 29 18 att
283 988 6 19 i
306 988 60 19 andra
382 989 103 18 afseenden
505 989 46 24 ingå
565 989 6 18 i
588 995 23 13 en
627 989 186 25 detaljgranskning
827 989 22 19 af
859 989 28 30 de
902 989 6 18 i
925 989 68 19 kaval-

235 1021 138 20 lerikomiténs
393 1023 74 24 förslag
483 1025 100 23 upptagna
603 1023 109 25 enhetspris
728 1023 36 19 och
781 1023 214 25 qvantitetsberäknin-

235 1062 43 19 gar,
299 1056 36 19 har
354 1057 95 18 utskottet
468 1057 44 18 icke
530 1057 63 19 heller
613 1057 6 18 i
635 1064 25 12 nu
676 1057 125 19 omförmäldt
817 1057 90 19 afseende
923 1056 73 20 afvikit

236 1089 44 20 från
297 1090 104 20 desamma.
886 1106 7 7 a

308 1124 42 19 Den
366 1125 64 25 årliga
445 1124 237 21 underhållskostnaden
697 1129 22 16 är
735 1126 4 19 i
757 1125 191 25 kostnadsförslaget
965 1125 31 19 be-

238 1158 76 20 räknad
330 1159 32 19 till
378 1160 90 25 omkring
484 1160 90 24 770,000
591 1160 62 19 mark.

307 1192 46 20 Med
372 1193 76 25 hänsyn
464 1194 31 18 till
511 1194 166 25 prisolikheterna
692 1194 6 19 i
715 1194 66 19 skilda
796 1194 77 19 trakter
888 1194 21 18 af
924 1194 73 24 landet,

237 1229 22 17 är
278 1228 155 19 bestämmandet
451 1228 22 19 af
487 1228 36 19 den
539 1230 36 22 ort,
593 1228 31 19 till
641 1228 81 20 hvilken
739 1228 120 19 kavalleriet
876 1228 75 18 komme
967 1229 30 17 att

237 1260 109 26 förläggas,
362 1262 22 19 af
397 1262 103 25 synnerlig
514 1262 43 25 vigt
573 1262 6 19 i
595 1262 56 25 fråga
667 1269 30 13 om
713 1262 230 19 underhällskostnaden.
971 1262 29 18 Af

238 1295 24 19 de
284 1296 51 19 båda
358 1296 7 18 i
388 1296 195 20 kavallerikomiténs
607 1296 123 20 betänkande
751 1297 62 19 såsom
833 1296 114 20 stationsort
967 1296 31 18 för

238 1328 120 21 kavalleriet
377 1330 110 25 föreslagna
507 1330 96 26 städerna,
627 1330 124 20 Tavastehus
769 1330 36 20 och
827 1330 171 24 Willmanstrand,

238 1369 60 19 synes
315 1364 62 25 enligt
393 1364 106 20 utskottets
515 1364 58 20 tanke
589 1364 108 20 företrädet
711 1365 6 19 i
729 1364 70 20 sådant
809 1365 92 19 afseende
911 1364 88 26 afgjordt

238 1397 49 19 böra
302 1398 129 20 tillerkännas
448 1399 119 19 sistnämnda
582 1401 37 22 ort,
635 1398 6 20 i
658 1399 130 19 betraktande
804 1398 62 23 deraf,
882 1401 35 22 att,
935 1399 4 19 i
950 1398 47 20 hän-

312 1437 195 23 Värnepliatsutskottete
518 1438 103 17 hetänkande
