1056 1725
269 121 22 18 10
489 121 22 19 U.
524 122 23 18 B.
559 132 22 2 —
594 122 63 23 Prop.
670 122 37 18 N:o
719 121 32 19 39.

244 180 136 26 erinringarna
398 181 6 19 i
421 181 106 25 anledning
545 180 22 20 af
581 180 24 20 de
621 180 43 20 med
680 180 131 26 uppförandet
826 180 22 19 af
862 180 139 25 skarpskytte-

245 214 147 26 bataljonernas
407 215 95 19 kaserner
517 214 94 20 förenade
625 214 52 25 höga
687 214 133 20 kostnaderna
830 214 27 20 all
867 214 70 25 möjlig
946 221 55 19 spar-

244 248 77 20 samhet
336 249 6 19 i
358 249 57 25 fräga
429 256 31 12 om
477 249 128 19 kavalleriets
621 248 93 20 kaserner
729 249 60 19 mätte
804 248 105 26 iakttagas.

312 369 97 25 Beloppet
424 369 21 20 af
460 369 23 20 de
499 369 112 24 kostnader,
627 375 41 14 som
684 369 30 19 för
729 369 128 19 kavalleriets
874 368 61 19 första
951 375 48 18 upp-

242 403 89 25 sättning
353 410 25 12 m.
397 410 25 12 m.
443 404 76 19 komma
538 405 29 18 att
586 403 49 20 falla
650 403 51 20 inom
717 403 129 19 instundande
861 402 138 25 finansperiod,

242 440 23 16 är
280 437 128 25 naturligtvis
423 438 96 19 beroende
535 438 17 25 ej
568 438 75 19 mindre
659 438 21 19 af
694 437 117 25 tidpunkten
827 437 30 19 för
871 437 36 19 den
918 443 40 19 nya
969 443 30 13 or-

242 471 148 25 ganisationens
408 472 125 25 vidtagande,
549 475 24 16 än
589 472 22 19 af
625 472 35 19 den
677 471 143 26 utsträckning,
836 471 57 20 hvari
909 471 89 20 kavalle-

241 506 49 19 riets
306 505 63 20 första
383 506 128 25 uppsättning
527 506 75 19 komme
619 508 28 17 att
663 512 36 19 ega
715 512 48 13 rum.
794 505 10 19 I
819 505 54 20 detta
888 505 111 19 hänseende

241 540 37 19 har
294 540 51 19 inom
361 540 96 19 utskottet
473 540 118 19 framhällits
607 540 127 25 svärigheten
750 542 29 17 att
795 539 75 20 erhälla
885 539 68 25 nödigt
964 546 33 13 an-

241 575 29 19 tal
294 574 100 20 officerare
414 575 30 19 för
460 577 28 17 ett
503 577 111 23 regemente
630 575 25 25 pä
670 582 34 12 sex
719 575 122 25 sgvadroner
856 576 49 18 samt
921 576 29 17 att
965 574 33 20 det

241 609 68 19 derför
331 609 96 19 mähända
449 609 32 19 till
504 615 22 13 en
542 610 69 24 början
627 609 66 19 blefve
709 609 121 25 nödvändigt
845 611 29 17 att
889 608 109 20 inskränka

240 643 32 25 sig
286 643 32 19 till
333 643 138 25 uppställande
486 643 21 19 af
521 643 68 19 endast
605 644 44 24 fyra
665 644 126 24 sgvadroner.
815 643 45 19 Men
876 643 58 19 äfven
950 643 4 19 i
962 643 34 19 öf-

239 677 42 25 rigt
296 684 60 18 synes
372 677 35 19 den
423 677 62 19 första
501 678 152 24 uppsättningen
669 678 43 18 icke
727 678 48 18 böra
791 677 112 25 päskyndas
918 677 79 19 utöfver

240 711 54 19 hvad
310 712 159 24 oundgängligen
485 714 23 16 är
523 712 21 18 af
558 712 69 24 nöden,
644 712 31 19 för
689 714 30 17 att
735 712 95 19 särskildt
840 712 53 18 hvad
903 711 94 20 beträffar

238 745 215 25 kasernbyggnaderna
468 746 58 24 nödig
545 746 123 25 sparsamhet
690 746 53 19 skall
763 746 66 19 kunna
843 746 100 25 iakttagas
959 746 36 19 och

239 779 84 25 misstag
338 779 104 20 undvikas.

308 813 46 20 Med
369 814 90 19 afseende
477 814 47 20 härä
539 814 36 19 och
591 814 24 19 dä
631 821 23 13 en
670 814 200 26 undervisningskurs
884 814 30 19 för
925 808 69 26 under-

237 848 55 19 befäl
308 850 22 17 är
344 848 68 19 afsedd
427 851 29 17 att
471 848 81 26 vidtaga
571 849 37 19 den
629 849 8 19 1
659 849 58 26 April
733 849 32 20 det
785 849 28 25 år,
829 849 25 19 dä
869 849 79 25 uppbåd
963 849 32 19 till

237 881 121 20 kavalleriet
372 882 62 20 första
449 883 76 25 gången
545 889 46 19 eger
607 890 48 19 rum,
671 886 57 17 antar
744 883 96 20 utskottet
855 885 36 23 att,
907 883 7 19 i
929 883 64 20 öfver-

237 916 147 19 ensstämmelse
399 917 43 19 med
458 916 94 20 Senatens
568 917 81 25 förslag,
665 918 68 25 början
750 917 43 20 med
805 917 128 20 kavalleriets
944 924 49 19 upp-

237 950 99 19 ställande
351 954 58 21 göres
424 951 22 19 år
464 951 59 19 1890.
554 951 68 20 Under
637 951 142 26 förutsättning
794 951 67 20 tillika
876 954 29 17 att
924 949 22 25 !/3
962 952 31 19 del

235 984 23 19 af
280 984 46 20 hela
348 988 113 17 numerären
485 985 48 20 eller
555 986 83 19 sålunda
660 987 35 18 två
718 986 121 25 sqvadroner
863 986 85 19 inkallas
971 986 22 19 år

237 1018 55 19 1890
312 1019 36 19 och
367 1019 96 20 likaledes
481 1020 34 19 två
531 1020 121 25 sqvadroner
667 1021 22 19 år
707 1020 64 25 1891;
787 1022 30 17 att
832 1020 160 25 undervisnings-

234 1052 75 20 kursen
334 1053 31 19 för
390 1053 121 25 underbefäl,
537 1061 41 12 som
605 1055 62 24 enligt
693 1054 95 20 Senatens
815 1054 75 25 förslag
916 1055 76 19 komme

233 1089 31 16 att
283 1087 87 20 medföra
388 1094 23 13 en
433 1087 82 20 kostnad
534 1088 22 19 af
576 1088 89 25 116,000
681 1089 62 24 mark,
760 1088 82 20 oaktadt
857 1088 33 19 det
906 1089 7 18 i
928 1089 63 25 någon

233 1127 46 13 mon
302 1122 63 19 ökade
391 1122 74 19 antalet
492 1123 72 25 elever,
591 1123 44 19 icke
661 1123 65 20 skulle
749 1123 104 20 förorsaka
874 1124 118 19 nämnvärdt

233 1156 93 24 stegrade
346 1156 82 25 utgifter
446 1158 51 18 samt
515 1159 29 17 att
563 1157 94 25 slutligen
672 1157 131 26 uppförandet
819 1157 21 20 af
854 1157 136 27 kasernbygg-

232 1190 89 19 naderna
336 1190 32 19 till
383 1193 72 17 största
471 1190 54 20 delen
541 1191 56 19 torde
612 1192 69 19 infalla
697 1192 62 19 under
774 1192 129 19 instundande
919 1192 71 20 finans-

231 1224 77 25 period,
328 1224 35 20 har
386 1225 95 19 utskottet
504 1226 93 25 uppgjort
619 1226 86 24 följande
725 1226 110 25 beräkning
853 1226 22 20 af
893 1226 23 20 de
932 1226 6 19 i
954 1227 35 19 och

232 1258 32 19 för
280 1258 125 20 kavalleriet"
414 1259 129 26 erforderliga
558 1260 131 20 kostnaderna
705 1260 31 20 för
751 1260 46 20 åren
816 1260 151 20 1889—1891:

231 1303 345 27 Undervisningskommenderingen
590 1306 31 19 för
631 1306 116 20 underbefäl

301 1338 44 19 från
363 1338 8 19 1
389 1339 98 25 April-1
505 1339 111 20 November
634 1340 52 19 1890
703 1355 4 4 .
739 1355 4 4 .
761 1340 48 27 Fay
848 1340 96 24 125,000:
963 1352 25 3 —

232 1371 32 19 1:a
280 1372 182 26 uppsättningsäret
478 1373 42 19 från
543 1374 3 18 1
567 1374 112 20 November
691 1374 54 20 1890

300 1406 40 26 —1
358 1406 111 20 November
485 1407 52 19 1891
563 1422 1 4 .
599 1422 1 4 .
631 1423 40 4 ss
703 1424 4 4 cs
741 1424 45 10 oh
846 1408 97 24 475,000:
960 1420 27 3 —

305 1447 192 20 Värnepligtsutskottets
507 1448 151 17 betänkande'
626 1443 30 30 N:o
671 1449 15 16 1.
