1056 1725
281 125 65 23 Sländ.
362 126 30 22 Sv.
407 137 28 3 —
451 125 55 29 Prop.
522 124 32 24 N:o
569 124 35 24 34.
775 125 12 21 7

61 191 34 21 för
109 191 170 28 Björneborgska
296 187 71 26 banan
386 191 76 21 endast
481 191 45 21 ifall
546 190 142 22 Tammerfors
703 191 66 28 väljes
783 190 33 22 till

61 225 167 28 utgängspunkt.

130 260 33 22 Då
178 261 70 21 tillika
262 261 27 21 de
304 260 68 21 andra
386 259 131 28 betingelser
531 260 34 21 för
579 266 27 15 en
621 260 53 26 liflig
688 260 71 27 trafik,
770 266 45 16 som

61 301 49 21 nyss
132 296 88 26 anförts,
243 295 49 22 bäst
314 295 114 22 äterfinnas
451 295 61 26 längs
531 301 27 15 en
576 295 57 27 linje,
653 295 86 21 hvilken
754 295 62 26 följer

61 329 70 22 Kumo
148 330 39 22 elfs
199 330 124 27 vattendrag
330 329 48 22 frän
389 329 142 22 Tammerfors
541 336 78 20 genom
629 329 107 27 Birkkala,
747 329 69 21 Kark-

61 365 36 26 ku,
112 364 80 28 Tyrvis,
207 364 84 27 Kiikka,
306 364 115 27 Kauvatsa,
437 363 78 27 Kumo,
531 360 130 31 Harjavalta,
673 363 92 22 Nakkila
776 363 39 22 och

61 399 76 28 Ulfsby
152 399 33 22 till
200 399 138 28 Björneborg,
353 399 92 26 löpande
460 399 28 26 pä
503 405 64 15 norra
582 399 60 21 sidan
658 399 23 21 af
694 398 121 22 vattendra-

60 435 37 26 get
111 434 57 21 ända
182 434 33 21 till
229 433 117 27 Kauvatsa,
362 433 33 22 för
409 435 33 20 att
457 433 38 22 der
511 433 87 28 öfvergä
613 433 69 22 elfven
693 433 123 22 alternativt

60 469 36 21 vid
111 468 117 23 Witikkala
243 469 53 21 eller
309 468 35 21 vid
359 468 70 27 nägon
444 467 70 28 punkt
528 468 66 27 högre
608 474 50 21 upp,
674 467 105 22 beroende
789 466 27 28 pä

62 509 34 15 om
111 503 65 27 linjen
191 503 35 22 vid
240 505 98 19 närmare
353 502 86 22 teknisk
453 503 160 27 undersökning
627 502 48 22 med
691 504 68 20 större
773 502 42 21 för-

61 537 34 22 del
110 537 42 22 kan
168 537 59 22 ledas
242 543 50 16 norr
308 537 52 22 eller
374 537 64 22 söder
453 543 35 16 om
503 537 119 27 Puurijärvi
633 537 37 28 sjö,
681 537 63 22 hafva
755 537 60 21 Stän-

61 571 67 22 derna
148 571 71 23 funnit
241 572 69 21 denna
331 571 51 28 linje
403 571 55 22 böra
479 571 124 28 föredragas
623 571 87 22 framför
727 571 42 22 alla
789 571 26 21 de

60 607 156 27 sträckningar,
239 613 45 15 som
306 606 121 28 föreslagits
450 606 34 22 för
503 613 26 15 en
547 607 90 27 jernväg
656 606 46 22 från
719 607 36 21 det
769 606 46 21 inre

60 641 72 22 landet
146 642 34 21 till
195 641 138 28 Björneborg.

129 676 43 21 För
194 676 119 22 Ständerna
331 676 39 22 har
386 675 61 22 äfven
462 676 104 27 förelegat
580 676 79 27 förslag
674 682 33 15 om
723 676 90 21 utsträc-

62 710 69 22 kande
146 710 24 22 af
182 710 114 28 jernvägen
311 710 48 22 frän
374 710 133 28 Björneborg
521 710 33 22 tili
568 710 65 22 Räfsö
649 710 70 27 hamn,
729 716 48 15 men
787 709 28 22 dä

62 745 40 21 den
118 745 74 21 härom
210 745 122 27 förebragta
352 745 143 27 utredningen
514 745 55 21 varit
588 745 87 21 alldeles
694 744 119 27 bristfällig,

61 779 64 22 hafva
147 779 119 22 Ständerna
287 779 47 22 icke
354 780 99 27 upptagit
472 779 76 27 frägan
565 780 34 21 till
613 781 97 19 närmare
726 779 88 27 gransk-

60 814 57 27 ning.
148 814 72 22 Skulle
235 814 7 21 i
256 814 115 22 framtiden
387 814 71 22 denna
473 814 147 27 utsträckning
630 820 61 15 anses
701 814 54 21 böra
764 813 50 22 ifrä-

60 849 120 27 gakomma,
195 848 43 23 kan
254 849 38 21 den
308 848 38 22 ske
361 848 47 22 frän
424 849 41 21 den
480 848 110 22 beskrifna
597 848 171 28 jernvägslinjen,
778 854 36 21 ge-

60 889 49 16 nom
125 885 32 20 att
172 883 86 28 öfvergä
272 883 70 22 Kumo
356 883 30 22 elf
399 884 36 21 vid
451 883 142 27 Björneborgs
609 883 53 26 stad,
673 882 27 22 dä
710 883 104 26 brobygg-

60 918 70 21 naden
144 917 34 22 för
192 918 114 27 jernvägen
320 918 72 21 kunde
407 918 172 22 sammanställas
594 918 47 21 med
656 924 26 15 en
692 917 78 22 körbro
781 917 33 21 för

60 952 86 22 stadens
167 952 97 27 räkning,
285 959 46 15 som
346 953 7 20 i
368 952 43 22 alla
429 952 115 22 händelser
559 952 44 21 förr
617 952 52 21 eller
683 957 74 16 senare
773 951 41 22 blir

59 987 127 27 nödvändig.

128 1021 43 22 För
190 1023 32 20 att
241 1021 95 22 beräkna
354 1021 146 22 kostnaderna
517 1021 34 21 för
568 1020 140 28 anläggandet
723 1021 23 21 af
757 1021 56 27 jern-

58 1057 40 26 väg
113 1055 48 22 frän
176 1055 142 22 Tammerfors
333 1056 33 21 till
381 1056 134 27 Björneborg
529 1055 64 22 hafva
603 1055 119 22 Ständerna
732 1055 81 22 kunnat

60 1090 62 21 stöda
144 1091 38 26 sig,
206 1090 33 21 för
261 1090 41 21 den
322 1091 34 21 del
376 1090 62 22 deraf
457 1097 46 15 som
519 1091 62 21 faller
595 1090 77 21 mellan
687 1090 70 21 Kumo
774 1090 39 21 och

59 1124 139 28 Björneborg,
218 1125 28 27 pä
264 1126 32 20 ett
310 1125 192 27 kostnadsförslag,
519 1131 45 16 som
579 1125 109 27 uppgjorts
702 1125 28 27 pä
744 1124 69 28 grund

59 1158 23 22 af
95 1159 151 22 instrumental
260 1160 165 27 undersökning,
442 1160 41 21 och
497 1160 34 21 för
546 1160 40 21 den
601 1159 134 22 återstående
751 1159 62 21 delen

60 1193 44 22 dels
120 1194 28 26 pä
161 1194 169 27 instrumentala,
346 1194 45 22 dels
404 1194 29 27 pä
443 1194 90 22 okulära
543 1194 187 27 undersökningar,
741 1194 72 21 hvilka

59 1227 140 28 ävägabragts
214 1228 28 27 pä
256 1228 92 22 initiativ
363 1228 23 22 af
399 1228 98 22 enskilda
511 1234 108 22 personer.

127 1262 47 22 Den
189 1262 27 28 pä
232 1262 62 22 dessa
311 1262 93 28 grunder
422 1263 123 21 beräknade
565 1262 198 22 kostnadssumman
779 1262 33 21 för

58 1296 50 22 hela
122 1296 71 22 banan
208 1297 23 21 af
244 1297 114 27 7,370,000
372 1298 69 26 mark,
457 1297 60 22 hvari
533 1297 60 27 ingär
603 1297 118 21 kostnaden
731 1296 33 22 för
775 1298 38 20 nö-

58 1330 50 28 diga
130 1330 49 28 spår
201 1331 42 21 ned
265 1331 33 21 till
321 1331 86 22 stadens
430 1331 61 28 kajer
510 1331 39 21 och
568 1331 175 28 upplagsplatser,
758 1330 55 22 skall

58 1365 48 21 med
121 1365 29 21 all
165 1365 135 21 sannolikhet
314 1365 81 27 ganska
410 1367 55 20 nära
480 1367 107 21 motsvara
600 1366 41 21 den
650 1366 95 27 verkliga
754 1365 59 22 kost-

58 1395 76 36 naden.
553 1410 5 3 -

126 1434 70 21 Jemte
212 1434 37 21 det
264 1434 120 22 Ständerna
398 1434 84 22 biträdt
497 1434 40 23 den
552 1434 7 22 i
569 1434 76 27 nådiga
654 1434 157 28 propositionen
