1056 1725
288 138 21 21 U.
326 138 22 22 B.
364 149 28 3 —
408 137 58 28 Prop.
482 138 36 22 N:o
533 136 36 24 38.
757 138 25 22 11

50 204 78 21 endast
153 204 13 21 &
188 203 223 22 landskansliauktion
432 203 105 27 försäljas,
560 203 117 27 hvarjemte
699 203 112 23 Utskottet

51 238 78 22 ändrat
143 238 28 22 22
186 237 12 28 $
212 238 8 21 i
235 238 221 22 öfverensstämmelse
470 238 96 22 härmed.

120 272 34 22 De
176 274 98 20 närmare
293 272 134 22 föreskrifter
443 272 109 27 angäende
567 271 197 28 fastighetsbokens
779 272 32 22 in-
823 273 28 23 26
861 273 18 28 $.

50 307 101 22 rättande
173 307 40 21 och
234 307 96 26 förande,
353 307 74 21 hvilka
441 307 44 27 det,
501 307 66 27 enligt
582 307 27 22 26
625 307 18 27 $,
659 306 124 22 ankommer
798 306 13 21 å

50 341 120 28 Kejserliga
188 341 93 22 Senaten
296 343 32 20 att
343 341 104 27 meddela,
463 341 62 22 torde
540 341 122 28 antagligen
677 341 86 22 komma
777 342 34 21 att

51 376 97 21 utfärdas
162 375 114 22 förmedels
291 382 27 15 en
333 376 80 21 allmän
427 376 128 27 kungörelse
569 376 54 21 eller
639 375 128 22 åtminstone
775 381 35 22 ge-

50 417 50 15 nom
115 410 111 22 införande
241 411 8 20 i
263 409 257 29 författningssamlingen
535 410 87 27 bringas
629 410 34 22 till
669 410 80 22 allmän
757 410 52 21 kän-

48 445 86 22 nedom.

119 479 62 22 Inom
200 479 112 22 Utskottet
329 479 47 26 har,
395 479 79 22 liksom
493 479 58 22 inom
570 478 119 28 Kejserliga
707 479 100 26 Senaten,
821 477 28 22 30
858 476 19 28 $.

50 513 62 28 fråga
133 513 99 28 uppstått
254 514 79 26 derom,
349 513 106 22 huruvida
470 513 47 22 icke
532 514 113 27 rätteligen
667 514 5 20 1
697 513 3 27 $
724 514 5 21 2
743 519 64 16 mom.

48 550 56 20 samt
123 549 26 20 19
164 548 12 27 &
192 549 11 20 1
220 554 63 15 mom.
298 548 29 21 30
342 547 49 27 kap.
407 547 19 22 R
441 547 32 28 B.,
489 547 80 22 sädana
584 548 62 21 dessa
660 548 84 27 lagrum
758 547 50 28 lyda

48 583 8 20 i
72 582 153 28 förordningen
236 583 41 21 den
284 583 28 21 27
321 582 132 28 April1868,
461 583 73 26 borde,
543 583 7 21 i
560 582 72 22 stället
641 582 34 22 för
684 582 26 22 18
721 582 11 28 $
743 582 64 28 sagde

48 617 50 27 kap.
119 617 39 21 och
172 617 58 27 balk,
245 617 7 21 i
267 616 12 28 8
294 617 28 21 30
338 616 112 28 åberopas.
479 616 112 22 Utskottet
606 617 39 21 har
661 616 54 22 dock
729 616 78 22 förme-

47 654 39 19 nat
108 651 73 27 hvarje
203 652 126 26 hänvisning
351 650 13 22 å
387 651 60 21 detta
465 651 61 22 ställe
545 651 33 21 till
595 657 50 15 vare
661 651 32 27 sig
707 652 32 20 ett
754 651 53 21 eller

46 688 68 20 annat
130 686 23 21 af
166 686 64 22 dessa
244 686 83 28 lagrum
342 692 51 16 vara
409 686 114 26 obehöflig.

117 720 146 28 Anledningen
281 720 33 22 till
329 720 162 27 bestämningen
505 720 8 22 i
528 721 40 21 den
583 726 42 21 nya
639 720 105 27 paragraf,
760 718 86 24 som'35
856 718 18 28 $.

46 755 42 22 fått
103 756 55 26 plats
174 755 70 22 såsom
258 755 12 27 &
286 756 34 26 35,
335 755 40 21 har
390 755 113 21 Utskottet
517 755 63 21 ofvan
595 755 66 21 redan
676 754 100 28 påpekat.

117 790 103 22 Behofvet
242 790 24 22 af
286 790 26 22 de
331 789 291 28 öfvergängsbestämningar,
641 789 73 22 hvilka
729 789 11 27 $
755 789 27 21 38
797 787 47 23 138
855 787 19 27 $.

47 824 123 22 Utskottets
190 824 81 28 förslag
290 824 58 22 afser
366 825 32 21 att
413 824 132 27 möjliggöra,
560 824 61 21 torde
637 824 18 27 ej
671 824 71 21 tarfva
756 825 49 20 när-

46 864 59 16 mare
120 859 132 27 utläggning.

116 893 39 22 Att
176 893 153 28 författningen
352 893 34 22 till
405 893 107 22 särskilda
528 893 59 22 delar
602 893 95 22 kommer
712 894 33 20 att
760 893 45 21 dels

44 927 75 27 ändra,
143 928 45 21 dels
211 927 73 22 afvika
300 927 47 22 frän
362 934 29 15 nu
405 927 101 27 gällande
521 928 40 27 lag,
578 928 39 21 har
632 927 112 22 Utskottet
757 927 48 21 icke

45 961 106 28 förbisett,
167 968 49 15 men
231 964 70 19 ansett
316 961 137 28 öfverflödigt
467 969 58 20 vara,
540 963 32 20 att
587 963 60 20 detta
660 962 7 21 i
683 961 122 22 författnin-

44 1003 42 20 gen
102 997 95 26 antydes.

115 1030 73 28 Några
203 1033 80 20 smärre
298 1031 109 27 språkliga
421 1031 117 27 ändringar
553 1031 64 22 hafva
632 1031 61 22 äfven
704 1031 101 27 vidtagits

45 1065 8 22 i
67 1065 140 28 lagtexterna.

114 1100 105 27 Slutligen
241 1101 33 21 för
295 1100 113 22 Utskottet
429 1099 82 22 föreslå
532 1101 38 26 att,
587 1099 27 22 då
636 1100 169 27 stadgandena
792 1095 17 37 i

46 1133 138 29 lagförslaget
203 1135 7 21 i
225 1134 36 22 det
276 1136 107 20 närmaste
398 1135 87 21 ansluta
500 1135 32 27 sig
546 1134 34 22 till
594 1135 188 27 bestämningarna
797 1134 8 21 i

45 1168 104 28 förslaget
170 1169 33 21 till
226 1170 173 27 koncessionslag
421 1169 34 22 för
479 1170 96 21 enskilda
587 1170 120 27 jernvägar,
723 1168 82 22 hvilket

44 1202 83 28 förslag
145 1203 112 23 Utskottet
274 1205 8 21 i
296 1205 49 21 dess
360 1204 137 22 betänkande
512 1204 40 21 N:o
569 1204 26 22 12
611 1204 122 26 behandlat,
749 1204 56 21 före-

44 1238 95 21 varande
160 1238 117 27 lagförslag
298 1240 88 26 antages
409 1238 78 22 endast
508 1238 68 22 under
597 1238 75 26 vilkor,
691 1239 33 20 att
738 1238 66 27 sagda

44 1272 174 28 koncessionslag
232 1273 97 21 kommer
344 1273 32 21 till
391 1272 71 22 stånd.

114 1306 31 22 På
164 1307 68 27 grund
252 1307 23 21 af
288 1307 56 21 hvad
360 1307 115 22 Utskottet
489 1307 89 22 sålunda
593 1307 46 21 haft
653 1309 53 19 äran
721 1306 82 26 anföra,

44 1340 34 22 får
93 1340 113 22 Utskottet
220 1341 64 22 alltså
298 1341 109 22 vördsamt
421 1341 90 22 föreslå:

113 1483 140 23 Lagutskottets
266 1483 117 19 betänkande
395 1484 36 17 N:o
444 1485 29 17 17.
