1056 1725
268 121 28 21 50
469 120 22 23 U.
508 120 23 23 B.
546 133 29 3 —
590 121 60 28 Prop.
667 121 36 23 N:o
719 120 40 23 34.

241 182 160 28 förutsättning,
425 184 33 20 att
481 183 26 21 de
522 182 58 22 olika
594 183 108 21 banornas
717 182 168 23 medelinkomst
900 190 37 21 per
952 190 49 21 pas-

240 219 159 25 sagerareverst
420 217 41 22 och
483 218 158 21 centnerverst-
650 223 55 16 vore
717 217 53 21 lika
792 217 35 21 för
849 218 49 21 alla.
926 218 30 22 Sä
971 220 31 20 är

241 251 121 22 emellertid
384 252 18 27 ej
422 252 67 26 fallet,
505 253 52 20 utan
572 252 47 21 visa
633 252 226 27 Jernvägsstyrelsens
873 252 128 22 berättelser

242 286 34 21 för
298 286 92 28 tidigare
411 286 30 27 år,
458 288 32 20 att
505 286 130 21 härutinnan
650 293 27 14 en
692 286 19 28 ej
727 286 25 21 så
767 286 136 28 obetydande
919 286 82 23 olikhet

241 321 27 21 de
283 321 71 21 skilda
367 321 96 21 banorna
479 321 91 21 emellan
585 320 122 27 förefinnes,
723 321 78 21 medan
818 321 97 22 deremot
930 321 33 22 för
974 327 26 16 en

241 355 41 22 och
304 361 82 15 samma
406 355 57 21 bana
483 355 151 22 differenserna
649 355 93 22 emellan
758 355 120 22 resultaten
893 355 34 22 för
942 356 59 21 olika

241 390 25 21 år
288 391 37 20 äro
344 390 49 21 vida
407 390 90 21 mindre.
528 390 106 21 Särskildt
649 390 58 21 visar
722 390 37 21 det
775 390 38 27 sig,
832 392 32 19 att
879 391 121 21 inkomsten

241 424 60 21 såväl
322 430 39 20 per
383 425 144 20 centnerverst
550 430 45 15 som
617 431 38 20 per
670 426 200 25 passagerareverst
885 425 13 20 å
913 425 32 21 S:t
960 425 40 21 Pe-

240 458 122 27 tersburg—
371 454 134 36 Helsingfors
517 459 89 26 jernväg
621 458 126 27 alltigenom
763 460 24 19 är
802 459 85 20 mindre
903 461 26 18 än
944 459 13 20 å
968 458 32 21 öf-

240 493 48 27 riga
303 493 73 20 banor.
401 493 32 21 Pä
447 493 69 27 grund
530 492 65 21 häraf
607 493 40 21 och
663 493 28 20 dä
707 493 36 20 det
760 492 34 21 för
809 499 28 14 nu
854 492 145 28 föreliggande

241 527 62 28 fräga
310 527 56 21 varit
374 527 23 20 af
403 527 92 21 särskild
509 527 46 27 vigt
571 528 32 20 att
617 527 127 21 konstatera
760 527 36 21 det
811 527 141 22 ekonomiska
966 533 34 15 re-

241 561 90 22 sultatet
353 561 47 22 frän
414 561 66 22 Wasa
494 561 76 27 banan,
586 561 39 21 har
640 561 108 21 utskottet
763 561 104 22 uträknat
881 561 66 22 Wasa
961 561 38 22 ba-

240 602 54 15 nans
315 596 95 21 inkomst
432 596 95 26 sälunda,
550 598 33 19 att
605 602 46 15 som
670 596 70 27 grund
756 596 34 20 för
804 596 146 28 beräkningen
965 596 34 21 för

239 636 150 21 passagerare-
404 630 40 21 och
459 629 144 29 godstrafiken
613 630 57 27 lagts
681 630 91 28 ungefär
783 630 112 22 enahanda
905 630 94 22 inkomst

240 671 38 21 per
296 670 148 22 passagerare-
460 664 39 22 och
515 666 144 20 centnerverst
675 670 46 16 som
736 664 69 22 under
820 664 51 22 åren
889 666 54 20 1884
959 665 40 21 och

241 700 55 20 1885
317 703 55 17 samt
394 699 34 21 till
444 699 40 21 den
499 699 28 27 pä
542 699 59 21 detta
617 700 43 20 sätt
675 699 100 21 erhållna
790 699 121 21 inkomsten
927 699 71 27 tillagt

240 734 84 20 diverse
339 733 40 21 och
398 735 61 19 extra
473 734 118 20 inkomster
606 734 67 27 enligt
689 734 222 27 Jernvägsstyrelsens
926 734 72 21 berät-

240 768 60 21 telse.
331 768 47 20 Den
400 768 90 21 sålunda
512 768 33 21 för
560 768 66 21 Wasa
641 768 71 21 banan
728 768 98 21 erhållna
841 768 157 22 bruttoinkom-

240 804 47 20 sten
304 801 127 28 öfverstiger
445 802 49 21 med
509 802 59 21 cirka
583 803 78 26 45,000
671 803 64 20 mark
745 802 43 21 den
798 802 7 20 i
816 803 181 27 Jernvägsstyrel-

240 842 48 16 sens
303 836 116 21 berättelse
433 838 115 25 upptagna.

307 871 43 20 För
373 871 31 20 S:t
426 870 407 28 Petersburg—H:fors
679 866 13 37 —
705 870 128 28 Tavastehus
855 871 69 21 banan
943 877 54 21 upp-

238 905 49 28 gick
309 905 195 21 bruttoinkomsten
526 905 7 20 i
555 905 102 21 medeltal
672 911 38 21 per
726 905 25 21 är
766 905 34 21 för
815 905 181 27 femärsperioden

240 940 140 21 1872—1876
396 939 34 21 till
445 939 7 21 i
468 939 64 21 rundt
546 939 31 21 tal
593 939 114 27 4,574,000
723 939 69 26 mark,
809 941 47 26 steg
870 939 67 22 under
945 939 51 22 åren

240 973 139 22 1877—1881
396 973 34 21 till
446 973 112 26 5,319,000
573 973 67 27 mark,
657 974 84 21 säledes
763 973 49 21 med
829 974 90 26 715,000
935 974 61 21 mark

238 1008 52 21 eller
311 1007 49 22 med
384 1007 67 28 179,
475 1009 55 20 samt
545 1008 91 27 uppgick
651 1008 69 21 under
736 1008 52 21 åren
805 1009 54 20 1882
870 1009 76 20 1886
961 1008 35 21 till

239 1043 115 26 6,026,000
369 1042 62 21 mark
446 1041 40 22 och
501 1043 46 26 steg
563 1042 62 21 alltsä
635 1042 128 27 ytterligare
774 1042 49 21 med
835 1043 91 25 708,000
934 1042 61 21 mark

237 1077 53 22 eller
308 1077 49 20 med
374 1076 68 28 11%/j.
473 1071 18 26 Ä
507 1076 79 28 Hangö
601 1077 71 20 banan
686 1077 102 27 utgjorde
802 1077 193 21 medelinkomsten

235 1111 35 22 för
298 1111 140 22 1876—1881
467 1111 91 26 320,000
582 1111 67 26 mark,
676 1112 57 20 samt
757 1111 68 21 under
855 1111 139 22 1882—1886

237 1147 92 25 342,000
344 1145 68 27 mark,
429 1147 46 25 steg
490 1145 63 21 alltså
567 1145 49 21 med
631 1145 78 27 22,000
723 1145 64 21 mark
801 1145 55 21 eller
871 1145 48 21 med
935 1148 8 18 7
959 1145 34 28 "/y.

236 1175 19 27 Å
270 1174 47 28 Åbo
333 1180 70 20 banan
417 1186 39 15 var
470 1180 191 21 medelinkomsten
677 1180 34 21 för
729 1180 139 21 1877—1881
882 1180 113 26 1,037,000

235 1215 69 26 mark,
320 1214 33 21 för
369 1214 50 21 åren
435 1215 140 21 1882—1886
592 1215 119 26 1,255,000,
727 1214 66 21 alltså
804 1220 26 15 en
841 1214 95 27 stegring
945 1214 49 21 med

235 1250 93 26 217,000
351 1248 61 21 mark
435 1248 52 21 eller
509 1249 69 27 20%.
609 1243 18 26 Å
659 1248 65 21 Wasa
747 1248 71 21 banan
835 1250 23 19 är
873 1248 121 22 inkomsten

237 1284 35 21 för
292 1284 54 21 1885
361 1282 66 28 högre
443 1285 27 18 än
485 1282 34 22 för
536 1284 53 20 1886
605 1283 33 21 till
654 1282 53 28 följd
723 1282 25 21 af
761 1282 67 22 redan
843 1282 90 22 anförda
949 1290 44 14 om-

234 1318 153 27 ständigheter.

304 1352 42 21 För
370 1352 55 20 1887
440 1351 82 27 uppgår
536 1351 196 21 bruttoinkomsten
748 1350 49 22 från
812 1351 100 27 samtliga
930 1352 63 20 stats-

233 1388 115 27 jernvägar
370 1385 35 21 till
428 1386 111 26 8,381,915
562 1386 61 20 mark
639 1385 52 21 eller
705 1384 93 28 ungefär
813 1391 82 15 samma
911 1391 82 15 summa

236 1428 46 15 som
298 1421 41 21 den
354 1420 77 27 högsta
447 1420 76 21 hittilis
539 1419 96 21 erhällna
650 1420 52 20 eller
718 1419 42 21 den
776 1418 33 22 för
826 1420 61 20 1885.
911 1420 82 20 Härvid

235 1458 24 19 är
282 1455 55 22 dock
359 1456 33 19 att
414 1455 81 26 märka,
518 1456 33 19 att
565 1454 13 21 &
593 1460 40 15 ena
648 1454 61 21 sidan
726 1454 122 27 Uleäborgs
864 1454 69 21 banan
949 1454 43 21 till-

303 1494 192 22 Jernvägsutskottets
507 1493 114 18 betänkande
634 1493 37 18 N:o
685 1495 15 17 1.
