1056 1725
239 137 25 19 12
544 136 41 21 N:o
601 136 34 20 31.

208 205 116 21 häinuders
347 205 130 27 förmedling
494 205 73 22 uiöiva
582 205 155 27 inspektionen
753 204 60 22 öfver
828 205 147 22 handiverke-

208 239 80 21 rierna.

281 274 167 27 Inspektörerne
473 280 40 21 ega
536 274 46 26 ock,
607 274 28 21 då
656 274 27 21 de
700 274 73 21 derom
790 274 94 24 anhålla,
902 274 23 21 af
938 280 35 16 ve-

210 308 136 21 derbörande
372 309 137 27 provincial-,
533 309 72 21 stads-
628 309 40 21 och
692 309 201 21 kommunalläkare
916 311 57 20 samt

210 343 233 28 yrkesföreningarnas
466 343 134 27 fullmäktige
624 343 115 22 bekomma
761 343 143 27 erforderliga
919 351 54 20 upp-

210 377 113 28 lysningar
346 378 109 21 äfvensom
479 379 22 20 af
523 379 162 20 vederbörande
705 378 211 27 stadsmyndigheter
933 379 40 20 och

210 412 180 27 kronobetjening
405 413 65 26 nödig
486 413 169 26 handräckning.
719 411 2 4 |

560 477 24 20 19
606 476 17 27 8.

284 516 183 27 Yrkesinspektör
490 516 61 26 skall,
575 517 98 20 närhelst
688 517 43 20 han
748 517 36 20 det
800 516 71 26 äskar,
888 516 85 21 erhålla

211 550 98 21 tillträde
325 551 34 20 till
374 551 73 27 hvarje
463 551 58 20 inom
537 551 235 27 inspektionsområdet
788 551 91 26 belägen
894 551 77 28 fabrik,

211 585 103 21 verkstad
329 586 53 20 eller
397 592 73 14 annan
484 586 115 21 industriel
615 586 139 27 anläggning.
784 586 50 21 Han
850 588 23 19 är
885 587 40 20 ock
936 586 37 21 be-

211 620 98 26 rättigad
332 622 33 19 att
387 621 36 21 vid
446 621 67 21 besök
537 622 13 19 å
573 621 78 20 sådant
670 621 64 20 ställe
753 620 24 21 af
790 620 75 27 hvarje
881 620 38 22 der
935 627 37 14 an-

212 654 57 20 stäld
293 661 79 20 person
395 655 74 21 fordra
490 655 156 27 upplysningar
671 657 58 19 samt
751 656 7 20 i
785 655 66 27 öfrigt
874 655 100 27 företaga

212 688 26 21 de
258 689 195 28 undersökningar,
473 690 33 21 till
527 690 72 21 hvilka
615 690 54 20 hans
685 690 212 26 tjensteäligganden
915 690 57 26 gifva

212 723 125 27 anledning.

559 754 26 20 20
607 753 18 27 8.

285 793 81 21 Finnes
382 793 115 21 industriel
512 794 120 26 inrättning
643 793 48 21 icke
702 795 112 19 motsvara
824 794 150 26 stadgandena

212 828 80 20 i1—5
308 828 12 27 $
336 828 52 21 eller
412 828 26 21 de
460 828 141 27 föreskrifter,
625 834 47 15 som
696 828 67 27 enligt
786 829 12 20 6
819 829 10 25 8
846 828 126 25 meddelats,

212 868 51 21 eger
286 862 139 27 inspektören
447 862 137 27 förständiga
606 863 163 21 vederbörande
784 862 139 27 yrkesidkare
939 865 34 19 att

212 898 58 19 inom
287 897 43 21 viss
346 900 67 18 utsatt
428 897 32 21 tid
475 897 28 27 pä
519 897 71 21 tillika
605 897 96 27 angifvet
717 899 44 19 sätt
772 897 96 26 afhjelpa
879 897 94 21 missför-

210 931 120 22 hällandet.

287 966 83 21 Sädant
378 966 175 27 förständigande
562 967 43 20 kan
614 966 23 21 af
651 966 161 27 yrkesidkaren
828 966 56 21 inom
896 966 76 21 trettio

213 1001 69 26 dagar
305 1001 55 20 efter
379 1001 150 26 mottagandet
545 1001 144 20 underkastas
709 1001 103 26 pröfning
829 1001 22 20 af
865 1001 107 21 Industri-

212 1035 114 26 styrelsen,
342 1036 64 21 hvars
425 1035 108 22 föreskrift
548 1035 39 22 bör
603 1035 136 22 omedelbart
754 1035 109 27 fullgöras,
880 1035 94 22 Senaten

213 1070 103 27 obetaget
338 1072 39 24 att,
401 1077 33 14 om
458 1070 47 21 skäl
528 1070 72 21 dertill
615 1069 88 28 företes,
719 1069 108 28 medgifva
842 1070 131 21 inställande

212 1105 24 20 af
250 1105 144 21 föreskrifven
411 1106 83 26 ätgärd.

559 1170 23 20 21
606 1169 18 27 8.

286 1198 64 26 Öfver
366 1203 48 21 sina
430 1203 139 27 iakttagelser
585 1204 94 20 rörande
695 1203 158 21 efterlefnaden
869 1203 23 21 af
901 1203 72 21 denna

211 1237 129 27 förordning
359 1238 39 20 och
415 1237 25 21 de
456 1238 144 27 föreskrifter,
617 1244 46 15 som
679 1238 28 26 pä
723 1238 71 26 grund
810 1238 22 20 af
847 1238 127 21 densamma

211 1272 117 26 utfärdats,
345 1274 55 19 samt
411 1272 59 20 öfver
488 1272 25 21 de
529 1272 200 27 förständiganden,
746 1272 74 21 hvilka
836 1272 67 27 enligt
917 1274 28 20 20
961 1272 11 27 &

212 1306 23 21 af
244 1306 80 22 honom
336 1306 116 26 meddelas,
462 1306 55 22 skall
527 1306 176 28 yrkesinspektör
715 1306 47 22 föra
772 1306 115 27 protokoll,
898 1306 79 22 hvaraf

211 1340 88 28 utdrag,
316 1341 38 21 der
370 1341 24 21 sä
409 1341 76 26 nödigt
500 1340 75 28 finnes,
591 1341 34 21 till
641 1341 142 27 yrkesidkare
800 1341 99 27 utgifves.

558 1405 27 20 22
606 1404 19 28 8.

285 1438 182 27 Yrkesinspektör
489 1439 35 20 mä
547 1438 17 27 ej
589 1445 40 20 ega
645 1438 52 22 eller
713 1438 84 22 förestä
812 1438 113 22 industriel
941 1439 32 21 in-

209 1473 99 26 rättning
323 1473 53 21 eller
391 1479 52 15 vara
459 1473 98 26 delegare
573 1473 7 21 i
596 1473 65 27 bolag
676 1473 33 21 för
725 1473 126 21 industrielt
865 1473 108 22 ändamål.
