<?xml version="1.0" encoding="UTF-8"?>
<alto xmlns="http://www.loc.gov/standards/alto/ns-v3#" xmlns:xlink="http://www.w3.org/1999/xlink" xmlns:xsi="http://www.w3.org/2001/XMLSchema-instance" xsi:schemaLocation="http://www.loc.gov/standards/alto/ns-v3# http://www.loc.gov/alto/v3/alto-3-0.xsd">
	<Description>
		<MeasurementUnit>pixel</MeasurementUnit>
		<sourceImageInformation>
			<fileName>/tmp/tess_fskqkkni_input.PNG</fileName>
		</sourceImageInformation>
		<OCRProcessing ID="OCR_0">
			<ocrProcessingStep>
				<processingSoftware>
					<softwareName>tesseract 5.3.4</softwareName>
				</processingSoftware>
			</ocrProcessingStep>
		</OCRProcessing>
	</Description>
	<Layout>
		<Page WIDTH="1056" HEIGHT="1725" PHYSICAL_IMG_NR="0" ID="page_0">
			<PrintSpace HPOS="0" VPOS="0" WIDTH="1056" HEIGHT="1725">
				<ComposedBlock ID="cblock_0" HPOS="264" VPOS="130" WIDTH="495" HEIGHT="29">
					<TextBlock ID="block_0" HPOS="264" VPOS="130" WIDTH="495" HEIGHT="29">
						<TextLine ID="line_0" HPOS="264" VPOS="130" WIDTH="495" HEIGHT="29">
							<String ID="string_0" HPOS="264" VPOS="132" WIDTH="14" HEIGHT="20" WC="0.96" CONTENT="2"/><SP WIDTH="208" VPOS="132" HPOS="278"/>
							<String ID="string_1" HPOS="486" VPOS="131" WIDTH="19" HEIGHT="23" WC="0.88" CONTENT="U."/><SP WIDTH="16" VPOS="131" HPOS="505"/>
							<String ID="string_2" HPOS="521" VPOS="130" WIDTH="19" HEIGHT="24" WC="0.88" CONTENT="B."/><SP WIDTH="17" VPOS="130" HPOS="540"/>
							<String ID="string_3" HPOS="557" VPOS="143" WIDTH="28" HEIGHT="4" WC="0.91" CONTENT="—"/><SP WIDTH="16" VPOS="143" HPOS="585"/>
							<String ID="string_4" HPOS="601" VPOS="130" WIDTH="55" HEIGHT="29" WC="0.96" CONTENT="Prop."/><SP WIDTH="17" VPOS="130" HPOS="656"/>
							<String ID="string_5" HPOS="673" VPOS="130" WIDTH="34" HEIGHT="24" WC="0.93" CONTENT="N:o"/><SP WIDTH="17" VPOS="130" HPOS="707"/>
							<String ID="string_6" HPOS="724" VPOS="130" WIDTH="35" HEIGHT="24" WC="0.96" CONTENT="34."/>
						</TextLine>
					</TextBlock>
				</ComposedBlock>
				<ComposedBlock ID="cblock_1" HPOS="232" VPOS="193" WIDTH="765" HEIGHT="535">
					<TextBlock ID="block_1" HPOS="232" VPOS="193" WIDTH="765" HEIGHT="535">
						<TextLine ID="line_1" HPOS="234" VPOS="193" WIDTH="763" HEIGHT="29">
							<String ID="string_7" HPOS="234" VPOS="194" WIDTH="113" HEIGHT="28" WC="0.96" CONTENT="byggande"/><SP WIDTH="15" VPOS="194" HPOS="347"/>
							<String ID="string_8" HPOS="362" VPOS="194" WIDTH="22" HEIGHT="20" WC="0.96" CONTENT="af"/><SP WIDTH="13" VPOS="194" HPOS="384"/>
							<String ID="string_9" HPOS="397" VPOS="200" WIDTH="25" HEIGHT="13" WC="0.93" CONTENT="en"/><SP WIDTH="10" VPOS="200" HPOS="422"/>
							<String ID="string_10" HPOS="432" VPOS="194" WIDTH="89" HEIGHT="28" WC="0.91" CONTENT="iernväg"/><SP WIDTH="10" VPOS="194" HPOS="521"/>
							<String ID="string_11" HPOS="531" VPOS="194" WIDTH="48" HEIGHT="22" WC="0.96" CONTENT="från"/><SP WIDTH="10" VPOS="194" HPOS="579"/>
							<String ID="string_12" HPOS="589" VPOS="193" WIDTH="143" HEIGHT="23" WC="0.90" CONTENT="Tammerfors"/><SP WIDTH="11" VPOS="193" HPOS="732"/>
							<String ID="string_13" HPOS="743" VPOS="193" WIDTH="34" HEIGHT="22" WC="0.93" CONTENT="till"/><SP WIDTH="8" VPOS="193" HPOS="777"/>
							<String ID="string_14" HPOS="785" VPOS="193" WIDTH="133" HEIGHT="29" WC="0.66" CONTENT="Björnoborg"/><SP WIDTH="10" VPOS="193" HPOS="918"/>
							<String ID="string_15" HPOS="928" VPOS="193" WIDTH="69" HEIGHT="23" WC="0.83" CONTENT="skullo"/>
						</TextLine>
						<TextLine ID="line_2" HPOS="234" VPOS="226" WIDTH="761" HEIGHT="29">
							<String ID="string_16" HPOS="234" VPOS="226" WIDTH="119" HEIGHT="29" WC="0.92" CONTENT="föreläggas"/><SP WIDTH="23" VPOS="226" HPOS="353"/>
							<String ID="string_17" HPOS="376" VPOS="227" WIDTH="120" HEIGHT="23" WC="0.91" CONTENT="Ständerna"/><SP WIDTH="15" VPOS="227" HPOS="496"/>
							<String ID="string_18" HPOS="511" VPOS="228" WIDTH="66" HEIGHT="22" WC="0.96" CONTENT="redan"/><SP WIDTH="16" VPOS="228" HPOS="577"/>
							<String ID="string_19" HPOS="593" VPOS="227" WIDTH="36" HEIGHT="23" WC="0.96" CONTENT="vid"/><SP WIDTH="14" VPOS="227" HPOS="629"/>
							<String ID="string_20" HPOS="643" VPOS="234" WIDTH="30" HEIGHT="15" WC="0.96" CONTENT="nu"/><SP WIDTH="15" VPOS="234" HPOS="673"/>
							<String ID="string_21" HPOS="688" VPOS="227" WIDTH="111" HEIGHT="28" WC="0.93" CONTENT="pågående"/><SP WIDTH="15" VPOS="227" HPOS="799"/>
							<String ID="string_22" HPOS="814" VPOS="227" WIDTH="109" HEIGHT="28" WC="0.92" CONTENT="landtdag,"/><SP WIDTH="16" VPOS="227" HPOS="923"/>
							<String ID="string_23" HPOS="939" VPOS="229" WIDTH="56" HEIGHT="21" WC="0.96" CONTENT="samt"/>
						</TextLine>
						<TextLine ID="line_3" HPOS="235" VPOS="261" WIDTH="762" HEIGHT="30">
							<String ID="string_24" HPOS="235" VPOS="264" WIDTH="33" HEIGHT="20" WC="0.97" CONTENT="att"/><SP WIDTH="15" VPOS="264" HPOS="268"/>
							<String ID="string_25" HPOS="283" VPOS="261" WIDTH="33" HEIGHT="22" WC="0.93" CONTENT="för"/><SP WIDTH="14" VPOS="261" HPOS="316"/>
							<String ID="string_26" HPOS="330" VPOS="262" WIDTH="65" HEIGHT="27" WC="0.92" CONTENT="sagde"/><SP WIDTH="12" VPOS="262" HPOS="395"/>
							<String ID="string_27" HPOS="407" VPOS="262" WIDTH="199" HEIGHT="29" WC="0.90" CONTENT="jernvägsbyggnad"/><SP WIDTH="16" VPOS="262" HPOS="606"/>
							<String ID="string_28" HPOS="622" VPOS="268" WIDTH="26" HEIGHT="16" WC="0.97" CONTENT="en"/><SP WIDTH="15" VPOS="268" HPOS="648"/>
							<String ID="string_29" HPOS="663" VPOS="262" WIDTH="150" HEIGHT="22" WC="0.96" CONTENT="motsvarande"/><SP WIDTH="18" VPOS="262" HPOS="813"/>
							<String ID="string_30" HPOS="831" VPOS="268" WIDTH="81" HEIGHT="16" WC="0.96" CONTENT="summa"/><SP WIDTH="17" VPOS="268" HPOS="912"/>
							<String ID="string_31" HPOS="929" VPOS="262" WIDTH="68" HEIGHT="22" WC="0.96" CONTENT="måtte"/>
						</TextLine>
						<TextLine ID="line_4" HPOS="234" VPOS="296" WIDTH="763" HEIGHT="28">
							<String ID="string_32" HPOS="234" VPOS="299" WIDTH="106" HEIGHT="25" WC="0.96" CONTENT="upptagas"/><SP WIDTH="22" VPOS="299" HPOS="340"/>
							<String ID="string_33" HPOS="362" VPOS="297" WIDTH="8" HEIGHT="21" WC="0.96" CONTENT="i"/><SP WIDTH="22" VPOS="297" HPOS="370"/>
							<String ID="string_34" HPOS="392" VPOS="297" WIDTH="77" HEIGHT="27" WC="0.95" CONTENT="nådiga"/><SP WIDTH="22" VPOS="297" HPOS="469"/>
							<String ID="string_35" HPOS="491" VPOS="297" WIDTH="161" HEIGHT="27" WC="0.96" CONTENT="propositionen"/><SP WIDTH="23" VPOS="297" HPOS="652"/>
							<String ID="string_36" HPOS="675" VPOS="296" WIDTH="110" HEIGHT="27" WC="0.96" CONTENT="angående"/><SP WIDTH="24" VPOS="296" HPOS="785"/>
							<String ID="string_37" HPOS="809" VPOS="296" WIDTH="74" HEIGHT="27" WC="0.94" CONTENT="anslag"/><SP WIDTH="22" VPOS="296" HPOS="883"/>
							<String ID="string_38" HPOS="905" VPOS="296" WIDTH="32" HEIGHT="22" WC="0.92" CONTENT="till"/><SP WIDTH="18" VPOS="296" HPOS="937"/>
							<String ID="string_39" HPOS="955" VPOS="303" WIDTH="42" HEIGHT="21" WC="0.96" CONTENT="nya"/>
						</TextLine>
						<TextLine ID="line_5" HPOS="232" VPOS="329" WIDTH="764" HEIGHT="30">
							<String ID="string_40" HPOS="232" VPOS="331" WIDTH="229" HEIGHT="28" WC="0.91" CONTENT="jernvägsbyggnader."/><SP WIDTH="30" VPOS="331" HPOS="461"/>
							<String ID="string_41" HPOS="491" VPOS="331" WIDTH="44" HEIGHT="21" WC="0.96" CONTENT="För"/><SP WIDTH="20" VPOS="331" HPOS="535"/>
							<String ID="string_42" HPOS="555" VPOS="332" WIDTH="33" HEIGHT="20" WC="0.96" CONTENT="att"/><SP WIDTH="15" VPOS="332" HPOS="588"/>
							<String ID="string_43" HPOS="603" VPOS="330" WIDTH="115" HEIGHT="28" WC="0.93" CONTENT="förebygga"/><SP WIDTH="15" VPOS="330" HPOS="718"/>
							<String ID="string_44" HPOS="733" VPOS="329" WIDTH="110" HEIGHT="23" WC="0.91" CONTENT="finansiela"/><SP WIDTH="15" VPOS="329" HPOS="843"/>
							<String ID="string_45" HPOS="858" VPOS="330" WIDTH="138" HEIGHT="27" WC="0.96" CONTENT="svårigheter,"/>
						</TextLine>
						<TextLine ID="line_6" HPOS="235" VPOS="364" WIDTH="761" HEIGHT="28">
							<String ID="string_46" HPOS="235" VPOS="365" WIDTH="69" HEIGHT="22" WC="0.96" CONTENT="skulle"/><SP WIDTH="25" VPOS="365" HPOS="304"/>
							<String ID="string_47" HPOS="329" VPOS="365" WIDTH="27" HEIGHT="22" WC="0.94" CONTENT="de"/><SP WIDTH="21" VPOS="365" HPOS="356"/>
							<String ID="string_48" HPOS="377" VPOS="365" WIDTH="124" HEIGHT="27" WC="0.93" CONTENT="ifrågasatta"/><SP WIDTH="19" VPOS="365" HPOS="501"/>
							<String ID="string_49" HPOS="520" VPOS="365" WIDTH="211" HEIGHT="27" WC="0.91" CONTENT="jernvägsföretagen"/><SP WIDTH="22" VPOS="365" HPOS="731"/>
							<String ID="string_50" HPOS="753" VPOS="364" WIDTH="106" HEIGHT="23" WC="0.90" CONTENT="bedrifvas"/><SP WIDTH="22" VPOS="364" HPOS="859"/>
							<String ID="string_51" HPOS="881" VPOS="365" WIDTH="115" HEIGHT="21" WC="0.95" CONTENT="successivt"/>
						</TextLine>
						<TextLine ID="line_7" HPOS="236" VPOS="398" WIDTH="760" HEIGHT="28">
							<String ID="string_52" HPOS="236" VPOS="399" WIDTH="40" HEIGHT="22" WC="0.96" CONTENT="och"/><SP WIDTH="15" VPOS="399" HPOS="276"/>
							<String ID="string_53" HPOS="291" VPOS="399" WIDTH="6" HEIGHT="22" WC="0.96" CONTENT="i"/><SP WIDTH="17" VPOS="399" HPOS="297"/>
							<String ID="string_54" HPOS="314" VPOS="399" WIDTH="157" HEIGHT="27" WC="0.96" CONTENT="ordningsföljd,"/><SP WIDTH="21" VPOS="399" HPOS="471"/>
							<String ID="string_55" HPOS="492" VPOS="399" WIDTH="36" HEIGHT="22" WC="0.96" CONTENT="det"/><SP WIDTH="15" VPOS="399" HPOS="528"/>
							<String ID="string_56" HPOS="543" VPOS="405" WIDTH="40" HEIGHT="16" WC="0.96" CONTENT="ena"/><SP WIDTH="16" VPOS="405" HPOS="583"/>
							<String ID="string_57" HPOS="599" VPOS="399" WIDTH="54" HEIGHT="22" WC="0.96" CONTENT="efter"/><SP WIDTH="15" VPOS="399" HPOS="653"/>
							<String ID="string_58" HPOS="668" VPOS="399" WIDTH="37" HEIGHT="21" WC="0.96" CONTENT="det"/><SP WIDTH="15" VPOS="399" HPOS="705"/>
							<String ID="string_59" HPOS="720" VPOS="398" WIDTH="73" HEIGHT="27" WC="0.96" CONTENT="andra,"/><SP WIDTH="16" VPOS="398" HPOS="793"/>
							<String ID="string_60" HPOS="809" VPOS="401" WIDTH="55" HEIGHT="20" WC="0.95" CONTENT="samt"/><SP WIDTH="15" VPOS="401" HPOS="864"/>
							<String ID="string_61" HPOS="879" VPOS="398" WIDTH="48" HEIGHT="22" WC="0.93" CONTENT="med"/><SP WIDTH="14" VPOS="398" HPOS="927"/>
							<String ID="string_62" HPOS="941" VPOS="398" WIDTH="55" HEIGHT="21" WC="0.92" CONTENT="iakt-"/>
						</TextLine>
						<TextLine ID="line_8" HPOS="234" VPOS="431" WIDTH="761" HEIGHT="29">
							<String ID="string_63" HPOS="234" VPOS="433" WIDTH="94" HEIGHT="27" WC="0.96" CONTENT="tagande"/><SP WIDTH="22" VPOS="433" HPOS="328"/>
							<String ID="string_64" HPOS="350" VPOS="433" WIDTH="23" HEIGHT="22" WC="0.96" CONTENT="af"/><SP WIDTH="20" VPOS="433" HPOS="373"/>
							<String ID="string_65" HPOS="393" VPOS="435" WIDTH="32" HEIGHT="20" WC="0.96" CONTENT="att"/><SP WIDTH="22" VPOS="435" HPOS="425"/>
							<String ID="string_66" HPOS="447" VPOS="433" WIDTH="36" HEIGHT="22" WC="0.96" CONTENT="det"/><SP WIDTH="22" VPOS="433" HPOS="483"/>
							<String ID="string_67" HPOS="505" VPOS="433" WIDTH="32" HEIGHT="22" WC="0.96" CONTENT="för"/><SP WIDTH="19" VPOS="433" HPOS="537"/>
							<String ID="string_68" HPOS="556" VPOS="433" WIDTH="47" HEIGHT="22" WC="0.96" CONTENT="året"/><SP WIDTH="19" VPOS="433" HPOS="603"/>
							<String ID="string_69" HPOS="622" VPOS="433" WIDTH="113" HEIGHT="22" WC="0.96" CONTENT="bestämda"/><SP WIDTH="19" VPOS="433" HPOS="735"/>
							<String ID="string_70" HPOS="754" VPOS="433" WIDTH="97" HEIGHT="27" WC="0.95" CONTENT="anslaget"/><SP WIDTH="14" VPOS="433" HPOS="851"/>
							<String ID="string_71" HPOS="865" VPOS="433" WIDTH="47" HEIGHT="22" WC="0.93" CONTENT="icke"/><SP WIDTH="14" VPOS="433" HPOS="912"/>
							<String ID="string_72" HPOS="926" VPOS="431" WIDTH="69" HEIGHT="23" WC="0.91" CONTENT="blefve"/>
						</TextLine>
						<TextLine ID="line_9" HPOS="235" VPOS="467" WIDTH="760" HEIGHT="27">
							<String ID="string_73" HPOS="235" VPOS="467" WIDTH="147" HEIGHT="22" WC="0.91" CONTENT="öfverskridet."/><SP WIDTH="15" VPOS="467" HPOS="382"/>
							<String ID="string_74" HPOS="397" VPOS="467" WIDTH="42" HEIGHT="22" WC="0.96" CONTENT="Vid"/><SP WIDTH="14" VPOS="467" HPOS="439"/>
							<String ID="string_75" HPOS="453" VPOS="467" WIDTH="76" HEIGHT="22" WC="0.96" CONTENT="sådant"/><SP WIDTH="14" VPOS="467" HPOS="529"/>
							<String ID="string_76" HPOS="543" VPOS="467" WIDTH="140" HEIGHT="26" WC="0.96" CONTENT="förhållande,"/><SP WIDTH="16" VPOS="467" HPOS="683"/>
							<String ID="string_77" HPOS="699" VPOS="469" WIDTH="61" HEIGHT="24" WC="0.96" CONTENT="säges"/><SP WIDTH="13" VPOS="469" HPOS="760"/>
							<String ID="string_78" HPOS="773" VPOS="467" WIDTH="8" HEIGHT="21" WC="0.96" CONTENT="i"/><SP WIDTH="10" VPOS="467" HPOS="781"/>
							<String ID="string_79" HPOS="791" VPOS="467" WIDTH="125" HEIGHT="27" WC="0.96" CONTENT="uttalandet,"/><SP WIDTH="11" VPOS="467" HPOS="916"/>
							<String ID="string_80" HPOS="927" VPOS="467" WIDTH="68" HEIGHT="22" WC="0.96" CONTENT="skulle"/>
						</TextLine>
						<TextLine ID="line_10" HPOS="234" VPOS="501" WIDTH="762" HEIGHT="28">
							<String ID="string_81" HPOS="234" VPOS="501" WIDTH="36" HEIGHT="22" WC="0.96" CONTENT="väl"/><SP WIDTH="24" VPOS="501" HPOS="270"/>
							<String ID="string_82" HPOS="294" VPOS="501" WIDTH="144" HEIGHT="28" WC="0.89" CONTENT="Björneborgs"/><SP WIDTH="27" VPOS="501" HPOS="438"/>
							<String ID="string_83" HPOS="465" VPOS="502" WIDTH="89" HEIGHT="27" WC="0.89" CONTENT="jernväg"/><SP WIDTH="25" VPOS="502" HPOS="554"/>
							<String ID="string_84" HPOS="579" VPOS="501" WIDTH="108" HEIGHT="28" WC="0.96" CONTENT="knappast"/><SP WIDTH="26" VPOS="501" HPOS="687"/>
							<String ID="string_85" HPOS="713" VPOS="501" WIDTH="66" HEIGHT="22" WC="0.95" CONTENT="hinna"/><SP WIDTH="24" VPOS="501" HPOS="779"/>
							<String ID="string_86" HPOS="803" VPOS="501" WIDTH="68" HEIGHT="22" WC="0.89" CONTENT="under"/><SP WIDTH="25" VPOS="501" HPOS="871"/>
							<String ID="string_87" HPOS="896" VPOS="501" WIDTH="100" HEIGHT="22" WC="0.90" CONTENT="trienniet"/>
						</TextLine>
						<TextLine ID="line_11" HPOS="236" VPOS="535" WIDTH="759" HEIGHT="28">
							<String ID="string_88" HPOS="236" VPOS="537" WIDTH="150" HEIGHT="21" WC="0.90" CONTENT="1888—1890"/><SP WIDTH="26" VPOS="537" HPOS="386"/>
							<String ID="string_89" HPOS="412" VPOS="535" WIDTH="105" HEIGHT="28" WC="0.96" CONTENT="påbörjas,"/><SP WIDTH="26" VPOS="535" HPOS="517"/>
							<String ID="string_90" HPOS="543" VPOS="542" WIDTH="48" HEIGHT="15" WC="0.96" CONTENT="men"/><SP WIDTH="26" VPOS="542" HPOS="591"/>
							<String ID="string_91" HPOS="617" VPOS="542" WIDTH="51" HEIGHT="15" WC="0.95" CONTENT="vore"/><SP WIDTH="25" VPOS="542" HPOS="668"/>
							<String ID="string_92" HPOS="693" VPOS="535" WIDTH="55" HEIGHT="22" WC="0.90" CONTENT="dock"/><SP WIDTH="25" VPOS="535" HPOS="748"/>
							<String ID="string_93" HPOS="773" VPOS="535" WIDTH="106" HEIGHT="22" WC="0.90" CONTENT="vissheten"/><SP WIDTH="25" VPOS="535" HPOS="879"/>
							<String ID="string_94" HPOS="904" VPOS="541" WIDTH="34" HEIGHT="16" WC="0.95" CONTENT="om"/><SP WIDTH="25" VPOS="541" HPOS="938"/>
							<String ID="string_95" HPOS="963" VPOS="537" WIDTH="32" HEIGHT="20" WC="0.95" CONTENT="att"/>
						</TextLine>
						<TextLine ID="line_12" HPOS="235" VPOS="569" WIDTH="760" HEIGHT="29">
							<String ID="string_96" HPOS="235" VPOS="570" WIDTH="70" HEIGHT="22" WC="0.92" CONTENT="denna"/><SP WIDTH="19" VPOS="570" HPOS="305"/>
							<String ID="string_97" HPOS="324" VPOS="570" WIDTH="89" HEIGHT="28" WC="0.91" CONTENT="jernväg"/><SP WIDTH="22" VPOS="570" HPOS="413"/>
							<String ID="string_98" HPOS="435" VPOS="569" WIDTH="46" HEIGHT="23" WC="0.93" CONTENT="icke"/><SP WIDTH="22" VPOS="569" HPOS="481"/>
							<String ID="string_99" HPOS="503" VPOS="569" WIDTH="69" HEIGHT="23" WC="0.91" CONTENT="blefve"/><SP WIDTH="22" VPOS="569" HPOS="572"/>
							<String ID="string_100" HPOS="594" VPOS="569" WIDTH="130" HEIGHT="29" WC="0.96" CONTENT="uppskjuten"/><SP WIDTH="15" VPOS="569" HPOS="724"/>
							<String ID="string_101" HPOS="739" VPOS="569" WIDTH="33" HEIGHT="22" WC="0.96" CONTENT="till"/><SP WIDTH="16" VPOS="569" HPOS="772"/>
							<String ID="string_102" HPOS="788" VPOS="576" WIDTH="25" HEIGHT="16" WC="0.96" CONTENT="en"/><SP WIDTH="16" VPOS="576" HPOS="813"/>
							<String ID="string_103" HPOS="829" VPOS="569" WIDTH="111" HEIGHT="23" WC="0.96" CONTENT="obestämd"/><SP WIDTH="15" VPOS="569" HPOS="940"/>
							<String ID="string_104" HPOS="955" VPOS="569" WIDTH="40" HEIGHT="23" WC="0.96" CONTENT="och"/>
						</TextLine>
						<TextLine ID="line_13" HPOS="235" VPOS="604" WIDTH="760" HEIGHT="28">
							<String ID="string_105" HPOS="235" VPOS="604" WIDTH="93" HEIGHT="27" WC="0.91" CONTENT="aflägsen"/><SP WIDTH="15" VPOS="604" HPOS="328"/>
							<String ID="string_106" HPOS="343" VPOS="604" WIDTH="85" HEIGHT="22" WC="0.96" CONTENT="framtid"/><SP WIDTH="15" VPOS="604" HPOS="428"/>
							<String ID="string_107" HPOS="443" VPOS="610" WIDTH="26" HEIGHT="16" WC="0.96" CONTENT="en"/><SP WIDTH="15" VPOS="610" HPOS="469"/>
							<String ID="string_108" HPOS="484" VPOS="604" WIDTH="42" HEIGHT="27" WC="0.96" CONTENT="god"/><SP WIDTH="15" VPOS="604" HPOS="526"/>
							<String ID="string_109" HPOS="541" VPOS="606" WIDTH="56" HEIGHT="20" WC="0.96" CONTENT="tröst"/><SP WIDTH="14" VPOS="606" HPOS="597"/>
							<String ID="string_110" HPOS="611" VPOS="604" WIDTH="33" HEIGHT="22" WC="0.96" CONTENT="för"/><SP WIDTH="15" VPOS="604" HPOS="644"/>
							<String ID="string_111" HPOS="659" VPOS="604" WIDTH="144" HEIGHT="28" WC="0.96" CONTENT="Björneborgs"/><SP WIDTH="15" VPOS="604" HPOS="803"/>
							<String ID="string_112" HPOS="818" VPOS="604" WIDTH="48" HEIGHT="22" WC="0.96" CONTENT="stad"/><SP WIDTH="15" VPOS="604" HPOS="866"/>
							<String ID="string_113" HPOS="881" VPOS="604" WIDTH="39" HEIGHT="22" WC="0.93" CONTENT="och"/><SP WIDTH="15" VPOS="604" HPOS="920"/>
							<String ID="string_114" HPOS="935" VPOS="604" WIDTH="60" HEIGHT="22" WC="0.92" CONTENT="land-"/>
						</TextLine>
						<TextLine ID="line_14" HPOS="234" VPOS="638" WIDTH="761" HEIGHT="28">
							<String ID="string_115" HPOS="234" VPOS="638" WIDTH="78" HEIGHT="28" WC="0.95" CONTENT="skapet"/><SP WIDTH="22" VPOS="638" HPOS="312"/>
							<String ID="string_116" HPOS="334" VPOS="638" WIDTH="124" HEIGHT="25" WC="0.91" CONTENT="Satakunta,"/><SP WIDTH="23" VPOS="638" HPOS="458"/>
							<String ID="string_117" HPOS="481" VPOS="638" WIDTH="71" HEIGHT="22" WC="0.96" CONTENT="hvilka"/><SP WIDTH="20" VPOS="638" HPOS="552"/>
							<String ID="string_118" HPOS="572" VPOS="638" WIDTH="77" HEIGHT="22" WC="0.96" CONTENT="hittills"/><SP WIDTH="15" VPOS="638" HPOS="649"/>
							<String ID="string_119" HPOS="664" VPOS="638" WIDTH="41" HEIGHT="22" WC="0.96" CONTENT="fått"/><SP WIDTH="15" VPOS="638" HPOS="705"/>
							<String ID="string_120" HPOS="720" VPOS="639" WIDTH="34" HEIGHT="21" WC="0.96" CONTENT="stå"/><SP WIDTH="15" VPOS="639" HPOS="754"/>
							<String ID="string_121" HPOS="769" VPOS="638" WIDTH="89" HEIGHT="22" WC="0.96" CONTENT="tillbaka"/><SP WIDTH="15" VPOS="638" HPOS="858"/>
							<String ID="string_122" HPOS="873" VPOS="638" WIDTH="32" HEIGHT="22" WC="0.96" CONTENT="för"/><SP WIDTH="15" VPOS="638" HPOS="905"/>
							<String ID="string_123" HPOS="920" VPOS="639" WIDTH="7" HEIGHT="21" WC="0.93" CONTENT="i"/><SP WIDTH="15" VPOS="639" HPOS="927"/>
							<String ID="string_124" HPOS="942" VPOS="638" WIDTH="53" HEIGHT="22" WC="0.92" CONTENT="folk-"/>
						</TextLine>
						<TextLine ID="line_15" HPOS="234" VPOS="672" WIDTH="761" HEIGHT="28">
							<String ID="string_125" HPOS="234" VPOS="673" WIDTH="80" HEIGHT="27" WC="0.95" CONTENT="mängd"/><SP WIDTH="22" VPOS="673" HPOS="314"/>
							<String ID="string_126" HPOS="336" VPOS="674" WIDTH="55" HEIGHT="20" WC="0.96" CONTENT="samt"/><SP WIDTH="22" VPOS="674" HPOS="391"/>
							<String ID="string_127" HPOS="413" VPOS="672" WIDTH="7" HEIGHT="21" WC="0.96" CONTENT="i"/><SP WIDTH="23" VPOS="672" HPOS="420"/>
							<String ID="string_128" HPOS="443" VPOS="672" WIDTH="94" HEIGHT="22" WC="0.96" CONTENT="materiel"/><SP WIDTH="24" VPOS="672" HPOS="537"/>
							<String ID="string_129" HPOS="561" VPOS="672" WIDTH="39" HEIGHT="22" WC="0.96" CONTENT="och"/><SP WIDTH="23" VPOS="672" HPOS="600"/>
							<String ID="string_130" HPOS="623" VPOS="672" WIDTH="72" HEIGHT="28" WC="0.96" CONTENT="andlig"/><SP WIDTH="23" VPOS="672" HPOS="695"/>
							<String ID="string_131" HPOS="718" VPOS="672" WIDTH="121" HEIGHT="28" WC="0.95" CONTENT="utveckling"/><SP WIDTH="15" VPOS="672" HPOS="839"/>
							<String ID="string_132" HPOS="854" VPOS="672" WIDTH="141" HEIGHT="28" WC="0.96" CONTENT="underlägsna"/>
						</TextLine>
						<TextLine ID="line_16" HPOS="236" VPOS="706" WIDTH="216" HEIGHT="22">
							<String ID="string_133" HPOS="236" VPOS="708" WIDTH="58" HEIGHT="20" WC="0.96" CONTENT="orter"/><SP WIDTH="16" VPOS="708" HPOS="294"/>
							<String ID="string_134" HPOS="310" VPOS="706" WIDTH="39" HEIGHT="22" WC="0.96" CONTENT="och"/><SP WIDTH="15" VPOS="706" HPOS="349"/>
							<String ID="string_135" HPOS="364" VPOS="706" WIDTH="88" HEIGHT="22" WC="0.96" CONTENT="trakter."/>
						</TextLine>
					</TextBlock>
				</ComposedBlock>
				<ComposedBlock ID="cblock_2" HPOS="232" VPOS="877" WIDTH="765" HEIGHT="644">
					<TextBlock ID="block_2" HPOS="233" VPOS="877" WIDTH="764" HEIGHT="200">
						<TextLine ID="line_17" HPOS="304" VPOS="877" WIDTH="693" HEIGHT="28">
							<String ID="string_136" HPOS="304" VPOS="878" WIDTH="121" HEIGHT="22" WC="0.96" CONTENT="Utskottets"/><SP WIDTH="18" VPOS="878" HPOS="425"/>
							<String ID="string_137" HPOS="443" VPOS="878" WIDTH="96" HEIGHT="27" WC="0.96" CONTENT="uppdrag"/><SP WIDTH="15" VPOS="878" HPOS="539"/>
							<String ID="string_138" HPOS="554" VPOS="878" WIDTH="39" HEIGHT="21" WC="0.96" CONTENT="har"/><SP WIDTH="15" VPOS="878" HPOS="593"/>
							<String ID="string_139" HPOS="608" VPOS="878" WIDTH="7" HEIGHT="21" WC="0.96" CONTENT="i"/><SP WIDTH="16" VPOS="878" HPOS="615"/>
							<String ID="string_140" HPOS="631" VPOS="877" WIDTH="104" HEIGHT="28" WC="0.96" CONTENT="väsentlig"/><SP WIDTH="15" VPOS="877" HPOS="735"/>
							<String ID="string_141" HPOS="750" VPOS="878" WIDTH="53" HEIGHT="27" WC="0.93" CONTENT="grad"/><SP WIDTH="14" VPOS="878" HPOS="803"/>
							<String ID="string_142" HPOS="817" VPOS="879" WIDTH="142" HEIGHT="22" WC="0.93" CONTENT="underlättats"/><SP WIDTH="15" VPOS="879" HPOS="959"/>
							<String ID="string_143" HPOS="974" VPOS="879" WIDTH="23" HEIGHT="22" WC="0.96" CONTENT="af"/>
						</TextLine>
						<TextLine ID="line_18" HPOS="234" VPOS="911" WIDTH="760" HEIGHT="28">
							<String ID="string_144" HPOS="234" VPOS="912" WIDTH="42" HEIGHT="22" WC="0.95" CONTENT="den"/><SP WIDTH="14" VPOS="912" HPOS="276"/>
							<String ID="string_145" HPOS="290" VPOS="911" WIDTH="137" HEIGHT="28" WC="0.95" CONTENT="fullständiga"/><SP WIDTH="14" VPOS="911" HPOS="427"/>
							<String ID="string_146" HPOS="441" VPOS="912" WIDTH="116" HEIGHT="27" WC="0.96" CONTENT="beredning"/><SP WIDTH="15" VPOS="912" HPOS="557"/>
							<String ID="string_147" HPOS="572" VPOS="912" WIDTH="107" HEIGHT="22" WC="0.93" CONTENT="ärendena"/><SP WIDTH="15" VPOS="912" HPOS="679"/>
							<String ID="string_148" HPOS="694" VPOS="912" WIDTH="117" HEIGHT="27" WC="0.92" CONTENT="undergått"/><SP WIDTH="16" VPOS="912" HPOS="811"/>
							<String ID="string_149" HPOS="827" VPOS="913" WIDTH="39" HEIGHT="22" WC="0.96" CONTENT="och"/><SP WIDTH="15" VPOS="913" HPOS="866"/>
							<String ID="string_150" HPOS="881" VPOS="913" WIDTH="41" HEIGHT="22" WC="0.93" CONTENT="den"/><SP WIDTH="11" VPOS="913" HPOS="922"/>
							<String ID="string_151" HPOS="933" VPOS="913" WIDTH="61" HEIGHT="22" WC="0.91" CONTENT="moti-"/>
						</TextLine>
						<TextLine ID="line_19" HPOS="234" VPOS="946" WIDTH="761" HEIGHT="29">
							<String ID="string_152" HPOS="234" VPOS="947" WIDTH="80" HEIGHT="26" WC="0.91" CONTENT="vering,"/><SP WIDTH="16" VPOS="947" HPOS="314"/>
							<String ID="string_153" HPOS="330" VPOS="953" WIDTH="45" HEIGHT="15" WC="0.93" CONTENT="som"/><SP WIDTH="16" VPOS="953" HPOS="375"/>
							<String ID="string_154" HPOS="391" VPOS="947" WIDTH="118" HEIGHT="26" WC="0.92" CONTENT="förebragts"/><SP WIDTH="16" VPOS="947" HPOS="509"/>
							<String ID="string_155" HPOS="525" VPOS="947" WIDTH="7" HEIGHT="20" WC="0.96" CONTENT="i"/><SP WIDTH="15" VPOS="947" HPOS="532"/>
							<String ID="string_156" HPOS="547" VPOS="947" WIDTH="78" HEIGHT="27" WC="0.96" CONTENT="nådiga"/><SP WIDTH="15" VPOS="947" HPOS="625"/>
							<String ID="string_157" HPOS="640" VPOS="946" WIDTH="167" HEIGHT="28" WC="0.96" CONTENT="propositionen."/><SP WIDTH="17" VPOS="946" HPOS="807"/>
							<String ID="string_158" HPOS="824" VPOS="947" WIDTH="40" HEIGHT="22" WC="0.96" CONTENT="Till"/><SP WIDTH="15" VPOS="947" HPOS="864"/>
							<String ID="string_159" HPOS="879" VPOS="948" WIDTH="69" HEIGHT="27" WC="0.96" CONTENT="grund"/><SP WIDTH="14" VPOS="948" HPOS="948"/>
							<String ID="string_160" HPOS="962" VPOS="947" WIDTH="33" HEIGHT="22" WC="0.96" CONTENT="för"/>
						</TextLine>
						<TextLine ID="line_20" HPOS="234" VPOS="980" WIDTH="760" HEIGHT="28">
							<String ID="string_161" HPOS="234" VPOS="980" WIDTH="124" HEIGHT="23" WC="0.96" CONTENT="densamma"/><SP WIDTH="21" VPOS="980" HPOS="358"/>
							<String ID="string_162" HPOS="379" VPOS="981" WIDTH="56" HEIGHT="27" WC="0.93" CONTENT="ligga"/><SP WIDTH="22" VPOS="981" HPOS="435"/>
							<String ID="string_163" HPOS="457" VPOS="980" WIDTH="231" HEIGHT="23" WC="0.92" CONTENT="komitébetänkanden"/><SP WIDTH="23" VPOS="980" HPOS="688"/>
							<String ID="string_164" HPOS="711" VPOS="981" WIDTH="40" HEIGHT="22" WC="0.95" CONTENT="och"/><SP WIDTH="15" VPOS="981" HPOS="751"/>
							<String ID="string_165" HPOS="766" VPOS="981" WIDTH="98" HEIGHT="22" WC="0.93" CONTENT="tekniska"/><SP WIDTH="15" VPOS="981" HPOS="864"/>
							<String ID="string_166" HPOS="879" VPOS="982" WIDTH="115" HEIGHT="21" WC="0.92" CONTENT="undersök-"/>
						</TextLine>
						<TextLine ID="line_21" HPOS="233" VPOS="1014" WIDTH="762" HEIGHT="29">
							<String ID="string_167" HPOS="233" VPOS="1014" WIDTH="83" HEIGHT="28" WC="0.96" CONTENT="ningar,"/><SP WIDTH="23" VPOS="1014" HPOS="316"/>
							<String ID="string_168" HPOS="339" VPOS="1014" WIDTH="72" HEIGHT="23" WC="0.96" CONTENT="hvilka"/><SP WIDTH="22" VPOS="1014" HPOS="411"/>
							<String ID="string_169" HPOS="433" VPOS="1021" WIDTH="74" HEIGHT="16" WC="0.96" CONTENT="senare"/><SP WIDTH="23" VPOS="1021" HPOS="507"/>
							<String ID="string_170" HPOS="530" VPOS="1015" WIDTH="129" HEIGHT="27" WC="0.93" CONTENT="möjliggjort"/><SP WIDTH="22" VPOS="1015" HPOS="659"/>
							<String ID="string_171" HPOS="681" VPOS="1015" WIDTH="160" HEIGHT="28" WC="0.91" CONTENT="uppställandet"/><SP WIDTH="18" VPOS="1015" HPOS="841"/>
							<String ID="string_172" HPOS="859" VPOS="1015" WIDTH="22" HEIGHT="22" WC="0.96" CONTENT="af"/><SP WIDTH="14" VPOS="1015" HPOS="881"/>
							<String ID="string_173" HPOS="895" VPOS="1022" WIDTH="25" HEIGHT="15" WC="0.96" CONTENT="en"/><SP WIDTH="16" VPOS="1022" HPOS="920"/>
							<String ID="string_174" HPOS="936" VPOS="1015" WIDTH="59" HEIGHT="23" WC="0.96" CONTENT="tablå"/>
						</TextLine>
						<TextLine ID="line_22" HPOS="234" VPOS="1049" WIDTH="629" HEIGHT="28">
							<String ID="string_175" HPOS="234" VPOS="1049" WIDTH="59" HEIGHT="22" WC="0.96" CONTENT="öfver"/><SP WIDTH="14" VPOS="1049" HPOS="293"/>
							<String ID="string_176" HPOS="307" VPOS="1049" WIDTH="144" HEIGHT="22" WC="0.96" CONTENT="kostnaderna"/><SP WIDTH="14" VPOS="1049" HPOS="451"/>
							<String ID="string_177" HPOS="465" VPOS="1049" WIDTH="34" HEIGHT="22" WC="0.96" CONTENT="för"/><SP WIDTH="15" VPOS="1049" HPOS="499"/>
							<String ID="string_178" HPOS="514" VPOS="1049" WIDTH="25" HEIGHT="22" WC="0.96" CONTENT="de"/><SP WIDTH="16" VPOS="1049" HPOS="539"/>
							<String ID="string_179" HPOS="555" VPOS="1049" WIDTH="69" HEIGHT="22" WC="0.92" CONTENT="skilda"/><SP WIDTH="15" VPOS="1049" HPOS="624"/>
							<String ID="string_180" HPOS="639" VPOS="1049" WIDTH="224" HEIGHT="28" WC="0.92" CONTENT="bansträckningarne."/>
						</TextLine>
					</TextBlock>
					<TextBlock ID="block_3" HPOS="232" VPOS="1084" WIDTH="763" HEIGHT="198">
						<TextLine ID="line_23" HPOS="303" VPOS="1084" WIDTH="692" HEIGHT="28">
							<String ID="string_181" HPOS="303" VPOS="1084" WIDTH="47" HEIGHT="21" WC="0.95" CONTENT="Den"/><SP WIDTH="22" VPOS="1084" HPOS="350"/>
							<String ID="string_182" HPOS="372" VPOS="1084" WIDTH="77" HEIGHT="27" WC="0.95" CONTENT="nådiga"/><SP WIDTH="22" VPOS="1084" HPOS="449"/>
							<String ID="string_183" HPOS="471" VPOS="1084" WIDTH="158" HEIGHT="27" WC="0.96" CONTENT="propositionen"/><SP WIDTH="24" VPOS="1084" HPOS="629"/>
							<String ID="string_184" HPOS="653" VPOS="1084" WIDTH="102" HEIGHT="22" WC="0.96" CONTENT="omfattar"/><SP WIDTH="19" VPOS="1084" HPOS="755"/>
							<String ID="string_185" HPOS="774" VPOS="1086" WIDTH="33" HEIGHT="20" WC="0.96" CONTENT="tre"/><SP WIDTH="14" VPOS="1086" HPOS="807"/>
							<String ID="string_186" HPOS="821" VPOS="1084" WIDTH="104" HEIGHT="23" WC="0.93" CONTENT="särskilda"/><SP WIDTH="13" VPOS="1084" HPOS="925"/>
							<String ID="string_187" HPOS="938" VPOS="1085" WIDTH="57" HEIGHT="27" WC="0.90" CONTENT="jern-"/>
						</TextLine>
						<TextLine ID="line_24" HPOS="233" VPOS="1117" WIDTH="762" HEIGHT="28">
							<String ID="string_188" HPOS="233" VPOS="1117" WIDTH="211" HEIGHT="28" WC="0.92" CONTENT="vägsanläggningar,"/><SP WIDTH="23" VPOS="1117" HPOS="444"/>
							<String ID="string_189" HPOS="467" VPOS="1118" WIDTH="105" HEIGHT="27" WC="0.96" CONTENT="nämligen"/><SP WIDTH="23" VPOS="1118" HPOS="572"/>
							<String ID="string_190" HPOS="595" VPOS="1118" WIDTH="123" HEIGHT="22" WC="0.96" CONTENT="utförandet"/><SP WIDTH="22" VPOS="1118" HPOS="718"/>
							<String ID="string_191" HPOS="740" VPOS="1118" WIDTH="23" HEIGHT="22" WC="0.96" CONTENT="af"/><SP WIDTH="20" VPOS="1118" HPOS="763"/>
							<String ID="string_192" HPOS="783" VPOS="1125" WIDTH="26" HEIGHT="15" WC="0.93" CONTENT="en"/><SP WIDTH="15" VPOS="1125" HPOS="809"/>
							<String ID="string_193" HPOS="824" VPOS="1119" WIDTH="91" HEIGHT="22" WC="0.90" CONTENT="Karelsk"/><SP WIDTH="16" VPOS="1119" HPOS="915"/>
							<String ID="string_194" HPOS="931" VPOS="1121" WIDTH="64" HEIGHT="20" WC="0.92" CONTENT="stam-"/>
						</TextLine>
						<TextLine ID="line_25" HPOS="232" VPOS="1152" WIDTH="763" HEIGHT="29">
							<String ID="string_195" HPOS="232" VPOS="1152" WIDTH="58" HEIGHT="22" WC="0.96" CONTENT="bana"/><SP WIDTH="22" VPOS="1152" HPOS="290"/>
							<String ID="string_196" HPOS="312" VPOS="1152" WIDTH="47" HEIGHT="22" WC="0.93" CONTENT="från"/><SP WIDTH="18" VPOS="1152" HPOS="359"/>
							<String ID="string_197" HPOS="377" VPOS="1152" WIDTH="88" HEIGHT="27" WC="0.93" CONTENT="Wiborg"/><SP WIDTH="14" VPOS="1152" HPOS="465"/>
							<String ID="string_198" HPOS="479" VPOS="1159" WIDTH="76" HEIGHT="21" WC="0.93" CONTENT="genom"/><SP WIDTH="15" VPOS="1159" HPOS="555"/>
							<String ID="string_199" HPOS="570" VPOS="1152" WIDTH="117" HEIGHT="23" WC="0.92" CONTENT="Sordavala"/><SP WIDTH="16" VPOS="1152" HPOS="687"/>
							<String ID="string_200" HPOS="703" VPOS="1153" WIDTH="32" HEIGHT="21" WC="0.96" CONTENT="till"/><SP WIDTH="16" VPOS="1153" HPOS="735"/>
							<String ID="string_201" HPOS="751" VPOS="1153" WIDTH="100" HEIGHT="26" WC="0.96" CONTENT="Joensuu,"/><SP WIDTH="16" VPOS="1153" HPOS="851"/>
							<String ID="string_202" HPOS="867" VPOS="1160" WIDTH="26" HEIGHT="15" WC="0.93" CONTENT="en"/><SP WIDTH="13" VPOS="1160" HPOS="893"/>
							<String ID="string_203" HPOS="906" VPOS="1154" WIDTH="89" HEIGHT="27" WC="0.91" CONTENT="jernväg"/>
						</TextLine>
						<TextLine ID="line_26" HPOS="232" VPOS="1186" WIDTH="762" HEIGHT="24">
							<String ID="string_204" HPOS="232" VPOS="1186" WIDTH="49" HEIGHT="22" WC="0.96" CONTENT="från"/><SP WIDTH="15" VPOS="1186" HPOS="281"/>
							<String ID="string_205" HPOS="296" VPOS="1186" WIDTH="72" HEIGHT="22" WC="0.96" CONTENT="Kotka"/><SP WIDTH="15" VPOS="1186" HPOS="368"/>
							<String ID="string_206" HPOS="383" VPOS="1187" WIDTH="49" HEIGHT="21" WC="0.96" CONTENT="stad"/><SP WIDTH="8" VPOS="1187" HPOS="432"/>
							<String ID="string_207" HPOS="440" VPOS="1187" WIDTH="39" HEIGHT="21" WC="0.96" CONTENT="och"/><SP WIDTH="11" VPOS="1187" HPOS="479"/>
							<String ID="string_208" HPOS="490" VPOS="1187" WIDTH="64" HEIGHT="21" WC="0.96" CONTENT="hamn"/><SP WIDTH="11" VPOS="1187" HPOS="554"/>
							<String ID="string_209" HPOS="565" VPOS="1187" WIDTH="32" HEIGHT="21" WC="0.96" CONTENT="till"/><SP WIDTH="11" VPOS="1187" HPOS="597"/>
							<String ID="string_210" HPOS="608" VPOS="1187" WIDTH="98" HEIGHT="22" WC="0.96" CONTENT="Kouvola"/><SP WIDTH="11" VPOS="1187" HPOS="706"/>
							<String ID="string_211" HPOS="717" VPOS="1187" WIDTH="79" HEIGHT="22" WC="0.96" CONTENT="station"/><SP WIDTH="11" VPOS="1187" HPOS="796"/>
							<String ID="string_212" HPOS="807" VPOS="1188" WIDTH="35" HEIGHT="21" WC="0.93" CONTENT="vid"/><SP WIDTH="10" VPOS="1188" HPOS="842"/>
							<String ID="string_213" HPOS="852" VPOS="1188" WIDTH="142" HEIGHT="22" WC="0.87" CONTENT="Riihimäki—"/>
						</TextLine>
						<TextLine ID="line_27" HPOS="233" VPOS="1220" WIDTH="762" HEIGHT="30">
							<String ID="string_214" HPOS="233" VPOS="1220" WIDTH="33" HEIGHT="22" WC="0.95" CONTENT="S:t"/><SP WIDTH="22" VPOS="1220" HPOS="266"/>
							<String ID="string_215" HPOS="288" VPOS="1220" WIDTH="130" HEIGHT="28" WC="0.92" CONTENT="Petersburg"/><SP WIDTH="20" VPOS="1220" HPOS="418"/>
							<String ID="string_216" HPOS="438" VPOS="1221" WIDTH="94" HEIGHT="27" WC="0.91" CONTENT="jernväg,"/><SP WIDTH="15" VPOS="1221" HPOS="532"/>
							<String ID="string_217" HPOS="547" VPOS="1223" WIDTH="56" HEIGHT="20" WC="0.93" CONTENT="samt"/><SP WIDTH="15" VPOS="1223" HPOS="603"/>
							<String ID="string_218" HPOS="618" VPOS="1222" WIDTH="162" HEIGHT="21" WC="0.92" CONTENT="utsträckandet"/><SP WIDTH="15" VPOS="1222" HPOS="780"/>
							<String ID="string_219" HPOS="795" VPOS="1222" WIDTH="22" HEIGHT="21" WC="0.96" CONTENT="af"/><SP WIDTH="12" VPOS="1222" HPOS="817"/>
							<String ID="string_220" HPOS="829" VPOS="1222" WIDTH="65" HEIGHT="22" WC="0.92" CONTENT="Wasa"/><SP WIDTH="12" VPOS="1222" HPOS="894"/>
							<String ID="string_221" HPOS="906" VPOS="1222" WIDTH="89" HEIGHT="28" WC="0.91" CONTENT="jernväg"/>
						</TextLine>
						<TextLine ID="line_28" HPOS="232" VPOS="1254" WIDTH="309" HEIGHT="28">
							<String ID="string_222" HPOS="232" VPOS="1254" WIDTH="34" HEIGHT="22" WC="0.93" CONTENT="till"/><SP WIDTH="16" VPOS="1254" HPOS="266"/>
							<String ID="string_223" HPOS="282" VPOS="1255" WIDTH="144" HEIGHT="22" WC="0.91" CONTENT="Nikolaistads"/><SP WIDTH="15" VPOS="1255" HPOS="426"/>
							<String ID="string_224" HPOS="441" VPOS="1256" WIDTH="100" HEIGHT="26" WC="0.92" CONTENT="packhus."/>
						</TextLine>
					</TextBlock>
					<TextBlock ID="block_4" HPOS="232" VPOS="1289" WIDTH="763" HEIGHT="95">
						<TextLine ID="line_29" HPOS="304" VPOS="1289" WIDTH="691" HEIGHT="29">
							<String ID="string_225" HPOS="304" VPOS="1289" WIDTH="111" HEIGHT="23" WC="0.96" CONTENT="Utskottet"/><SP WIDTH="16" VPOS="1289" HPOS="415"/>
							<String ID="string_226" HPOS="431" VPOS="1289" WIDTH="35" HEIGHT="21" WC="0.93" CONTENT="vill"/><SP WIDTH="16" VPOS="1289" HPOS="466"/>
							<String ID="string_227" HPOS="482" VPOS="1292" WIDTH="93" HEIGHT="25" WC="0.92" CONTENT="upptaga"/><SP WIDTH="15" VPOS="1292" HPOS="575"/>
							<String ID="string_228" HPOS="590" VPOS="1290" WIDTH="61" HEIGHT="22" WC="0.93" CONTENT="dessa"/><SP WIDTH="13" VPOS="1290" HPOS="651"/>
							<String ID="string_229" HPOS="664" VPOS="1290" WIDTH="179" HEIGHT="27" WC="0.91" CONTENT="jernvägsförslag"/><SP WIDTH="11" VPOS="1290" HPOS="843"/>
							<String ID="string_230" HPOS="854" VPOS="1290" WIDTH="32" HEIGHT="22" WC="0.93" CONTENT="till"/><SP WIDTH="11" VPOS="1290" HPOS="886"/>
							<String ID="string_231" HPOS="897" VPOS="1290" WIDTH="98" HEIGHT="28" WC="0.91" CONTENT="pröfning"/>
						</TextLine>
						<TextLine ID="line_30" HPOS="232" VPOS="1323" WIDTH="763" HEIGHT="28">
							<String ID="string_232" HPOS="232" VPOS="1323" WIDTH="8" HEIGHT="21" WC="0.96" CONTENT="i"/><SP WIDTH="16" VPOS="1323" HPOS="240"/>
							<String ID="string_233" HPOS="256" VPOS="1330" WIDTH="81" HEIGHT="15" WC="0.96" CONTENT="samma"/><SP WIDTH="16" VPOS="1330" HPOS="337"/>
							<String ID="string_234" HPOS="353" VPOS="1324" WIDTH="95" HEIGHT="26" WC="0.96" CONTENT="ordning,"/><SP WIDTH="16" VPOS="1324" HPOS="448"/>
							<String ID="string_235" HPOS="464" VPOS="1330" WIDTH="47" HEIGHT="15" WC="0.96" CONTENT="men"/><SP WIDTH="16" VPOS="1330" HPOS="511"/>
							<String ID="string_236" HPOS="527" VPOS="1330" WIDTH="62" HEIGHT="16" WC="0.96" CONTENT="anser"/><SP WIDTH="14" VPOS="1330" HPOS="589"/>
							<String ID="string_237" HPOS="603" VPOS="1324" WIDTH="32" HEIGHT="27" WC="0.92" CONTENT="sig"/><SP WIDTH="16" VPOS="1324" HPOS="635"/>
							<String ID="string_238" HPOS="651" VPOS="1324" WIDTH="137" HEIGHT="22" WC="0.91" CONTENT="derförinnan"/><SP WIDTH="13" VPOS="1324" HPOS="788"/>
							<String ID="string_239" HPOS="801" VPOS="1324" WIDTH="53" HEIGHT="22" WC="0.93" CONTENT="böra"/><SP WIDTH="10" VPOS="1324" HPOS="854"/>
							<String ID="string_240" HPOS="864" VPOS="1324" WIDTH="131" HEIGHT="22" WC="0.91" CONTENT="förutskicka"/>
						</TextLine>
						<TextLine ID="line_31" HPOS="232" VPOS="1356" WIDTH="279" HEIGHT="28">
							<String ID="string_241" HPOS="232" VPOS="1356" WIDTH="94" HEIGHT="28" WC="0.96" CONTENT="följande"/><SP WIDTH="16" VPOS="1356" HPOS="326"/>
							<String ID="string_242" HPOS="342" VPOS="1358" WIDTH="169" HEIGHT="26" WC="0.96" CONTENT="anmärkningar."/>
						</TextLine>
					</TextBlock>
					<TextBlock ID="block_5" HPOS="232" VPOS="1391" WIDTH="763" HEIGHT="98">
						<TextLine ID="line_32" HPOS="303" VPOS="1391" WIDTH="691" HEIGHT="29">
							<String ID="string_243" HPOS="303" VPOS="1391" WIDTH="41" HEIGHT="22" WC="0.95" CONTENT="Vid"/><SP WIDTH="23" VPOS="1391" HPOS="344"/>
							<String ID="string_244" HPOS="367" VPOS="1391" WIDTH="154" HEIGHT="27" WC="0.95" CONTENT="behandlingen"/><SP WIDTH="20" VPOS="1391" HPOS="521"/>
							<String ID="string_245" HPOS="541" VPOS="1392" WIDTH="22" HEIGHT="22" WC="0.96" CONTENT="af"/><SP WIDTH="17" VPOS="1392" HPOS="563"/>
							<String ID="string_246" HPOS="580" VPOS="1392" WIDTH="101" HEIGHT="27" WC="0.96" CONTENT="förslaget"/><SP WIDTH="16" VPOS="1392" HPOS="681"/>
							<String ID="string_247" HPOS="697" VPOS="1399" WIDTH="36" HEIGHT="15" WC="0.93" CONTENT="om"/><SP WIDTH="13" VPOS="1399" HPOS="733"/>
							<String ID="string_248" HPOS="746" VPOS="1393" WIDTH="150" HEIGHT="27" WC="0.92" CONTENT="jernvägsspår"/><SP WIDTH="15" VPOS="1393" HPOS="896"/>
							<String ID="string_249" HPOS="911" VPOS="1392" WIDTH="32" HEIGHT="22" WC="0.93" CONTENT="till"/><SP WIDTH="15" VPOS="1392" HPOS="943"/>
							<String ID="string_250" HPOS="958" VPOS="1392" WIDTH="36" HEIGHT="22" WC="0.92" CONTENT="Ni-"/>
						</TextLine>
						<TextLine ID="line_33" HPOS="232" VPOS="1425" WIDTH="762" HEIGHT="28">
							<String ID="string_251" HPOS="232" VPOS="1425" WIDTH="119" HEIGHT="22" WC="0.91" CONTENT="kolaistads"/><SP WIDTH="15" VPOS="1425" HPOS="351"/>
							<String ID="string_252" HPOS="366" VPOS="1425" WIDTH="95" HEIGHT="27" WC="0.92" CONTENT="packhus"/><SP WIDTH="15" VPOS="1425" HPOS="461"/>
							<String ID="string_253" HPOS="476" VPOS="1426" WIDTH="39" HEIGHT="21" WC="0.96" CONTENT="har"/><SP WIDTH="14" VPOS="1426" HPOS="515"/>
							<String ID="string_254" HPOS="529" VPOS="1426" WIDTH="106" HEIGHT="22" WC="0.92" CONTENT="utskottet"/><SP WIDTH="16" VPOS="1426" HPOS="635"/>
							<String ID="string_255" HPOS="651" VPOS="1426" WIDTH="106" HEIGHT="27" WC="0.92" CONTENT="sjelffallet"/><SP WIDTH="15" VPOS="1426" HPOS="757"/>
							<String ID="string_256" HPOS="772" VPOS="1427" WIDTH="46" HEIGHT="22" WC="0.96" CONTENT="icke"/><SP WIDTH="12" VPOS="1427" HPOS="818"/>
							<String ID="string_257" HPOS="830" VPOS="1427" WIDTH="81" HEIGHT="22" WC="0.93" CONTENT="kunnat"/><SP WIDTH="10" VPOS="1427" HPOS="911"/>
							<String ID="string_258" HPOS="921" VPOS="1427" WIDTH="73" HEIGHT="22" WC="0.93" CONTENT="urakt-"/>
						</TextLine>
						<TextLine ID="line_34" HPOS="232" VPOS="1459" WIDTH="763" HEIGHT="30">
							<String ID="string_259" HPOS="232" VPOS="1459" WIDTH="47" HEIGHT="22" WC="0.46" CONTENT="låta"/><SP WIDTH="18" VPOS="1459" HPOS="279"/>
							<String ID="string_260" HPOS="297" VPOS="1461" WIDTH="32" HEIGHT="20" WC="0.96" CONTENT="att"/><SP WIDTH="16" VPOS="1461" HPOS="329"/>
							<String ID="string_261" HPOS="345" VPOS="1459" WIDTH="68" HEIGHT="22" WC="0.95" CONTENT="uttala"/><SP WIDTH="16" VPOS="1459" HPOS="413"/>
							<String ID="string_262" HPOS="429" VPOS="1460" WIDTH="31" HEIGHT="27" WC="0.96" CONTENT="sig"/><SP WIDTH="15" VPOS="1460" HPOS="460"/>
							<String ID="string_263" HPOS="475" VPOS="1466" WIDTH="34" HEIGHT="15" WC="0.97" CONTENT="om"/><SP WIDTH="16" VPOS="1466" HPOS="509"/>
							<String ID="string_264" HPOS="525" VPOS="1461" WIDTH="41" HEIGHT="21" WC="0.96" CONTENT="den"/><SP WIDTH="15" VPOS="1461" HPOS="566"/>
							<String ID="string_265" HPOS="581" VPOS="1461" WIDTH="24" HEIGHT="21" WC="0.96" CONTENT="af"/><SP WIDTH="12" VPOS="1461" HPOS="605"/>
							<String ID="string_266" HPOS="617" VPOS="1463" WIDTH="85" HEIGHT="20" WC="0.93" CONTENT="senaste"/><SP WIDTH="17" VPOS="1463" HPOS="702"/>
							<String ID="string_267" HPOS="719" VPOS="1461" WIDTH="92" HEIGHT="22" WC="0.93" CONTENT="Ständer"/><SP WIDTH="14" VPOS="1461" HPOS="811"/>
							<String ID="string_268" HPOS="825" VPOS="1461" WIDTH="124" HEIGHT="28" WC="0.93" CONTENT="ifrågasatta"/><SP WIDTH="14" VPOS="1461" HPOS="949"/>
							<String ID="string_269" HPOS="963" VPOS="1461" WIDTH="32" HEIGHT="22" WC="0.93" CONTENT="bi-"/>
						</TextLine>
					</TextBlock>
					<TextBlock ID="block_6" HPOS="305" VPOS="1499" WIDTH="399" HEIGHT="22">
						<TextLine ID="line_35" HPOS="305" VPOS="1499" WIDTH="399" HEIGHT="22">
							<String ID="string_270" HPOS="305" VPOS="1499" WIDTH="191" HEIGHT="22" WC="0.91" CONTENT="Jernvägsutskottets"/><SP WIDTH="14" VPOS="1499" HPOS="496"/>
							<String ID="string_271" HPOS="510" VPOS="1499" WIDTH="116" HEIGHT="19" WC="0.96" CONTENT="betänkande"/><SP WIDTH="13" VPOS="1499" HPOS="626"/>
							<String ID="string_272" HPOS="639" VPOS="1501" WIDTH="35" HEIGHT="18" WC="0.95" CONTENT="N:o"/><SP WIDTH="14" VPOS="1501" HPOS="674"/>
							<String ID="string_273" HPOS="688" VPOS="1502" WIDTH="16" HEIGHT="16" WC="0.96" CONTENT="1."/>
						</TextLine>
					</TextBlock>
				</ComposedBlock>
			</PrintSpace>
		</Page>
	</Layout>
</alto>
