1056 1725
303 132 20 23 U.
339 132 19 22 B.
376 144 25 3 —
417 132 56 28 Prop.
490 131 33 24 N:o
539 131 27 23 31.
769 133 26 21 45

134 194 43 21 Att
198 193 138 29 storslöjden
358 194 8 21 i
384 193 54 22 flere
454 193 127 22 afseenden
596 194 90 21 medför
701 194 123 29 egendom-

64 228 49 28 liga
128 227 168 26 förhällanden,
312 229 60 21 samt
391 230 35 19 att
441 228 135 21 densamma
591 228 76 22 säsom
681 228 77 22 bättre
773 228 51 22 ord-

64 262 48 21 nad
132 265 26 18 är
176 262 84 22 lättare
275 264 34 20 att
323 262 108 29 lagstifta
445 262 38 22 för
498 262 43 22 och
557 264 68 24 emot,
641 262 113 22 erkännes
769 270 54 22 nog.

66 296 54 22 Men
136 299 34 19 att
185 297 132 22 densamma
332 296 75 22 skulle
422 297 9 20 i
441 296 74 29 högre
525 297 58 28 grad
594 300 30 18 än
635 297 189 22 handtverkeriet

65 331 63 28 gjort
144 331 36 29 sig
194 331 96 29 förtjent
306 331 26 21 af
344 333 34 20 ett
393 331 97 29 specielt
505 331 152 22 inskridande
671 331 51 22 frän
733 331 90 30 lagstif-

65 367 82 20 tarens
169 365 50 22 sida
240 366 9 21 i
271 373 32 14 nu
326 365 161 29 föreliggande
507 365 138 28 hänseende,
661 365 42 22 har
714 366 43 29 jag
772 366 51 22 icke

65 398 90 23 kunnat
168 399 75 23 blifva
258 399 139 29 öfvertygad
412 407 47 20 om;
476 407 93 14 snarare
577 400 43 21 vill
632 400 42 29 jag
688 402 43 25 tro,
743 403 34 19 att
788 408 34 14 ar-

66 433 106 22 betarene
194 434 63 21 inom
279 433 222 23 handtverkerierna
523 434 9 21 i
553 435 87 28 mänga
661 433 42 22 fall
729 435 30 22 ha
784 435 39 21 det

65 467 54 22 vida
134 471 73 18 sämre
223 471 30 18 än
267 468 231 22 fabriksarbetarene.
529 468 36 29 Ty
579 468 40 21 det
635 471 25 18 är
673 476 96 15 numera
785 477 38 14 en-

66 501 52 22 dast
132 503 38 21 till
184 505 95 19 namnet
294 503 265 22 handtverksarbetaren
575 502 81 22 tillhör
671 503 152 29 arbetsgifva-

65 543 52 14 rens
140 537 143 28 (mästarens)
299 537 103 27 hushäll;
418 537 48 21 han
481 537 59 22 lider
555 537 27 21 af
595 537 46 21 alla
657 537 27 21 de
700 537 122 29 olägenhe-

66 572 42 26 ter,
130 578 49 15 som
201 571 57 29 följa
280 571 26 22 af
319 574 34 20 ett
367 571 110 28 internat,
493 574 58 19 utan
566 573 35 20 att
616 578 41 14 ens
671 572 150 22 närmelsevis

66 604 89 28 ätnjuta
177 605 28 22 de
226 606 108 28 fördelar,
355 613 49 15 som
419 606 75 21 under
509 606 131 28 förgängna
654 606 60 21 tider
728 606 93 22 kommo

67 638 67 23 dessa
155 640 105 22 arbetare
282 640 37 22 till
342 640 44 28 del,
409 640 30 22 dä
461 640 30 22 de
507 640 66 22 stodo
589 640 8 22 i
612 642 127 20 mästarens
761 640 59 22 kost.

64 672 110 24 Deremot
196 678 39 18 äro
258 674 34 28 de,
315 675 8 21 i
345 674 80 29 regeln
440 674 148 28 ätminstone,
603 674 8 22 i
627 674 112 22 afsaknad
755 674 26 22 af
794 674 28 22 de

64 708 98 22 relativa
183 708 102 22 fördelar
306 708 211 22 fabriksarbetaren
539 708 66 27 dock,
629 711 58 19 trots
703 709 42 21 allt
760 709 62 21 hvad

65 744 49 20 mot
128 742 57 22 hans
200 744 113 28 ställning
328 744 46 21 kan
390 743 100 27 anföras,
507 747 25 17 är
547 743 8 21 i
569 743 129 29 besittning
713 743 30 27 af,
758 746 16 18 t.
787 751 33 14 ex.

65 784 35 18 en,
116 784 37 15 om
168 778 43 22 ock
226 778 62 28 lång,
304 778 73 22 likväl
391 778 89 21 fixerad
496 777 119 28 arbetstid,
629 780 27 26 ty
665 777 63 22 inom
739 778 83 21 handt-

64 810 147 24 verkerierna
226 812 124 29 begränsas
366 812 135 22 densamma
516 812 72 22 oftast
603 812 26 21 af
641 819 55 14 rena
705 812 117 29 tillfällig-

64 844 66 23 heter
150 846 98 22 likasom
268 846 267 22 handtverksarbetaren
558 846 30 29 pä
607 846 24 21 fä
646 846 119 29 undantag
780 850 46 18 när

64 880 36 22 fär
115 881 120 29 tillbringa
250 882 36 21 sin
302 881 38 22 fri-
356 881 43 22 och
414 881 102 22 hvilotid
531 881 8 21 i
555 888 94 20 samma,
659 881 110 28 vanligen
781 881 42 22 allt

66 918 71 19 annat
158 920 31 17 än
210 915 148 30 inbjudande,
380 916 71 27 lokal,
474 915 95 22 hvarest
591 915 47 22 han
656 915 110 22 förrättar
781 915 41 22 sitt

65 950 85 22 arbete.
179 945 48 27 Äro
250 951 66 21 dossa
331 950 164 21 förhällanden
510 950 102 29 menliga
627 949 36 22 för
678 949 44 22 den
737 957 84 20 vuxne,

65 985 72 22 blifva
152 985 28 21 de
196 985 38 22 det
248 985 9 21 i
272 988 63 18 ännu
349 984 72 29 högre
437 984 58 29 grad
510 984 37 21 för
557 984 84 21 barnet
651 984 43 21 och
705 984 45 21 den
760 991 61 22 unge

64 1019 126 28 arbetaren,
213 1019 27 22 af
256 1019 80 22 hvilka
352 1018 185 29 arbetsgifvaren
551 1019 52 21 icke
619 1018 110 22 behöfver
744 1018 78 21 frukta

64 1054 100 28 mycken
193 1053 138 29 opposition,
357 1053 69 22 äfven
452 1060 38 15 om
516 1053 28 21 de
566 1053 127 22 behandlas
716 1053 59 20 efter
793 1059 29 16 en

64 1090 120 26 strängare
206 1088 74 28 regim
295 1091 30 18 än
340 1087 29 22 de
384 1087 70 22 äldre.
486 1087 49 22 Och
551 1087 29 22 dä
595 1094 54 15 man
664 1087 108 21 besinnar
787 1089 35 18 att

63 1121 9 22 i
81 1121 55 22 flere
151 1122 241 28 handtverksmässigt
406 1121 79 22 drifna
507 1121 76 29 yrken
605 1120 141 23 arbetstiden
770 1120 51 21 icke

63 1156 69 22 faller
153 1156 64 22 inom
239 1156 29 22 de
290 1160 95 26 gränser
401 1164 56 14 man
472 1156 9 21 i
497 1156 127 22 allmänhet
638 1163 71 21 gerna
723 1155 43 21 vill
782 1162 39 14 an-

64 1192 55 27 taga
141 1191 75 21 såsom
235 1191 59 21 mått
312 1191 37 21 för
364 1190 165 29 arbetsdagens
544 1190 79 29 längd,
639 1192 56 20 utan
710 1188 42 30 går
767 1189 54 21 vida

65 1224 138 28 derutöfver,
216 1225 32 29 ja,
264 1227 34 20 att
312 1226 74 28 yrken
401 1225 83 27 finnas,
493 1225 66 21 hvari
571 1225 120 21 arbetaren
701 1224 120 28 sysselsät-

64 1262 34 18 tes
114 1259 61 22 ända
190 1260 37 21 till
243 1261 27 21 18
288 1260 92 21 timmar
396 1267 37 14 om
449 1259 83 29 dagen,
548 1266 29 14 en
593 1258 118 28 arbetstid,
728 1266 48 14 som
793 1265 28 14 en

64 1294 59 22 hvar
144 1294 74 22 måste
240 1294 118 29 medgifva
380 1301 57 14 vara
460 1294 103 25 abnorm,
583 1293 44 22 och
642 1293 29 21 då
687 1293 38 21 det
740 1292 81 21 vidare

64 1328 52 22 icke
134 1328 65 22 torde
214 1328 79 22 kunna
307 1329 92 28 påvisas
416 1330 35 19 att
465 1328 64 21 inom
545 1328 221 21 handtverkerierna
781 1325 39 22 nå-

65 1369 48 22 gon
135 1362 92 22 skilnad
248 1362 156 22 öfverhufvud
427 1362 76 21 skulle
525 1365 68 25 göras
612 1362 86 21 mellan
713 1361 28 21 de
757 1360 64 22 äldre

65 1396 43 22 och
131 1397 27 21 de
173 1404 74 22 yngre
263 1397 132 21 arbetarnes
410 1396 120 28 arbetstid,
546 1404 67 14 anser
625 1396 41 29 jag
681 1398 34 19 att
725 1403 32 14 nu
767 1394 54 22 ifrå-

64 1431 134 29 gavarande
213 1431 145 29 stadganden
376 1431 71 22 borde
462 1431 93 22 komma
571 1430 37 22 till
623 1430 150 29 tillämpning
787 1429 33 22 äf-

64 1473 46 14 ven
124 1466 64 21 inom
203 1465 121 22 desamma.

132 1506 199 18 Ekonomiutskottets
343 1506 122 18 betänkande
477 1506 36 18 N:o
526 1507 26 16 14.
