1056 1725
300 142 55 26 U.”B.
371 154 28 3 —
415 142 55 28 Prop.
487 142 34 22 N:o
537 141 35 23 34.
770 142 13 22 3

50 206 69 22 banan
141 205 34 22 till
197 204 99 22 Wasklot
317 204 128 28 hamnplats,
468 204 85 22 hvilken
576 204 60 28 fråga
655 204 7 22 i
678 205 40 21 den
733 206 78 26 nådiga

48 239 160 28 propositionen
231 239 61 21 äfven
314 241 98 20 närmare
434 238 87 28 utlagts.
551 238 79 22 Likaså
645 238 39 22 har
698 238 112 28 utskottet,

48 273 73 23 förrän
136 274 37 22 det
187 274 82 21 kunnat
284 273 68 22 uttala
367 273 32 28 sig
414 279 35 16 om
464 272 181 29 ordningsföljden
660 272 33 23 för
708 273 26 22 de
746 272 7 22 i
763 279 48 21 pro-

48 308 120 27 positionen
193 307 119 28 föreslagna
334 307 289 28 jernvägsanläggningarne,
645 307 108 22 äfvensom
776 314 34 15 om

50 342 41 22 den
105 342 39 27 tid,
163 342 58 22 inom
236 341 86 23 hvilken
338 342 25 21 de
377 341 68 22 borde
459 342 87 21 komma
561 341 33 22 till
608 341 119 28 utförande,
743 342 68 21 funnit

49 376 74 28 nödigt
138 378 34 21 att
186 378 51 25 taga
251 376 68 22 under
335 375 159 28 öfverläggning
509 376 61 21 äfven
581 376 42 21 den
633 376 7 21 i
650 376 160 28 propositionen

49 410 92 23 berörda
163 411 40 22 och
216 410 80 28 jemväl
310 417 28 15 nu
354 416 75 21 genom
445 410 51 21 flere
511 410 105 22 särskilda
630 411 115 26 petitioner
759 417 52 22 upp-

49 447 65 25 tagna
136 445 75 27 frågan
233 451 35 16 om
291 451 26 16 en
330 444 229 27 jernvägsförbindelse
575 444 78 22 mellan
668 445 142 27 Björneborgs

49 479 49 22 stad
113 479 40 22 och
168 479 70 27 någon
252 479 88 27 lämplig
354 478 68 28 punkt
433 478 22 21 af
463 472 347 29 Åbo—Tavastehus—Tammer-

49 513 44 22 fors
107 513 77 22 banan.
210 513 43 22 Det
267 513 39 21 har
321 513 106 27 nämligen
442 515 59 25 synts
517 513 112 27 utskottet,
645 515 32 20 att
691 513 120 22 Ständerna

50 547 105 27 svårligen
177 547 55 22 ville
241 546 55 23 fatta
310 547 108 22 definitiva
432 547 71 22 beslut
517 547 8 22 i
540 547 26 22 de
581 547 108 27 förelagda
701 547 108 27 jernvägs-

50 581 106 27 frägorna,
178 582 72 21 förrän
273 582 70 26 nägon
365 582 124 27 ytterligare
508 582 120 26 utredning,
644 584 27 19 än
687 582 40 21 den
742 588 46 16 som
803 582 7 20 i

50 616 77 27 nädiga
142 616 160 27 propositionen
316 615 116 28 framlagts,
451 616 111 27 angäende
577 616 78 22 nämda
669 616 36 21 vid
719 616 52 22 flera
785 615 25 22 ti-

50 650 72 27 digare
150 650 159 22 ständermöten
337 650 134 22 behandlade
496 650 161 28 jernvägsfräga
688 650 121 22 ästadkom-

49 684 56 26 mits,
128 684 41 22 och
190 684 80 22 hvarur
291 684 71 22 kunde
384 684 88 28 framgä,
495 685 105 21 huruvida
619 685 69 21 denna
703 684 60 28 fräga
777 684 33 22 för

49 718 132 22 närvarande
203 720 25 20 är
248 718 8 21 i
279 718 36 22 det
336 718 72 27 skede,
431 720 32 20 att
478 718 71 22 beslut
565 719 73 22 derom
653 719 71 21 kunde
739 718 69 22 fattas.

49 752 111 22 Utskottet
182 752 40 22 har
243 752 89 25 säledes,
348 752 53 22 efter
416 753 37 21 det
468 753 27 21 de
510 752 7 22 i
532 753 161 27 propositionen
707 752 33 22 till
754 752 55 22 utfö-

48 786 67 22 rande
125 786 121 28 föreslagna
254 786 150 28 jernvägarnes
412 786 123 28 sträckning
543 786 40 22 och
592 787 115 22 kostnader
715 786 94 22 behand-

48 820 42 22 lats
105 820 40 22 och
160 820 110 28 faststälts,
286 821 98 27 upptagit
399 820 41 22 den
455 827 16 15 s.
488 821 20 21 k.
528 816 161 37 Björneborgska
700 816 109 37 jernvägs-

48 854 74 28 frägan
137 854 7 22 i
159 854 49 23 hela
223 855 47 22 dess
286 855 55 22 vidd.

117 1026 171 22 Vidkommande
309 1026 54 22 först
384 1026 75 27 frägan
482 1032 34 16 om
539 1026 41 22 den
598 1026 105 22 Karelska
717 1026 92 23 stamba-

48 1066 52 16 nans
116 1060 129 27 sträckning,
265 1060 40 23 har
319 1061 84 27 mycket
418 1061 52 22 liten
486 1060 243 27 meningsskiljaktighet
743 1062 66 26 yppat

48 1095 32 26 sig
94 1094 58 22 inom
167 1095 111 26 utskottet,
294 1101 46 16 som
355 1095 49 22 med
419 1095 155 26 öfvervägande
589 1095 108 26 majoritet
710 1094 99 22 omfattat

48 1128 41 22 den
111 1129 8 20 i
138 1129 78 27 nädiga
230 1129 160 27 propositionen
405 1129 121 27 föreslagna
541 1129 71 21 linien.
643 1129 33 21 En
691 1128 118 22 kortfattad

47 1162 155 28 framställning
218 1163 40 22 och
272 1163 99 27 pröfning
386 1163 21 22 af
421 1163 26 22 de
463 1163 53 26 skäl,
533 1170 46 15 som
592 1162 81 22 anförts
683 1162 32 22 till
725 1162 84 22 förmån

47 1197 33 21 för
102 1197 27 21 de
151 1197 69 21 skilda
242 1197 181 27 sträckningarne,
442 1197 56 22 skall
513 1197 121 27 säkerligen
649 1203 51 15 vara
715 1196 94 28 tillfylles

47 1232 33 21 att
101 1230 133 28 ädagalägga
256 1231 118 22 företrädet
396 1231 23 22 af
438 1231 79 27 nädiga
540 1231 172 27 propositionens
730 1230 79 28 förslag

46 1264 87 23 framför
148 1264 42 22 alla
205 1265 73 22 andra.

115 1300 47 21 Den
185 1298 33 22 för
239 1300 158 26 undersökning
417 1299 22 22 af
453 1300 27 21 de
495 1299 138 22 ekonomiska
648 1298 161 22 förhällandena

46 1332 132 23 beträffande
192 1333 106 22 Karelska
312 1333 82 22 banans
409 1333 123 27 sträckning
547 1333 91 21 tillsatta
652 1332 94 22 komiten
761 1331 47 26 har,

46 1367 48 21 med
110 1367 108 27 undantag
234 1367 22 21 af
270 1373 26 16 en
311 1369 51 25 röst,
379 1374 45 14 som
440 1367 67 27 afgafs
523 1366 32 22 för
570 1367 93 21 Kämärä
678 1366 85 25 station,
777 1365 32 22 fö-

45 1401 87 27 reslagit
150 1400 88 28 Wiborg
254 1402 70 21 såsom
340 1401 161 27 utgångspunkt
515 1401 34 21 för
563 1400 76 22 banan.
671 1396 138 31 Öfverstyrel-

45 1441 38 16 sen
110 1434 34 23 för
168 1437 49 25 väg-
242 1435 40 22 och
310 1435 223 28 vattenbyggnaderna
564 1434 41 22 har
632 1434 119 22 sedermera
776 1433 32 22 uti

45 1469 118 22 affordradt
188 1469 144 27 underdånigt
360 1469 99 28 yttrande
489 1471 43 20 satt
559 1469 7 21 i
594 1468 60 27 fråga
683 1475 26 15 en
737 1473 70 16 annan

114 1508 191 23 Jernvägsutskottets
318 1509 117 17 betänkande
447 1509 38 18 N:o
498 1509 17 18 1.
