1056 1725
303 120 21 18 U.
336 120 24 18 B.
374 130 19 2 —
406 119 61 24 Prop.
479 119 38 19 N:o
529 120 29 18 41.
770 121 11 17 3

54 185 36 13 nen
113 178 112 26 föreslagna
243 178 52 20 tiden
314 178 31 19 för
360 178 143 25 emottagandet
518 178 21 19 af
552 178 104 26 frivillige,
672 185 47 13 vore
735 178 68 20 nödsa-

54 212 50 20 kade
122 215 30 17 att
168 212 144 26 jemförelsevis
330 212 47 26 läng
392 212 34 25 tid,
442 213 57 19 innan
515 213 35 19 sitt
565 212 76 20 inträde
657 212 33 20 vid
705 213 37 19 den
757 213 46 19 ifrä-

54 247 112 25 gavarande
186 247 71 19 kursen
276 247 6 19 i
298 246 135 25 kadettkären,
450 247 109 25 tjenstgöra
573 246 34 20 vid
622 249 113 23 trupperna.
765 247 38 20 Vid

54 282 69 19 sädant
141 281 123 20 förhällande
283 281 65 20 skulle
364 281 35 19 den
415 281 112 25 föreslagna
542 281 137 25 förändringen
695 284 47 17 utan
757 282 45 19 tvif-

54 316 32 19 vel
108 315 87 20 medföra
218 322 22 13 en
260 315 112 26 minskning
390 315 21 20 af
425 315 74 20 antalet
516 315 173 20 inträdessökande
708 318 50 17 samt
773 316 29 19 sä-

53 350 59 19 lunda
130 350 82 25 menligt
229 350 83 19 inverka
330 350 25 25 pä
374 350 35 19 den
424 350 58 19 äfven
497 350 48 25 eljes
561 350 80 25 knappa
655 350 108 25 tillgängen
778 351 25 24 pä

53 385 175 19 reservofficerare.

121 419 32 19 Då
174 419 75 19 antalet
264 419 95 25 frivillige
375 419 32 19 vid
425 419 23 19 de
467 419 68 19 aktiva
553 421 113 22 trupperna,
682 425 40 13 som
739 419 35 19 den
791 419 9 19 1

54 453 82 20 Januari
154 453 53 19 1884
222 453 87 25 uppgick
324 453 32 19 till
374 453 45 25 174,
435 453 33 19 vid
484 459 72 13 samma
571 453 28 19 tid
615 453 110 26 påföljande
741 456 29 17 tre
781 454 22 19 är

53 488 90 25 utgjorde
165 488 68 19 endast
254 488 113 25 respektive
390 489 33 24 44,
449 488 25 19 45
498 487 35 20 och
561 487 26 20 50
615 488 49 19 eller
689 488 82 19 sälunda
796 489 5 18 i

53 522 90 20 medeltal
166 522 43 19 icke
232 522 46 19 fullt
301 522 11 19 6
336 523 25 24 pä
379 522 68 25 hvarje
467 522 85 25 bataljon
571 524 50 17 samt
644 523 63 24 någon
730 523 72 25 ökning.

53 557 21 19 af
92 557 53 19 detta
164 557 53 19 antal
236 556 43 20 icke
298 556 62 20 heller
378 557 55 19 torde
448 563 47 13 vara
511 559 28 17 att
555 559 78 22 emotse,
649 563 59 19 synas
724 557 77 25 olägen-

52 591 81 20 beterna
152 591 22 19 af
190 591 33 19 det
238 591 111 19 nuvarande
369 594 93 22 systemet
484 591 42 19 icke
548 598 48 12 vara
618 591 21 19 af
660 592 63 24 någon
746 592 54 25 bety-

52 626 77 19 denhet.
160 626 58 19 Hvad
237 626 94 19 särskildt
346 626 91 19 beträffar
453 626 122 23 kavalleriet,
591 626 36 19 har
643 626 157 20 kavallerikomi-

51 661 32 18 tén
102 660 96 20 beräknat
216 660 24 19 de
259 660 95 25 frivillige
374 660 33 19 vid
426 660 96 20 hvardera
541 660 22 19 af
577 660 23 20 de
615 660 22 20 af
651 660 84 20 komiten
751 661 49 19 före-

52 694 68 26 slagna
138 697 136 23 regementena
292 694 31 20 till
339 694 67 20 endast
421 695 45 25 fyra
482 695 48 19 eller
545 697 29 17 ett
589 695 21 19 så
626 695 56 25 ringa
697 695 59 24 antal,
772 697 29 17 att

52 729 56 19 deras
131 729 145 25 undervisning,
300 729 58 19 äfven
380 736 29 12 om
432 730 23 18 de
474 730 76 18 inträda
569 730 26 24 på
613 729 53 20 olika
686 729 56 24 tider,
757 729 43 19 icke

52 763 58 19 borde
130 764 65 18 kunna
214 764 53 18 vålla
286 764 119 19 nämnvärda
423 764 130 24 svårigheter,
573 770 30 13 om
620 767 23 16 än
660 764 90 24 öfningar
765 764 35 19 och

52 798 130 24 tjenstgöring
204 798 33 19 vid
256 804 23 13 en
298 798 60 20 sådan
377 800 58 24 trupp
453 801 34 16 äro
507 798 21 20 af
539 798 144 25 jemförelsevis
698 798 102 19 invecklad

51 824 151 28 beskaffenhet.”
224 832 104 20 Utskottet
343 833 35 19 har
393 833 66 19 derför
473 832 43 20 icke
532 832 74 20 kunnat
621 832 6 19 i
643 832 53 19 detta
711 832 89 19 afseende

51 866 103 27 tillstyrka
176 869 36 18 den
235 868 71 25 nådiga
329 868 151 25 propositionen,
503 867 35 20 och
561 867 36 20 har
615 867 54 25 förty
689 867 9 26 &
717 867 42 19 från
775 873 25 13 nu

50 902 150 25 ifrågavarande
216 902 201 25 författningsförslag
433 902 121 19 utelemnats.

119 937 76 19 Härvid
217 937 55 19 torde
294 937 96 19 utskottet
412 937 49 18 dock
480 937 47 18 böra
546 936 110 25 framhålla,
676 938 29 17 att
723 936 24 19 de
761 938 40 17 mot

51 971 95 25 förslaget
160 971 68 26 gjorda
244 971 176 25 anmärkningarna
435 971 30 19 till
481 971 142 24 hufvudsaklig
639 971 30 18 del
685 971 64 18 skulle
760 971 38 18 för-

51 1005 41 20 lora
108 1006 29 18 sin
152 1005 100 26 giltighet,
268 1006 44 19 ifall
328 1005 105 20 detsamma
449 1005 132 20 modifierades
592 1005 80 25 derhän,
683 1007 29 17 att
722 1005 75 19 inträde

51 1040 62 19 såsom
133 1040 84 25 frivillig
236 1040 64 19 skulle
316 1040 20 19 få
351 1047 37 18 ega
402 1047 42 12 rum
459 1040 44 19 icke
517 1039 51 20 blott
583 1039 61 19 under
660 1039 87 20 Oktober
763 1039 35 20 och

51 1074 110 20 November
183 1075 97 24 månader,
300 1078 46 16 utan
366 1075 58 19 äfven
442 1075 63 24 någon
520 1080 62 13 annan
598 1073 29 20 tid
643 1073 21 20 af
677 1074 48 19 året.
756 1073 43 20 Men

51 1109 95 19 utskottet
168 1109 36 19 har
226 1109 44 19 icke
288 1109 81 19 tilltrott
387 1109 31 25 sig
437 1109 65 18 kunna
521 1108 74 25 afgöra,
614 1108 33 19 vid
667 1108 68 19 hvilka
750 1108 50 19 tider

50 1143 85 19 inträdet
154 1143 22 19 af
189 1143 96 25 frivillige
300 1143 74 19 medför
390 1143 69 19 minsta
475 1142 104 26 olägenhet
594 1142 31 20 för
639 1144 116 24 truppernas
771 1142 28 20 öf-

51 1178 69 25 ningar
142 1178 36 19 och
197 1178 140 25 undervisning
356 1178 6 18 i
381 1178 66 25 öfrigt,
467 1177 36 20 och
517 1177 43 19 med
575 1177 91 19 afseende
681 1177 92 25 derjemte
789 1177 11 19 å

50 1212 37 19 den
105 1212 121 26 begränsade
245 1212 35 25 tid,
296 1218 40 13 som
352 1212 47 19 stått
414 1212 31 19 till
461 1212 105 19 utskottets
581 1211 122 25 förfogande,
718 1211 36 19 har
770 1214 29 16 ut-

50 1246 74 20 skottet
143 1246 43 20 icke
206 1246 62 20 heller
287 1248 63 18 ansett
366 1247 30 25 sig
412 1248 46 18 böra
473 1246 105 25 uppehålla
593 1246 80 19 ärendet
688 1252 68 19 genom
771 1246 29 18 in-

50 1281 132 19 förskaffande
204 1281 22 19 af
246 1284 88 17 närmare
356 1281 105 25 utredning
482 1280 37 20 för
534 1280 79 26 frågans
631 1280 117 26 ytterligare
767 1280 33 20 be-

50 1315 101 26 handling.

119 1350 153 26 Uppställandet
294 1350 22 19 af
336 1350 60 19 finskt
415 1350 97 19 kavalleri
528 1349 97 25 påkallar,
641 1350 64 18 såsom
720 1349 57 19 äfven
793 1349 6 19 i

50 1384 36 20 den
105 1385 71 25 nådiga
191 1385 145 25 propositionen
352 1384 119 25 framhålles,
487 1390 24 13 en
526 1384 73 25 ökning
615 1384 21 19 af
650 1384 36 18 den
701 1384 6 18 i
727 1383 35 19 121
779 1383 20 26 8.

53 1418 22 20 V.
91 1419 22 19 L.
129 1419 104 19 faststälda
248 1420 68 18 aktiva
332 1418 173 20 fredsnumerären.

122 1454 192 22 Värnepligtsutskottets
326 1453 103 16 betänkande
443 1453 34 16 N:o
489 1453 12 16 2

829 1347 18 28 8
865 1347 42 21 121.
