1056 1725
302 114 24 24 U.
342 115 24 23 B.
381 127 28 5 —
425 115 66 30 Prop.
505 116 40 23 N:o
560 116 39 25 38.

334 464 212 29 Lagutskottets
562 465 169 24 betänkande
744 466 39 24 N:o
794 466 22 23 I7

265 499 6 23 i
290 498 116 29 anledning
423 498 28 23 af
463 499 82 29 nådiga
561 500 174 30 propositionen,
751 501 67 29 angå-

266 533 56 23 ende
332 533 86 29 lagfart
429 534 44 23 och
485 533 128 30 inteckning
625 534 28 23 af
661 535 86 23 enskild
758 535 61 30 jern-

265 569 43 28 väg
324 567 38 24 för
378 567 80 24 allmän
474 567 144 25 samfärdsel.

128 632 42 22 Vid
184 631 131 27 landtdagen
330 632 25 21 år
371 632 55 21 1872
439 632 108 22 förelades
557 632 120 23 Ständerna
687 633 75 29 nådigt
771 640 50 22 pro-

61 667 99 27 position,
176 666 147 22 innefattande
338 666 82 27 förslag
435 666 34 22 till
484 666 126 28 förordning
621 668 110 26 angående
742 669 78 21 under-

61 703 53 25 pant
136 702 7 20 i
160 700 255 28 jernvägsanläggningar
435 701 50 21 med
499 701 34 21 till
549 702 48 20 dem
612 701 95 22 hörande
722 702 43 22 fast
781 703 40 21 och

62 736 32 20 lös
114 736 110 26 egendom,
243 741 48 15 men
312 735 89 21 emedan
421 734 122 23 Ständerna
563 736 35 21 vid
618 742 81 16 samma
718 736 103 28 landtdag

62 770 88 21 beslutit
172 771 33 20 att
225 770 39 21 hos
283 769 59 21 Hans
362 769 121 27 Kejserliga
503 769 102 28 Majestät
624 771 7 21 i
651 771 171 27 underdänighet

63 804 91 27 anhälla,
170 806 33 20 att
217 804 116 27 lagförslag
348 804 111 27 angäende
473 804 166 27 grundvilkoren
654 806 35 20 vid
699 805 123 22 koncessio-

63 845 49 15 ners
131 839 120 27 beviljande
270 838 33 22 för
318 838 99 22 enskilda
429 838 186 31 jernvägsföretag
629 839 67 21 mätte
711 840 110 22 utarbetas

64 873 39 21 och
118 873 120 22 Ständerna
252 873 127 27 föreläggas,
395 873 78 27 ansägs
484 880 27 15 en
521 873 127 28 författning
659 874 6 21 i
675 873 148 23 förstnämnda

64 907 55 28 syfte
134 908 53 21 böra
201 907 85 22 komma
301 907 33 22 till
349 907 63 22 ständ
427 908 78 21 endast
519 907 7 22 i
541 908 153 27 sammanhang
709 909 49 21 med
771 908 53 22 eller

65 942 54 21 efter
134 948 26 15 en
176 942 58 27 dylik
248 942 182 27 koncessionslag;
446 942 88 21 hvarför
549 943 160 26 propositionen
725 943 23 21 af
762 943 61 21 Stän-

64 977 67 21 derna
150 976 104 27 afböjdes.
283 977 47 21 Den
350 977 14 20 3
384 976 105 21 Februari
509 977 56 21 1876
585 976 124 22 utfärdades
729 977 53 21 härä
797 976 28 28 pä

64 1011 156 22 administrativ
235 1013 40 25 väg
290 1017 26 15 en
332 1010 125 27 förordning
473 1011 110 27 angäende
598 1011 97 22 vilkoren
710 1011 33 21 för
758 1011 67 22 bevil-

63 1045 65 28 jande
147 1045 23 22 af
183 1045 126 22 koncession
324 1045 22 22 ät
362 1045 97 21 enskilde
475 1051 109 21 personer,
599 1045 64 28 bolag
678 1045 53 22 eller
745 1046 80 27 menig-

65 1080 61 21 heter
143 1080 34 21 till
192 1079 132 28 anläggande
340 1079 23 22 af
374 1079 90 27 jernväg
478 1080 8 21 i
501 1079 92 22 Finland
608 1081 55 20 samt
678 1079 56 22 hvad
749 1080 7 21 i
771 1080 55 21 afse-

66 1114 53 21 ende
139 1113 52 22 derä
210 1120 50 15 vore
281 1115 32 20 att
330 1114 107 27 iakttaga;
453 1114 149 22 innefattande
618 1115 69 20 denna
701 1114 126 27 förordning

66 1149 26 21 de
107 1149 166 27 bestämningar,
288 1155 52 20 som,
356 1149 67 27 enligt
437 1148 150 28 Regeringens
601 1148 62 28 äsigt,
686 1148 5 22 ä
706 1149 60 21 Hans
776 1148 50 28 Kej-

66 1183 78 27 serliga
167 1183 102 27 Majestät
291 1189 73 16 ensam
386 1183 126 27 ankomme;
536 1183 109 22 hvarefter
666 1183 34 21 till
722 1184 54 21 1877
792 1183 35 22 års

66 1218 103 27 landtdag
189 1217 54 27 ånyo
264 1217 62 22 afläts
345 1218 136 26 proposition
497 1218 48 21 med
561 1217 80 28 förslag
655 1217 34 22 till
703 1218 125 26 förordning

67 1252 109 26 angående
191 1252 123 27 inteckning
329 1252 7 21 i
352 1252 84 22 enskild
448 1252 97 27 jernväg.
571 1252 11 21 I
593 1253 71 21 svaret
674 1252 13 22 å
696 1251 133 22 sistnämnda

67 1286 133 27 proposition
222 1286 98 22 förmälte
342 1287 32 27 sig
396 1285 122 23 Ständerna
539 1286 48 22 dela
608 1286 40 22 den
663 1286 24 22 af
699 1285 130 28 föregående

68 1320 145 22 ständermöte
233 1321 96 21 uttalade
344 1320 62 28 åsigt,
422 1322 34 20 att
471 1327 28 15 en
513 1320 37 28 lag
565 1327 34 15 om
614 1320 123 27 inteckning
751 1320 9 21 i
771 1320 58 27 jern-

68 1356 66 26 vägar
153 1355 67 22 borde
239 1356 95 21 närmast
348 1355 87 21 ansluta
451 1355 34 27 sig
499 1355 34 21 till
548 1362 27 14 en
590 1354 122 28 ständerlag
727 1360 35 16 om
777 1354 53 22 kon-

68 1390 83 21 cession
170 1390 13 21 å
201 1390 72 26 dylika
287 1391 72 26 vägar,
375 1390 28 21 då
417 1390 78 21 endast
509 1396 28 14 en
552 1390 42 20 slik
609 1389 35 27 lag
658 1389 71 21 kunde
744 1388 29 28 på
787 1388 43 22 till-

68 1424 164 22 fredsställande
248 1425 42 21 sätt
305 1424 53 27 fylla
376 1424 27 21 de
418 1424 83 27 luckor,
516 1430 47 15 som
577 1423 132 22 förekomme
724 1423 8 22 i
745 1423 85 22 landets

137 1463 140 24 Lagutskottets
289 1463 117 19 betänkande
418 1464 38 18 N:o
469 1464 29 19 17.
