1056 1725
280 119 66 23 Ständ.
362 118 30 25 $v.
409 131 25 4 —
451 118 56 30 Prop.
523 118 32 24 N:o
571 118 34 24 36.
781 120 13 22 3

133 185 74 21 Ehuru
232 185 35 22 väl
289 184 173 22 beskaffenheten
484 185 23 21 af
528 185 93 21 enskildt
641 185 183 27 jernvägsföretag

62 220 51 22 med
133 220 100 21 afseende
249 219 13 21 å
276 220 38 21 det
333 220 87 21 dermed
436 219 102 22 förenade
557 219 110 27 offentliga
681 220 89 22 intresse
785 222 39 25 gör

64 255 36 21 det
115 254 137 27 nödvändigt,
266 256 33 20 att
312 254 140 26 Regeringen,
461 254 55 21 efter
532 254 37 21 det
583 253 98 22 tillstånd
696 254 33 21 till
739 254 84 27 jernvä-

63 295 51 21 gens
130 288 127 28 anläggning
272 288 106 28 beviljats,
390 288 55 22 skall
460 295 41 20 ega
510 288 128 27 befogenhet
648 289 32 21 att
690 288 133 22 beträffande

63 323 82 22 banans
160 323 138 27 begagnande
313 323 86 21 utfärda
413 323 56 21 vissa
485 322 141 27 föreskrifter,
639 329 51 15 anse
705 323 118 22 Ständerna

62 358 67 22 likväl
151 358 47 21 icke
220 363 112 21 omsorgen
352 363 35 16 om
402 357 78 30 allmän
497 357 89 27 ordning
602 357 39 22 och
657 357 100 22 säkerhet
772 358 52 21 ovil-

63 392 97 27 korligen
175 391 93 27 påkalla,
284 393 32 20 att
331 391 59 22 detta
405 391 118 27 Styrelsens
539 391 125 27 ingripande
673 391 55 22 skall
738 392 85 21 sträcka

64 427 32 26 sig
118 426 33 21 till
173 425 43 22 alla
238 426 26 21 de
283 426 6 21 i
305 426 172 26 propositionens
493 425 11 27 $
519 425 14 21 6
548 427 56 20 samt
618 425 73 28 längre
706 425 55 22 fram
776 427 7 21 i
798 425 23 28 $$

65 460 85 22 16—18
164 460 139 27 uppräknade
319 460 96 27 detaljer,
430 460 100 21 hvarföre
546 459 120 22 Ständerna
680 460 143 22 iförberörda

64 495 99 22 afseende
178 495 90 26 vidtagit
283 495 79 26 nödiga
377 495 114 26 ändringar
507 495 7 20 i
529 494 147 22 förstnämnda
691 494 18 27 8.

133 541 68 26 Äfven
221 545 55 22 efter
296 546 35 21 det
347 546 88 27 jernväg
450 545 71 22 blifvit
536 546 79 27 anlagd
630 545 39 22 och
685 547 89 25 öppnats
789 546 34 21 för

63 580 97 28 trafiken,
180 580 42 22 kan
242 581 158 27 expropriation
417 580 34 22 för
467 580 48 22 dess
531 581 91 26 räkning
636 580 66 22 blifva
717 580 106 22 erforder-

63 616 39 27 lig;
125 615 40 21 och
188 615 27 21 då
230 614 11 28 $
258 614 11 21 7
288 615 47 21 icke
357 615 48 21 med
427 615 66 27 nödig
507 614 107 28 tydlighet
628 614 194 28 vidhandengifver,

63 651 33 20 att
122 649 159 27 expropriation
306 649 79 27 jemväl
411 650 7 20 i
445 648 67 22 sådan
537 649 102 21 händelse
658 648 32 22 får
709 655 40 21 ega
768 655 54 21 rum,

62 684 70 26 hafva,
160 684 70 21 såsom
257 690 25 15 en
310 684 116 26 antydning
451 683 79 27 derom,
551 683 67 21 orden
640 683 7 21 i
669 683 68 21 andra
759 690 62 15 mom.

62 718 24 22 af
107 718 65 27 sagda
187 718 11 27 8
214 718 48 26 ,för
284 718 169 27 anlägeningen'*
472 717 83 27 utbytts
575 718 45 20 mot
635 734 5 10 ,
644 717 39 27 för
695 718 127 26 jernvägens

63 752 85 22 behof''.
166 764 25 2 —
208 751 34 22 Då
264 752 36 21 det
322 752 73 22 vidare
417 752 43 21 kan
483 751 93 27 inträffa,
599 752 40 21 och
652 752 78 26 jemväl
745 752 7 21 i
768 751 11 27 $
795 752 28 21 10

62 786 92 22 förutses
177 786 71 22 såsom
270 786 90 27 möjligt,
382 787 33 21 att
433 786 130 27 jernvägens
585 786 115 26 anläggare
714 786 69 22 tillika
798 788 25 18 är

63 827 63 21 egare
148 820 24 22 af
190 821 57 27 jord,
266 827 45 15 som
329 820 33 22 för
375 821 118 27 jernvägen
508 820 114 26 erfordras,
637 826 48 15 men
701 821 122 26 expropria-

63 856 45 21 tion
130 855 24 22 af
174 854 94 27 marken,
292 855 66 27 enligt
380 854 132 23 sistnämnda
527 854 18 27 $,
560 855 7 21 i
583 854 72 28 hvarje
675 854 37 22 fall
730 854 39 22 bör
785 855 38 22 ske

62 889 34 22 för
113 890 101 21 markens
234 889 128 27 afskiljande
377 890 54 21 samt
446 889 123 27 frigörande
583 889 48 21 från
646 889 122 28 inteckning
782 890 40 21 och

63 930 70 15 annan
156 923 51 21 derå
225 923 99 22 hvilande
339 925 50 25 rätt,
404 923 64 22 hafva
484 923 127 27 Ständerna,
627 923 87 22 emedan
730 923 92 22 bestäm-

62 958 51 27 ning
135 957 84 27 saknas,
240 958 55 21 huru
310 958 7 21 i
332 957 67 22 sådan
417 958 102 21 händelse
534 957 90 22 förfares
639 958 36 21 vid
689 958 35 21 val
739 958 22 21 af
775 960 48 19 vär-

63 993 142 26 deringsmän,
227 992 75 21 härom
324 993 8 20 i
354 999 62 15 mom.
432 993 14 20 2
461 992 23 21 af
497 991 12 28 $
525 992 12 21 7
553 992 98 27 upptagit
669 992 78 27 nödiga
765 992 58 22 före-

62 1026 94 21 skrifter.
182 1026 10 21 I
208 1033 81 19 samma
304 1032 64 16 mom.
383 1026 39 21 har
434 1026 79 27 jemväl
528 1025 77 22 införts
621 1027 110 26 anvisning
741 1026 81 27 derom,

62 1062 39 25 att,
116 1062 40 19 när
168 1060 114 27 jordegare
297 1061 98 21 tredskas
411 1061 32 21 att
458 1060 57 27 välja
527 1061 295 26 värderingsmän,.guvernö-

62 1101 38 16 ren
116 1095 7 21 i
138 1095 53 22 hans
212 1095 62 21 ställe
294 1095 39 21 bör
348 1094 28 28 pä
391 1094 100 22 anmälan
505 1096 49 20 utse
569 1094 88 22 sädana.
686 1095 31 26 Ty
732 1101 34 15 om
782 1095 40 21 ock

62 1129 150 22 motsvarande
226 1129 132 27 stadganden
374 1129 133 22 förekomma
522 1129 62 21 äfven
599 1129 7 21 i
619 1129 150 27 förordningen
781 1129 40 21 den

63 1164 27 21 12
112 1164 119 21 December
254 1164 56 21 1864
328 1170 34 15 om
375 1163 60 27 jords
451 1163 132 27 upplåtande
598 1164 33 21 för
646 1164 89 21 allmänt
750 1164 71 26 behof,

61 1199 43 21 kan
127 1198 65 22 likväl
214 1198 50 22 med
286 1198 47 22 skäl
348 1197 143 28 ifrägasättas,
507 1198 105 21 huruvida
627 1198 46 21 icke
687 1200 134 25 guvernören

61 1234 7 20 i
84 1233 26 21 de
132 1233 32 21 uti
184 1233 66 26 sagda
271 1232 124 28 förordning
412 1232 117 22 förutsatta
543 1232 39 22 fall
597 1232 84 22 utöfvar
696 1232 32 21 sin
743 1232 79 22 valrätt

62 1267 70 22 säsom
150 1266 80 22 ombud
248 1266 34 22 för
296 1266 256 28 sakegaren-statsverket
567 1266 40 22 och
622 1266 19 27 ej
657 1267 7 20 i
678 1266 106 27 egenskap
799 1265 23 22 af

62 1301 96 27 offentlig
177 1301 131 27 myndighet,
324 1301 84 22 hvadan
423 1303 104 19 utevaron
543 1301 23 21 af
579 1301 94 26 antydda
688 1300 110 22 föreskrift
813 1300 7 21 i

61 1336 155 27 författningen
231 1336 141 27 tilläfventyrs
387 1336 70 21 kunde
473 1335 56 22 välla
544 1335 115 22 osäkerhet
673 1335 34 21 vid
724 1335 47 21 dess
787 1334 34 22 til-

61 1370 115 28 lämpning.

131 1422 114 27 Uttrycket
268 1423 65 27 utan
356 1422 138 27 ersättning'',
513 1427 46 16 som
575 1420 119 23 Ständerna
708 1421 65 22 insatt
788 1421 32 21 uti
