1056 1725
317 137 19 23 U.
353 136 19 23 B.
389 149 24 3 —
431 136 54 29 Prop.
503 137 34 23 N:o
553 136 38 23 32.
792 137 13 21 3

77 200 137 26 registrering
230 200 24 20 af
267 200 89 25 märket,
375 199 66 27 jemte
457 200 36 20 det
518 200 71 20 staten
612 204 75 22 genom
710 200 124 21 utsättande

76 234 23 21 af
112 234 106 22 särskilda
234 234 62 21 straff
310 234 75 21 beredt
404 234 68 26 skydd
496 235 45 20 mot
564 233 120 27 kränkning
706 233 24 21 af
753 240 26 15 en
802 234 32 21 så-

77 268 65 22 lunda
156 269 122 22 förvärfvad
294 268 108 27 rättighet.
435 268 84 27 Frågan
535 268 39 21 har
590 268 121 21 tillerkänts
735 269 41 20 den
800 268 36 22 be-

78 304 88 26 tydelse,
182 305 32 20 att
230 304 124 21 densamma
370 303 69 21 blifvit
455 303 122 22 behandlad
600 303 27 26 pä
650 302 87 22 officielt
760 303 77 21 anord-

78 338 54 21 nade
148 338 168 26 mellanfolkliga
338 337 127 27 kongresser
489 337 40 22 och
544 337 68 27 gjorts
635 337 33 20 till
690 337 91 22 föremål
803 337 34 22 för

79 372 154 22 konventioner
248 374 96 20 staterna
360 372 96 21 emellan.
487 372 34 21 En
544 371 23 21 af
589 371 116 22 orsakerna
727 372 34 21 till
782 372 56 21 före-

79 408 93 21 varande
197 407 79 27 nådiga
300 406 144 27 propositions
467 406 162 27 framläggande
655 407 24 20 är
701 406 47 27 ock,
772 407 66 26 enligt

80 441 55 22 hvad
151 442 6 21 i
173 442 48 21 dess
237 441 126 27 motivering
379 441 96 27 antydes,
499 442 33 20 att
555 441 53 20 söka
622 441 7 20 i
645 441 40 20 den
709 441 130 27 omständig-

80 475 64 22 heten
160 477 32 20 att
208 476 124 27 ömsesidigt
347 475 68 27 skydd
430 475 33 21 för
478 475 145 21 varumärken
645 475 82 26 utgjort
749 475 90 22 föremål

82 509 33 22 för
130 510 88 27 fördrag
233 511 48 21 med
298 517 25 14 en
338 510 35 21 del
388 510 133 21 främmande
537 511 74 20 stater.
642 509 28 21 Så
693 509 148 27 anspråkslöst

82 543 48 22 vårt
144 545 62 21 lands
220 545 128 26 varuutbyte
364 546 27 19 än
406 546 24 19 är
445 544 8 21 i
466 544 123 27 jemförelse
609 544 48 21 med
679 544 68 21 andra
769 545 72 21 rikare

82 579 92 27 länders,
190 579 40 21 har
246 579 117 21 emellertid
382 579 102 21 behofvet
506 579 24 21 af
551 578 69 28 skydd
642 578 33 21 för
698 579 143 21 varumärken

83 614 61 21 äfven
160 614 39 21 hos
215 620 35 15 oss
265 613 57 28 gjort
336 614 32 26 sig
383 613 100 21 känbart.
513 613 85 22 Försök
613 614 33 20 att
660 619 76 21 genom
752 613 90 27 bedräg-

83 648 39 27 ligt
136 648 107 27 anbragta
258 648 141 21 varumärken
421 648 58 27 gifva
502 647 111 27 spridning
635 647 22 21 åt
679 648 164 21 efterhärmnin-

84 689 38 20 gar
137 682 23 22 af
174 682 68 22 finska
258 682 118 27 produkter
391 682 64 22 hafva
470 682 107 27 nämligen
594 684 35 24 egt
644 688 47 16 rum
707 682 59 22 såväl
776 683 7 21 i
793 682 50 22 Fin-

84 717 50 21 land
150 724 45 14 som
210 718 8 20 i
232 717 104 21 utlandet.

157 752 41 21 Vid
213 752 157 26 granskningen
386 752 22 20 af
422 752 37 21 det
474 758 77 20 genom
567 752 41 20 den
623 751 78 27 nådiga
715 752 129 26 propositio-

85 792 42 16 nen
142 786 121 21 Ständerna
278 786 110 26 förelagda
402 786 124 26 lagförslag,
543 786 40 21 har
601 786 105 21 utskottet
721 786 71 21 funnit
807 788 38 19 än-

86 821 86 26 dringar
187 821 7 20 i
210 821 118 21 detsamma
348 820 141 27 erforderliga
511 820 149 28 förnämligast
682 821 7 20 i
711 822 78 20 tvänne
813 820 32 22 af-

86 856 100 21 seenden.

159 890 74 21 Ehuru
248 889 161 28 registrering
402 885 14 36 i
433 889 118 22 allmänhet
573 890 87 27 stadgas
683 889 70 22 såsom
776 890 70 21 vilkor

86 924 34 21 för
136 925 126 26 åtnjutande
276 924 24 21 af
313 924 68 27 skydd
395 924 34 21 för
447 925 136 26 varumärke,
607 925 39 20 har
661 925 7 20 i
683 925 162 26 propositionen

88 959 55 21 dock
158 959 68 27 gjorts
241 959 109 26 undantag
364 959 135 21 beträffande
515 958 82 22 sådana
611 959 70 21 såsom
704 959 142 22 varumärken

88 993 98 22 använda
201 993 159 27 beteckningar,
377 999 45 16 som
437 995 90 25 utgöras
543 993 23 22 af
579 995 49 25 eget
643 1000 69 19 namn,
729 993 61 22 firma
805 994 40 21 och

89 1030 87 19 namnet
191 1028 13 21 å
220 1034 52 21 egen
281 1028 156 27 jordlägenhet,
449 1028 74 21 hvilka
533 1028 163 27 beteckningars
709 1028 138 27 begagnande

90 1064 82 20 ansetts
188 1069 50 14 vara
254 1069 26 14 en
296 1062 24 21 så
334 1063 94 26 naturlig
443 1064 51 25 rätt,
511 1064 33 20 att
559 1063 74 26 lagens
644 1063 67 27 skydd
727 1065 45 19 mot
787 1063 61 21 miss-

90 1097 56 21 bruk
162 1097 61 21 deraf
236 1097 50 21 bort
308 1097 95 26 åtnjutas
425 1099 53 19 utan
501 1097 144 27 registrering.
675 1097 75 27 Villigt
773 1097 75 22 erkän-

90 1132 76 26 nande,
182 1133 33 19 att
230 1131 75 27 frågan
322 1137 34 15 om
372 1131 68 27 skydd
455 1133 46 19 mot
519 1131 128 27 otillbörligt
665 1131 139 27 begagnande
827 1131 24 22 af

90 1172 82 15 annans
187 1172 64 14 namn
266 1166 52 21 eller
333 1166 62 20 firma
410 1166 7 20 i
432 1166 43 21 viss
491 1166 50 21 mån
557 1166 67 27 ligger
639 1168 59 19 utom
721 1166 128 27 lagstiftnin-

90 1207 41 21 gen
154 1200 90 21 rörande
260 1200 147 25 varumärken,
423 1200 40 21 har
479 1200 106 22 utskottet
601 1201 54 21 dock
673 1202 72 20 ansett
767 1203 38 23 att,
821 1201 28 21 då

90 1241 64 15 namn
170 1234 40 21 och
226 1234 61 22 firma
302 1235 109 21 användas
425 1235 8 21 i
448 1235 37 21 det
501 1235 91 26 speciela
607 1235 64 27 syftet
686 1236 33 20 att
734 1235 60 27 tjena
817 1236 32 20 så-

91 1276 45 14 som
152 1269 211 27 varubeteckningar,
380 1270 77 20 liksom
473 1269 40 21 ock
529 1269 28 21 då
572 1271 87 20 namnet
674 1269 13 22 å
702 1276 52 20 egen
767 1270 83 26 jordlä-

91 1304 79 26 genhet
184 1303 33 21 för
233 1304 59 21 detta
308 1303 99 21 ändamål
423 1304 116 26 begagnas,
556 1304 72 27 dylika
642 1304 208 27 varubeteckningar

92 1338 73 26 borde,
181 1338 6 20 i
204 1338 67 21 likhet
286 1338 48 21 med
350 1338 68 26 öfriga
433 1338 144 22 varumärken
592 1339 155 26 inregistreras,
769 1338 34 22 för
819 1340 32 20 att

92 1372 84 28 åtnjuta
191 1372 37 22 det
243 1373 105 21 särskilda
364 1373 75 27 skydd,
455 1379 46 15 som
517 1373 48 21 med
581 1373 144 27 föreliggande
736 1373 115 27 lagförslag

92 1407 63 21 afses.
186 1407 36 27 Ty,
239 1407 83 21 oafsedt
336 1409 33 19 att
385 1413 25 15 en
423 1407 124 27 jemförelse
567 1408 24 20 af
605 1408 145 26 stadgandena
765 1408 7 20 i
787 1414 63 15 mom.

92 1443 12 20 2
121 1442 23 21 af
163 1441 5 28 6
186 1443 9 19 1
214 1442 39 21 och
268 1448 62 15 mom.
348 1442 12 20 2
376 1442 7 21 i
398 1443 13 25 8
427 1443 13 20 4
455 1442 108 21 måhända
579 1443 70 20 kunde
669 1442 58 27 gifva
749 1449 46 15 rum
817 1443 34 21 för

92 1477 41 20 den
149 1476 97 27 tolkning
262 1478 32 19 att
309 1477 150 26 varumärken,
479 1477 74 20 hvilka
575 1477 108 22 innehålla
704 1477 77 22 endast
803 1478 48 26 eget

162 1515 187 18 Ekonomiutskottets
362 1516 117 17 betänkande
492 1517 37 17 N:o
543 1517 17 17 9.
