1056 1725
328 134 18 22 U.
363 133 19 23 B.
399 144 29 6 —
445 133 55 29 Prop.
517 133 32 23 N:o
566 133 27 23 31.
782 135 26 21 25

78 196 64 21 strin.
172 191 78 27 Äfven
272 196 43 21 här
334 199 25 18 är
376 195 60 22 dock
451 195 133 22 kontrollen
600 195 136 23 anförtrodd
753 196 24 22 åt
792 200 46 18 sär-

78 230 75 22 skilda
168 230 152 29 inspektörer.

146 264 294 29 Arbetarelagstiftningen
464 264 9 21 i
499 264 104 22 Schweitz
627 264 43 22 har
693 264 37 22 till
745 267 92 19 senaste

77 299 61 21 tider
158 299 62 22 varit
242 299 158 22 öfverlemnad
423 299 24 21 ät
470 299 29 21 de
521 299 76 21 skilda
620 299 145 22 kantonerna
784 299 53 22 med

77 333 45 22 den
144 333 89 30 påföljd
256 336 35 19 att
313 333 88 29 ganska
424 333 64 22 olika
511 333 145 28 stadganden
675 333 8 22 i
699 333 51 22 dem
776 334 62 21 varit

76 367 116 29 gällande.
223 367 76 22 Sedan
322 367 129 22 emellertid
475 367 167 22 edsförbundet
660 368 8 21 i
683 367 52 22 dess
758 368 79 21 helhet

77 402 126 29 ofvertagit
218 402 44 21 den
281 402 132 28 legislativa
428 404 78 19 rätten
521 402 7 21 i
545 401 64 22 detta
625 401 115 26 afseende,
763 401 72 23 hafva

76 444 84 21 genom
183 437 68 28 lagen
274 436 26 21 af
318 437 26 21 23
364 437 61 21 Mars
444 437 54 21 1877
515 443 171 22 gemensamma
702 437 43 21 och
761 437 74 21 delvis

76 471 88 28 ganska
180 471 138 28 ingripande
333 470 146 22 föreskrifter
497 472 63 20 trädt
575 471 8 20 i
598 470 69 22 kraft.
697 471 73 21 Dessa
786 471 49 22 afse

76 505 39 21 väl
131 505 81 22 endast
231 505 190 29 fabriksmässiga
443 505 174 28 handteringar,
641 512 52 14 men
708 505 127 22 inskränka

77 539 35 28 sig
134 539 51 22 icke
208 540 36 21 till
268 540 56 21 barn
347 539 43 22 och
413 539 162 29 minderärige,
599 542 57 19 utan
674 539 115 22 fastställa
805 547 29 14 en

76 574 233 22 maximal-arbetstid
332 574 26 22 af
375 576 24 20 11
416 574 93 22 timmar
525 574 70 22 äfven
610 574 37 22 för
662 574 121 22 fullvuxne
799 582 36 14 ar-

76 608 84 22 betare.
201 609 141 21 Kontrollen
365 608 147 22 handhafves
537 608 42 22 här
604 608 26 22 af
652 611 35 19 tre
711 608 124 22 fabriksin-

76 642 124 29 spektörer.

143 678 12 21 I
174 674 108 25 Österrike
296 678 84 21 funnos
395 678 40 21 väl
451 678 72 21 redan
538 678 74 21 under
622 677 139 29 föregående
771 677 64 21 sekel

76 712 72 28 några
164 712 145 29 stadganden
325 712 120 29 angående
461 712 224 29 antagningsäldern
692 712 36 22 för
735 712 100 21 minder-

76 746 63 29 årige
155 746 199 26 fabriksarbetare,
370 746 81 22 hvilka
467 746 146 29 stadganden
629 746 58 22 efter
697 746 56 28 lång
764 746 69 22 dvala

76 781 197 29 återupplifvades
296 782 25 20 år
344 782 55 21 1842
422 784 61 18 samt
506 784 105 18 närmare
634 780 149 22 utvecklades
799 780 35 22 uti

75 815 191 29 näringslagarne
290 815 24 21 af
334 816 44 20 den
402 817 27 20 20
452 816 129 21 December
605 816 53 22 1859
683 815 42 21 och
745 815 45 21 den
807 816 26 20 15

75 850 61 21 Mars
162 851 60 20 1883.
253 850 54 21 Men
323 857 28 14 en
366 849 141 30 fullständig
522 850 128 29 skyddslag
665 850 73 22 erhöll
753 849 81 22 landet

74 884 59 21 först
148 885 8 20 i
171 885 70 28 lagen
257 884 25 22 af
290 885 45 20 den
350 886 13 20 8
379 885 62 21 Mars
455 886 61 21 1885.
539 885 83 21 Denna
635 885 126 21 fastställer
771 884 63 21 olika

76 919 206 28 antagningsålder
296 919 36 21 för
348 919 57 21 barn
418 919 41 21 vid
470 919 103 21 fabriker
584 919 43 22 och
638 919 51 21 dem
699 919 41 21 vid
750 918 83 22 handt-

74 953 57 21 verk
147 956 59 18 samt
226 953 94 28 stadgar
338 952 36 22 för
388 953 195 22 fabriksarbetare
599 961 29 13 en
643 953 90 22 normal
748 953 85 22 arbets-

74 987 34 21 tid
124 987 26 21 af
164 989 24 20 11
205 987 98 27 timmar,
319 987 51 21 från
386 987 97 22 hvilken
499 988 63 28 regel
578 988 59 21 dock
651 988 84 21 talrika
744 988 89 21 undan-

73 1024 41 25 tag
136 1021 80 22 kunna
238 1021 136 29 medgifvas,
397 1022 75 21 under
494 1022 152 29 iakttagande
667 1022 26 21 af
705 1025 35 18 att
755 1023 77 21 arbete

73 1056 30 28 pä
119 1055 100 22 öfvertid
236 1056 108 21 särskildt
360 1056 94 22 betalas.
483 1057 105 28 Speciela
599 1057 234 28 fabriksinspektörer

74 1090 144 21 anordnades
234 1091 42 20 här
290 1090 72 22 redan
378 1091 25 21 år
420 1092 62 21 1883.

142 1125 52 20 Den
218 1125 107 29 ungerska
347 1125 66 29 lagen
436 1125 27 22 af
477 1125 45 22 den
540 1128 9 19 1
567 1125 130 22 November
713 1127 54 20 1885
783 1133 48 21 sys-

73 1159 107 22 selsätter
202 1160 36 28 sig
256 1160 149 21 uteslutande
425 1160 53 21 med
494 1160 189 29 fabriksmässiga
697 1160 135 22 handterin-

72 1200 48 22 gar,
144 1194 117 21 meddelar
283 1194 124 21 minutiösa
430 1194 175 29 bestämningar
627 1194 120 28 angående
770 1195 63 21 olika

72 1227 164 22 åldersklasser
256 1228 26 22 af
295 1228 162 29 minderåriga,
482 1236 53 14 men
550 1229 129 21 innehåller
693 1230 51 20 icke
759 1230 74 28 något

73 1262 114 28 egentligt
210 1262 128 28 stadgande
354 1270 37 14 om
406 1264 92 20 normal
513 1264 119 21 arbetstid.
663 1264 120 21 Särskilda
797 1264 34 20 in-

72 1296 120 29 spektörer
207 1304 69 21 synas
292 1297 51 21 icke
358 1304 55 14 vara
428 1297 44 21 här
488 1297 113 22 anstälda.

141 1332 81 20 Italien
246 1331 72 21 erhöll
337 1338 29 14 en
386 1331 130 29 skyddslag
538 1332 45 21 den
601 1334 22 19 11
641 1332 112 22 Februari
770 1334 61 25 1886,

71 1365 97 21 hvilken
192 1365 59 22 dock
270 1365 147 21 uteslutande
433 1366 63 21 afser
510 1366 57 22 barn
583 1366 74 22 under
674 1368 24 20 15
715 1367 30 21 är.
776 1366 55 22 Lik-

72 1400 65 21 artad
154 1404 25 17 är
194 1399 46 21 den
256 1400 65 28 »ryska
336 1400 69 28 lagen
421 1400 27 21 af
461 1400 45 21 den
523 1402 9 20 1
550 1400 57 22 Juni
625 1401 60 27 1882,
706 1401 72 21 ehuru
794 1401 37 21 be-

72 1434 174 29 stämningarne
262 1434 7 21 i
286 1434 28 21 de
336 1436 87 20 tvänne
441 1434 97 29 lagarne
554 1435 117 29 betydligt
686 1434 78 23 afvika
779 1435 53 22 från

140 1474 201 18 Ekonomiutskottets
355 1474 122 19 betänkande
490 1475 35 18 N:o
539 1477 26 16 14.
