1056 1725
762 110 25 19 13

54 180 42 20 den
111 180 61 20 skola
188 178 70 22 såsom
267 178 170 26 öfverloppsjord
447 178 99 26 utbrytas
557 178 34 20 till
602 177 153 27 kronoparker,
767 177 50 21 med

54 214 131 21 landboarne
208 212 132 22 förbehållen
362 214 43 19 rätt
428 214 33 19 att
483 212 116 21 framdeles
619 211 27 27 på
661 211 156 21 ofvannämnda

54 248 70 21 vilkor
144 248 72 21 tillösa
239 248 32 26 sig
287 247 115 21 desamma.
433 247 69 20 Dessa
518 246 103 21 områden
635 246 76 26 uppgå,
728 246 33 20 för
776 246 41 26 Py-

56 283 82 27 häjärvi
161 282 34 22 till
212 282 97 27 omkring
327 282 76 25 15,000
419 280 110 27 tunnland,
547 280 33 21 för
595 280 118 27 Walkjärvi
729 280 88 27 ungefär

56 320 64 24 4,000
143 317 103 21 tunnland
269 318 56 19 samt
348 315 34 21 för
404 315 86 22 Lintula
508 315 53 27 gods
577 315 34 21 till
627 315 97 26 omkring
740 317 77 24 20,000

56 352 110 21 tunnland.
196 351 32 21 Pä
243 353 43 19 sätt
302 350 64 21 ofvan
381 349 130 22 framhällits
527 349 62 22 torde
605 349 109 21 dessutom
731 351 31 20 ett
773 355 44 15 om-

57 386 51 21 råde
132 386 22 21 af
175 388 63 24 4,000
262 385 12 21 &
297 386 63 25 4,500
384 384 103 21 tunnland
503 384 87 21 komma
605 385 33 20 att
653 383 46 22 från
715 384 103 21 Wendelä

56 421 54 26 gods
126 421 96 26 utbrytas
238 420 34 21 till
288 419 128 26 kronopark.

127 454 63 21 Hvad
205 454 65 21 sedan
285 453 103 22 beträffar
403 453 257 26 skiftesförrättningarne
677 452 12 21 å
704 453 26 20 de
740 453 79 20 inlösta

58 489 199 27 donationsgodsen,
280 488 64 21 hafva
361 487 109 22 desamma
488 488 7 20 i
510 487 118 21 allmänhet
643 487 111 21 bedrifvits
769 487 49 21 med

58 524 42 20 den
124 523 50 22 drift
197 523 39 21 och
256 522 157 28 skyndsamhet,
430 528 47 15 som
492 521 49 21 med
557 521 100 21 afseende
673 521 12 21 å
701 521 118 27 disponibla

59 557 155 22 arbetskrafter
230 559 56 20 samt
300 557 92 27 godsens
407 556 132 22 vidsträckta
555 562 52 21 egor
618 556 38 21 och
667 556 152 21 kartaverkens

59 593 153 27 bristfällighet
235 592 55 21 varit
310 592 89 26 möjligt.
430 591 128 21 Emellertid
572 591 40 21 har
628 590 35 22 det
678 591 47 21 icke
739 591 80 21 kunnat

59 628 111 27 undvikas,
187 629 32 19 att
242 626 62 21 dessa
324 626 153 26 förrättningar
492 626 13 20 &
519 625 52 21 flere
587 625 170 27 donationsgods,
775 627 44 19 sär-

60 662 66 21 skildt
141 662 6 21 i
163 662 113 20 nordöstra
292 661 62 21 delen
369 660 23 21 af
406 660 99 27 Wiborgs
521 660 36 21 län
572 660 67 20 under
650 660 68 21 åratal
729 660 90 27 nödgats

60 696 69 22 anstå.
161 697 33 20 En
209 696 106 26 forcering
331 695 22 21 af
368 696 53 20 stor-
438 695 40 21 och
493 694 209 22 intressentskiftena
717 694 40 21 har
772 694 49 21 här-

61 731 67 21 intills
150 731 47 21 icke
219 730 55 22 varit
294 730 79 26 möjlig,
390 729 45 21 dels
451 729 89 21 emedan
556 729 109 21 desamma
680 728 85 28 päkalla
781 729 41 21 den

61 767 81 19 största
156 765 132 27 noggranhet
304 764 39 21 och
360 770 90 20 omsorg,
467 764 46 21 dels
529 764 38 20 och
578 763 185 27 hufvudsakligast
773 763 49 21 med

62 800 81 26 hänsyn
166 799 78 26 dertill,
268 800 32 20 att
322 799 8 20 i
352 798 101 21 händelse
473 800 32 19 ett
521 800 68 19 större
605 798 59 21 antal
679 798 142 21 landtmätare

62 833 70 22 blifvit
148 833 96 21 använda
258 833 36 21 vid
310 833 62 21 dessa
387 832 159 27 förrättningar,
563 838 27 15 en
605 832 77 27 mängd
692 832 80 27 vigtiga
783 832 39 21 och

63 868 187 27 maktpäliggande
273 867 236 27 landtmäterigöromäl
531 867 7 21 i
555 867 69 27 öfriga
639 867 60 21 delar
713 867 24 21 af
750 867 73 21 landet

64 903 69 21 skulle
159 903 136 26 uppskjutits.
336 897 18 26 Ä
381 902 65 27 några
469 901 53 28 gods
541 902 40 20 har
605 901 119 22 storskiftet
745 901 79 28 jemväl

63 937 102 27 fördröjts
180 938 7 20 i
203 937 112 26 anledning
330 937 23 20 af
367 936 74 27 frägan
457 943 35 14 om
503 936 244 27 samfällighetsskogars
757 936 66 21 inrät-

63 973 73 20 tande.
165 973 33 20 De
214 972 137 27 olägenheter
366 971 131 21 landboarne
513 972 7 20 i
536 971 53 27 följd
604 971 63 21 häraf
681 971 40 21 fått
736 971 88 21 vidkän-

64 1013 44 20 nas,
133 1006 64 22 hafva
212 1006 120 21 emellertid
348 1005 106 22 föranledt
471 1006 109 27 Styrelsen
595 1007 33 20 att
643 1005 24 22 sä
681 1006 45 21 vidt
741 1006 84 27 möjligt

66 1041 52 22 söka
133 1041 133 27 undanrödja
282 1041 142 21 omförmälda
439 1040 82 21 hinder.
552 1041 11 20 I
579 1040 76 21 sådant
671 1040 98 21 afseende
785 1041 40 20 och

66 1075 27 21 dä
108 1075 102 22 särskildt
226 1077 54 20 stor-
296 1075 40 21 och
351 1075 210 21 intressentskiftena
576 1075 13 20 &
605 1075 77 21 Salmis
698 1075 39 21 och
747 1075 77 26 Korpi-

66 1110 60 21 selkä
148 1110 132 21 vidsträckta
296 1110 167 26 donationsgods
479 1109 23 21 af
512 1109 158 27 ofvanantydda
681 1109 88 22 orsaker
779 1109 46 21 icke

64 1145 94 27 tidigare
173 1145 80 21 kunnat
268 1144 106 28 påbörjas,
391 1151 49 14 men
454 1151 91 14 numera
560 1146 32 20 ett
607 1146 69 19 större
687 1144 58 21 antal
755 1144 71 21 elever

64 1179 89 27 åtnjutit
176 1180 150 26 undervisning
349 1180 35 20 vid
408 1180 41 20 den
465 1179 34 21 för
514 1179 144 21 landtmätare
673 1179 106 21 inrättade
795 1178 32 22 af-

66 1214 113 26 delningen
194 1214 36 21 vid
246 1214 153 26 Polytekniska
413 1214 115 26 institutet,
544 1214 40 20 har
600 1215 32 19 ett
647 1213 72 27 anslag
731 1213 22 21 af
764 1216 62 24 6,000

67 1248 62 21 mark
152 1248 34 21 för
208 1248 53 27 året,
277 1248 68 21 under
361 1250 32 19 tre
409 1248 34 21 års
459 1248 39 27 tid,
514 1248 93 21 räknadt
623 1247 46 21 från
685 1248 38 21 och
739 1248 50 21 med
804 1248 25 21 är

69 1286 62 24 1887,
146 1283 72 21 blifvit
233 1283 23 21 af
269 1284 106 20 allmänna
391 1283 126 21 statsmedel
531 1284 8 20 i
553 1283 67 21 näder
635 1283 102 27 beviljadt
753 1284 32 20 att
795 1284 33 20 ut-

67 1318 84 22 betalas
170 1318 71 21 säsom
257 1318 118 27 ersättning
391 1318 22 21 ät
429 1318 26 21 de
470 1318 153 26 landtmätare,
640 1324 46 14 som
701 1318 127 20 ombetrotts

67 1352 122 22 storskiftet
204 1352 13 22 å
232 1352 92 22 nämnda
338 1352 54 28 gods
407 1352 40 22 och
458 1352 75 21 dervid
544 1352 71 21 såsom
626 1352 97 21 biträden
733 1352 97 21 använda

68 1387 217 21 landtmäterielever.
315 1386 109 27 Derjemte
439 1386 65 22 hafva
519 1386 102 27 ätgärder
636 1386 102 27 vidtagits
753 1386 7 21 i
775 1386 54 21 afse-

68 1422 54 21 ende
146 1422 13 21 &
180 1421 152 28 päskyndande
347 1420 23 22 af
384 1423 55 20 stor-
455 1421 40 22 och
510 1420 207 22 intressentskiftena
734 1420 12 22 &
762 1420 68 27 öfriga
