1056 1725
775 172 28 20 33

78 232 58 21 fares
153 232 28 26 på
198 233 44 19 sätt
258 237 34 15 om
310 230 93 22 vikariat
419 230 34 22 för
470 230 62 22 civile
549 231 134 26 tjenstemän
701 230 5 21 i
719 230 120 22 allmänhet

77 270 25 18 är
118 267 107 28 stadgadt.

136 306 19 19 5.
187 302 223 28 Regementsläkaren
437 302 102 21 hänföres
565 302 33 21 till
621 303 56 25 8:de,
697 302 142 22 veterinärlä-

75 340 67 21 karen
163 339 34 21 till
220 339 50 20 9:de
295 338 150 27 rangklassen.
477 337 112 22 Hvardera
607 337 86 22 erhålla
708 338 130 27 löneförhöj-

77 375 57 28 ning,
160 374 216 28 regementsläkaren
395 374 12 21 å
429 374 44 22 500
494 375 62 20 mark
576 375 39 20 och
635 374 203 22 veterinärläkaren

76 411 13 21 å
105 411 45 22 400
169 411 69 26 mark,
258 410 56 21 efter
330 411 21 26 5,
372 411 27 20 10
415 411 40 20 och
475 410 27 21 15
519 411 35 20 års
571 410 70 27 tjenst
661 411 70 20 såsom
749 411 90 20 militär-

77 447 74 21 läkare
168 447 39 21 och
224 445 275 22 militärveterinärläkare.

136 483 20 20 6.
188 482 47 21 Den
252 481 63 22 ofvan
333 481 6 21 i
357 483 72 20 staten
446 481 34 22 för
493 481 131 22 underbefäl
636 482 39 21 och
691 482 104 27 manskap
807 482 33 21 till

77 517 59 22 olika
152 517 78 27 belopp
247 519 112 24 upptagna
370 517 36 21 lön
417 519 25 19 är
453 517 80 22 afsedd
545 517 40 21 och
596 517 114 22 beräknad
721 517 34 22 för
765 520 76 19 värne-

78 553 98 27 pligtige,
192 553 74 21 hvilka
283 554 26 26 på
326 553 70 27 grund
413 553 24 21 af
453 553 80 27 dragen
552 553 42 21 lott
613 553 57 22 eller
686 555 70 20 såsom
768 553 73 22 volon-

80 591 58 19 tärer
155 589 93 27 fullgöra
265 589 33 21 sin
316 588 261 28 krigstjenstskyldighet.

138 625 76 21 Såsom
236 624 122 26 fältväblar,
382 627 152 25 rustmästare,
560 624 192 28 underofficerare,
773 627 68 19 trum-

79 662 74 24 petare
170 661 38 20 och
226 660 120 22 obevärade
363 660 23 22 af
396 660 60 22 äldre
470 661 115 26 kategorin
598 660 105 22 anställas
718 661 55 21 dock
784 661 58 21 före-

79 696 107 22 trädesvis
210 696 81 21 sådane
316 696 164 27 värnepligtige,
506 696 73 22 hvilka
609 697 69 21 redan
697 697 91 21 afslutat
809 696 32 21 sin

80 732 157 26 obligatoriska
257 732 114 26 tjenstetid
392 732 39 21 och
453 732 69 21 önska
541 732 129 27 kapitulera
687 732 34 21 för
737 732 105 21 öfverårs-

79 768 74 25 tjenst.
186 767 42 21 För
250 767 92 21 sålunda
368 768 151 25 fastanstälde,
538 767 74 21 hvilka
634 769 92 25 antagas
743 768 23 20 af
779 774 59 20 rege-

81 803 249 27 mentskommendören,
356 809 46 15 som
421 804 81 25 jemväl
520 810 51 20 eger
587 804 49 20 dem
654 803 136 26 förafskeda,
810 806 33 18 ut-

80 839 38 25 går
134 838 64 22 lönen
214 838 49 22 med
280 838 96 26 följande
393 838 102 27 förhöjda
510 839 69 26 årliga
595 838 86 27 belopp:

80 874 22 21 a)
119 874 103 21 fältväbel
258 891 4 4 .
296 891 3 4 .
333 891 3 4 .
370 891 4 3 .
445 891 4 4 s
558 891 3 4 <
633 891 42 4 0.0.
716 875 43 21 600
776 875 67 20 mark.

81 910 22 27 b)
120 912 259 25 regementstrumpetare
399 891 40 40 och
459 891 218 46 tegementsrustma-

153 948 58 19 stare
228 948 57 19 samt
302 945 203 22 trossunderofficer
520 963 3 3 .
557 963 4 4 .
595 963 4 3 .
632 963 4 3 .
669 963 4 3 .
706 946 43 21 450

796 963 9 9 ”

81 981 20 28 €)
121 981 244 26 plutonsunderofficer,
401 982 274 26 sgvadronsrustmästare,

154 1017 238 27 regementsskrifvare,
406 1017 219 27 regementsfältskär
636 1018 39 21 och

153 1053 336 27 regementsveterinärfältskär,
501 1053 132 26 tillskärare,
643 1059 33 15 sa-

154 1089 124 21 delmakare
294 1089 40 21 och
351 1089 249 26 regementshofslagare
633 1105 4 4 .
670 1105 4 4 .
706 1089 44 21 480
801 1105 8 9 ,

82 1123 23 29 d)
122 1124 61 21 äldre
200 1124 113 27 skrifvare,
330 1125 290 26 lasarettsuppsyningsman
637 1125 39 20 och

154 1160 253 26 vapenmästarebiträäde
444 1178 4 3 .
481 1178 4 3 .
520 1178 3 2 .
557 1178 4 3 .
595 1178 3 2 .
633 1177 4 4 .
671 1177 3 4 .
707 1162 43 19 360
809 1177 9 10 N

81 1195 21 28 €)
119 1202 67 20 yngre
203 1196 280 26 trumpetareunderofficer
521 1213 3 3 .
558 1212 4 4 .
595 1213 4 3 .
708 1196 103 26 336,

81 1231 18 28 f)
119 1232 214 26 sgvadronsfältskär
344 1232 40 20 och
395 1238 66 20 yngre
474 1212 209 41 veterinärfältskär
713 1232 99 26 300,

81 1266 23 28 g)
120 1274 67 19 yngre
204 1266 143 23 underofficer
374 1284 2 3 .
409 1284 3 4 .
446 1284 3 4 .
483 1285 4 3 <
521 1284 3 4 so
596 1284 79 4 0000.
708 1268 99 25 270,

82 1302 22 26 h)
122 1309 66 20 yngre
205 1303 105 21 skrifvare
334 1319 2 4 <
370 1320 4 3 <
408 1320 4 4 so
445 1320 4 4 so
483 1320 4 4 co
597 1320 78 4 L
708 1304 99 25 240,

82 1338 16 25 i)
118 1340 135 25 trumpetare
270 1341 52 18 utan
339 1340 73 25 grad
408 1334 15 36 .
445 1355 4 5 .
484 1356 3 3 .
711 1339 98 27 126,

146 1381 16 13 7.
195 1374 52 21 Fast
276 1374 96 22 anstäldt
398 1356 129 40 underbefäl
551 1355 49 41 aki
622 1355 104 46 maskan
750 1375 45 26 åtnj
805 1377 48 18 uter

82 1409 175 27 löneförhöjning
276 1410 56 21 efter
351 1410 55 22 vissa
429 1412 35 19 års
484 1411 75 26 tjenst,
585 1410 87 22 hvilken
700 1410 87 21 utfaller
804 1410 48 21 med

81 1445 95 26 följande
193 1445 87 27 belopp:

754 1487 11 16 w
