1056 1725
551 132 36 22 N:o
603 132 36 22 33.

352 201 31 21 vis
406 202 152 22 utanordnado
582 203 91 27 720,000
697 202 68 27 mark,
789 204 58 19 ämuu
866 202 107 22 erivråras

353 230 114 33 7,900,780
482 236 68 27 mark,
567 236 84 21 anvisa:

423 271 42 27 1:0)
482 272 99 26 samtliga
598 271 33 22 till
647 271 109 27 utgången
768 271 23 21 af
801 271 23 21 år
837 272 53 21 1888
902 272 69 26 dispo-

351 305 58 22 nibla
421 306 118 27 tillgångar
554 307 2 20 i
567 307 280 20 kommunikationsfonden
859 307 37 20 och
910 307 61 20 brän-

352 341 213 22 vinsskattemedlen.
583 342 126 26 förslagsvis
725 343 114 25 2,500,000
856 342 69 25 mark;

421 376 43 27 2:0)
481 378 113 25 4,000,000
610 377 62 20 mark
688 376 34 21 för
738 377 83 20 hvilkas
833 376 138 21 anskaffande

352 410 111 27 Styrelsen
485 411 140 26 bemyndigas
649 413 32 18 att
705 411 28 26 på
751 411 101 27 lämpliga
867 411 55 20 tider
938 413 32 18 ut-

352 445 61 20 färda
429 447 12 18 3
450 445 27 27 0/,
494 445 289 26 statskassaförskrifningar
796 445 11 20 å
821 447 46 24 120,
879 446 40 19 240
931 445 40 20 och

352 480 41 20 600
417 480 72 20 marks
509 480 84 21 valörer
609 482 32 19 att
657 480 82 21 inlösas
757 480 80 21 medels
853 479 118 21 kommuni-

352 514 177 21 kationsfondens
553 515 117 26 tillgångar
690 517 73 18 senast
779 517 34 18 tre
829 514 24 21 är
869 515 53 20 efter
937 516 33 19 ut-

352 549 115 21 färdandet
491 550 38 20 och
553 556 32 15 om
609 549 74 21 hvilka
699 550 37 20 det
752 549 55 21 skall
823 549 58 27 gälla
898 551 31 19 att
945 549 25 20 de

351 584 36 20 vid
403 584 27 21 all
447 584 168 27 kronouppbörd
633 584 39 22 och
689 591 71 14 annan
776 584 67 27 ligvid
859 584 48 21 med
922 584 49 21 kro-

352 624 42 15 nan
411 620 120 25 emottagas
547 619 72 21 säsom
635 618 128 27 penningar;

420 653 44 27 3:0)
491 653 22 21 af
538 652 291 22 kommunikationsfondens
856 652 115 27 tillgängar

352 687 67 21 under
443 687 24 21 är
491 688 53 20 1889
569 688 36 20 det
628 687 85 27 belopp,
730 693 45 15 som
792 688 32 20 till
841 687 92 27 fyllande
950 686 23 21 af

353 722 98 26 anslaget
469 722 114 25 erfordras,
600 722 125 26 förslagsvis
743 722 112 26 1,400,780
871 722 66 20 mark.

489 791 70 27 Enligt
575 791 58 20 Hans
644 790 119 27 Kejserliga
774 790 110 27 Majestäts
894 790 77 27 nädiga

419 825 120 27 befallning,
566 824 71 28 gifven
663 825 6 21 i
693 825 32 21 S:t
747 825 130 27 Petersburg
899 824 40 21 den
954 819 17 35 5

419 860 103 21 Februari
539 862 61 19 1888.

493 934 32 22 C.
541 933 288 23 EHRNROOTH.

697 1043 66 22 Alexis
780 1043 129 27 Gripenberg.

801 1082 31 19 f:d.

321 1458 122 23 Helsingfors,
459 1458 11 17 &
483 1458 104 23 Kejserliga
601 1459 90 16 Senatens
705 1457 83 22 tryckeri
808 1458 49 17 1888.
