1056 1725
236 122 26 19 12

207 188 40 21 och
269 188 86 28 påföres
380 188 25 21 de
429 188 69 22 skilda
520 189 153 27 lägenheterna
688 189 7 20 i
711 188 134 22 förhållande
860 188 33 22 till
908 188 62 22 deras

206 223 111 27 skattetal,
340 224 8 20 i
370 223 90 27 hvilket)
475 223 134 21 förhållande
631 223 154 27 lägenheterna
805 223 80 27 jemväl
900 222 70 22 blefve

207 257 111 27 delaktiga
333 258 7 20 i
356 258 242 27 samfällighetsskogen.

282 293 104 26 Slutligen
409 293 39 20 och
469 293 66 26 jemte
559 293 36 21 det
619 293 61 20 dessa
703 292 134 21 föreskrifter
852 292 118 21 meddelats

208 327 60 20 såväl
284 327 137 21 Guvernören
437 327 7 20 i
460 327 98 26 Wiborgs
574 327 44 26 län,
635 333 45 15 som
697 327 38 20 ock
751 327 169 26 Forststyrelsen
931 326 39 22 och

209 357 171 31 Öfverstyrelsen
394 361 33 21 för
443 361 166 26 landtmäteriet,
626 361 39 20 har
681 361 98 21 bemälde
795 361 111 20 Guvernör
921 360 48 21 blif-

208 396 31 20 vit
263 395 109 21 anbefalld
388 398 31 19 att
434 402 75 21 genom
525 395 160 21 vederbörande
701 395 77 21 krono-
794 395 39 21 och
849 395 120 26 forstbetje-

208 430 51 27 ning
282 430 58 21 hålla
363 437 109 20 noggrann
494 431 72 26 tillsyn
582 430 104 26 deröfver,
703 431 32 20 att
751 429 58 22 såväl
825 429 26 21 de
867 430 6 20 i
890 429 79 21 skatte-

208 464 89 21 brefven
316 465 102 26 ingående
433 465 158 26 bestämningar
607 471 34 14 om
658 465 90 26 skogens
764 463 143 28 begagnande,
924 469 47 15 som

210 499 40 20 ock
274 499 137 27 skogslagens
434 499 116 27 stadgande
573 499 92 21 rörande
683 499 78 20 förbud
776 501 44 18 mot
837 498 133 27 ödeläggelse

210 533 24 21 af
248 534 54 26 skog
318 534 38 20 och
372 534 55 21 hvad
443 535 7 20 i
467 533 74 22 sådant
557 533 38 21 fall
610 533 67 21 borde
692 533 114 27 iakttagas,
821 533 66 20 varda
906 533 63 20 behö-

210 568 61 26 rigen
295 568 117 27 efterlefda,
437 570 55 20 samt
514 570 32 19 att
569 568 35 21 vid
624 567 118 27 beviljande
758 567 23 21 af
794 567 98 21 tillstånd
907 567 63 27 angå-

211 603 53 21 ende
288 603 91 27 skogens
401 603 137 21 användande
553 603 34 21 till
603 602 70 22 afsalu
687 602 68 21 under
770 602 201 27 amorteringstiden

211 638 99 20 meddela
326 638 79 21 sådana
420 638 139 26 föreskrifter,
575 644 46 14 som
636 644 50 14 vore
697 637 80 27 egnade
788 639 33 19 att
831 637 81 27 skydda
923 637 48 21 sko-

210 678 41 21 gen
267 672 34 21 för
316 672 90 28 sköfling
421 673 39 21 och
476 672 189 26 öfverafverkning.

284 706 30 22 Af
336 706 153 22 ofvannämnda
511 707 69 21 såsom
597 706 170 27 öfverloppsjord
780 706 103 21 utbrutna
898 706 73 27 skogs-

211 742 87 20 marker
313 741 64 21 hafva
392 741 65 21 redan
468 741 89 27 tidigare
569 741 26 20 de
606 740 47 22 från
665 740 82 26 Salmis,
759 740 134 27 Korpiselkä,
906 741 65 21 Soan-

210 776 55 26 laks,
289 776 71 25 Ilmes,
384 776 77 20 Pällilä
477 776 38 20 och
530 775 117 21 Lohikoski
663 775 53 27 gods
733 774 98 22 afrösade
847 775 124 27 skogskom-

210 810 76 27 plexer
301 810 70 21 blifvit
387 810 121 21 förklurade
524 810 33 21 för
572 810 153 26 kronoparker.
755 810 95 20 Numera
861 810 63 20 hafva
935 810 36 26 dy-

211 844 45 21 lika
271 844 144 27 förklaringar
428 844 78 27 jemväl
521 844 70 21 blifvit
607 844 112 21 utfärdade
735 844 132 21 beträffande
883 844 26 20 de
924 844 47 21 frän

211 879 140 26 Miehikkälä,
367 879 137 21 Besborodko
521 879 38 21 och
575 879 96 21 Sakkola
681 878 52 27 gods
744 879 103 20 utbrutna
863 879 108 26 skogsom-

211 913 73 27 räden,
301 914 90 20 hvarvid
413 913 104 22 förbehäll
540 914 70 21 tillika
630 913 67 27 gjorts
717 913 91 21 rörande
824 913 147 26 omförmälda,

212 948 66 27 enligt
301 948 27 21 K.
352 949 102 20 Senatens
470 948 141 21 förordnande
626 947 23 21 af
663 948 40 21 den
719 949 12 19 6
747 947 42 27 Maj
808 949 61 25 1887,
885 948 87 22 landbo-

213 989 53 14 arna
289 982 107 27 medgifna
421 983 137 26 lösningsrätt
573 983 33 21 till
623 983 115 26 desamma,
752 983 66 27 jemte
834 983 36 22 det
885 983 88 22 landbo-

212 1023 52 15 arne
288 1017 12 21 &
320 1017 137 22 Besborodko
473 1018 39 21 och
528 1018 95 21 Sakkola
637 1018 53 27 gods
706 1018 153 21 tillförsäkrats
875 1019 40 20 den
930 1018 43 21 för-

212 1058 57 20 mon,
286 1054 32 19 att
334 1052 66 21 under
416 1052 40 21 den
471 1052 31 21 tid
517 1052 92 21 nämnda
625 1053 100 20 omräden
741 1052 100 21 förblifva
856 1053 117 26 kronopar-

211 1086 45 26 ker,
274 1088 59 19 emot
348 1086 79 27 skäligt
442 1087 44 26 pris
503 1087 92 20 derifrän
607 1087 82 21 erhälla
700 1087 26 20 de
737 1087 236 27 skogsförnödenheter,

211 1120 80 21 hvaraf
306 1120 25 21 de
347 1121 70 20 kunna
432 1127 52 15 vara
498 1121 8 21 i
521 1121 71 21 behof.

286 1155 66 21 Utom
378 1156 61 20 dessa
455 1156 108 21 allaredan
579 1156 34 21 för
628 1156 147 28 kronoparker
790 1156 122 21 förklarade
928 1163 45 15 om-

212 1189 67 22 räden
302 1190 87 20 komma
411 1190 108 22 dessutom
537 1190 47 22 frän
600 1191 119 27 Pyhäjärvi,
736 1191 118 27 Walkjärvi
870 1191 39 21 och
924 1192 49 20 Lin-

212 1224 47 21 tula
282 1224 53 27 gods
354 1225 105 21 särskilda
475 1225 100 21 omräden
589 1228 33 18 att
637 1226 7 20 i
660 1225 111 21 enahanda
786 1225 99 21 afseende
901 1226 72 26 utbry-

212 1261 41 19 tas.
292 1259 140 21 Landboarne
455 1259 13 21 &
491 1260 61 20 dessa
567 1260 53 26 gods
636 1260 63 21 hafva
714 1260 107 26 nämligen
837 1262 89 19 motsatt
942 1260 32 27 sig

211 1293 103 21 bildande
337 1293 23 21 af
382 1294 240 27 samfällighetsskogar,
639 1294 99 22 hvarföre
754 1295 39 21 och
809 1294 27 21 dä
852 1294 25 21 de
893 1294 81 27 godsen

212 1327 161 27 underlydande
392 1328 177 28 skogsmarkerna
588 1329 120 21 emellertid
731 1329 96 27 pröfvats
843 1328 131 28 öfverskjuta

212 1361 58 21 hvad
286 1362 34 21 för
339 1362 161 27 lägenheternas
516 1363 139 27 sjelfbeständ
671 1364 38 21 och
721 1363 130 27 skogsbehof
860 1363 113 26 erfordras,

212 1396 146 21 förordnande
380 1397 71 21 blifvit
473 1398 127 26 meddeladt,
621 1400 32 19 att
668 1398 36 20 vid
719 1398 121 21 storskiftet
855 1398 13 20 ä
883 1397 92 21 nämnda

212 1430 54 27 gods
289 1432 99 20 närmare
404 1431 91 28 angifna,
510 1432 33 21 till
558 1432 95 27 ständigt
668 1432 120 28 skogsbruk
802 1432 88 28 tjemliga
905 1430 70 23 viurä-
