1056 1725
255 126 26 20 18
473 124 20 24 U.
509 124 20 23 B.
544 137 29 3 —
589 124 54 29 Prop.
660 126 35 22 N:o
711 124 37 23 34.

223 192 40 16 nas
285 192 43 22 nog
350 188 86 20 talande
459 188 47 21 skäl
521 190 33 19 att
569 194 35 15 om
619 188 86 27 möjligt
720 188 80 21 bereda
816 188 124 20 densamma.
955 187 32 19 di-

223 221 51 21 rekt
286 220 238 28 jernvägsförbindelse.

298 255 47 21 Den
367 256 101 21 tekniska
488 256 188 27 undersökningen
699 256 39 21 har
757 256 55 21 dock
827 256 45 27 lagt
887 256 7 20 i
910 256 75 26 dagen,

226 292 33 19 att
282 292 60 19 stora
365 290 132 27 svårigheter
518 292 105 19 motsätta
645 290 33 27 sig
694 297 26 14 en
736 289 67 22 sådan
818 290 58 27 plan.
907 290 33 21 En
955 289 32 22 in-

224 324 90 27 vikning
328 324 34 21 till
376 324 139 27 Kronoborgs
529 325 97 26 kyrkoby
643 325 70 21 skulle
728 324 47 21 icke
786 324 99 27 förlänga
894 323 93 22 hufvud-

226 359 78 26 banan,
316 360 52 19 utan
384 365 87 15 snarare
485 359 98 21 förkorta
599 359 41 21 den
655 359 50 21 med
721 361 31 24 0,4
767 359 44 26 km,
828 365 49 14 men
892 358 35 21 väl
943 358 43 21 för-

226 393 54 27 dyra
295 393 41 20 den
351 393 49 20 med
415 393 92 26 611,000
522 393 67 26 mark,
606 393 88 21 hvilken
710 399 84 15 summa
809 395 24 18 är
848 399 46 14 mer
904 393 27 20 än
941 392 45 21 till-

226 427 83 26 räcklig
324 426 34 21 för
372 426 121 27 utförande,
509 427 7 20 i
531 427 39 21 fall
585 427 24 21 af
622 427 72 27 behof,
711 427 24 21 af
749 434 26 14 en
790 427 80 21 bibana
877 427 25 21 af
908 428 13 19 8
931 426 55 21 kilo-

225 463 81 20 meters
328 461 65 27 längd
414 461 34 21 till
463 461 70 22 denna
547 461 71 22 hamn.
654 461 114 22 Utskottet
783 461 40 21 har
839 461 84 21 derföre
938 460 49 21 icke

226 495 72 22 funnit
321 495 114 28 anledning
457 497 32 20 att
511 495 98 28 uppoffra
628 496 79 21 nämda
722 495 123 28 betydande
861 501 83 16 summa
959 494 28 27 på

226 529 160 22 hufvudbanan.

299 563 50 22 Med
364 565 56 20 ännu
436 565 68 20 större
519 564 47 21 skäl
580 563 40 22 har
635 564 114 26 utskottet,
765 563 28 28 på
809 564 69 27 grund
893 563 24 21 af
929 563 57 21 hvad

226 599 94 27 tidigare
343 600 58 25 sagts
423 604 35 16 om
480 598 160 27 Lahdenpohja,
664 600 51 20 enat
737 599 33 26 sig
790 605 41 19 om,
848 600 33 19 att
895 597 91 21 hufvud-

226 633 72 21 banan
321 632 47 21 icke
389 632 66 21 borde
473 633 68 21 kröka
556 632 33 28 sig
603 633 34 21 till
657 633 70 21 denna
745 634 40 25 ort,
803 632 28 22 då
845 632 71 21 banan
931 632 56 20 deri-

228 674 77 20 genom
321 667 69 21 skulle
405 666 108 28 förlängas
527 667 50 21 med
593 669 29 24 7,9
637 667 116 21 kilometer
769 666 40 22 och
825 666 98 27 fördyras
938 666 49 20 med

227 702 115 26 1,066,000
357 701 67 21 mark.
455 701 73 21 Skulle
543 708 26 14 en
584 701 79 21 bibana
678 701 34 21 till
728 701 156 27 Lahdenpohja
897 706 62 15 anses
979 700 7 20 i

227 736 116 21 framtiden
366 736 53 20 böra
436 735 89 27 utföras,
548 735 57 27 finge
621 736 40 20 den
677 742 26 15 en
718 736 66 26 längd
800 735 24 21 af
840 737 41 24 10,1
897 735 90 21 kilome-

226 772 34 19 ter
283 770 40 21 och
348 769 129 27 erfordrade,
501 770 81 27 gående
597 770 62 27 längs
674 776 26 15 en
716 770 93 27 dalgång
825 769 47 21 från
887 775 50 15 norr
952 768 35 22 till

228 804 70 27 söder,
316 810 26 15 en
357 804 91 21 kostnad
463 804 24 21 af
501 804 75 21 endast
591 805 93 25 764,000
699 804 70 22 mark.

300 838 105 28 Slutligen
427 838 39 22 bör
481 838 100 27 påpekas,
598 840 33 20 att
646 845 35 15 om
696 839 68 21 linien
779 838 60 21 ledes
853 838 35 20 till
903 838 84 20 Krono-

226 873 61 27 borg,
307 873 60 21 detta
382 872 24 21 af
419 873 100 21 tekniska
533 873 88 21 orsaker
637 873 34 21 för
685 873 50 21 med
751 873 33 27 sig
799 872 188 27 nödvändigheten

226 909 34 20 att
274 907 51 21 vika
340 907 22 20 in
377 907 63 21 äfven
455 907 7 20 i
478 907 159 28 Lahdenpohja,
653 907 86 22 hvadan
748 914 26 14 en
782 907 102 26 beröring
892 905 23 22 af
922 905 65 22 först-

226 941 80 22 nämda
321 943 34 19 ort
370 941 6 20 i
392 941 75 27 sjelfva
484 941 74 21 verket
575 941 68 22 vållar
653 948 26 15 en
689 941 140 22 merkostnad
839 940 24 21 af
874 942 113 25 1,677,000

226 976 69 21 mark.

300 1009 113 22 Utskottet
428 1009 39 21 har
483 1009 84 21 derföre
581 1010 50 21 med
647 1009 159 28 öfvervägande
821 1009 110 26 majoritet
942 1015 45 15 om-

227 1043 67 22 fattat
320 1044 40 21 den
382 1043 7 21 i
411 1043 79 27 nådiga
512 1043 160 27 propositionen
695 1043 124 28 föreslagna
836 1043 151 27 sträckningen

226 1078 80 21 mellan
332 1077 32 22 S:t
387 1077 99 22 Andreae
508 1078 39 21 och
571 1078 123 26 Sordavala,
712 1077 61 22 öfver
787 1077 141 22 Elisenvaara
947 1077 40 21 och

226 1112 109 27 Paikjärvi
347 1112 58 27 byar,
417 1114 51 19 utan
479 1112 110 27 invikning
600 1112 94 21 hvarken
705 1112 34 21 till
750 1111 130 27 Kronoborg
891 1111 52 21 eller
953 1111 33 22 till

226 1146 165 27 Lahdenpohja.
407 1145 42 22 Till
464 1146 92 28 gengäld
571 1146 34 21 för
620 1148 32 20 att
662 1146 130 27 Kronoborg
804 1145 101 28 förbigäs,
917 1146 70 27 erbju-

228 1181 38 20 der
282 1180 70 21 denna
368 1180 123 27 sträckning
506 1181 41 20 den
561 1181 66 20 redan
643 1181 92 27 tidigare
751 1180 91 21 anförda
858 1180 96 21 fördelen
965 1180 24 21 af

226 1216 33 20 att
274 1214 28 27 pä
317 1216 99 19 närmare
431 1214 86 22 afständ
533 1215 85 27 betjena
633 1214 157 22 trafiken'frän
805 1214 123 21 Parikkala.

298 1249 43 21 För
356 1248 107 22 Karelska
473 1249 136 21 stambanans
621 1249 140 27 fortsättning
771 1248 34 22 till
832 1254 80 16 Joensuu
922 1248 66 22 hafva

225 1284 79 20 tvänne
327 1282 132 28 väsentligen
482 1283 70 21 skilda
574 1284 149 26 sträckningar
739 1282 130 28 föreslagits,
885 1289 27 14 en
927 1283 60 21 ostli-

225 1324 52 20 gare
296 1317 39 21 och
351 1323 26 15 en
392 1317 121 27 vestligare,
528 1318 107 20 beroende
650 1324 34 14 om
700 1324 51 14 man
766 1317 64 27 utgår
846 1316 48 22 från
909 1316 78 22 Sorda-

224 1351 51 21 vala
290 1351 52 21 eller
358 1351 47 21 från
420 1351 70 27 någon
504 1352 69 26 punkt
588 1352 27 26 på
631 1352 64 20 linien
711 1351 246 27 Wiborg-—Sordavala.

298 1385 107 21 Karelska
425 1385 196 27 jernvägskomitén
637 1386 40 20 har
692 1386 114 27 föreslagit
822 1392 26 14 en
864 1385 123 27 sträckning

226 1419 48 21 från
298 1420 117 20 Sordavala
437 1426 77 21 genom
529 1420 114 27 Ruskeala,
659 1420 115 28 Pelkjärvi,
791 1420 104 21 Wärtsilä
910 1420 55 20 bruk
980 1420 7 20 i

226 1454 138 27 Tohmajärvi
380 1454 39 21 och
434 1454 173 27 Kiihtelysvaara
621 1455 97 27 kyrkoby
734 1455 34 21 till
783 1455 104 26 Joensuu,
899 1455 88 20 hvilken

295 1493 192 22 Jernvägsutskottets
500 1493 117 18 betänkande
630 1495 37 16 N:o
682 1495 14 16 1.
