1056 1725
247 136 27 21 36
457 135 23 23 U.
497 135 22 23 B.
533 148 29 2 —
577 136 60 28 Prop.
653 136 36 22 N:o
705 135 31 23 31.

219 198 91 18 låtande
324 198 30 27 af
365 197 102 22 handels-
483 198 38 21 och
537 198 232 25 industrikammären,
780 200 99 26 uppgöra
881 197 97 29 förieck-

218 232 54 27 ning
288 230 63 24 öfver
363 230 26 22 de
404 231 127 26 industrier,
547 232 8 20 i
569 231 76 22 hvilka
661 232 134 21 arbetstiden
809 233 36 20 må
855 232 123 28 förlängas

220 266 48 21 med
283 272 25 14 en
324 266 88 21 timme".

287 300 74 21 Dessa
376 299 175 30 bestämningar
565 299 82 22 trädde
663 300 8 21 i
685 300 66 21 kraft
766 300 45 21 den
828 301 9 20 1
850 300 53 22 Jan.
915 301 62 25 1886,

220 334 45 23 och
280 334 43 22 allt
338 333 61 22 hvad
411 334 43 29 jag
468 334 53 22 hört
537 341 36 14 om
589 334 66 22 deras
671 334 149 29 verkningar,
836 342 69 21 synes
920 335 57 28 tyda

219 369 31 29 pä
266 371 34 19 att
315 368 29 22 de
360 372 37 17 äro
413 368 67 29 goda,
499 369 46 21 För
560 368 127 29 belysande
703 368 27 22 af
742 369 108 21 läkarnes
865 369 113 28 ställning

219 403 39 22 till
273 403 78 27 saken,
366 403 89 21 tillåter
467 402 42 29 jag
523 403 49 28 mig
587 404 75 21 erinra
677 410 38 15 om
732 403 46 22 den
793 403 40 22 vid
848 403 129 29 hygienska

220 438 144 28 kongressen
386 437 9 21 i
416 437 71 22 Wien
506 437 83 21 hösten
606 438 55 21 1887
676 437 83 22 härom
775 439 102 27 antagna
891 437 86 22 resolu-

221 472 58 24 tion,
307 471 84 22 Denna
405 479 42 14 var
463 471 26 22 af
501 471 103 29 följande
619 471 101 29 lydelse:

290 523 10 9 n
307 505 73 22 Under
395 506 126 21 nuvarande
536 506 156 25 förhållanden
709 506 62 21 torde
785 513 26 14 en
827 507 104 21 maxima!
942 513 35 14 ar-

221 540 88 28 betsdag
320 540 30 28 af
355 541 86 20 10—11
454 541 87 20 timmar
552 540 69 21 under
630 540 163 28 förutsättning
804 541 30 27 af
840 541 137 21 omvexlande

220 575 55 28 dag-
291 575 38 21 och
345 574 119 22 nattarbete
479 581 54 14 vara
548 577 31 18 att
594 574 195 22 rekommendera",
816 574 80 22 Såsom
911 574 69 23 häraf

220 616 76 22 synes,
311 608 122 22 förordade
451 608 95 22 läkarne
562 616 29 14 en
605 609 127 27 ytterligare
742 609 147 28 förkortning
904 608 27 22 af
943 616 34 15 ar-

219 642 125 23 betstiden.

289 676 137 22 Införandet
441 676 26 22 af
480 676 111 22 maximal
608 676 124 29 arbetsdag
747 676 82 29 tyckes
840 679 34 20 att
885 677 92 22 dömma

222 711 26 22 af
261 711 40 21 det
315 711 110 21 berömda
439 710 130 30 budskapet
585 710 26 22 af
619 711 46 21 den
676 713 25 19 17
713 711 59 21 Nov.
786 712 52 21 1881
851 711 51 21 icke
912 711 65 30 ligga

223 746 64 22 inom
308 752 81 14 ramen
403 745 38 22 för
455 745 70 28 tyska
542 745 170 21 rikskanslerns
729 745 182 29 socialpolitiska
925 753 52 21 pro-

220 787 73 22 gram,
310 780 72 21 ehuru
401 779 47 22 han
463 779 36 22 för
513 780 73 28 några
601 780 26 21 år
642 779 72 22 sedan
729 780 9 20 i
753 779 125 29 riksdagen
893 780 84 22 förkla-

221 814 57 22 rade
294 817 41 22 ,att
350 815 86 20 normal
453 814 148 28 arbetsdagen,
617 821 33 14 om
666 814 41 21 den
724 815 44 20 läte
781 815 34 27 sig
829 814 85 28 införa,
929 822 48 14 vore

220 850 139 28 synnerligen
382 848 126 22 önskvärd".
538 848 129 22 Vändande
689 848 37 28 sig
742 848 37 21 till
794 848 73 29 några
881 848 27 22 af
920 848 57 22 riks-

222 883 88 29 dagens
326 883 153 26 medlemmar,
494 882 79 22 tiliade
589 882 100 22 fursten:
721 883 45 26 ,Ni
781 882 75 22 skulle
871 886 57 25 göra
943 890 34 15 re-

220 918 114 28 geringen
349 925 29 14 en
392 917 193 28 utomordentligt
601 919 48 20 stor
663 917 78 28 tjenst,
757 924 38 15 om
810 917 31 22 Ni
855 917 56 22 ville
921 921 57 25 säga

220 952 62 22 huru
296 951 72 22 saken
384 951 59 22 skall
458 951 110 22 utföras'.

290 986 71 21 Såväl
377 988 101 24 centern,
492 993 48 14 som
556 985 253 22 socialdemokraterna
819 986 90 29 tycktes
920 986 57 29 vilja

220 1023 56 26 taga
290 1020 91 22 fursten
395 1021 30 28 på
441 1019 71 22 orden
527 1020 44 21 och
585 1020 114 21 framlade
711 1021 56 22 1885
778 1019 141 30 detaljerade
928 1021 49 28 lag-

220 1055 114 28 förslag,
326 1049 11 39 i
344 1054 81 22 hvilka
433 1054 29 21 de
477 1054 60 21 förre
551 1053 117 30 föreslogo
685 1062 28 13 en
731 1055 24 20 11
773 1054 111 26 timmars,
900 1054 28 22 de
944 1062 33 15 se-

220 1097 56 14 nare
286 1097 28 14 en
324 1090 26 21 10
359 1089 104 22 timmars
475 1089 116 22 arbetstid.
608 1088 369 30 Riksdagsförhandlingarnaom

220 1124 68 22 dessa
302 1123 115 22 motioner
432 1123 95 29 erbjuda
542 1123 94 29 mycket
651 1123 105 22 intresse.

289 1158 91 22 Doktor
401 1158 126 21 Baumbach
549 1166 30 14 m.
602 1158 23 22 fl.
648 1158 135 22 förfäktade
806 1157 45 22 den
870 1158 61 28 åsigt
946 1161 32 19 att

220 1195 82 19 statens
324 1193 59 27 hjelp
407 1192 38 21 och
470 1192 70 28 skydd
559 1194 32 26 på
607 1193 58 20 detta
681 1192 89 22 område
786 1192 37 21 bör
838 1195 62 25 tagas
915 1194 8 19 i
939 1200 38 14 an-

220 1227 69 27 språk
304 1227 76 21 endast
396 1227 8 20 i
420 1227 35 21 det
465 1228 54 26 jall,
535 1227 29 21 då
580 1227 41 21 den
639 1227 112 21 enskildas
767 1226 86 26 krafter
874 1227 46 21 visa
943 1228 34 26 sig

221 1261 155 27 otillräckliga.
406 1260 113 22 Häremot
533 1260 95 22 ställdes
643 1260 54 22 från
711 1262 113 20 motsatta
839 1260 66 22 sidan
916 1260 29 22 bl.
957 1268 20 14 a.

220 1295 104 29 följande
340 1294 27 22 af
380 1294 49 30 dep.
446 1296 88 20 Rickert
549 1295 91 29 afgifna
656 1294 129 22 uttalande.

290 1330 29 26 I
340 1330 61 24 tider,
426 1330 29 20 dä
473 1332 128 25 egennyttan
611 1330 44 27 för
670 1331 85 26 spiran,
771 1329 30 21 då
816 1329 99 22 enskilda
925 1330 52 27 för-

220 1366 102 26 mögnare
338 1364 83 21 klasser
437 1364 140 27 tillvarataga
593 1365 49 20 sina
657 1364 106 20 intressen
772 1364 32 27 på
815 1364 26 20 de
851 1366 59 18 stora
920 1370 58 14 mas-

220 1405 78 14 sornas
314 1398 123 26 bekostnad,
453 1398 30 20 då
495 1398 72 26 finner
582 1397 141 28 vetenskapen
735 1398 54 20 intet
795 1397 72 28 gehör,
879 1398 28 20 då
918 1397 60 21 kom-

220 1439 46 14 mer
282 1432 34 21 det
332 1439 29 14 an
373 1433 32 27 pä
421 1435 32 18 att
468 1432 77 28 bringa
560 1432 145 21 maktmedlen
721 1432 36 21 till
773 1432 160 28 användning”.

288 1472 201 18 Ekonomiutskottets
502 1471 119 19 betänkande
633 1471 35 18 N:o
683 1472 26 17 14.
