1056 1725
315 143 19 23 U.
351 142 19 24 B.
387 155 28 3 —
431 142 55 29 Prop.
504 144 35 22 N:o
556 142 35 24 34.
778 144 26 22 15

155 206 175 26 Turiströrelsen,
360 205 190 28 hufvudsakligast
579 205 118 28 pilgrimer,
729 206 35 22 till
793 206 40 22 och

71 240 48 22 från
135 240 98 22 Walamo
249 240 40 22 och
307 240 119 21 Konnevits
442 242 24 19 är
482 240 83 28 ganska
581 239 60 28 liflig,
657 240 128 28 uppgående
800 241 34 21 till

72 276 84 27 omkrig
178 276 64 25 4,600
258 280 101 22 personer
375 274 88 28 årligen.
494 274 74 22 Under
585 280 75 16 senare
675 274 52 22 åren
742 275 40 22 har
797 281 36 15 an-

71 311 55 21 talet
144 309 136 28 förmögnare
294 309 91 21 resande
400 309 69 21 ökats.
501 309 74 21 Skulle
591 309 40 21 den
647 309 63 21 svåra
726 309 107 28 seglatsen

72 344 28 28 på
121 345 89 26 Ladoga
224 344 73 21 kunna
311 343 106 22 undvikas
432 343 53 22 eller
501 343 115 27 förkortas,
631 350 52 15 vore
701 344 83 21 antalet
801 345 33 20 sä-

72 379 97 28 kerligen
184 379 86 27 mycket
286 380 76 20 större.

142 419 85 22 Största
244 420 190 25 varutransporten
457 425 52 20 eger
530 425 48 14 rum
597 418 47 21 från
660 418 119 22 Sordavala
793 417 40 23 och

72 453 130 22 Pitkäranta
223 453 61 21 bruk.
314 452 57 21 Från
391 452 130 22 Pitkäranta
540 452 68 21 finnes
623 453 34 20 till
673 453 118 22 Sordavala
807 458 26 15 en

72 487 46 22 inre
134 487 40 22 och
193 487 96 27 skyddad
305 486 68 21 farled
389 486 34 22 för
438 487 12 21 5
467 487 28 27 '/,
511 487 44 21 fots
571 486 133 28 djupgående
720 487 113 26 farkoster,

72 524 60 19 utom
154 521 29 27 på
201 527 26 15 en
243 521 37 21 två
301 521 97 21 timmars
420 522 48 26 väg,
485 521 38 20 der
539 521 162 27 sydost-vinden
715 521 69 27 ligger
799 520 34 27 på.

72 555 76 22 Denna
176 555 69 21 farled
267 555 71 21 kunde
360 561 77 21 genom
459 555 115 27 muddring
597 555 40 21 lätt
653 554 117 28 fördjupas.
793 554 40 22 Om

72 590 84 22 vintern
171 590 39 27 går
224 591 190 25 varutransporten
430 589 48 22 från
494 590 129 21 Pitkäranta
637 589 61 22 öfver
709 589 124 22 Sordavala.

144 630 99 27 Inloppet
258 629 34 22 till
308 630 117 21 Sordavala
441 630 67 21 hamn
524 632 24 19 är
563 630 86 26 vidpass
660 630 25 21 15
697 632 59 19 verst
766 630 67 27 långt,

73 664 63 22 deraf
157 666 12 20 8
192 666 68 19 versts
283 664 65 27 längd
371 666 24 19 är
409 664 40 21 rak
469 664 41 22 och
526 664 41 21 lätt
582 664 123 27 navigerad,
721 664 112 21 hvaremot

72 698 87 28 vidpass
182 700 12 20 6
217 698 13 21 å
253 700 11 19 7
287 700 69 20 versts
375 698 66 27 längd
456 700 24 20 är
495 698 85 27 krokig,
596 700 52 20 utan
664 700 34 20 att
713 698 54 22 dock
782 704 53 15 vara

72 732 74 22 alltför
161 732 107 28 hinderlig
283 732 34 22 för
332 732 137 28 segelfartyg.
490 733 11 21 I
512 733 41 21 den
563 732 47 22 inre
621 732 96 22 farleden
728 732 107 22 förekom-

72 773 46 15 mer
141 769 31 19 ett
194 766 79 28 grundt
296 766 62 22 ställe
377 766 49 22 med
443 768 12 20 6
471 767 28 27 !/,
515 766 44 22 fots
574 769 75 19 vatten
663 767 29 27 på
707 773 26 15 en
749 766 86 22 sträcka

73 800 24 22 af
118 802 41 20 200
182 801 34 21 till
239 802 41 20 300
298 800 92 27 famnar,
406 801 85 21 hvilket
505 801 49 21 med
570 801 81 21 lätthet
665 801 72 21 kunde
753 800 81 28 fördju-

72 841 39 21 pas
134 835 130 21 åtminstone
286 835 49 21 med
358 836 11 20 2
386 835 27 27 1/,
433 835 39 22 fot.
503 836 100 26 Inloppet
625 835 34 21 till
680 834 155 28 Lahdenpohja

72 870 66 21 hamn
160 871 25 20 är
206 870 50 21 rakt
278 870 40 21 och
340 870 61 27 djupt
423 870 41 21 och
487 870 133 27 tillgängligt
641 870 37 21 vid
693 870 44 21 alla
751 869 82 27 vindar,

73 904 91 21 emedan
179 903 127 28 tillräckligt
321 904 104 27 segelrum
441 903 76 22 finnes.

145 944 106 21 Farleden
273 944 34 21 till
328 943 140 29 Kronoborgs
491 944 65 21 hamn
578 946 24 19 är
618 944 63 27 trång
696 944 40 21 och
750 944 84 27 krokig.

73 979 43 21 Det
135 980 72 20 vestra
222 978 96 27 inloppet
340 979 24 20 är
383 978 58 21 svårt
456 978 125 27 navigabelt
595 978 36 21 vid
645 978 92 27 vestliga
752 978 82 27 vindar,

73 1013 112 21 hvaremot
201 1013 36 20 det
252 1014 59 19 östra
326 1012 96 27 inloppet
438 1012 40 21 har
493 1019 60 14 mera
568 1013 113 26 segelrum.

146 1053 42 20 Till
208 1053 40 20 sist
269 1053 43 20 kan
335 1053 120 26 anmärkas,
475 1054 34 20 att
531 1053 149 26 vattendjupet
694 1053 7 20 i
717 1052 117 21 hamnarne

74 1087 100 22 Sermaks
189 1087 37 21 vid
241 1086 141 22 Svir-flodens
396 1087 82 27 utlopp,
495 1087 38 21 der
549 1087 149 21 Svir-kanalen
708 1087 77 26 vidtar,
795 1086 40 21 och

73 1121 49 28 Nya
143 1121 89 28 Ladoga
246 1121 36 22 vid
297 1121 109 22 Wolchow
420 1120 84 23 flodens
519 1121 82 27 utlopp,
617 1121 38 21 der
671 1121 89 27 Ladoga
769 1121 67 20 kana-

72 1156 36 22 len
123 1156 77 26 vidtar,
210 1158 24 19 är
248 1162 56 21 resp.
321 1156 11 20 2
349 1156 28 27 1/,
392 1155 40 22 och
450 1158 10 18 1
477 1156 28 26 !/,
521 1155 33 22 fot
569 1156 88 27 djupare
672 1157 27 19 än
709 1156 36 20 vid
753 1155 82 22 Kosch-

73 1190 52 22 kina
139 1190 65 21 bank.

145 1230 173 21 Vidkommande
341 1229 224 22 fraktförhållandena
581 1229 47 21 från
644 1230 26 20 de
685 1229 37 21 vid
737 1228 99 28 nordliga

73 1264 89 27 Ladoga
176 1264 92 27 belägna
283 1264 118 21 hamnarne
416 1264 93 27 sjöledes
517 1264 34 21 till
562 1264 32 21 S:t
602 1264 130 27 Petersburg
743 1263 39 21 och
790 1263 46 21 Wi-

73 1299 60 27 borg,
149 1298 39 21 har
203 1299 106 21 utskottet
324 1298 42 22 fått
382 1298 95 27 följande
495 1298 161 27 upplysningar.

146 1333 48 21 Den
216 1333 108 21 allmänna
346 1332 85 22 frakten
452 1332 49 22 från
517 1332 30 22 St.
563 1333 130 27 Petersburg
708 1332 34 21 till
757 1331 79 21 nämda

74 1367 91 21 hamnar
180 1368 24 20 är
222 1368 24 20 15
262 1367 49 27 kop.
327 1373 38 21 per
380 1367 42 27 pud
439 1366 34 22 för
489 1367 54 21 både
557 1367 151 27 skrymmande
719 1366 39 21 och
769 1367 67 25 tunga

73 1408 70 15 varor.
174 1401 58 21 Gods
256 1401 47 21 från
325 1401 128 21 Pitkäranta
476 1402 39 26 går
535 1402 68 26 enligt
618 1400 218 22 öfverenskommelse

74 1442 38 21 per
128 1436 79 27 ångbåt
222 1435 56 22 efter
295 1436 25 21 15
335 1436 50 27 kop.
400 1442 39 21 per
454 1436 45 27 pud
515 1436 33 21 för
563 1436 44 21 alla
622 1435 69 28 öfriga
700 1442 64 15 varor
774 1436 60 20 utom

74 1470 34 21 för
123 1471 89 26 koppar,
230 1476 45 15 som
290 1470 84 21 betalas
389 1471 49 20 med
455 1473 12 18 8
483 1471 50 26 kop.
549 1477 38 20 per
603 1471 49 26 pud.

143 1509 191 23 Jernvägsutskottets
349 1509 118 18 betänkande
481 1511 35 16 N:o
531 1511 14 16 1.
