<?xml version="1.0" encoding="UTF-8"?>
<alto xmlns="http://www.loc.gov/standards/alto/ns-v3#" xmlns:xlink="http://www.w3.org/1999/xlink" xmlns:xsi="http://www.w3.org/2001/XMLSchema-instance" xsi:schemaLocation="http://www.loc.gov/standards/alto/ns-v3# http://www.loc.gov/alto/v3/alto-3-0.xsd">
	<Description>
		<MeasurementUnit>pixel</MeasurementUnit>
		<sourceImageInformation>
			<fileName>/tmp/tess_eor2otl1_input.PNG</fileName>
		</sourceImageInformation>
		<OCRProcessing ID="OCR_0">
			<ocrProcessingStep>
				<processingSoftware>
					<softwareName>tesseract 5.3.4</softwareName>
				</processingSoftware>
			</ocrProcessingStep>
		</OCRProcessing>
	</Description>
	<Layout>
		<Page WIDTH="1056" HEIGHT="1725" PHYSICAL_IMG_NR="0" ID="page_0">
			<PrintSpace HPOS="0" VPOS="0" WIDTH="1056" HEIGHT="1725">
				<ComposedBlock ID="cblock_0" HPOS="241" VPOS="124" WIDTH="382" HEIGHT="30">
					<TextBlock ID="block_0" HPOS="241" VPOS="124" WIDTH="382" HEIGHT="30">
						<TextLine ID="line_0" HPOS="241" VPOS="124" WIDTH="382" HEIGHT="30">
							<String ID="string_0" HPOS="241" VPOS="126" WIDTH="32" HEIGHT="23" WC="0.93" CONTENT="U."/><SP WIDTH="16" VPOS="126" HPOS="273"/>
							<String ID="string_1" HPOS="289" VPOS="125" WIDTH="38" HEIGHT="24" WC="0.90" CONTENT="B."/><SP WIDTH="18" VPOS="125" HPOS="327"/>
							<String ID="string_2" HPOS="345" VPOS="138" WIDTH="23" HEIGHT="4" WC="0.90" CONTENT="—"/><SP WIDTH="18" VPOS="138" HPOS="368"/>
							<String ID="string_3" HPOS="386" VPOS="124" WIDTH="98" HEIGHT="30" WC="0.77" CONTENT="Frop."/><SP WIDTH="15" VPOS="124" HPOS="484"/>
							<String ID="string_4" HPOS="499" VPOS="124" WIDTH="55" HEIGHT="23" WC="0.96" CONTENT="N:o"/><SP WIDTH="15" VPOS="124" HPOS="554"/>
							<String ID="string_5" HPOS="569" VPOS="125" WIDTH="54" HEIGHT="23" WC="0.96" CONTENT="39."/>
						</TextLine>
					</TextBlock>
				</ComposedBlock>
				<ComposedBlock ID="cblock_1" HPOS="262" VPOS="602" WIDTH="551" HEIGHT="166">
					<TextBlock ID="block_1" HPOS="262" VPOS="602" WIDTH="551" HEIGHT="166">
						<TextLine ID="line_1" HPOS="332" VPOS="602" WIDTH="477" HEIGHT="26">
							<String ID="string_6" HPOS="332" VPOS="603" WIDTH="215" HEIGHT="25" WC="0.91" CONTENT="Statsutskottets"/><SP WIDTH="20" VPOS="603" HPOS="547"/>
							<String ID="string_7" HPOS="567" VPOS="602" WIDTH="151" HEIGHT="26" WC="0.96" CONTENT="betänkande"/><SP WIDTH="15" VPOS="602" HPOS="718"/>
							<String ID="string_8" HPOS="733" VPOS="602" WIDTH="36" HEIGHT="24" WC="0.96" CONTENT="N:o"/><SP WIDTH="16" VPOS="602" HPOS="769"/>
							<String ID="string_9" HPOS="785" VPOS="602" WIDTH="24" HEIGHT="24" WC="0.96" CONTENT="18"/>
						</TextLine>
						<TextLine ID="line_2" HPOS="262" VPOS="636" WIDTH="549" HEIGHT="32">
							<String ID="string_10" HPOS="262" VPOS="638" WIDTH="6" HEIGHT="24" WC="0.96" CONTENT="i"/><SP WIDTH="19" VPOS="638" HPOS="268"/>
							<String ID="string_11" HPOS="287" VPOS="638" WIDTH="100" HEIGHT="28" WC="0.96" CONTENT="anledning"/><SP WIDTH="22" VPOS="638" HPOS="387"/>
							<String ID="string_12" HPOS="409" VPOS="638" WIDTH="21" HEIGHT="24" WC="0.96" CONTENT="af"/><SP WIDTH="13" VPOS="638" HPOS="430"/>
							<String ID="string_13" HPOS="443" VPOS="638" WIDTH="50" HEIGHT="24" WC="0.95" CONTENT="Hans"/><SP WIDTH="16" VPOS="638" HPOS="493"/>
							<String ID="string_14" HPOS="509" VPOS="638" WIDTH="104" HEIGHT="30" WC="0.96" CONTENT="Kejserliga"/><SP WIDTH="14" VPOS="638" HPOS="613"/>
							<String ID="string_15" HPOS="627" VPOS="637" WIDTH="99" HEIGHT="31" WC="0.96" CONTENT="Majestäts"/><SP WIDTH="16" VPOS="637" HPOS="726"/>
							<String ID="string_16" HPOS="742" VPOS="636" WIDTH="69" HEIGHT="30" WC="0.96" CONTENT="nådiga"/>
						</TextLine>
						<TextLine ID="line_3" HPOS="262" VPOS="671" WIDTH="549" HEIGHT="32">
							<String ID="string_17" HPOS="262" VPOS="672" WIDTH="118" HEIGHT="31" WC="0.96" CONTENT="proposition"/><SP WIDTH="15" VPOS="672" HPOS="380"/>
							<String ID="string_18" HPOS="395" VPOS="680" WIDTH="28" HEIGHT="17" WC="0.93" CONTENT="om"/><SP WIDTH="14" VPOS="680" HPOS="423"/>
							<String ID="string_19" HPOS="437" VPOS="672" WIDTH="101" HEIGHT="25" WC="0.91" CONTENT="anvisande"/><SP WIDTH="15" VPOS="672" HPOS="538"/>
							<String ID="string_20" HPOS="553" VPOS="672" WIDTH="20" HEIGHT="25" WC="0.95" CONTENT="af"/><SP WIDTH="9" VPOS="672" HPOS="573"/>
							<String ID="string_21" HPOS="582" VPOS="672" WIDTH="58" HEIGHT="24" WC="0.96" CONTENT="medel"/><SP WIDTH="12" VPOS="672" HPOS="640"/>
							<String ID="string_22" HPOS="652" VPOS="672" WIDTH="31" HEIGHT="24" WC="0.96" CONTENT="till"/><SP WIDTH="8" VPOS="672" HPOS="683"/>
							<String ID="string_23" HPOS="691" VPOS="671" WIDTH="120" HEIGHT="25" WC="0.96" CONTENT="bestridande"/>
						</TextLine>
						<TextLine ID="line_4" HPOS="262" VPOS="705" WIDTH="551" HEIGHT="33">
							<String ID="string_24" HPOS="262" VPOS="708" WIDTH="21" HEIGHT="24" WC="0.91" CONTENT="af"/><SP WIDTH="20" VPOS="708" HPOS="283"/>
							<String ID="string_25" HPOS="303" VPOS="707" WIDTH="128" HEIGHT="25" WC="0.91" CONTENT="kostnaderna"/><SP WIDTH="15" VPOS="707" HPOS="431"/>
							<String ID="string_26" HPOS="446" VPOS="707" WIDTH="29" HEIGHT="25" WC="0.96" CONTENT="för"/><SP WIDTH="15" VPOS="707" HPOS="475"/>
							<String ID="string_27" HPOS="490" VPOS="707" WIDTH="126" HEIGHT="31" WC="0.96" CONTENT="uppsättning"/><SP WIDTH="15" VPOS="707" HPOS="616"/>
							<String ID="string_28" HPOS="631" VPOS="707" WIDTH="34" HEIGHT="25" WC="0.96" CONTENT="och"/><SP WIDTH="14" VPOS="707" HPOS="665"/>
							<String ID="string_29" HPOS="679" VPOS="706" WIDTH="98" HEIGHT="25" WC="0.96" CONTENT="underhåll"/><SP WIDTH="15" VPOS="706" HPOS="777"/>
							<String ID="string_30" HPOS="792" VPOS="705" WIDTH="21" HEIGHT="25" WC="0.95" CONTENT="af"/>
						</TextLine>
						<TextLine ID="line_5" HPOS="262" VPOS="742" WIDTH="171" HEIGHT="26">
							<String ID="string_31" HPOS="262" VPOS="742" WIDTH="59" HEIGHT="26" WC="0.96" CONTENT="finskt"/><SP WIDTH="15" VPOS="742" HPOS="321"/>
							<String ID="string_32" HPOS="336" VPOS="742" WIDTH="97" HEIGHT="25" WC="0.92" CONTENT="kavalleri."/>
						</TextLine>
					</TextBlock>
				</ComposedBlock>
				<ComposedBlock ID="cblock_2" HPOS="56" VPOS="844" WIDTH="757" HEIGHT="401">
					<TextBlock ID="block_2" HPOS="56" VPOS="844" WIDTH="756" HEIGHT="202">
						<TextLine ID="line_6" HPOS="124" VPOS="844" WIDTH="687" HEIGHT="30">
							<String ID="string_33" HPOS="124" VPOS="844" WIDTH="52" HEIGHT="22" WC="0.96" CONTENT="Den"/><SP WIDTH="15" VPOS="844" HPOS="176"/>
							<String ID="string_34" HPOS="191" VPOS="844" WIDTH="87" HEIGHT="30" WC="0.96" CONTENT="nådiga"/><SP WIDTH="14" VPOS="844" HPOS="278"/>
							<String ID="string_35" HPOS="292" VPOS="844" WIDTH="175" HEIGHT="30" WC="0.95" CONTENT="propositionen"/><SP WIDTH="15" VPOS="844" HPOS="467"/>
							<String ID="string_36" HPOS="482" VPOS="844" WIDTH="43" HEIGHT="22" WC="0.96" CONTENT="har"/><SP WIDTH="15" VPOS="844" HPOS="525"/>
							<String ID="string_37" HPOS="540" VPOS="844" WIDTH="25" HEIGHT="23" WC="0.95" CONTENT="af"/><SP WIDTH="13" VPOS="844" HPOS="565"/>
							<String ID="string_38" HPOS="578" VPOS="844" WIDTH="108" HEIGHT="29" WC="0.96" CONTENT="samtliga"/><SP WIDTH="13" VPOS="844" HPOS="686"/>
							<String ID="string_39" HPOS="699" VPOS="844" WIDTH="68" HEIGHT="23" WC="0.93" CONTENT="stånd"/><SP WIDTH="10" VPOS="844" HPOS="767"/>
							<String ID="string_40" HPOS="777" VPOS="852" WIDTH="34" HEIGHT="15" WC="0.92" CONTENT="re-"/>
						</TextLine>
						<TextLine ID="line_7" HPOS="56" VPOS="879" WIDTH="755" HEIGHT="28">
							<String ID="string_41" HPOS="56" VPOS="879" WIDTH="116" HEIGHT="22" WC="0.92" CONTENT="mitterats"/><SP WIDTH="23" VPOS="879" HPOS="172"/>
							<String ID="string_42" HPOS="195" VPOS="879" WIDTH="65" HEIGHT="22" WC="0.96" CONTENT="såväl"/><SP WIDTH="22" VPOS="879" HPOS="260"/>
							<String ID="string_43" HPOS="282" VPOS="879" WIDTH="37" HEIGHT="22" WC="0.96" CONTENT="till"/><SP WIDTH="23" VPOS="879" HPOS="319"/>
							<String ID="string_44" HPOS="342" VPOS="879" WIDTH="185" HEIGHT="28" WC="0.96" CONTENT="Statsutskottet,"/><SP WIDTH="23" VPOS="879" HPOS="527"/>
							<String ID="string_45" HPOS="550" VPOS="879" WIDTH="37" HEIGHT="22" WC="0.93" CONTENT="för"/><SP WIDTH="15" VPOS="879" HPOS="587"/>
							<String ID="string_46" HPOS="602" VPOS="879" WIDTH="127" HEIGHT="22" WC="0.91" CONTENT="anvisande"/><SP WIDTH="16" VPOS="879" HPOS="729"/>
							<String ID="string_47" HPOS="745" VPOS="879" WIDTH="26" HEIGHT="22" WC="0.96" CONTENT="af"/><SP WIDTH="12" VPOS="879" HPOS="771"/>
							<String ID="string_48" HPOS="783" VPOS="879" WIDTH="28" HEIGHT="22" WC="0.96" CONTENT="de"/>
						</TextLine>
						<TextLine ID="line_8" HPOS="56" VPOS="913" WIDTH="756" HEIGHT="30">
							<String ID="string_49" HPOS="56" VPOS="913" WIDTH="36" HEIGHT="22" WC="0.96" CONTENT="för"/><SP WIDTH="16" VPOS="913" HPOS="92"/>
							<String ID="string_50" HPOS="108" VPOS="913" WIDTH="132" HEIGHT="22" WC="0.96" CONTENT="ändamålet"/><SP WIDTH="14" VPOS="913" HPOS="240"/>
							<String ID="string_51" HPOS="254" VPOS="913" WIDTH="74" HEIGHT="22" WC="0.93" CONTENT="under"/><SP WIDTH="14" VPOS="913" HPOS="328"/>
							<String ID="string_52" HPOS="342" VPOS="913" WIDTH="210" HEIGHT="22" WC="0.91" CONTENT="nästinstundande"/><SP WIDTH="14" VPOS="913" HPOS="552"/>
							<String ID="string_53" HPOS="566" VPOS="913" WIDTH="158" HEIGHT="30" WC="0.91" CONTENT="finansperiod"/><SP WIDTH="19" VPOS="913" HPOS="724"/>
							<String ID="string_54" HPOS="743" VPOS="913" WIDTH="69" HEIGHT="22" WC="0.92" CONTENT="erfor-"/>
						</TextLine>
						<TextLine ID="line_9" HPOS="56" VPOS="947" WIDTH="756" HEIGHT="30">
							<String ID="string_55" HPOS="56" VPOS="948" WIDTH="89" HEIGHT="29" WC="0.91" CONTENT="derliga"/><SP WIDTH="15" VPOS="948" HPOS="145"/>
							<String ID="string_56" HPOS="160" VPOS="948" WIDTH="82" HEIGHT="25" WC="0.96" CONTENT="medel,"/><SP WIDTH="16" VPOS="948" HPOS="242"/>
							<String ID="string_57" HPOS="258" VPOS="955" WIDTH="49" HEIGHT="15" WC="0.96" CONTENT="som"/><SP WIDTH="16" VPOS="955" HPOS="307"/>
							<String ID="string_58" HPOS="323" VPOS="948" WIDTH="37" HEIGHT="22" WC="0.95" CONTENT="till"/><SP WIDTH="16" VPOS="948" HPOS="360"/>
							<String ID="string_59" HPOS="376" VPOS="950" WIDTH="34" HEIGHT="19" WC="0.96" CONTENT="ett"/><SP WIDTH="15" VPOS="950" HPOS="410"/>
							<String ID="string_60" HPOS="425" VPOS="947" WIDTH="109" HEIGHT="23" WC="0.96" CONTENT="särskildt"/><SP WIDTH="19" VPOS="947" HPOS="534"/>
							<String ID="string_61" HPOS="553" VPOS="948" WIDTH="84" HEIGHT="22" WC="0.93" CONTENT="tillsatt"/><SP WIDTH="15" VPOS="948" HPOS="637"/>
							<String ID="string_62" HPOS="652" VPOS="948" WIDTH="160" HEIGHT="29" WC="0.92" CONTENT="Värnepligts-"/>
						</TextLine>
						<TextLine ID="line_10" HPOS="56" VPOS="982" WIDTH="756" HEIGHT="29">
							<String ID="string_63" HPOS="56" VPOS="982" WIDTH="91" HEIGHT="22" WC="0.96" CONTENT="utskott"/><SP WIDTH="14" VPOS="982" HPOS="147"/>
							<String ID="string_64" HPOS="161" VPOS="982" WIDTH="37" HEIGHT="22" WC="0.92" CONTENT="för"/><SP WIDTH="15" VPOS="982" HPOS="198"/>
							<String ID="string_65" HPOS="213" VPOS="982" WIDTH="135" HEIGHT="29" WC="0.92" CONTENT="afgifvande"/><SP WIDTH="16" VPOS="982" HPOS="348"/>
							<String ID="string_66" HPOS="364" VPOS="982" WIDTH="26" HEIGHT="23" WC="0.96" CONTENT="af"/><SP WIDTH="12" VPOS="982" HPOS="390"/>
							<String ID="string_67" HPOS="402" VPOS="982" WIDTH="147" HEIGHT="22" WC="0.96" CONTENT="betänkande"/><SP WIDTH="16" VPOS="982" HPOS="549"/>
							<String ID="string_68" HPOS="565" VPOS="982" WIDTH="119" HEIGHT="29" WC="0.95" CONTENT="angående"/><SP WIDTH="9" VPOS="982" HPOS="684"/>
							<String ID="string_69" HPOS="693" VPOS="982" WIDTH="73" HEIGHT="29" WC="0.91" CONTENT="öfriga"/><SP WIDTH="8" VPOS="982" HPOS="766"/>
							<String ID="string_70" HPOS="774" VPOS="982" WIDTH="38" HEIGHT="22" WC="0.91" CONTENT="de-"/>
						</TextLine>
						<TextLine ID="line_11" HPOS="56" VPOS="1016" WIDTH="271" HEIGHT="30">
							<String ID="string_71" HPOS="56" VPOS="1016" WIDTH="36" HEIGHT="22" WC="0.96" CONTENT="lar"/><SP WIDTH="14" VPOS="1016" HPOS="92"/>
							<String ID="string_72" HPOS="106" VPOS="1016" WIDTH="27" HEIGHT="23" WC="0.95" CONTENT="af"/><SP WIDTH="11" VPOS="1016" HPOS="133"/>
							<String ID="string_73" HPOS="144" VPOS="1017" WIDTH="183" HEIGHT="29" WC="0.94" CONTENT="propositionen."/>
						</TextLine>
					</TextBlock>
					<TextBlock ID="block_3" HPOS="56" VPOS="1051" WIDTH="757" HEIGHT="194">
						<TextLine ID="line_12" HPOS="124" VPOS="1051" WIDTH="688" HEIGHT="29">
							<String ID="string_74" HPOS="124" VPOS="1051" WIDTH="55" HEIGHT="22" WC="0.96" CONTENT="Med"/><SP WIDTH="22" VPOS="1051" HPOS="179"/>
							<String ID="string_75" HPOS="201" VPOS="1051" WIDTH="171" HEIGHT="29" WC="0.96" CONTENT="godkännande"/><SP WIDTH="18" VPOS="1051" HPOS="372"/>
							<String ID="string_76" HPOS="390" VPOS="1051" WIDTH="27" HEIGHT="22" WC="0.93" CONTENT="af"/><SP WIDTH="14" VPOS="1051" HPOS="417"/>
							<String ID="string_77" HPOS="431" VPOS="1051" WIDTH="277" HEIGHT="29" WC="0.89" CONTENT="Värnepligtsutskottets"/><SP WIDTH="16" VPOS="1051" HPOS="708"/>
							<String ID="string_78" HPOS="724" VPOS="1052" WIDTH="8" HEIGHT="21" WC="0.93" CONTENT="i"/><SP WIDTH="16" VPOS="1052" HPOS="732"/>
							<String ID="string_79" HPOS="748" VPOS="1055" WIDTH="64" HEIGHT="18" WC="0.91" CONTENT="ären-"/>
						</TextLine>
						<TextLine ID="line_13" HPOS="56" VPOS="1085" WIDTH="757" HEIGHT="29">
							<String ID="string_80" HPOS="56" VPOS="1085" WIDTH="40" HEIGHT="22" WC="0.93" CONTENT="det"/><SP WIDTH="15" VPOS="1085" HPOS="96"/>
							<String ID="string_81" HPOS="111" VPOS="1085" WIDTH="90" HEIGHT="29" WC="0.91" CONTENT="afgifna"/><SP WIDTH="15" VPOS="1085" HPOS="201"/>
							<String ID="string_82" HPOS="216" VPOS="1085" WIDTH="146" HEIGHT="22" WC="0.96" CONTENT="betänkande"/><SP WIDTH="16" VPOS="1085" HPOS="362"/>
							<String ID="string_83" HPOS="378" VPOS="1086" WIDTH="42" HEIGHT="21" WC="0.96" CONTENT="N:o"/><SP WIDTH="17" VPOS="1086" HPOS="420"/>
							<String ID="string_84" HPOS="437" VPOS="1087" WIDTH="10" HEIGHT="20" WC="0.96" CONTENT="1"/><SP WIDTH="17" VPOS="1087" HPOS="447"/>
							<String ID="string_85" HPOS="464" VPOS="1085" WIDTH="71" HEIGHT="23" WC="0.93" CONTENT="hafva"/><SP WIDTH="15" VPOS="1085" HPOS="535"/>
							<String ID="string_86" HPOS="550" VPOS="1085" WIDTH="129" HEIGHT="22" WC="0.90" CONTENT="Ständerna"/><SP WIDTH="16" VPOS="1085" HPOS="679"/>
							<String ID="string_87" HPOS="695" VPOS="1086" WIDTH="118" HEIGHT="22" WC="0.89" CONTENT="allaredan"/>
						</TextLine>
						<TextLine ID="line_14" HPOS="56" VPOS="1119" WIDTH="756" HEIGHT="30">
							<String ID="string_88" HPOS="56" VPOS="1119" WIDTH="96" HEIGHT="22" WC="0.90" CONTENT="beslutit"/><SP WIDTH="22" VPOS="1119" HPOS="152"/>
							<String ID="string_89" HPOS="174" VPOS="1120" WIDTH="37" HEIGHT="22" WC="0.93" CONTENT="till"/><SP WIDTH="15" VPOS="1120" HPOS="211"/>
							<String ID="string_90" HPOS="226" VPOS="1120" WIDTH="163" HEIGHT="29" WC="0.91" CONTENT="uppställande"/><SP WIDTH="15" VPOS="1120" HPOS="389"/>
							<String ID="string_91" HPOS="404" VPOS="1119" WIDTH="26" HEIGHT="22" WC="0.96" CONTENT="af"/><SP WIDTH="12" VPOS="1119" HPOS="430"/>
							<String ID="string_92" HPOS="442" VPOS="1120" WIDTH="72" HEIGHT="21" WC="0.96" CONTENT="finskt"/><SP WIDTH="14" VPOS="1120" HPOS="514"/>
							<String ID="string_93" HPOS="528" VPOS="1120" WIDTH="113" HEIGHT="22" WC="0.96" CONTENT="kavalleri"/><SP WIDTH="15" VPOS="1120" HPOS="641"/>
							<String ID="string_94" HPOS="656" VPOS="1123" WIDTH="59" HEIGHT="19" WC="0.93" CONTENT="samt"/><SP WIDTH="15" VPOS="1123" HPOS="715"/>
							<String ID="string_95" HPOS="730" VPOS="1121" WIDTH="82" HEIGHT="22" WC="0.90" CONTENT="beräk-"/>
						</TextLine>
						<TextLine ID="line_15" HPOS="56" VPOS="1154" WIDTH="756" HEIGHT="30">
							<String ID="string_96" HPOS="56" VPOS="1156" WIDTH="42" HEIGHT="20" WC="0.96" CONTENT="nat"/><SP WIDTH="14" VPOS="1156" HPOS="98"/>
							<String ID="string_97" HPOS="112" VPOS="1154" WIDTH="158" HEIGHT="22" WC="0.96" CONTENT="kostnaderna"/><SP WIDTH="14" VPOS="1154" HPOS="270"/>
							<String ID="string_98" HPOS="284" VPOS="1154" WIDTH="37" HEIGHT="22" WC="0.96" CONTENT="för"/><SP WIDTH="15" VPOS="1154" HPOS="321"/>
							<String ID="string_99" HPOS="336" VPOS="1155" WIDTH="128" HEIGHT="21" WC="0.96" CONTENT="detsamma"/><SP WIDTH="15" VPOS="1155" HPOS="464"/>
							<String ID="string_100" HPOS="479" VPOS="1155" WIDTH="73" HEIGHT="21" WC="0.93" CONTENT="under"/><SP WIDTH="10" VPOS="1155" HPOS="552"/>
							<String ID="string_101" HPOS="562" VPOS="1155" WIDTH="186" HEIGHT="29" WC="0.91" CONTENT="finansperioden"/><SP WIDTH="10" VPOS="1155" HPOS="748"/>
							<String ID="string_102" HPOS="758" VPOS="1157" WIDTH="54" HEIGHT="21" WC="0.96" CONTENT="1889"/>
						</TextLine>
						<TextLine ID="line_16" HPOS="56" VPOS="1188" WIDTH="757" HEIGHT="30">
							<String ID="string_103" HPOS="56" VPOS="1190" WIDTH="83" HEIGHT="21" WC="0.91" CONTENT="—1891"/><SP WIDTH="18" VPOS="1190" HPOS="139"/>
							<String ID="string_104" HPOS="157" VPOS="1188" WIDTH="37" HEIGHT="22" WC="0.93" CONTENT="till"/><SP WIDTH="16" VPOS="1188" HPOS="194"/>
							<String ID="string_105" HPOS="210" VPOS="1190" WIDTH="114" HEIGHT="28" WC="0.92" CONTENT="1,900,000"/><SP WIDTH="14" VPOS="1190" HPOS="324"/>
							<String ID="string_106" HPOS="338" VPOS="1190" WIDTH="75" HEIGHT="27" WC="0.96" CONTENT="mark;"/><SP WIDTH="16" VPOS="1190" HPOS="413"/>
							<String ID="string_107" HPOS="429" VPOS="1189" WIDTH="45" HEIGHT="23" WC="0.96" CONTENT="och"/><SP WIDTH="14" VPOS="1189" HPOS="474"/>
							<String ID="string_108" HPOS="488" VPOS="1189" WIDTH="36" HEIGHT="23" WC="0.96" CONTENT="får"/><SP WIDTH="15" VPOS="1189" HPOS="524"/>
							<String ID="string_109" HPOS="539" VPOS="1190" WIDTH="177" HEIGHT="22" WC="0.96" CONTENT="Statsutskottet"/><SP WIDTH="20" VPOS="1190" HPOS="716"/>
							<String ID="string_110" HPOS="736" VPOS="1190" WIDTH="77" HEIGHT="22" WC="0.96" CONTENT="derför"/>
						</TextLine>
						<TextLine ID="line_17" HPOS="56" VPOS="1222" WIDTH="95" HEIGHT="23">
							<String ID="string_111" HPOS="56" VPOS="1222" WIDTH="95" HEIGHT="23" WC="0.96" CONTENT="föreslå:"/>
						</TextLine>
					</TextBlock>
				</ComposedBlock>
				<ComposedBlock ID="cblock_3" HPOS="125" VPOS="1292" WIDTH="687" HEIGHT="199">
					<TextBlock ID="block_4" HPOS="125" VPOS="1292" WIDTH="687" HEIGHT="199">
						<TextLine ID="line_18" HPOS="263" VPOS="1292" WIDTH="549" HEIGHT="30">
							<String ID="string_112" HPOS="263" VPOS="1296" WIDTH="33" HEIGHT="19" WC="0.93" CONTENT="att"/><SP WIDTH="8" VPOS="1296" HPOS="296"/>
							<String ID="string_113" HPOS="304" VPOS="1293" WIDTH="124" HEIGHT="21" WC="0.91" CONTENT="Ständerna"/><SP WIDTH="9" VPOS="1293" HPOS="428"/>
							<String ID="string_114" HPOS="437" VPOS="1294" WIDTH="56" HEIGHT="26" WC="0.96" CONTENT="ville,"/><SP WIDTH="11" VPOS="1294" HPOS="493"/>
							<String ID="string_115" HPOS="504" VPOS="1292" WIDTH="101" HEIGHT="28" WC="0.96" CONTENT="förutom"/><SP WIDTH="13" VPOS="1292" HPOS="605"/>
							<String ID="string_116" HPOS="618" VPOS="1294" WIDTH="26" HEIGHT="20" WC="0.95" CONTENT="de"/><SP WIDTH="7" VPOS="1294" HPOS="644"/>
							<String ID="string_117" HPOS="651" VPOS="1294" WIDTH="74" HEIGHT="28" WC="0.95" CONTENT="medel,"/><SP WIDTH="16" VPOS="1294" HPOS="725"/>
							<String ID="string_118" HPOS="741" VPOS="1294" WIDTH="71" HEIGHT="22" WC="0.95" CONTENT="hvilka"/>
						</TextLine>
						<TextLine ID="line_19" HPOS="193" VPOS="1328" WIDTH="618" HEIGHT="28">
							<String ID="string_119" HPOS="193" VPOS="1328" WIDTH="69" HEIGHT="21" WC="0.95" CONTENT="redan"/><SP WIDTH="22" VPOS="1328" HPOS="262"/>
							<String ID="string_120" HPOS="284" VPOS="1328" WIDTH="94" HEIGHT="28" WC="0.93" CONTENT="tidigare"/><SP WIDTH="23" VPOS="1328" HPOS="378"/>
							<String ID="string_121" HPOS="401" VPOS="1328" WIDTH="108" HEIGHT="28" WC="0.87" CONTENT="anslagits"/><SP WIDTH="20" VPOS="1328" HPOS="509"/>
							<String ID="string_122" HPOS="529" VPOS="1328" WIDTH="38" HEIGHT="26" WC="0.97" CONTENT="för"/><SP WIDTH="20" VPOS="1328" HPOS="567"/>
							<String ID="string_123" HPOS="587" VPOS="1328" WIDTH="98" HEIGHT="22" WC="0.96" CONTENT="militära"/><SP WIDTH="15" VPOS="1328" HPOS="685"/>
							<String ID="string_124" HPOS="700" VPOS="1329" WIDTH="111" HEIGHT="27" WC="0.96" CONTENT="ändamål,"/>
						</TextLine>
						<TextLine ID="line_20" HPOS="188" VPOS="1362" WIDTH="623" HEIGHT="30">
							<String ID="string_125" HPOS="188" VPOS="1362" WIDTH="43" HEIGHT="27" WC="0.91" CONTENT="för"/><SP WIDTH="22" VPOS="1362" HPOS="231"/>
							<String ID="string_126" HPOS="253" VPOS="1363" WIDTH="154" HEIGHT="27" WC="0.91" CONTENT="uppställande"/><SP WIDTH="23" VPOS="1363" HPOS="407"/>
							<String ID="string_127" HPOS="430" VPOS="1362" WIDTH="39" HEIGHT="22" WC="0.96" CONTENT="och"/><SP WIDTH="18" VPOS="1362" HPOS="469"/>
							<String ID="string_128" HPOS="487" VPOS="1363" WIDTH="116" HEIGHT="21" WC="0.96" CONTENT="underhåll"/><SP WIDTH="14" VPOS="1363" HPOS="603"/>
							<String ID="string_129" HPOS="617" VPOS="1362" WIDTH="30" HEIGHT="28" WC="0.95" CONTENT="af"/><SP WIDTH="6" VPOS="1362" HPOS="647"/>
							<String ID="string_130" HPOS="653" VPOS="1363" WIDTH="71" HEIGHT="29" WC="0.64" CONTENT="finskt"/><SP WIDTH="15" VPOS="1363" HPOS="724"/>
							<String ID="string_131" HPOS="739" VPOS="1364" WIDTH="72" HEIGHT="21" WC="0.93" CONTENT="kaval-"/>
						</TextLine>
						<TextLine ID="line_21" HPOS="195" VPOS="1397" WIDTH="617" HEIGHT="28">
							<String ID="string_132" HPOS="195" VPOS="1397" WIDTH="41" HEIGHT="21" WC="0.93" CONTENT="leri"/><SP WIDTH="14" VPOS="1397" HPOS="236"/>
							<String ID="string_133" HPOS="250" VPOS="1398" WIDTH="64" HEIGHT="20" WC="0.95" CONTENT="anslå"/><SP WIDTH="15" VPOS="1398" HPOS="314"/>
							<String ID="string_134" HPOS="329" VPOS="1398" WIDTH="126" HEIGHT="27" WC="0.91" CONTENT="ytterligare"/><SP WIDTH="16" VPOS="1398" HPOS="455"/>
							<String ID="string_135" HPOS="471" VPOS="1398" WIDTH="116" HEIGHT="27" WC="0.91" CONTENT="1,900,000"/><SP WIDTH="16" VPOS="1398" HPOS="587"/>
							<String ID="string_136" HPOS="603" VPOS="1398" WIDTH="62" HEIGHT="21" WC="0.96" CONTENT="mark"/><SP WIDTH="14" VPOS="1398" HPOS="665"/>
							<String ID="string_137" HPOS="679" VPOS="1398" WIDTH="70" HEIGHT="21" WC="0.96" CONTENT="under"/><SP WIDTH="10" VPOS="1398" HPOS="749"/>
							<String ID="string_138" HPOS="759" VPOS="1399" WIDTH="53" HEIGHT="21" WC="0.96" CONTENT="åren"/>
						</TextLine>
						<TextLine ID="line_22" HPOS="194" VPOS="1432" WIDTH="155" HEIGHT="22">
							<String ID="string_139" HPOS="194" VPOS="1432" WIDTH="155" HEIGHT="22" WC="0.81" CONTENT="1889—1891."/>
						</TextLine>
						<TextLine ID="line_23" HPOS="125" VPOS="1470" WIDTH="379" HEIGHT="21">
							<String ID="string_140" HPOS="125" VPOS="1470" WIDTH="159" HEIGHT="20" WC="0.90" CONTENT="Statsutskottets"/><SP WIDTH="11" VPOS="1470" HPOS="284"/>
							<String ID="string_141" HPOS="295" VPOS="1471" WIDTH="122" HEIGHT="19" WC="0.96" CONTENT="betänkande"/><SP WIDTH="12" VPOS="1471" HPOS="417"/>
							<String ID="string_142" HPOS="429" VPOS="1472" WIDTH="36" HEIGHT="19" WC="0.96" CONTENT="N:o"/><SP WIDTH="14" VPOS="1472" HPOS="465"/>
							<String ID="string_143" HPOS="479" VPOS="1473" WIDTH="25" HEIGHT="18" WC="0.94" CONTENT="18."/>
						</TextLine>
					</TextBlock>
				</ComposedBlock>
			</PrintSpace>
		</Page>
	</Layout>
</alto>
