<?xml version="1.0" encoding="UTF-8"?>
<alto xmlns="http://www.loc.gov/standards/alto/ns-v3#" xmlns:xlink="http://www.w3.org/1999/xlink" xmlns:xsi="http://www.w3.org/2001/XMLSchema-instance" xsi:schemaLocation="http://www.loc.gov/standards/alto/ns-v3# http://www.loc.gov/alto/v3/alto-3-0.xsd">
	<Description>
		<MeasurementUnit>pixel</MeasurementUnit>
		<sourceImageInformation>
			<fileName>/tmp/tess__7mpkkcl_input.PNG</fileName>
		</sourceImageInformation>
		<OCRProcessing ID="OCR_0">
			<ocrProcessingStep>
				<processingSoftware>
					<softwareName>tesseract 5.3.4</softwareName>
				</processingSoftware>
			</ocrProcessingStep>
		</OCRProcessing>
	</Description>
	<Layout>
		<Page WIDTH="1056" HEIGHT="1725" PHYSICAL_IMG_NR="0" ID="page_0">
			<PrintSpace HPOS="0" VPOS="0" WIDTH="1056" HEIGHT="1725">
				<ComposedBlock ID="cblock_0" HPOS="304" VPOS="128" WIDTH="489" HEIGHT="28">
					<TextBlock ID="block_0" HPOS="304" VPOS="128" WIDTH="489" HEIGHT="28">
						<TextLine ID="line_0" HPOS="304" VPOS="128" WIDTH="489" HEIGHT="28">
							<String ID="string_0" HPOS="304" VPOS="129" WIDTH="18" HEIGHT="23" WC="0.92" CONTENT="U."/><SP WIDTH="18" VPOS="129" HPOS="322"/>
							<String ID="string_1" HPOS="340" VPOS="128" WIDTH="19" HEIGHT="23" WC="0.91" CONTENT="B."/><SP WIDTH="17" VPOS="128" HPOS="359"/>
							<String ID="string_2" HPOS="376" VPOS="128" WIDTH="47" HEIGHT="28" WC="0.93" CONTENT="Prop"/><SP WIDTH="24" VPOS="128" HPOS="423"/>
							<String ID="string_3" HPOS="447" VPOS="140" WIDTH="26" HEIGHT="4" WC="0.91" CONTENT="—"/><SP WIDTH="18" VPOS="140" HPOS="473"/>
							<String ID="string_4" HPOS="491" VPOS="128" WIDTH="36" HEIGHT="23" WC="0.94" CONTENT="N:o"/><SP WIDTH="16" VPOS="128" HPOS="527"/>
							<String ID="string_5" HPOS="543" VPOS="128" WIDTH="35" HEIGHT="23" WC="0.96" CONTENT="34."/><SP WIDTH="189" VPOS="128" HPOS="578"/>
							<String ID="string_6" HPOS="767" VPOS="131" WIDTH="26" HEIGHT="19" WC="0.96" CONTENT="41"/>
						</TextLine>
					</TextBlock>
				</ComposedBlock>
				<ComposedBlock ID="cblock_1" HPOS="58" VPOS="191" WIDTH="765" HEIGHT="1331">
					<TextBlock ID="block_1" HPOS="60" VPOS="191" WIDTH="763" HEIGHT="233">
						<TextLine ID="line_1" HPOS="132" VPOS="191" WIDTH="691" HEIGHT="28">
							<String ID="string_7" HPOS="132" VPOS="191" WIDTH="74" HEIGHT="22" WC="0.90" CONTENT="Ehuru"/><SP WIDTH="26" VPOS="191" HPOS="206"/>
							<String ID="string_8" HPOS="232" VPOS="192" WIDTH="172" HEIGHT="27" WC="0.81" CONTENT="Björneborgska"/><SP WIDTH="15" VPOS="192" HPOS="404"/>
							<String ID="string_9" HPOS="419" VPOS="192" WIDTH="206" HEIGHT="27" WC="0.89" CONTENT="jernvägskomiten,"/><SP WIDTH="27" VPOS="192" HPOS="625"/>
							<String ID="string_10" HPOS="652" VPOS="192" WIDTH="7" HEIGHT="20" WC="0.89" CONTENT="i"/><SP WIDTH="26" VPOS="192" HPOS="659"/>
							<String ID="string_11" HPOS="685" VPOS="192" WIDTH="101" HEIGHT="22" WC="0.93" CONTENT="afseende"/><SP WIDTH="24" VPOS="192" HPOS="786"/>
							<String ID="string_12" HPOS="810" VPOS="192" WIDTH="13" HEIGHT="22" WC="0.93" CONTENT="&amp;"/>
						</TextLine>
						<TextLine ID="line_2" HPOS="60" VPOS="225" WIDTH="763" HEIGHT="28">
							<String ID="string_13" HPOS="60" VPOS="225" WIDTH="128" HEIGHT="27" WC="0.92" CONTENT="jernvägens"/><SP WIDTH="16" VPOS="225" HPOS="188"/>
							<String ID="string_14" HPOS="204" VPOS="226" WIDTH="7" HEIGHT="20" WC="0.93" CONTENT="i"/><SP WIDTH="15" VPOS="226" HPOS="211"/>
							<String ID="string_15" HPOS="226" VPOS="226" WIDTH="132" HEIGHT="27" WC="0.96" CONTENT="Björneborg"/><SP WIDTH="15" VPOS="226" HPOS="358"/>
							<String ID="string_16" HPOS="373" VPOS="225" WIDTH="85" HEIGHT="28" WC="0.96" CONTENT="uppgift"/><SP WIDTH="16" VPOS="225" HPOS="458"/>
							<String ID="string_17" HPOS="474" VPOS="226" WIDTH="41" HEIGHT="21" WC="0.93" CONTENT="och"/><SP WIDTH="16" VPOS="226" HPOS="515"/>
							<String ID="string_18" HPOS="531" VPOS="226" WIDTH="100" HEIGHT="20" WC="0.96" CONTENT="ändamål"/><SP WIDTH="16" VPOS="226" HPOS="631"/>
							<String ID="string_19" HPOS="647" VPOS="227" WIDTH="32" HEIGHT="20" WC="0.93" CONTENT="att"/><SP WIDTH="14" VPOS="227" HPOS="679"/>
							<String ID="string_20" HPOS="693" VPOS="226" WIDTH="130" HEIGHT="22" WC="0.92" CONTENT="företrädes-"/>
						</TextLine>
						<TextLine ID="line_3" HPOS="62" VPOS="260" WIDTH="761" HEIGHT="27">
							<String ID="string_21" HPOS="62" VPOS="260" WIDTH="32" HEIGHT="20" WC="0.93" CONTENT="vis"/><SP WIDTH="15" VPOS="260" HPOS="94"/>
							<String ID="string_22" HPOS="109" VPOS="260" WIDTH="87" HEIGHT="27" WC="0.91" CONTENT="betjena"/><SP WIDTH="16" VPOS="260" HPOS="196"/>
							<String ID="string_23" HPOS="212" VPOS="260" WIDTH="41" HEIGHT="21" WC="0.93" CONTENT="den"/><SP WIDTH="13" VPOS="260" HPOS="253"/>
							<String ID="string_24" HPOS="266" VPOS="260" WIDTH="73" HEIGHT="22" WC="0.92" CONTENT="lokala"/><SP WIDTH="14" VPOS="260" HPOS="339"/>
							<String ID="string_25" HPOS="353" VPOS="260" WIDTH="97" HEIGHT="26" WC="0.93" CONTENT="trafiken,"/><SP WIDTH="18" VPOS="260" HPOS="450"/>
							<String ID="string_26" HPOS="468" VPOS="260" WIDTH="53" HEIGHT="21" WC="0.92" CONTENT="stält"/><SP WIDTH="22" VPOS="260" HPOS="521"/>
							<String ID="string_27" HPOS="543" VPOS="260" WIDTH="33" HEIGHT="27" WC="0.96" CONTENT="sig"/><SP WIDTH="22" VPOS="260" HPOS="576"/>
							<String ID="string_28" HPOS="598" VPOS="260" WIDTH="28" HEIGHT="27" WC="0.95" CONTENT="pä"/><SP WIDTH="23" VPOS="260" HPOS="626"/>
							<String ID="string_29" HPOS="649" VPOS="266" WIDTH="82" HEIGHT="15" WC="0.92" CONTENT="samma"/><SP WIDTH="20" VPOS="266" HPOS="731"/>
							<String ID="string_30" HPOS="751" VPOS="261" WIDTH="72" HEIGHT="21" WC="0.92" CONTENT="ständ-"/>
						</TextLine>
						<TextLine ID="line_4" HPOS="62" VPOS="295" WIDTH="761" HEIGHT="27">
							<String ID="string_31" HPOS="62" VPOS="295" WIDTH="69" HEIGHT="26" WC="0.96" CONTENT="punkt"/><SP WIDTH="23" VPOS="295" HPOS="131"/>
							<String ID="string_32" HPOS="154" VPOS="301" WIDTH="46" HEIGHT="15" WC="0.93" CONTENT="som"/><SP WIDTH="14" VPOS="301" HPOS="200"/>
							<String ID="string_33" HPOS="214" VPOS="295" WIDTH="113" HEIGHT="26" WC="0.96" CONTENT="utskottet,"/><SP WIDTH="16" VPOS="295" HPOS="327"/>
							<String ID="string_34" HPOS="343" VPOS="295" WIDTH="39" HEIGHT="21" WC="0.93" CONTENT="har"/><SP WIDTH="15" VPOS="295" HPOS="382"/>
							<String ID="string_35" HPOS="397" VPOS="295" WIDTH="98" HEIGHT="21" WC="0.80" CONTENT="komiten"/><SP WIDTH="18" VPOS="295" HPOS="495"/>
							<String ID="string_36" HPOS="513" VPOS="295" WIDTH="86" HEIGHT="20" WC="0.91" CONTENT="likvisst"/><SP WIDTH="23" VPOS="295" HPOS="599"/>
							<String ID="string_37" HPOS="622" VPOS="296" WIDTH="71" HEIGHT="19" WC="0.96" CONTENT="ansett"/><SP WIDTH="22" VPOS="296" HPOS="693"/>
							<String ID="string_38" HPOS="715" VPOS="295" WIDTH="33" HEIGHT="27" WC="0.93" CONTENT="sig"/><SP WIDTH="22" VPOS="295" HPOS="748"/>
							<String ID="string_39" HPOS="770" VPOS="295" WIDTH="53" HEIGHT="21" WC="0.95" CONTENT="böra"/>
						</TextLine>
						<TextLine ID="line_5" HPOS="63" VPOS="328" WIDTH="760" HEIGHT="28">
							<String ID="string_40" HPOS="63" VPOS="328" WIDTH="114" HEIGHT="28" WC="0.92" CONTENT="föredraga"/><SP WIDTH="15" VPOS="328" HPOS="177"/>
							<String ID="string_41" HPOS="192" VPOS="329" WIDTH="151" HEIGHT="27" WC="0.91" CONTENT="sträckningen"/><SP WIDTH="15" VPOS="329" HPOS="343"/>
							<String ID="string_42" HPOS="358" VPOS="329" WIDTH="47" HEIGHT="21" WC="0.92" CONTENT="frän"/><SP WIDTH="16" VPOS="329" HPOS="405"/>
							<String ID="string_43" HPOS="421" VPOS="329" WIDTH="97" HEIGHT="26" WC="0.93" CONTENT="Urdiala,"/><SP WIDTH="17" VPOS="329" HPOS="518"/>
							<String ID="string_44" HPOS="535" VPOS="329" WIDTH="40" HEIGHT="21" WC="0.95" CONTENT="och"/><SP WIDTH="16" VPOS="329" HPOS="575"/>
							<String ID="string_45" HPOS="591" VPOS="329" WIDTH="39" HEIGHT="20" WC="0.96" CONTENT="har"/><SP WIDTH="15" VPOS="329" HPOS="630"/>
							<String ID="string_46" HPOS="645" VPOS="329" WIDTH="58" HEIGHT="21" WC="0.93" CONTENT="inom"/><SP WIDTH="12" VPOS="329" HPOS="703"/>
							<String ID="string_47" HPOS="715" VPOS="329" WIDTH="108" HEIGHT="22" WC="0.93" CONTENT="utskottet"/>
						</TextLine>
						<TextLine ID="line_6" HPOS="62" VPOS="362" WIDTH="761" HEIGHT="28">
							<String ID="string_48" HPOS="62" VPOS="363" WIDTH="7" HEIGHT="20" WC="0.93" CONTENT="i"/><SP WIDTH="16" VPOS="363" HPOS="69"/>
							<String ID="string_49" HPOS="85" VPOS="362" WIDTH="122" HEIGHT="22" WC="0.93" CONTENT="hufvudsak"/><SP WIDTH="15" VPOS="362" HPOS="207"/>
							<String ID="string_50" HPOS="222" VPOS="363" WIDTH="28" HEIGHT="27" WC="0.93" CONTENT="pä"/><SP WIDTH="15" VPOS="363" HPOS="250"/>
							<String ID="string_51" HPOS="265" VPOS="363" WIDTH="111" HEIGHT="21" WC="0.96" CONTENT="enahanda"/><SP WIDTH="15" VPOS="363" HPOS="376"/>
							<String ID="string_52" HPOS="391" VPOS="363" WIDTH="94" HEIGHT="27" WC="0.93" CONTENT="grunder"/><SP WIDTH="13" VPOS="363" HPOS="485"/>
							<String ID="string_53" HPOS="498" VPOS="363" WIDTH="81" HEIGHT="27" WC="0.72" CONTENT="jemväl"/><SP WIDTH="15" VPOS="363" HPOS="579"/>
							<String ID="string_54" HPOS="594" VPOS="363" WIDTH="67" HEIGHT="21" WC="0.91" CONTENT="linien"/><SP WIDTH="18" VPOS="363" HPOS="661"/>
							<String ID="string_55" HPOS="679" VPOS="363" WIDTH="48" HEIGHT="21" WC="0.93" CONTENT="från"/><SP WIDTH="15" VPOS="363" HPOS="727"/>
							<String ID="string_56" HPOS="742" VPOS="363" WIDTH="81" HEIGHT="22" WC="0.92" CONTENT="Loimi-"/>
						</TextLine>
						<TextLine ID="line_7" HPOS="60" VPOS="397" WIDTH="176" HEIGHT="27">
							<String ID="string_57" HPOS="60" VPOS="397" WIDTH="46" HEIGHT="27" WC="0.93" CONTENT="joki"/><SP WIDTH="16" VPOS="397" HPOS="106"/>
							<String ID="string_58" HPOS="122" VPOS="397" WIDTH="114" HEIGHT="22" WC="0.92" CONTENT="förordats."/>
						</TextLine>
					</TextBlock>
					<TextBlock ID="block_2" HPOS="62" VPOS="431" WIDTH="761" HEIGHT="370">
						<TextLine ID="line_8" HPOS="134" VPOS="431" WIDTH="689" HEIGHT="28">
							<String ID="string_59" HPOS="134" VPOS="431" WIDTH="75" HEIGHT="22" WC="0.92" CONTENT="Säsom"/><SP WIDTH="15" VPOS="431" HPOS="209"/>
							<String ID="string_60" HPOS="224" VPOS="431" WIDTH="148" HEIGHT="22" WC="0.92" CONTENT="hufvudmotiv"/><SP WIDTH="16" VPOS="431" HPOS="372"/>
							<String ID="string_61" HPOS="388" VPOS="431" WIDTH="33" HEIGHT="21" WC="0.93" CONTENT="för"/><SP WIDTH="20" VPOS="431" HPOS="421"/>
							<String ID="string_62" HPOS="441" VPOS="431" WIDTH="92" HEIGHT="22" WC="0.92" CONTENT="Urdiala"/><SP WIDTH="22" VPOS="431" HPOS="533"/>
							<String ID="string_63" HPOS="555" VPOS="431" WIDTH="151" HEIGHT="28" WC="0.91" CONTENT="sträckningen"/><SP WIDTH="22" VPOS="431" HPOS="706"/>
							<String ID="string_64" HPOS="728" VPOS="432" WIDTH="39" HEIGHT="21" WC="0.93" CONTENT="har"/><SP WIDTH="22" VPOS="432" HPOS="767"/>
							<String ID="string_65" HPOS="789" VPOS="438" WIDTH="34" HEIGHT="15" WC="0.92" CONTENT="re-"/>
						</TextLine>
						<TextLine ID="line_9" HPOS="63" VPOS="465" WIDTH="759" HEIGHT="28">
							<String ID="string_66" HPOS="63" VPOS="465" WIDTH="41" HEIGHT="21" WC="0.93" CONTENT="dan"/><SP WIDTH="16" VPOS="465" HPOS="104"/>
							<String ID="string_67" HPOS="120" VPOS="465" WIDTH="88" HEIGHT="28" WC="0.92" CONTENT="anförts,"/><SP WIDTH="17" VPOS="465" HPOS="208"/>
							<String ID="string_68" HPOS="225" VPOS="468" WIDTH="33" HEIGHT="19" WC="0.93" CONTENT="att"/><SP WIDTH="15" VPOS="468" HPOS="258"/>
							<String ID="string_69" HPOS="273" VPOS="466" WIDTH="124" HEIGHT="21" WC="0.90" CONTENT="densamma"/><SP WIDTH="14" VPOS="466" HPOS="397"/>
							<String ID="string_70" HPOS="411" VPOS="466" WIDTH="60" HEIGHT="27" WC="0.92" CONTENT="löper"/><SP WIDTH="16" VPOS="466" HPOS="471"/>
							<String ID="string_71" HPOS="487" VPOS="472" WIDTH="78" HEIGHT="21" WC="0.93" CONTENT="genom"/><SP WIDTH="15" VPOS="472" HPOS="565"/>
							<String ID="string_72" HPOS="580" VPOS="465" WIDTH="82" HEIGHT="22" WC="0.91" CONTENT="Hvittis"/><SP WIDTH="20" VPOS="465" HPOS="662"/>
							<String ID="string_73" HPOS="682" VPOS="466" WIDTH="40" HEIGHT="21" WC="0.93" CONTENT="och"/><SP WIDTH="15" VPOS="466" HPOS="722"/>
							<String ID="string_74" HPOS="737" VPOS="466" WIDTH="85" HEIGHT="21" WC="0.92" CONTENT="Punka-"/>
						</TextLine>
						<TextLine ID="line_10" HPOS="62" VPOS="499" WIDTH="759" HEIGHT="28">
							<String ID="string_75" HPOS="62" VPOS="499" WIDTH="61" HEIGHT="22" WC="0.93" CONTENT="laitio"/><SP WIDTH="24" VPOS="499" HPOS="123"/>
							<String ID="string_76" HPOS="147" VPOS="500" WIDTH="95" HEIGHT="21" WC="0.92" CONTENT="folkrika"/><SP WIDTH="21" VPOS="500" HPOS="242"/>
							<String ID="string_77" HPOS="263" VPOS="501" WIDTH="126" HEIGHT="20" WC="0.96" CONTENT="kommuner"/><SP WIDTH="22" VPOS="501" HPOS="389"/>
							<String ID="string_78" HPOS="411" VPOS="501" WIDTH="56" HEIGHT="20" WC="0.96" CONTENT="samt"/><SP WIDTH="22" VPOS="501" HPOS="467"/>
							<String ID="string_79" HPOS="489" VPOS="500" WIDTH="98" HEIGHT="21" WC="0.96" CONTENT="kommer"/><SP WIDTH="23" VPOS="500" HPOS="587"/>
							<String ID="string_80" HPOS="610" VPOS="501" WIDTH="52" HEIGHT="19" WC="0.96" CONTENT="nära"/><SP WIDTH="22" VPOS="501" HPOS="662"/>
							<String ID="string_81" HPOS="684" VPOS="500" WIDTH="34" HEIGHT="21" WC="0.93" CONTENT="till"/><SP WIDTH="27" VPOS="500" HPOS="718"/>
							<String ID="string_82" HPOS="745" VPOS="501" WIDTH="76" HEIGHT="26" WC="0.92" CONTENT="Notsjö"/>
						</TextLine>
						<TextLine ID="line_11" HPOS="63" VPOS="534" WIDTH="758" HEIGHT="27">
							<String ID="string_83" HPOS="63" VPOS="534" WIDTH="109" HEIGHT="27" WC="0.95" CONTENT="glasbruk."/><SP WIDTH="30" VPOS="534" HPOS="172"/>
							<String ID="string_84" HPOS="202" VPOS="535" WIDTH="10" HEIGHT="20" WC="0.95" CONTENT="I"/><SP WIDTH="17" VPOS="535" HPOS="212"/>
							<String ID="string_85" HPOS="229" VPOS="535" WIDTH="62" HEIGHT="20" WC="0.93" CONTENT="dessa"/><SP WIDTH="17" VPOS="535" HPOS="291"/>
							<String ID="string_86" HPOS="308" VPOS="535" WIDTH="134" HEIGHT="20" WC="0.96" CONTENT="hänseenden"/><SP WIDTH="24" VPOS="535" HPOS="442"/>
							<String ID="string_87" HPOS="466" VPOS="535" WIDTH="69" HEIGHT="20" WC="0.96" CONTENT="måste"/><SP WIDTH="24" VPOS="535" HPOS="535"/>
							<String ID="string_88" HPOS="559" VPOS="535" WIDTH="54" HEIGHT="20" WC="0.93" CONTENT="dock"/><SP WIDTH="22" VPOS="535" HPOS="613"/>
							<String ID="string_89" HPOS="635" VPOS="534" WIDTH="106" HEIGHT="21" WC="0.95" CONTENT="utskottet"/><SP WIDTH="22" VPOS="534" HPOS="741"/>
							<String ID="string_90" HPOS="763" VPOS="540" WIDTH="58" HEIGHT="20" WC="0.95" CONTENT="anse,"/>
						</TextLine>
						<TextLine ID="line_12" HPOS="62" VPOS="567" WIDTH="760" HEIGHT="29">
							<String ID="string_91" HPOS="62" VPOS="569" WIDTH="32" HEIGHT="21" WC="0.96" CONTENT="att"/><SP WIDTH="16" VPOS="569" HPOS="94"/>
							<String ID="string_92" HPOS="110" VPOS="569" WIDTH="110" HEIGHT="21" WC="0.96" CONTENT="trakterna"/><SP WIDTH="16" VPOS="569" HPOS="220"/>
							<String ID="string_93" HPOS="236" VPOS="569" WIDTH="58" HEIGHT="21" WC="0.96" CONTENT="invid"/><SP WIDTH="21" VPOS="569" HPOS="294"/>
							<String ID="string_94" HPOS="315" VPOS="569" WIDTH="150" HEIGHT="27" WC="0.96" CONTENT="sträckningen"/><SP WIDTH="24" VPOS="569" HPOS="465"/>
							<String ID="string_95" HPOS="489" VPOS="563" WIDTH="146" HEIGHT="37" WC="0.0" CONTENT="Tammerfors"/><SP WIDTH="15" VPOS="563" HPOS="635"/>
							<String ID="string_96" HPOS="650" VPOS="568" WIDTH="81" HEIGHT="22" WC="0.0" CONTENT="—Kumo"/><SP WIDTH="25" VPOS="568" HPOS="731"/>
							<String ID="string_97" HPOS="756" VPOS="567" WIDTH="66" HEIGHT="23" WC="0.95" CONTENT="hafva"/>
						</TextLine>
						<TextLine ID="line_13" HPOS="62" VPOS="602" WIDTH="760" HEIGHT="28">
							<String ID="string_98" HPOS="62" VPOS="602" WIDTH="114" HEIGHT="27" WC="0.94" CONTENT="företräde,"/><SP WIDTH="24" VPOS="602" HPOS="176"/>
							<String ID="string_99" HPOS="200" VPOS="603" WIDTH="40" HEIGHT="21" WC="0.96" CONTENT="och"/><SP WIDTH="22" VPOS="603" HPOS="240"/>
							<String ID="string_100" HPOS="262" VPOS="604" WIDTH="42" HEIGHT="20" WC="0.96" CONTENT="kan"/><SP WIDTH="23" VPOS="604" HPOS="304"/>
							<String ID="string_101" HPOS="327" VPOS="603" WIDTH="24" HEIGHT="21" WC="0.96" CONTENT="så"/><SP WIDTH="21" VPOS="603" HPOS="351"/>
							<String ID="string_102" HPOS="372" VPOS="604" WIDTH="85" HEIGHT="26" WC="0.96" CONTENT="mycket"/><SP WIDTH="23" VPOS="604" HPOS="457"/>
							<String ID="string_103" HPOS="480" VPOS="603" WIDTH="84" HEIGHT="21" WC="0.96" CONTENT="mindre"/><SP WIDTH="23" VPOS="603" HPOS="564"/>
							<String ID="string_104" HPOS="587" VPOS="602" WIDTH="100" HEIGHT="22" WC="0.95" CONTENT="afseende"/><SP WIDTH="16" VPOS="602" HPOS="687"/>
							<String ID="string_105" HPOS="703" VPOS="602" WIDTH="68" HEIGHT="22" WC="0.96" CONTENT="fästas"/><SP WIDTH="14" VPOS="602" HPOS="771"/>
							<String ID="string_106" HPOS="785" VPOS="602" WIDTH="37" HEIGHT="22" WC="0.96" CONTENT="vid"/>
						</TextLine>
						<TextLine ID="line_14" HPOS="62" VPOS="636" WIDTH="759" HEIGHT="28">
							<String ID="string_107" HPOS="62" VPOS="636" WIDTH="108" HEIGHT="22" WC="0.92" CONTENT="komiténs"/><SP WIDTH="22" VPOS="636" HPOS="170"/>
							<String ID="string_108" HPOS="192" VPOS="637" WIDTH="40" HEIGHT="21" WC="0.96" CONTENT="här"/><SP WIDTH="21" VPOS="637" HPOS="232"/>
							<String ID="string_109" HPOS="253" VPOS="638" WIDTH="78" HEIGHT="20" WC="0.95" CONTENT="nämda"/><SP WIDTH="21" VPOS="638" HPOS="331"/>
							<String ID="string_110" HPOS="352" VPOS="637" WIDTH="73" HEIGHT="27" WC="0.95" CONTENT="motiv,"/><SP WIDTH="25" VPOS="637" HPOS="425"/>
							<String ID="string_111" HPOS="450" VPOS="644" WIDTH="47" HEIGHT="14" WC="0.93" CONTENT="som"/><SP WIDTH="22" VPOS="644" HPOS="497"/>
							<String ID="string_112" HPOS="519" VPOS="637" WIDTH="138" HEIGHT="21" WC="0.92" CONTENT="Punkalaitio"/><SP WIDTH="23" VPOS="637" HPOS="657"/>
							<String ID="string_113" HPOS="680" VPOS="638" WIDTH="78" HEIGHT="20" WC="0.96" CONTENT="socken"/><SP WIDTH="23" VPOS="638" HPOS="758"/>
							<String ID="string_114" HPOS="781" VPOS="636" WIDTH="40" HEIGHT="22" WC="0.96" CONTENT="och"/>
						</TextLine>
						<TextLine ID="line_15" HPOS="62" VPOS="666" WIDTH="759" HEIGHT="33">
							<String ID="string_115" HPOS="62" VPOS="671" WIDTH="77" HEIGHT="27" WC="0.92" CONTENT="Notsjö"/><SP WIDTH="16" VPOS="671" HPOS="139"/>
							<String ID="string_116" HPOS="155" VPOS="671" WIDTH="54" HEIGHT="21" WC="0.96" CONTENT="bruk"/><SP WIDTH="16" VPOS="671" HPOS="209"/>
							<String ID="string_117" HPOS="225" VPOS="672" WIDTH="58" HEIGHT="27" WC="0.96" CONTENT="ligga"/><SP WIDTH="14" VPOS="672" HPOS="283"/>
							<String ID="string_118" HPOS="297" VPOS="672" WIDTH="82" HEIGHT="26" WC="0.96" CONTENT="ganska"/><SP WIDTH="14" VPOS="672" HPOS="379"/>
							<String ID="string_119" HPOS="393" VPOS="673" WIDTH="52" HEIGHT="19" WC="0.96" CONTENT="nära"/><SP WIDTH="16" VPOS="673" HPOS="445"/>
							<String ID="string_120" HPOS="461" VPOS="666" WIDTH="48" HEIGHT="26" WC="0.96" CONTENT="Åbo"/><SP WIDTH="16" VPOS="666" HPOS="509"/>
							<String ID="string_121" HPOS="525" VPOS="672" WIDTH="71" HEIGHT="20" WC="0.95" CONTENT="banan"/><SP WIDTH="19" VPOS="672" HPOS="596"/>
							<String ID="string_122" HPOS="615" VPOS="671" WIDTH="39" HEIGHT="21" WC="0.96" CONTENT="och"/><SP WIDTH="23" VPOS="671" HPOS="654"/>
							<String ID="string_123" HPOS="677" VPOS="672" WIDTH="144" HEIGHT="20" WC="0.93" CONTENT="centralorten"/>
						</TextLine>
						<TextLine ID="line_16" HPOS="62" VPOS="705" WIDTH="759" HEIGHT="28">
							<String ID="string_124" HPOS="62" VPOS="705" WIDTH="6" HEIGHT="21" WC="0.93" CONTENT="i"/><SP WIDTH="16" VPOS="705" HPOS="68"/>
							<String ID="string_125" HPOS="84" VPOS="705" WIDTH="82" HEIGHT="21" WC="0.91" CONTENT="Hvittis"/><SP WIDTH="16" VPOS="705" HPOS="166"/>
							<String ID="string_126" HPOS="182" VPOS="706" WIDTH="148" HEIGHT="26" WC="0.91" CONTENT="(Lauttakylä)"/><SP WIDTH="14" VPOS="706" HPOS="330"/>
							<String ID="string_127" HPOS="344" VPOS="706" WIDTH="48" HEIGHT="20" WC="0.96" CONTENT="icke"/><SP WIDTH="23" VPOS="706" HPOS="392"/>
							<String ID="string_128" HPOS="415" VPOS="705" WIDTH="63" HEIGHT="21" WC="0.96" CONTENT="faller"/><SP WIDTH="15" VPOS="705" HPOS="478"/>
							<String ID="string_129" HPOS="493" VPOS="706" WIDTH="74" HEIGHT="27" WC="0.96" CONTENT="längre"/><SP WIDTH="16" VPOS="706" HPOS="567"/>
							<String ID="string_130" HPOS="583" VPOS="708" WIDTH="27" HEIGHT="18" WC="0.96" CONTENT="än"/><SP WIDTH="15" VPOS="708" HPOS="610"/>
							<String ID="string_131" HPOS="625" VPOS="706" WIDTH="28" HEIGHT="26" WC="0.96" CONTENT="på"/><SP WIDTH="16" VPOS="706" HPOS="653"/>
							<String ID="string_132" HPOS="669" VPOS="708" WIDTH="11" HEIGHT="18" WC="0.96" CONTENT="9"/><SP WIDTH="16" VPOS="708" HPOS="680"/>
							<String ID="string_133" HPOS="696" VPOS="706" WIDTH="125" HEIGHT="20" WC="0.96" CONTENT="kilometers"/>
						</TextLine>
						<TextLine ID="line_17" HPOS="63" VPOS="738" WIDTH="759" HEIGHT="28">
							<String ID="string_134" HPOS="63" VPOS="738" WIDTH="86" HEIGHT="22" WC="0.91" CONTENT="afstånd"/><SP WIDTH="17" VPOS="738" HPOS="149"/>
							<String ID="string_135" HPOS="166" VPOS="739" WIDTH="47" HEIGHT="21" WC="0.96" CONTENT="från"/><SP WIDTH="17" VPOS="739" HPOS="213"/>
							<String ID="string_136" HPOS="230" VPOS="740" WIDTH="40" HEIGHT="20" WC="0.93" CONTENT="den"/><SP WIDTH="15" VPOS="740" HPOS="270"/>
							<String ID="string_137" HPOS="285" VPOS="740" WIDTH="57" HEIGHT="26" WC="0.92" CONTENT="linie,"/><SP WIDTH="16" VPOS="740" HPOS="342"/>
							<String ID="string_138" HPOS="358" VPOS="740" WIDTH="107" HEIGHT="20" WC="0.96" CONTENT="utskottet"/><SP WIDTH="18" VPOS="740" HPOS="465"/>
							<String ID="string_139" HPOS="483" VPOS="740" WIDTH="125" HEIGHT="21" WC="0.96" CONTENT="alternativt"/><SP WIDTH="23" VPOS="740" HPOS="608"/>
							<String ID="string_140" HPOS="631" VPOS="739" WIDTH="104" HEIGHT="27" WC="0.93" CONTENT="förordar,"/><SP WIDTH="24" VPOS="739" HPOS="735"/>
							<String ID="string_141" HPOS="759" VPOS="740" WIDTH="63" HEIGHT="20" WC="0.92" CONTENT="hvar-"/>
						</TextLine>
						<TextLine ID="line_18" HPOS="62" VPOS="773" WIDTH="697" HEIGHT="28">
							<String ID="string_142" HPOS="62" VPOS="773" WIDTH="95" HEIGHT="21" WC="0.93" CONTENT="förutom"/><SP WIDTH="15" VPOS="773" HPOS="157"/>
							<String ID="string_143" HPOS="172" VPOS="774" WIDTH="130" HEIGHT="27" WC="0.92" CONTENT="Lauttakylä"/><SP WIDTH="14" VPOS="774" HPOS="302"/>
							<String ID="string_144" HPOS="316" VPOS="774" WIDTH="39" HEIGHT="20" WC="0.93" CONTENT="har"/><SP WIDTH="15" VPOS="774" HPOS="355"/>
							<String ID="string_145" HPOS="370" VPOS="774" WIDTH="128" HEIGHT="27" WC="0.92" CONTENT="ångbåtsled"/><SP WIDTH="15" VPOS="774" HPOS="498"/>
							<String ID="string_146" HPOS="513" VPOS="774" WIDTH="57" HEIGHT="21" WC="0.96" CONTENT="ända"/><SP WIDTH="15" VPOS="774" HPOS="570"/>
							<String ID="string_147" HPOS="585" VPOS="774" WIDTH="34" HEIGHT="21" WC="0.93" CONTENT="till"/><SP WIDTH="14" VPOS="774" HPOS="619"/>
							<String ID="string_148" HPOS="633" VPOS="774" WIDTH="126" HEIGHT="21" WC="0.91" CONTENT="Witikkala."/>
						</TextLine>
					</TextBlock>
					<TextBlock ID="block_3" HPOS="61" VPOS="808" WIDTH="760" HEIGHT="267">
						<TextLine ID="line_19" HPOS="130" VPOS="808" WIDTH="691" HEIGHT="27">
							<String ID="string_149" HPOS="130" VPOS="808" WIDTH="48" HEIGHT="21" WC="0.96" CONTENT="Den"/><SP WIDTH="14" VPOS="808" HPOS="178"/>
							<String ID="string_150" HPOS="192" VPOS="808" WIDTH="110" HEIGHT="22" WC="0.96" CONTENT="minoritet"/><SP WIDTH="12" VPOS="808" HPOS="302"/>
							<String ID="string_151" HPOS="314" VPOS="808" WIDTH="58" HEIGHT="21" WC="0.96" CONTENT="inom"/><SP WIDTH="16" VPOS="808" HPOS="372"/>
							<String ID="string_152" HPOS="388" VPOS="808" WIDTH="112" HEIGHT="26" WC="0.96" CONTENT="utskottet,"/><SP WIDTH="17" VPOS="808" HPOS="500"/>
							<String ID="string_153" HPOS="517" VPOS="814" WIDTH="46" HEIGHT="15" WC="0.96" CONTENT="som"/><SP WIDTH="16" VPOS="814" HPOS="563"/>
							<String ID="string_154" HPOS="579" VPOS="808" WIDTH="56" HEIGHT="21" WC="0.93" CONTENT="velat"/><SP WIDTH="16" VPOS="808" HPOS="635"/>
							<String ID="string_155" HPOS="651" VPOS="808" WIDTH="113" HEIGHT="27" WC="0.91" CONTENT="föredraga"/><SP WIDTH="7" VPOS="808" HPOS="764"/>
							<String ID="string_156" HPOS="771" VPOS="808" WIDTH="50" HEIGHT="21" WC="0.92" CONTENT="Loi-"/>
						</TextLine>
						<TextLine ID="line_20" HPOS="61" VPOS="842" WIDTH="758" HEIGHT="27">
							<String ID="string_157" HPOS="61" VPOS="842" WIDTH="75" HEIGHT="27" WC="0.91" CONTENT="mijoki"/><SP WIDTH="8" VPOS="842" HPOS="136"/>
							<String ID="string_158" HPOS="144" VPOS="842" WIDTH="74" HEIGHT="27" WC="0.91" CONTENT="linien,"/><SP WIDTH="9" VPOS="842" HPOS="218"/>
							<String ID="string_159" HPOS="227" VPOS="842" WIDTH="39" HEIGHT="21" WC="0.96" CONTENT="har"/><SP WIDTH="8" VPOS="842" HPOS="266"/>
							<String ID="string_160" HPOS="274" VPOS="842" WIDTH="33" HEIGHT="22" WC="0.96" CONTENT="till"/><SP WIDTH="9" VPOS="842" HPOS="307"/>
							<String ID="string_161" HPOS="316" VPOS="842" WIDTH="83" HEIGHT="21" WC="0.96" CONTENT="förmån"/><SP WIDTH="8" VPOS="842" HPOS="399"/>
							<String ID="string_162" HPOS="407" VPOS="842" WIDTH="33" HEIGHT="21" WC="0.96" CONTENT="för"/><SP WIDTH="9" VPOS="842" HPOS="440"/>
							<String ID="string_163" HPOS="449" VPOS="842" WIDTH="126" HEIGHT="22" WC="0.93" CONTENT="densamma"/><SP WIDTH="8" VPOS="842" HPOS="575"/>
							<String ID="string_164" HPOS="583" VPOS="842" WIDTH="149" HEIGHT="27" WC="0.91" CONTENT="förnämligast"/><SP WIDTH="9" VPOS="842" HPOS="732"/>
							<String ID="string_165" HPOS="741" VPOS="842" WIDTH="78" HEIGHT="26" WC="0.96" CONTENT="anfört,"/>
						</TextLine>
						<TextLine ID="line_21" HPOS="62" VPOS="876" WIDTH="758" HEIGHT="28">
							<String ID="string_166" HPOS="62" VPOS="878" WIDTH="32" HEIGHT="19" WC="0.96" CONTENT="att"/><SP WIDTH="16" VPOS="878" HPOS="94"/>
							<String ID="string_167" HPOS="110" VPOS="877" WIDTH="42" HEIGHT="20" WC="0.96" CONTENT="den"/><SP WIDTH="15" VPOS="877" HPOS="152"/>
							<String ID="string_168" HPOS="167" VPOS="877" WIDTH="34" HEIGHT="20" WC="0.96" CONTENT="för"/><SP WIDTH="15" VPOS="877" HPOS="201"/>
							<String ID="string_169" HPOS="216" VPOS="877" WIDTH="41" HEIGHT="21" WC="0.96" CONTENT="den"/><SP WIDTH="15" VPOS="877" HPOS="257"/>
							<String ID="string_170" HPOS="272" VPOS="877" WIDTH="72" HEIGHT="21" WC="0.96" CONTENT="lokala"/><SP WIDTH="14" VPOS="877" HPOS="344"/>
							<String ID="string_171" HPOS="358" VPOS="877" WIDTH="95" HEIGHT="21" WC="0.96" CONTENT="rörelsen"/><SP WIDTH="16" VPOS="877" HPOS="453"/>
							<String ID="string_172" HPOS="469" VPOS="877" WIDTH="43" HEIGHT="21" WC="0.96" CONTENT="blir"/><SP WIDTH="15" VPOS="877" HPOS="512"/>
							<String ID="string_173" HPOS="527" VPOS="877" WIDTH="45" HEIGHT="21" WC="0.96" CONTENT="lika"/><SP WIDTH="15" VPOS="877" HPOS="572"/>
							<String ID="string_174" HPOS="587" VPOS="877" WIDTH="114" HEIGHT="27" WC="0.95" CONTENT="förmånlig"/><SP WIDTH="15" VPOS="877" HPOS="701"/>
							<String ID="string_175" HPOS="716" VPOS="877" WIDTH="59" HEIGHT="21" WC="0.96" CONTENT="såväl"/><SP WIDTH="11" VPOS="877" HPOS="775"/>
							<String ID="string_176" HPOS="786" VPOS="876" WIDTH="34" HEIGHT="22" WC="0.96" CONTENT="till"/>
						</TextLine>
						<TextLine ID="line_22" HPOS="62" VPOS="905" WIDTH="757" HEIGHT="33">
							<String ID="string_177" HPOS="62" VPOS="905" WIDTH="48" HEIGHT="27" WC="0.95" CONTENT="Åbo"/><SP WIDTH="24" VPOS="905" HPOS="110"/>
							<String ID="string_178" HPOS="134" VPOS="917" WIDTH="46" HEIGHT="15" WC="0.96" CONTENT="som"/><SP WIDTH="22" VPOS="917" HPOS="180"/>
							<String ID="string_179" HPOS="202" VPOS="911" WIDTH="34" HEIGHT="21" WC="0.96" CONTENT="till"/><SP WIDTH="22" VPOS="911" HPOS="236"/>
							<String ID="string_180" HPOS="258" VPOS="911" WIDTH="132" HEIGHT="27" WC="0.96" CONTENT="Björneborg"/><SP WIDTH="22" VPOS="911" HPOS="390"/>
							<String ID="string_181" HPOS="412" VPOS="913" WIDTH="56" HEIGHT="20" WC="0.95" CONTENT="samt"/><SP WIDTH="23" VPOS="913" HPOS="468"/>
							<String ID="string_182" HPOS="491" VPOS="913" WIDTH="32" HEIGHT="20" WC="0.95" CONTENT="att"/><SP WIDTH="16" VPOS="913" HPOS="523"/>
							<String ID="string_183" HPOS="539" VPOS="918" WIDTH="26" HEIGHT="14" WC="0.96" CONTENT="en"/><SP WIDTH="15" VPOS="918" HPOS="565"/>
							<String ID="string_184" HPOS="580" VPOS="911" WIDTH="159" HEIGHT="27" WC="0.96" CONTENT="genomgående"/><SP WIDTH="15" VPOS="911" HPOS="739"/>
							<String ID="string_185" HPOS="754" VPOS="909" WIDTH="65" HEIGHT="23" WC="0.96" CONTENT="trafik"/>
						</TextLine>
						<TextLine ID="line_23" HPOS="61" VPOS="945" WIDTH="759" HEIGHT="28">
							<String ID="string_186" HPOS="61" VPOS="945" WIDTH="39" HEIGHT="20" WC="0.96" CONTENT="här"/><SP WIDTH="16" VPOS="945" HPOS="100"/>
							<String ID="string_187" HPOS="116" VPOS="945" WIDTH="69" HEIGHT="21" WC="0.96" CONTENT="skulle"/><SP WIDTH="14" VPOS="945" HPOS="185"/>
							<String ID="string_188" HPOS="199" VPOS="945" WIDTH="84" HEIGHT="27" WC="0.96" CONTENT="uppstå,"/><SP WIDTH="17" VPOS="945" HPOS="283"/>
							<String ID="string_189" HPOS="300" VPOS="946" WIDTH="27" HEIGHT="21" WC="0.96" CONTENT="då"/><SP WIDTH="15" VPOS="946" HPOS="327"/>
							<String ID="string_190" HPOS="342" VPOS="952" WIDTH="26" HEIGHT="14" WC="0.93" CONTENT="en"/><SP WIDTH="22" VPOS="952" HPOS="368"/>
							<String ID="string_191" HPOS="390" VPOS="945" WIDTH="270" HEIGHT="28" WC="0.92" CONTENT="sammanbindningsbana"/><SP WIDTH="14" VPOS="945" HPOS="660"/>
							<String ID="string_192" HPOS="674" VPOS="945" WIDTH="7" HEIGHT="20" WC="0.96" CONTENT="i"/><SP WIDTH="23" VPOS="945" HPOS="681"/>
							<String ID="string_193" HPOS="704" VPOS="945" WIDTH="116" HEIGHT="21" WC="0.96" CONTENT="framtiden"/>
						</TextLine>
						<TextLine ID="line_24" HPOS="61" VPOS="979" WIDTH="759" HEIGHT="28">
							<String ID="string_194" HPOS="61" VPOS="979" WIDTH="102" HEIGHT="27" WC="0.92" CONTENT="anlägges"/><SP WIDTH="15" VPOS="979" HPOS="163"/>
							<String ID="string_195" HPOS="178" VPOS="979" WIDTH="48" HEIGHT="21" WC="0.93" CONTENT="från"/><SP WIDTH="15" VPOS="979" HPOS="226"/>
							<String ID="string_196" HPOS="241" VPOS="980" WIDTH="114" HEIGHT="27" WC="0.91" CONTENT="Loimijoki"/><SP WIDTH="16" VPOS="980" HPOS="355"/>
							<String ID="string_197" HPOS="371" VPOS="980" WIDTH="33" HEIGHT="21" WC="0.93" CONTENT="till"/><SP WIDTH="16" VPOS="980" HPOS="404"/>
							<String ID="string_198" HPOS="420" VPOS="980" WIDTH="126" HEIGHT="26" WC="0.91" CONTENT="Riihimäki,"/><SP WIDTH="17" VPOS="980" HPOS="546"/>
							<String ID="string_199" HPOS="563" VPOS="980" WIDTH="138" HEIGHT="27" WC="0.96" CONTENT="hvarigenom"/><SP WIDTH="11" VPOS="980" HPOS="701"/>
							<String ID="string_200" HPOS="712" VPOS="985" WIDTH="26" HEIGHT="15" WC="0.95" CONTENT="en"/><SP WIDTH="11" VPOS="985" HPOS="738"/>
							<String ID="string_201" HPOS="749" VPOS="979" WIDTH="71" HEIGHT="21" WC="0.96" CONTENT="direkt"/>
						</TextLine>
						<TextLine ID="line_25" HPOS="61" VPOS="1013" WIDTH="758" HEIGHT="26">
							<String ID="string_202" HPOS="61" VPOS="1013" WIDTH="133" HEIGHT="22" WC="0.96" CONTENT="förbindelse"/><SP WIDTH="15" VPOS="1013" HPOS="194"/>
							<String ID="string_203" HPOS="209" VPOS="1014" WIDTH="68" HEIGHT="21" WC="0.96" CONTENT="skulle"/><SP WIDTH="15" VPOS="1014" HPOS="277"/>
							<String ID="string_204" HPOS="292" VPOS="1015" WIDTH="90" HEIGHT="20" WC="0.96" CONTENT="beredas"/><SP WIDTH="14" VPOS="1015" HPOS="382"/>
							<String ID="string_205" HPOS="396" VPOS="1014" WIDTH="34" HEIGHT="21" WC="0.93" CONTENT="till"/><SP WIDTH="15" VPOS="1014" HPOS="430"/>
							<String ID="string_206" HPOS="445" VPOS="1014" WIDTH="160" HEIGHT="21" WC="0.92" CONTENT="hufvudstaden"/><SP WIDTH="16" VPOS="1014" HPOS="605"/>
							<String ID="string_207" HPOS="621" VPOS="1013" WIDTH="40" HEIGHT="22" WC="0.96" CONTENT="och"/><SP WIDTH="18" VPOS="1013" HPOS="661"/>
							<String ID="string_208" HPOS="679" VPOS="1015" WIDTH="88" HEIGHT="24" WC="0.96" CONTENT="österut,"/><SP WIDTH="12" VPOS="1015" HPOS="767"/>
							<String ID="string_209" HPOS="779" VPOS="1013" WIDTH="40" HEIGHT="22" WC="0.96" CONTENT="och"/>
						</TextLine>
						<TextLine ID="line_26" HPOS="62" VPOS="1047" WIDTH="757" HEIGHT="28">
							<String ID="string_210" HPOS="62" VPOS="1047" WIDTH="40" HEIGHT="21" WC="0.96" CONTENT="den"/><SP WIDTH="16" VPOS="1047" HPOS="102"/>
							<String ID="string_211" HPOS="118" VPOS="1048" WIDTH="64" HEIGHT="21" WC="0.96" CONTENT="södra"/><SP WIDTH="16" VPOS="1048" HPOS="182"/>
							<String ID="string_212" HPOS="198" VPOS="1049" WIDTH="125" HEIGHT="20" WC="0.95" CONTENT="stambanan"/><SP WIDTH="16" VPOS="1049" HPOS="323"/>
							<String ID="string_213" HPOS="339" VPOS="1048" WIDTH="22" HEIGHT="21" WC="0.96" CONTENT="få"/><SP WIDTH="15" VPOS="1048" HPOS="361"/>
							<String ID="string_214" HPOS="376" VPOS="1055" WIDTH="26" HEIGHT="14" WC="0.96" CONTENT="en"/><SP WIDTH="15" VPOS="1055" HPOS="402"/>
							<String ID="string_215" HPOS="417" VPOS="1048" WIDTH="96" HEIGHT="27" WC="0.93" CONTENT="naturlig"/><SP WIDTH="16" VPOS="1048" HPOS="513"/>
							<String ID="string_216" HPOS="529" VPOS="1048" WIDTH="118" HEIGHT="27" WC="0.91" CONTENT="afslutning"/><SP WIDTH="14" VPOS="1048" HPOS="647"/>
							<String ID="string_217" HPOS="661" VPOS="1048" WIDTH="7" HEIGHT="20" WC="0.96" CONTENT="i"/><SP WIDTH="11" VPOS="1048" HPOS="668"/>
							<String ID="string_218" HPOS="679" VPOS="1048" WIDTH="140" HEIGHT="27" WC="0.96" CONTENT="Björneborg."/>
						</TextLine>
					</TextBlock>
					<TextBlock ID="block_4" HPOS="58" VPOS="1081" WIDTH="763" HEIGHT="405">
						<TextLine ID="line_27" HPOS="131" VPOS="1081" WIDTH="690" HEIGHT="22">
							<String ID="string_219" HPOS="131" VPOS="1083" WIDTH="33" HEIGHT="20" WC="0.96" CONTENT="En"/><SP WIDTH="24" VPOS="1083" HPOS="164"/>
							<String ID="string_220" HPOS="188" VPOS="1089" WIDTH="69" HEIGHT="14" WC="0.96" CONTENT="annan"/><SP WIDTH="22" VPOS="1089" HPOS="257"/>
							<String ID="string_221" HPOS="279" VPOS="1083" WIDTH="110" HEIGHT="20" WC="0.96" CONTENT="minoritet"/><SP WIDTH="14" VPOS="1083" HPOS="389"/>
							<String ID="string_222" HPOS="403" VPOS="1083" WIDTH="59" HEIGHT="20" WC="0.95" CONTENT="inom"/><SP WIDTH="23" VPOS="1083" HPOS="462"/>
							<String ID="string_223" HPOS="485" VPOS="1083" WIDTH="107" HEIGHT="20" WC="0.94" CONTENT="utskottet"/><SP WIDTH="22" VPOS="1083" HPOS="592"/>
							<String ID="string_224" HPOS="614" VPOS="1082" WIDTH="39" HEIGHT="21" WC="0.96" CONTENT="har"/><SP WIDTH="22" VPOS="1082" HPOS="653"/>
							<String ID="string_225" HPOS="675" VPOS="1082" WIDTH="57" HEIGHT="21" WC="0.93" CONTENT="velat"/><SP WIDTH="22" VPOS="1082" HPOS="732"/>
							<String ID="string_226" HPOS="754" VPOS="1081" WIDTH="67" HEIGHT="21" WC="0.92" CONTENT="häfda"/>
						</TextLine>
						<TextLine ID="line_28" HPOS="60" VPOS="1116" WIDTH="759" HEIGHT="28">
							<String ID="string_227" HPOS="60" VPOS="1116" WIDTH="174" HEIGHT="28" WC="0.91" CONTENT="Björneborgska"/><SP WIDTH="14" VPOS="1116" HPOS="234"/>
							<String ID="string_228" HPOS="248" VPOS="1117" WIDTH="70" HEIGHT="21" WC="0.96" CONTENT="banan"/><SP WIDTH="15" VPOS="1117" HPOS="318"/>
							<String ID="string_229" HPOS="333" VPOS="1117" WIDTH="65" HEIGHT="20" WC="0.96" CONTENT="bland"/><SP WIDTH="15" VPOS="1117" HPOS="398"/>
							<String ID="string_230" HPOS="413" VPOS="1118" WIDTH="66" HEIGHT="19" WC="0.96" CONTENT="annat"/><SP WIDTH="14" VPOS="1118" HPOS="479"/>
							<String ID="string_231" HPOS="493" VPOS="1117" WIDTH="71" HEIGHT="20" WC="0.96" CONTENT="såsom"/><SP WIDTH="16" VPOS="1117" HPOS="564"/>
							<String ID="string_232" HPOS="580" VPOS="1123" WIDTH="26" HEIGHT="14" WC="0.93" CONTENT="en"/><SP WIDTH="12" VPOS="1123" HPOS="606"/>
							<String ID="string_233" HPOS="618" VPOS="1116" WIDTH="201" HEIGHT="27" WC="0.91" CONTENT="genomgångsbana"/>
						</TextLine>
						<TextLine ID="line_29" HPOS="60" VPOS="1149" WIDTH="761" HEIGHT="29">
							<String ID="string_234" HPOS="60" VPOS="1149" WIDTH="47" HEIGHT="23" WC="0.96" CONTENT="från"/><SP WIDTH="15" VPOS="1149" HPOS="107"/>
							<String ID="string_235" HPOS="122" VPOS="1151" WIDTH="98" HEIGHT="21" WC="0.95" CONTENT="inlandet"/><SP WIDTH="14" VPOS="1151" HPOS="220"/>
							<String ID="string_236" HPOS="234" VPOS="1152" WIDTH="34" HEIGHT="20" WC="0.93" CONTENT="till"/><SP WIDTH="25" VPOS="1152" HPOS="268"/>
							<String ID="string_237" HPOS="293" VPOS="1151" WIDTH="103" HEIGHT="27" WC="0.91" CONTENT="sjöhamn,"/><SP WIDTH="24" VPOS="1151" HPOS="396"/>
							<String ID="string_238" HPOS="420" VPOS="1151" WIDTH="107" HEIGHT="21" WC="0.96" CONTENT="anseende"/><SP WIDTH="24" VPOS="1151" HPOS="527"/>
							<String ID="string_239" HPOS="551" VPOS="1151" WIDTH="123" HEIGHT="21" WC="0.95" CONTENT="densamma"/><SP WIDTH="22" VPOS="1151" HPOS="674"/>
							<String ID="string_240" HPOS="696" VPOS="1150" WIDTH="67" HEIGHT="22" WC="0.92" CONTENT="blifva"/><SP WIDTH="15" VPOS="1150" HPOS="763"/>
							<String ID="string_241" HPOS="778" VPOS="1150" WIDTH="43" HEIGHT="21" WC="0.92" CONTENT="för-"/>
						</TextLine>
						<TextLine ID="line_30" HPOS="60" VPOS="1184" WIDTH="761" HEIGHT="29">
							<String ID="string_242" HPOS="60" VPOS="1185" WIDTH="96" HEIGHT="21" WC="0.96" CONTENT="medlare"/><SP WIDTH="22" VPOS="1185" HPOS="156"/>
							<String ID="string_243" HPOS="178" VPOS="1185" WIDTH="24" HEIGHT="21" WC="0.96" CONTENT="af"/><SP WIDTH="20" VPOS="1185" HPOS="202"/>
							<String ID="string_244" HPOS="222" VPOS="1192" WIDTH="26" HEIGHT="14" WC="0.96" CONTENT="en"/><SP WIDTH="23" VPOS="1192" HPOS="248"/>
							<String ID="string_245" HPOS="271" VPOS="1186" WIDTH="121" HEIGHT="27" WC="0.93" CONTENT="betydande"/><SP WIDTH="19" VPOS="1186" HPOS="392"/>
							<String ID="string_246" HPOS="411" VPOS="1186" WIDTH="176" HEIGHT="20" WC="0.91" CONTENT="trävarurörelse."/><SP WIDTH="32" VPOS="1186" HPOS="587"/>
							<String ID="string_247" HPOS="619" VPOS="1186" WIDTH="32" HEIGHT="20" WC="0.91" CONTENT="En"/><SP WIDTH="15" VPOS="1186" HPOS="651"/>
							<String ID="string_248" HPOS="666" VPOS="1185" WIDTH="87" HEIGHT="21" WC="0.93" CONTENT="kortare"/><SP WIDTH="15" VPOS="1185" HPOS="753"/>
							<String ID="string_249" HPOS="768" VPOS="1184" WIDTH="53" HEIGHT="21" WC="0.89" CONTENT="linie"/>
						</TextLine>
						<TextLine ID="line_31" HPOS="60" VPOS="1219" WIDTH="757" HEIGHT="28">
							<String ID="string_250" HPOS="60" VPOS="1220" WIDTH="67" HEIGHT="21" WC="0.96" CONTENT="borde"/><SP WIDTH="23" VPOS="1220" HPOS="127"/>
							<String ID="string_251" HPOS="150" VPOS="1220" WIDTH="28" HEIGHT="27" WC="0.96" CONTENT="på"/><SP WIDTH="22" VPOS="1220" HPOS="178"/>
							<String ID="string_252" HPOS="200" VPOS="1220" WIDTH="68" HEIGHT="27" WC="0.96" CONTENT="grund"/><SP WIDTH="22" VPOS="1220" HPOS="268"/>
							<String ID="string_253" HPOS="290" VPOS="1220" WIDTH="64" HEIGHT="21" WC="0.93" CONTENT="häraf"/><SP WIDTH="21" VPOS="1220" HPOS="354"/>
							<String ID="string_254" HPOS="375" VPOS="1220" WIDTH="109" HEIGHT="27" WC="0.92" CONTENT="uppsökas"/><SP WIDTH="29" VPOS="1220" HPOS="484"/>
							<String ID="string_255" HPOS="513" VPOS="1220" WIDTH="41" HEIGHT="21" WC="0.96" CONTENT="och"/><SP WIDTH="25" VPOS="1220" HPOS="554"/>
							<String ID="string_256" HPOS="579" VPOS="1220" WIDTH="124" HEIGHT="20" WC="0.96" CONTENT="densamma"/><SP WIDTH="24" VPOS="1220" HPOS="703"/>
							<String ID="string_257" HPOS="727" VPOS="1219" WIDTH="90" HEIGHT="21" WC="0.95" CONTENT="beredas"/>
						</TextLine>
						<TextLine ID="line_32" HPOS="59" VPOS="1253" WIDTH="760" HEIGHT="28">
							<String ID="string_258" HPOS="59" VPOS="1254" WIDTH="115" HEIGHT="27" WC="0.95" CONTENT="möjlighet"/><SP WIDTH="15" VPOS="1254" HPOS="174"/>
							<String ID="string_259" HPOS="189" VPOS="1256" WIDTH="32" HEIGHT="20" WC="0.96" CONTENT="att"/><SP WIDTH="14" VPOS="1256" HPOS="221"/>
							<String ID="string_260" HPOS="235" VPOS="1254" WIDTH="29" HEIGHT="27" WC="0.92" CONTENT="på"/><SP WIDTH="14" VPOS="1254" HPOS="264"/>
							<String ID="string_261" HPOS="278" VPOS="1254" WIDTH="137" HEIGHT="27" WC="0.92" CONTENT="beqvämaste"/><SP WIDTH="16" VPOS="1254" HPOS="415"/>
							<String ID="string_262" HPOS="431" VPOS="1256" WIDTH="45" HEIGHT="19" WC="0.96" CONTENT="sätt"/><SP WIDTH="15" VPOS="1256" HPOS="476"/>
							<String ID="string_263" HPOS="491" VPOS="1256" WIDTH="52" HEIGHT="19" WC="0.93" CONTENT="utan"/><SP WIDTH="16" VPOS="1256" HPOS="543"/>
							<String ID="string_264" HPOS="559" VPOS="1253" WIDTH="117" HEIGHT="28" WC="0.92" CONTENT="öfvergång"/><SP WIDTH="23" VPOS="1253" HPOS="676"/>
							<String ID="string_265" HPOS="699" VPOS="1253" WIDTH="24" HEIGHT="21" WC="0.93" CONTENT="af"/><SP WIDTH="12" VPOS="1253" HPOS="723"/>
							<String ID="string_266" HPOS="735" VPOS="1255" WIDTH="84" HEIGHT="19" WC="0.92" CONTENT="vatten-"/>
						</TextLine>
						<TextLine ID="line_33" HPOS="60" VPOS="1287" WIDTH="760" HEIGHT="28">
							<String ID="string_267" HPOS="60" VPOS="1288" WIDTH="76" HEIGHT="27" WC="0.93" CONTENT="draget"/><SP WIDTH="15" VPOS="1288" HPOS="136"/>
							<String ID="string_268" HPOS="151" VPOS="1288" WIDTH="95" HEIGHT="21" WC="0.91" CONTENT="hvarken"/><SP WIDTH="16" VPOS="1288" HPOS="246"/>
							<String ID="string_269" HPOS="262" VPOS="1288" WIDTH="6" HEIGHT="21" WC="0.93" CONTENT="i"/><SP WIDTH="15" VPOS="1288" HPOS="268"/>
							<String ID="string_270" HPOS="283" VPOS="1288" WIDTH="70" HEIGHT="22" WC="0.93" CONTENT="Kumo"/><SP WIDTH="16" VPOS="1288" HPOS="353"/>
							<String ID="string_271" HPOS="369" VPOS="1288" WIDTH="52" HEIGHT="21" WC="0.96" CONTENT="eller"/><SP WIDTH="14" VPOS="1288" HPOS="421"/>
							<String ID="string_272" HPOS="435" VPOS="1288" WIDTH="136" HEIGHT="27" WC="0.96" CONTENT="Björneborg"/><SP WIDTH="16" VPOS="1288" HPOS="571"/>
							<String ID="string_273" HPOS="587" VPOS="1288" WIDTH="59" HEIGHT="21" WC="0.96" CONTENT="ledas"/><SP WIDTH="16" VPOS="1288" HPOS="646"/>
							<String ID="string_274" HPOS="662" VPOS="1288" WIDTH="55" HEIGHT="20" WC="0.95" CONTENT="ända"/><SP WIDTH="22" VPOS="1288" HPOS="717"/>
							<String ID="string_275" HPOS="739" VPOS="1289" WIDTH="23" HEIGHT="19" WC="0.95" CONTENT="ut"/><SP WIDTH="23" VPOS="1289" HPOS="762"/>
							<String ID="string_276" HPOS="785" VPOS="1287" WIDTH="35" HEIGHT="21" WC="0.94" CONTENT="till"/>
						</TextLine>
						<TextLine ID="line_34" HPOS="59" VPOS="1322" WIDTH="760" HEIGHT="28">
							<String ID="string_277" HPOS="59" VPOS="1322" WIDTH="67" HEIGHT="22" WC="0.92" CONTENT="Räfsö"/><SP WIDTH="16" VPOS="1322" HPOS="126"/>
							<String ID="string_278" HPOS="142" VPOS="1323" WIDTH="72" HEIGHT="21" WC="0.96" CONTENT="hamn."/><SP WIDTH="30" VPOS="1323" HPOS="214"/>
							<String ID="string_279" HPOS="244" VPOS="1323" WIDTH="68" HEIGHT="21" WC="0.95" CONTENT="Dessa"/><SP WIDTH="17" VPOS="1323" HPOS="312"/>
							<String ID="string_280" HPOS="329" VPOS="1323" WIDTH="131" HEIGHT="27" WC="0.96" CONTENT="betingelser"/><SP WIDTH="23" VPOS="1323" HPOS="460"/>
							<String ID="string_281" HPOS="483" VPOS="1323" WIDTH="40" HEIGHT="21" WC="0.96" CONTENT="har"/><SP WIDTH="18" VPOS="1323" HPOS="523"/>
							<String ID="string_282" HPOS="541" VPOS="1323" WIDTH="70" HEIGHT="21" WC="0.96" CONTENT="denna"/><SP WIDTH="22" VPOS="1323" HPOS="611"/>
							<String ID="string_283" HPOS="633" VPOS="1322" WIDTH="110" HEIGHT="21" WC="0.95" CONTENT="minoritet"/><SP WIDTH="22" VPOS="1322" HPOS="743"/>
							<String ID="string_284" HPOS="765" VPOS="1322" WIDTH="54" HEIGHT="20" WC="0.96" CONTENT="trott"/>
						</TextLine>
						<TextLine ID="line_35" HPOS="58" VPOS="1356" WIDTH="760" HEIGHT="28">
							<String ID="string_285" HPOS="58" VPOS="1356" WIDTH="110" HEIGHT="28" WC="0.96" CONTENT="uppfyllas"/><SP WIDTH="15" VPOS="1356" HPOS="168"/>
							<String ID="string_286" HPOS="183" VPOS="1356" WIDTH="24" HEIGHT="22" WC="0.93" CONTENT="af"/><SP WIDTH="13" VPOS="1356" HPOS="207"/>
							<String ID="string_287" HPOS="220" VPOS="1357" WIDTH="66" HEIGHT="21" WC="0.93" CONTENT="linien"/><SP WIDTH="22" VPOS="1357" HPOS="286"/>
							<String ID="string_288" HPOS="308" VPOS="1357" WIDTH="287" HEIGHT="21" WC="0.83" CONTENT="Tammerfors—Kauvatsa"/><SP WIDTH="22" VPOS="1357" HPOS="595"/>
							<String ID="string_289" HPOS="617" VPOS="1363" WIDTH="51" HEIGHT="15" WC="0.95" CONTENT="norr"/><SP WIDTH="23" VPOS="1363" HPOS="668"/>
							<String ID="string_290" HPOS="691" VPOS="1362" WIDTH="33" HEIGHT="15" WC="0.93" CONTENT="om"/><SP WIDTH="23" VPOS="1362" HPOS="724"/>
							<String ID="string_291" HPOS="747" VPOS="1356" WIDTH="71" HEIGHT="20" WC="0.92" CONTENT="Kumo"/>
						</TextLine>
						<TextLine ID="line_36" HPOS="60" VPOS="1390" WIDTH="759" HEIGHT="28">
							<String ID="string_292" HPOS="60" VPOS="1390" WIDTH="31" HEIGHT="22" WC="0.96" CONTENT="elf"/><SP WIDTH="13" VPOS="1390" HPOS="91"/>
							<String ID="string_293" HPOS="104" VPOS="1391" WIDTH="35" HEIGHT="21" WC="0.93" CONTENT="till"/><SP WIDTH="15" VPOS="1391" HPOS="139"/>
							<String ID="string_294" HPOS="154" VPOS="1391" WIDTH="132" HEIGHT="27" WC="0.92" CONTENT="Björneborg"/><SP WIDTH="16" VPOS="1391" HPOS="286"/>
							<String ID="string_295" HPOS="302" VPOS="1391" WIDTH="39" HEIGHT="21" WC="0.93" CONTENT="och"/><SP WIDTH="15" VPOS="1391" HPOS="341"/>
							<String ID="string_296" HPOS="356" VPOS="1391" WIDTH="73" HEIGHT="21" WC="0.92" CONTENT="Räfsö."/><SP WIDTH="32" VPOS="1391" HPOS="429"/>
							<String ID="string_297" HPOS="461" VPOS="1391" WIDTH="84" HEIGHT="21" WC="0.96" CONTENT="Härvid"/><SP WIDTH="14" VPOS="1391" HPOS="545"/>
							<String ID="string_298" HPOS="559" VPOS="1391" WIDTH="40" HEIGHT="21" WC="0.92" CONTENT="har"/><SP WIDTH="16" VPOS="1391" HPOS="599"/>
							<String ID="string_299" HPOS="615" VPOS="1390" WIDTH="88" HEIGHT="26" WC="0.91" CONTENT="anförts,"/><SP WIDTH="17" VPOS="1390" HPOS="703"/>
							<String ID="string_300" HPOS="720" VPOS="1392" WIDTH="32" HEIGHT="19" WC="0.93" CONTENT="att"/><SP WIDTH="11" VPOS="1392" HPOS="752"/>
							<String ID="string_301" HPOS="763" VPOS="1390" WIDTH="56" HEIGHT="21" WC="0.93" CONTENT="folk-"/>
						</TextLine>
						<TextLine ID="line_37" HPOS="58" VPOS="1424" WIDTH="762" HEIGHT="29">
							<String ID="string_302" HPOS="58" VPOS="1426" WIDTH="100" HEIGHT="27" WC="0.91" CONTENT="mängds-"/><SP WIDTH="16" VPOS="1426" HPOS="158"/>
							<String ID="string_303" HPOS="174" VPOS="1426" WIDTH="40" HEIGHT="21" WC="0.93" CONTENT="och"/><SP WIDTH="23" VPOS="1426" HPOS="214"/>
							<String ID="string_304" HPOS="237" VPOS="1425" WIDTH="250" HEIGHT="28" WC="0.91" CONTENT="odlingsförhällandena"/><SP WIDTH="22" VPOS="1425" HPOS="487"/>
							<String ID="string_305" HPOS="509" VPOS="1427" WIDTH="37" HEIGHT="20" WC="0.91" CONTENT="äro"/><SP WIDTH="23" VPOS="1427" HPOS="546"/>
							<String ID="string_306" HPOS="569" VPOS="1427" WIDTH="52" HEIGHT="20" WC="0.96" CONTENT="nära"/><SP WIDTH="22" VPOS="1427" HPOS="621"/>
							<String ID="string_307" HPOS="643" VPOS="1431" WIDTH="43" HEIGHT="21" WC="0.93" CONTENT="nog"/><SP WIDTH="23" VPOS="1431" HPOS="686"/>
							<String ID="string_308" HPOS="709" VPOS="1424" WIDTH="44" HEIGHT="22" WC="0.93" CONTENT="lika"/><SP WIDTH="14" VPOS="1424" HPOS="753"/>
							<String ID="string_309" HPOS="767" VPOS="1430" WIDTH="53" HEIGHT="22" WC="0.91" CONTENT="gyn-"/>
						</TextLine>
						<TextLine ID="line_38" HPOS="60" VPOS="1459" WIDTH="759" HEIGHT="27">
							<String ID="string_310" HPOS="60" VPOS="1466" WIDTH="82" HEIGHT="19" WC="0.96" CONTENT="samma"/><SP WIDTH="24" VPOS="1466" HPOS="142"/>
							<String ID="string_311" HPOS="166" VPOS="1466" WIDTH="45" HEIGHT="15" WC="0.93" CONTENT="som"/><SP WIDTH="23" VPOS="1466" HPOS="211"/>
							<String ID="string_312" HPOS="234" VPOS="1460" WIDTH="58" HEIGHT="21" WC="0.92" CONTENT="invid"/><SP WIDTH="23" VPOS="1460" HPOS="292"/>
							<String ID="string_313" HPOS="315" VPOS="1461" WIDTH="40" HEIGHT="20" WC="0.96" CONTENT="den"/><SP WIDTH="25" VPOS="1461" HPOS="355"/>
							<String ID="string_314" HPOS="380" VPOS="1460" WIDTH="23" HEIGHT="21" WC="0.93" CONTENT="af"/><SP WIDTH="19" VPOS="1460" HPOS="403"/>
							<String ID="string_315" HPOS="422" VPOS="1461" WIDTH="109" HEIGHT="21" WC="0.92" CONTENT="utskottet"/><SP WIDTH="23" VPOS="1461" HPOS="531"/>
							<String ID="string_316" HPOS="554" VPOS="1460" WIDTH="114" HEIGHT="21" WC="0.92" CONTENT="förordade"/><SP WIDTH="23" VPOS="1460" HPOS="668"/>
							<String ID="string_317" HPOS="691" VPOS="1459" WIDTH="71" HEIGHT="27" WC="0.92" CONTENT="linien,"/><SP WIDTH="24" VPOS="1459" HPOS="762"/>
							<String ID="string_318" HPOS="786" VPOS="1461" WIDTH="33" HEIGHT="19" WC="0.97" CONTENT="att"/>
						</TextLine>
					</TextBlock>
					<TextBlock ID="block_5" HPOS="127" VPOS="1499" WIDTH="398" HEIGHT="23">
						<TextLine ID="line_39" HPOS="127" VPOS="1499" WIDTH="398" HEIGHT="23">
							<String ID="string_319" HPOS="127" VPOS="1500" WIDTH="191" HEIGHT="22" WC="0.91" CONTENT="Jernvägsutskottets"/><SP WIDTH="13" VPOS="1500" HPOS="318"/>
							<String ID="string_320" HPOS="331" VPOS="1499" WIDTH="118" HEIGHT="18" WC="0.91" CONTENT="betänkande"/><SP WIDTH="12" VPOS="1499" HPOS="449"/>
							<String ID="string_321" HPOS="461" VPOS="1500" WIDTH="36" HEIGHT="17" WC="0.95" CONTENT="N:o"/><SP WIDTH="14" VPOS="1500" HPOS="497"/>
							<String ID="string_322" HPOS="511" VPOS="1501" WIDTH="14" HEIGHT="16" WC="0.96" CONTENT="1."/>
						</TextLine>
					</TextBlock>
				</ComposedBlock>
			</PrintSpace>
		</Page>
	</Layout>
</alto>
