1056 1725
246 170 28 21 22
555 168 38 23 N:o
609 167 34 23 29.

567 234 13 28 8
595 236 33 20 33.

286 274 89 27 Besvär,
399 280 46 16 som
467 274 32 22 till
525 274 220 28 registermyndighet
771 274 118 27 inkommit,
917 274 62 22 skola

215 309 69 27 jemte
299 309 132 27 protokollet
447 309 40 22 och
504 309 157 26 handlingarna
676 309 7 20 i
699 309 92 21 ärendet
807 311 56 19 samt
878 309 101 26 register-

218 343 165 27 myndighetens
406 343 113 21 utlåtande
539 342 59 22 öfver
616 343 104 20 besvären
739 342 154 27 ofördröjligen
908 343 71 20 insän-

219 377 38 22 das
280 377 34 22 till
334 377 114 26 hofrätten,
472 383 47 15 som
534 377 39 20 har
589 378 33 19 att
638 376 111 21 desamma
766 379 77 24 genast
858 377 122 26 handlägga

218 411 41 22 och
283 411 75 27 afgöra
380 413 63 24 samt,
467 411 68 22 sedan
558 411 49 21 dess
624 411 72 27 utslag
712 411 76 21 vunnit
803 411 50 27 laga
867 411 63 26 kraft,
947 411 32 21 till

219 446 248 27 registermyndigheten
491 445 129 22 öfversända
643 445 86 22 afskrift
752 445 23 22 af
796 446 97 26 utslaget
911 445 68 27 jemte

218 480 163 27 handlingarna.

288 511 98 31 Ändring
400 515 7 21 i
423 515 93 21 hofrätts
533 515 72 26 utslag
621 515 64 21 sökes
702 514 40 21 hos
759 514 106 22 Senatens
881 514 98 22 Justitie-

218 549 152 27 departement
385 549 92 22 medelst
493 549 106 27 skriftliga
614 549 84 26 besvär,
715 555 46 15 som
778 549 57 21 inom
851 549 75 21 trettio
943 549 36 20 da-

218 590 40 20 gar
280 584 56 22 efter
358 585 37 21 det
418 584 96 27 utslaget
536 584 47 26 gafs
606 584 61 20 skola
687 584 69 26 jemte
772 584 96 26 utslaget
884 583 32 21 till
933 582 46 22 hof-

218 620 73 20 rätten
307 618 97 26 ingifvas,
416 618 109 21 hvarefter
535 618 156 26 besvären'och
703 617 157 27 handlingarna
870 618 7 21 i
890 618 90 21 ärendet

219 655 58 19 samt
292 652 120 22 hofrättens
428 652 113 22 utlåtande
557 652 58 22 öfver
631 652 104 21 besvären
752 652 31 21 till
801 652 95 22 Senaten
907 652 72 21 insän-

219 687 40 21 das
276 687 40 22 och
334 688 48 21 med
397 687 67 22 saken
481 687 6 21 i
503 686 65 27 öfrigt
583 686 90 22 förfares
689 686 29 28 på
735 688 44 20 sätt
795 686 62 22 ofvan
873 688 25 19 är
909 686 70 27 sagdt.

569 739 12 27 8
597 741 33 19 34.

290 779 46 21 Har
359 779 66 26 enligt
450 779 151 26 förordnande,
622 785 45 15 som
687 779 24 21 af
725 779 104 22 öfverrätt
844 779 6 21 i
867 779 114 26 anledning

221 812 25 22 af
266 813 80 21 besvär
368 814 127 25 meddelats,
519 813 138 22 öfverlåtelse
677 814 119 21 inskrifvits
818 814 53 21 eller
885 813 96 27 pantför-

224 847 106 27 skrifning
352 848 123 21 intecknats
491 848 6 21 i
512 848 109 27 registret,
645 854 50 16 vare
712 848 37 21 det
766 848 25 21 så
807 848 84 23 ansedt,
909 848 72 21 såsom

220 882 56 21 hade
300 883 168 26 registreringen
491 883 52 21 eller
565 883 152 26 inteckningen
741 883 118 21 verkstälts
881 883 40 20 den
942 883 38 26 tid,

223 916 126 22 densamma
369 917 69 21 skulle
454 917 65 26 skett,
537 923 34 15 om
587 917 148 27 ansökningen
753 917 74 22 derom
843 917 22 21 af
878 917 103 26 register-

221 951 155 27 myndigheten
392 951 95 22 bifallits.

435 1023 2 3 :
571 1003 11 28 8
599 1006 33 19 35.

292 1043 107 22 Klandras
415 1044 96 21 ätkomst
525 1044 33 21 till
569 1043 71 28 fartyg
649 1043 52 22 eller
712 1043 127 28 fartygsdel,
851 1050 50 15 vare
912 1043 69 22 skedd

220 1077 142 28 registrering
378 1078 46 21 icke
441 1078 75 21 hinder
531 1078 32 21 för
578 1077 99 28 pröfning
693 1077 22 22 af
731 1078 85 27 fängets
833 1078 106 27 giltighet.

292 1112 58 21 Utan
372 1112 76 22 hinder
471 1113 22 20 af
514 1119 83 15 vunnen
621 1113 125 26 inteckning
770 1113 35 20 mä
824 1112 40 21 ock
880 1113 52 20 tvist
947 1118 35 15 om

221 1149 139 24 panträttens
376 1147 91 21 bestånd
479 1147 93 27 lagligen
583 1147 94 27 pröfvas.
702 1147 79 22 Finnes
793 1147 115 21 intecknad
919 1149 62 25 pant-

223 1183 46 19 rätt
292 1182 48 21 icke
362 1182 63 21 hafva
448 1182 71 26 giltigt
539 1182 123 21 tillkommit
677 1182 72 21 sävidt
766 1182 83 21 enskild
865 1181 117 27 fartygsdel

220 1216 76 26 angår,
317 1216 40 21 och
374 1218 23 18 är
413 1216 70 21 denna
499 1216 34 21 del
549 1216 83 21 mindre
648 1218 26 19 än
691 1216 88 26 hälften,
797 1216 34 21 mä
843 1216 65 20 likväl
916 1216 65 27 farty-

221 1252 39 24 get
275 1250 7 21 i
299 1251 49 20 dess
372 1250 73 22 helhet
467 1252 62 25 tagas
546 1250 6 21 i
568 1252 55 24 mät;
648 1250 54 22 dock
719 1250 32 21 fär
767 1250 56 21 hvad
839 1250 24 21 af
876 1250 107 27 köpeskil-

223 1284 73 27 lingen
312 1285 29 27 pä
361 1284 66 22 sädan
443 1284 35 22 del
495 1284 88 28 belöper
598 1284 47 22 icke
659 1284 34 22 för
709 1285 40 21 den
766 1284 87 22 fordran
869 1284 112 27 tillgripas.

572 1335 11 28 8
599 1338 34 19 36.
792 1348 2 2 .

292 1376 88 27 Fartyg,
396 1382 46 15 som
457 1376 7 21 i
480 1376 100 21 utlandet
595 1376 63 28 bygts
674 1376 32 21 för
722 1376 55 27 finsk
793 1376 89 22 redares
893 1376 90 26 räkning

225 1410 53 22 eller
302 1411 113 21 derstädes
439 1410 47 22 från
509 1411 104 21 utländsk
635 1417 48 15 man
707 1410 108 27 öfvergätt
834 1411 7 21 i
856 1410 56 22 finsk
936 1416 47 21 ego,

226 1445 56 22 skall
298 1446 32 21 till
345 1446 139 27 registrering
499 1446 105 26 anmälas,
621 1446 25 21 sä
662 1448 60 19 snart
738 1446 36 21 det
784 1446 117 21 inklarerat
911 1445 7 21 i
928 1444 56 22 finsk

221 1480 75 22 hamn.
