1056 1725
368 112 53 22 N:o
438 110 55 24 38.

330 375 64 22 Hans
417 375 150 28 Kejserliga
583 375 142 27 Majestäts
741 374 74 29 nådiga

260 415 126 28 proposition
413 415 30 22 till
472 415 95 22 Finlands
590 415 93 28 Ständer,
706 415 107 28 angående

262 456 75 28 lagfart
360 457 37 21 och
419 456 115 27 inteckning
551 456 22 22 af
589 456 77 22 enskild
681 456 84 28 jernväg
781 457 32 21 för

261 497 75 22 allmän
352 497 132 22 samfärdsel.

123 561 104 21 Finlands
256 561 35 21 vid
320 562 85 20 senaste
433 560 104 27 landtdag
565 560 130 22 församlade
721 560 93 22 Ständer

55 596 65 21 hafva
136 596 39 21 hos
191 595 61 21 Hans
269 595 123 27 Kejserliga
407 595 107 27 Majestät
529 596 6 20 i
552 595 174 27 underdånighet
741 595 74 21 anhål-

54 630 32 27 lit,
104 630 37 21 det
164 630 84 21 täcktes
271 630 61 21 Hans
348 630 105 26 Majestät
469 630 112 26 förelägga
598 629 122 22 Ständerna
735 630 80 26 nådiga

54 664 163 28 propositioner
240 664 94 21 rörande
357 664 18 26 ej
392 664 85 21 mindre
493 664 97 21 vilkoren
607 663 33 21 för
655 664 122 27 beviljande
793 664 24 22 af

55 699 128 21 koncession
207 698 13 21 å
239 698 238 27 jernvägsanläggning
497 700 26 19 än
540 698 40 21 ock
596 698 124 27 inteckning
736 699 6 20 i
755 699 59 26 jern-

55 735 51 25 väg;
130 733 38 22 och
192 733 39 21 har
253 732 8 22 i
284 733 116 26 anledning
415 733 65 21 häraf
494 733 66 27 nådig
575 733 135 27 proposition
728 739 33 15 om
778 739 36 15 en-

55 768 72 22 skilda
147 768 117 27 jernvägar
286 767 34 21 för
343 768 79 20 allmän
447 767 136 26 samfärdsel,
599 767 150 22 innefattande
765 768 49 21 de
800 763 17 37 i

55 802 151 22 förstberörda
221 802 57 27 syfte
294 802 81 21 äskade
391 802 142 26 stadganden,
546 802 66 21 redan
623 802 72 21 blifvit
707 802 33 21 till
752 802 63 22 Stän-

56 837 67 21 derna
138 836 154 22 öfverlemnad.

124 871 138 22 Beträffande
278 871 40 21 den
335 877 76 15 senare
427 871 78 26 frågan
521 871 54 21 eller
590 871 41 21 den
647 877 34 15 om
697 871 95 27 hypotek
807 871 7 21 i

52 906 98 27 jernväg,
168 912 64 20 synes
247 905 164 27 lagstiftningen
429 905 75 22 derom
520 905 61 28 böra,
597 905 28 27 på
640 907 44 19 sätt
699 905 63 22 äfven
773 906 41 21 den

55 940 149 27 underdåniga
227 940 119 27 petitionen
370 939 89 28 åsyftar,
483 940 8 21 i
513 939 123 22 hufvudsak
652 940 79 21 ordnas
747 940 68 27 enligt

56 975 27 22 de
98 975 34 22 för
147 974 125 27 inteckning
287 975 7 20 i
310 975 44 20 fast
368 975 105 26 egendom
485 975 101 26 gällande
596 975 148 26 grundsatser,
755 977 60 19 näm-

55 1010 58 27 ligen
128 1011 34 20 att
176 1009 96 27 hypotek
287 1009 48 22 icke
351 1009 42 21 kan
410 1009 76 21 vinnas
503 1009 135 21 annorlunda
653 1011 27 19 än
695 1016 77 20 genom
783 1010 32 21 in-

55 1043 109 28 skrifning
186 1043 24 22 af
231 1043 94 22 domstol
349 1044 7 21 i
379 1044 74 21 derför
469 1043 77 22 afsedd
562 1043 95 27 offentlig
673 1044 86 21 urkund
775 1044 40 21 och

56 1078 66 21 sedan
146 1084 76 21 genom
245 1077 132 28 föregången
400 1078 103 27 pröfning
519 1078 117 26 befunnits,
653 1079 33 20 att
700 1077 116 23 förutsätt-

55 1112 107 27 ningarna
184 1112 34 21 för
240 1112 135 21 tillkomsten
399 1112 23 21 af
444 1114 33 19 ett
492 1112 75 27 giltigt
581 1112 95 27 hypotek
691 1112 125 23 förefinnas.

124 1147 42 22 Till
183 1147 65 22 dessa
262 1147 185 27 förutsättningar
463 1147 40 22 hör
518 1148 7 21 i
536 1147 92 22 främsta
639 1149 93 21 rummet
742 1148 73 27 gälde-

55 1184 79 20 närens
158 1182 106 27 behöriga
286 1182 97 22 åtkomst
405 1182 34 22 till
464 1182 41 21 den
528 1182 111 27 fastighet,
658 1182 61 22 hvari
734 1183 82 21 inteck-

54 1216 54 27 ning
122 1216 99 27 begäres.
252 1216 46 22 Och
318 1216 28 22 då
362 1216 135 28 lagligheten
513 1216 23 22 af
550 1216 97 22 åtkomst
661 1217 34 21 till
711 1217 106 27 fastighet

55 1251 69 27 enligt
145 1250 57 22 finsk
223 1250 36 28 lag
274 1251 7 21 i
297 1250 119 22 allmänhet
431 1251 148 21 kontrolleras
595 1257 75 21 genom
687 1251 130 27 lagfartsvä-

56 1285 83 26 sendet,
155 1291 65 21 synes
236 1285 113 22 enahanda
364 1285 97 22 kontroll
478 1285 53 22 böra
547 1292 40 20 ega
597 1291 47 15 rum
655 1286 48 21 med
714 1286 103 23 afseende

55 1320 13 22 å
80 1320 99 27 jernväg.
209 1319 85 27 Frågan
318 1326 34 15 om
376 1319 83 28 lagfart
481 1320 24 21 af
523 1320 92 27 jernväg
633 1320 40 21 har
691 1320 73 22 derför
779 1327 38 15 an-

56 1356 55 20 setts
134 1354 54 21 böra
207 1354 7 21 i
230 1354 156 26 sammanhang
401 1354 50 22 med
468 1354 152 27 ifrågakomna
635 1354 182 28 lagstiftningsåt-

54 1388 55 28 gärd
125 1394 35 16 om
175 1388 126 27 inteckning
316 1388 23 22 af
353 1388 68 22 sådan
437 1390 117 26 upptagas,
571 1388 57 22 helst
641 1388 63 22 äfven
721 1389 26 21 de
762 1396 55 22 upp-

54 1422 68 28 gifter
144 1428 34 16 om
202 1422 118 28 fastighets
336 1422 56 28 läge,
407 1422 53 22 vidd
477 1422 40 23 och
534 1424 98 26 gränser,
647 1422 74 23 hvilka
735 1424 82 23 inteck-
