1056 1725
260 133 26 20 10
567 131 38 23 N:o
621 129 34 24 29.

230 204 50 15 vare
297 197 53 23 eller
364 196 125 28 hesättning
504 197 73 27 vållat,
593 196 109 23 äfvensom
716 196 36 23 för
764 198 68 22 andra
841 197 150 31 förpindolser,

229 231 73 22 hvilka
318 232 64 21 desse
397 238 77 20 genom
489 230 29 23 fel
533 231 7 22 i
555 230 96 28 tjensten
666 230 91 28 ådragit
771 232 98 26 redaren,
886 232 53 21 eller
953 232 37 22 be-

230 266 132 22 fälbafvaren
378 266 7 21 i
401 266 68 21 sådan
490 266 117 27 egenskap,
623 268 52 20 utan
689 266 106 22 redarens
811 266 108 22 särskilda
935 272 55 16 sam-

232 301 70 27 tycke,
318 301 76 26 ingått,
420 307 91 15 ansvare
535 301 69 22 denne
625 301 76 22 endast
721 301 52 22 med
789 301 70 28 fartyg
875 302 39 21 och
929 301 58 22 frakt

231 336 25 21 så
272 335 62 28 långt
353 336 50 27 gäld
425 336 87 21 dermed
529 336 84 21 betalas
629 336 49 21 kan.
708 331 32 26 Är
755 335 95 28 fartyget
865 335 123 23 försäkradt

230 376 64 16 anses
311 371 18 26 ej
346 369 145 28 godtgörelse,
508 376 46 15 som
570 370 217 27 försäkringsgifvare
803 371 103 27 erlägger,
923 370 68 22 under

231 404 67 22 sådan
315 404 138 27 ansvarighet
467 404 134 27 inbegripen.

300 445 66 21 Föres
389 444 81 22 befälet
490 445 13 20 å
519 444 70 28 fartyg
612 445 22 21 af
655 445 70 26 någon
749 445 134 26 medredare,
907 444 82 27 åtnjute

230 479 42 21 han
295 479 44 21 lika
363 478 90 27 förmån,
477 479 72 22 såsom
564 486 29 14 nu
609 485 34 15 om
659 486 70 14 annan
745 479 77 22 redare
838 479 63 27 sagdt
917 481 30 24 är,
963 479 28 21 då

230 513 68 27 något
320 514 93 27 anspråk
436 513 48 22 icke
507 515 62 26 göres
589 513 28 27 på
633 514 68 27 grund
718 513 23 22 af
754 513 55 22 hans
825 514 106 21 särskilda
947 513 43 22 vål-

230 548 70 22 lande.

579 594 12 27 $
607 596 34 20 31.

301 630 121 26 Öfverbefäl
438 634 28 27 på
481 634 66 22 finskt
562 634 76 27 fartyg,
650 634 103 22 hvarmed
764 635 93 21 resande
868 634 122 22 fortskaffas

230 669 53 21 eller
298 668 169 28 handelssjöfart
483 669 69 26 idkas,
568 669 35 21 må
619 668 106 22 anförtros
743 669 79 21 endast
833 670 22 21 åt
865 669 55 22 finsk
931 669 59 21 med-

230 704 100 26 borgare,
354 710 46 15 som
425 703 66 27 aflagt
514 703 49 27 prof
583 704 29 26 pä
631 704 66 26 insigt
718 704 41 20 och
775 704 57 22 visat
844 699 114 35 &rfarenhet
980 704 10 20 i

230 738 68 28 yrket,
323 738 72 22 säsom
419 738 73 21 derom
515 738 68 21 finnes
604 738 103 21 särskildt
722 738 110 28 stadgadt.
863 738 56 22 Frän
935 738 55 27 skyl-

230 773 101 27 digheten
355 775 33 19 att
409 772 69 22 förete
500 773 60 27 intyg
583 779 34 15 om
640 773 65 21 sädan
730 773 67 27 insigt
813 774 40 21 och
869 773 122 21 erfarenhet

230 807 80 22 befrias
333 808 64 20 likväl
419 806 146 22 befälhafvare
581 808 13 20 &
610 807 61 21 bätar
694 808 41 20 och
759 807 137 27 segelfartyg,
919 808 27 20 dä
963 806 27 22 de

230 842 111 27 begagnas
364 842 32 21 till
417 842 60 21 kust-
494 842 40 21 och
550 841 76 28 sjöfart
641 842 56 21 inom
713 842 77 21 landet
806 842 52 22 eller
873 842 32 21 till
920 841 69 28 segla-

231 877 45 20 tion
299 877 29 26 pä
348 877 64 26 ryska
428 877 89 20 hamnar
532 876 35 21 vid
583 877 79 21 Finska
677 877 70 26 viken,
765 872 112 32 Östersjön
893 877 40 21 och
949 876 41 21 La-

232 911 62 26 doga,
319 913 56 19 samt
394 911 31 20 till
449 911 92 21 svenska
563 911 90 21 hamnar
675 911 35 21 vid
733 911 116 22 Bottniska
859 911 74 41 viken
949 911 40 21 och

231 939 81 28 Ålands
328 945 38 22 haf
380 945 109 22 äfvensom
505 945 31 21 till
552 945 132 22 Stockholm.

301 986 10 21 I
327 986 78 21 nödfall
429 986 35 21 må
487 986 54 21 dock
564 985 81 28 fartygs
669 985 89 22 förande
779 985 33 22 för
827 992 59 15 resas
902 986 88 21 fortsät-

232 1021 66 21 tande
315 1021 106 21 anförtros
437 1021 61 21 äfven
515 1021 22 20 åt
552 1020 102 22 utländsk
672 1020 152 22 befälhafvare.

579 1083 12 28 8
607 1085 33 20 31.

302 1130 66 27 Ingen
392 1130 105 27 borgenär
513 1130 62 22 hafve
591 1132 45 20 rätt
651 1132 33 20 att
699 1130 78 22 hindra
793 1130 139 27 segelfärdigt
947 1129 42 22 far-

232 1167 36 25 tyg
285 1165 47 21 från
348 1165 69 21 afresa
432 1165 33 21 för
481 1172 69 14 annan
566 1166 50 26 gäld
632 1167 26 19 än
675 1165 74 26 sådan,
772 1171 45 15 som
834 1166 24 20 är
873 1165 32 21 till
921 1164 69 22 betal-

231 1200 51 26 ning
298 1199 98 22 förfallen
412 1200 40 21 och
467 1199 34 22 för
515 1200 86 21 hvilken
617 1200 141 21 förmänsrätt
773 1199 68 21 finnes
854 1200 4 20 i
875 1199 5 27 $
895 1200 26 20 12
931 1199 60 21 med-

232 1233 76 27 gifven.
340 1234 83 21 Samma
447 1234 35 26 lag
505 1240 50 15 vare
581 1240 33 15 om
631 1234 122 26 utmätning
769 1233 22 21 af
805 1234 65 20 redan
886 1233 105 21 inlastadt

232 1268 61 26 gods,
311 1268 71 21 såvidt
398 1268 100 27 dröjsmål
515 1268 123 27 derigenom
654 1268 124 22 förorsakas
795 1268 40 21 och
850 1268 69 27 tredje
930 1274 60 14 mans

231 1304 45 20 rätt
292 1303 91 21 sålunda
398 1302 125 27 förnärmas,
540 1303 29 27 på
585 1305 45 19 sätt
645 1304 7 20 i
667 1302 11 28 $
694 1304 27 20 97
737 1302 118 22 nedanföre
871 1305 56 24 sägs.

301 1338 57 21 Från
381 1337 140 27 segelfärdigt
543 1338 70 27 fartyg
636 1338 35 20 må
686 1338 48 20 icke
751 1337 68 21 heller
832 1336 159 22 befälhafvaren

232 1372 54 21 eller
309 1372 70 26 någon
395 1372 22 21 af
430 1372 153 26 besättningen
606 1372 33 22 för
662 1372 49 26 gäld
731 1372 99 26 bysättas
847 1371 52 22 eller
914 1371 78 21 sådant

232 1408 63 25 tagas
311 1407 7 21 i
333 1408 51 24 mät,
401 1412 44 16 som
463 1407 25 21 de
504 1406 33 22 för
552 1406 66 27 nödig
633 1406 122 22 beklädnad
771 1406 53 21 eller
837 1406 106 27 tjenstens
954 1405 37 22 be-

232 1440 38 23 hof
282 1441 44 22 fört
342 1440 94 23 ombord.
