1056 1725
248 128 28 21 40
461 126 22 23 U.
500 126 22 22 B.
537 139 29 3 —
582 127 60 28 Prop.
658 127 39 23 M:o
713 126 30 23 31.

220 189 162 22 etablisement
396 189 75 22 skulle
487 190 143 22 arbetstiden
645 190 76 29 enligt
735 190 54 22 mitt
805 190 90 30 förslag
904 191 75 22 måsta

219 223 117 22 förkortas
351 223 53 23 med
418 224 33 28 1/,
462 223 86 29 timmie,
564 223 69 24 vid'8
643 210 66 36 "Thed
718 225 23 21 1
747 218 80 28 timme
837 223 41 23 vid
891 226 25 20 14
926 224 53 22 med

222 259 41 27 11/,
278 258 86 26 timme,
380 258 41 22 vid
437 260 26 20 19
479 258 52 22 med
553 258 64 22 öfver
641 259 42 28 1'/,
698 259 87 22 timme.
816 259 79 22 Häraf
910 266 68 22 synes

221 292 89 22 säledes
327 295 35 19 att
377 293 9 21 i
400 295 35 19 ett
450 295 59 20 stort
523 293 64 22 anta!
602 293 43 22 fall
659 293 136 22 införandet
810 293 27 22 af
849 301 30 14 en
890 296 25 20 12
927 294 52 22 tim-

220 334 62 15 mars
298 327 113 22 arbetstid
425 327 20 29 ej
463 327 73 22 skulle
559 327 104 22 medföra
683 328 79 29 nägon
782 327 138 30 förändring
935 328 44 22 alls

222 361 43 22 och
281 363 35 20 att
330 361 41 22 vid
387 363 40 21 145
444 361 163 22 etablisement
629 362 82 22 endast
727 369 29 15 en
771 363 29 27 1/,
815 363 92 21 timmes
923 363 57 21 tids-

221 395 136 29 minskning
371 403 56 14 vore
442 395 27 22 af
480 395 84 22 nöden.

291 429 43 22 Om
349 437 54 14 man
418 437 33 15 nu
465 433 106 18 närmare
583 430 152 22 -undersöker
750 430 78 25 saken,
849 430 59 23 skall
923 437 55 15 man

221 464 65 22 finna
301 466 35 20 att
350 463 71 24 bland
436 464 28 22 de
479 464 164 29 inrättningar,
658 472 50 15 som
724 465 137 28 sysselsätta
877 465 50 22 sina
945 472 34 15 ar-

222 499 79 22 betare
316 498 66 22 öfver
398 500 25 20 12
440 499 91 21 timmar
546 499 8 20 i
570 498 105 29 dyggnet
689 499 78 22 finnas
786 499 129 29 ätskilliga,
930 506 49 15 som

222 533 8 21 i
246 533 53 21 stöd
314 533 26 21 af
352 540 77 22 prop:s
447 535 24 20 11
493 535 10 25 &
518 532 78 22 kunde
611 532 24 22 fä
649 535 49 20 rätt
713 535 36 20 att
763 533 108 29 förlänga
894 533 85 22 arbets-

222 566 72 23 tiden.
324 567 46 22 Det
385 567 98 22 återstår
505 567 88 21 således
614 567 82 22 endast
711 569 36 20 ett
760 567 91 22 mindre
867 567 64 23 antal
945 568 34 22 in-

223 602 100 22 dustrier
338 602 41 21 der
393 602 8 21 i
416 601 59 29 följd
498 601 25 22 af
542 602 182 28 lagstadgandet
747 609 28 15 en
791 602 151 29 förkortning
957 602 26 22 af

223 635 141 23 arbetstiden
388 636 75 21 skulle
488 636 99 28 inträda,
610 636 43 22 och
677 636 73 22 bland
775 636 67 22 dessa
861 640 39 18 äro
918 636 62 28 flere,

223 670 76 22 säsom
315 670 140 29 exempelvis
477 669 133 29 garfverier,
635 670 110 29 bagerier,
761 670 161 29 ölbryggerier
937 670 43 22 och

223 704 167 29 spritfabriker,.
413 704 81 22 hvilka
517 704 35 22 till
568 704 55 29 följe
647 704 26 22 af
685 705 37 21 sin
745 704 176 29 vinstgifvande
939 705 38 22 be-

224 738 131 23 skaffenhet
369 746 48 22 nog
439 739 74 21 skulle
535 738 48 22 täla
606 739 39 21 vid
661 739 46 21 den
722 738 50 22 helt
795 739 78 21 säkert
892 739 89 29 ganska

224 773 136 29 obetydliga
382 773 89 29 ökning
485 774 8 20 i
509 773 152 27 arbetslönen,
684 780 50 15 som
757 780 30 14 en
811 773 123 22 reduktion
957 774 26 21 af

225 807 142 22 arbetstiden
382 807 125 22 medförde.

292 842 48 29 Jag
354 842 99 21 förutser
467 841 46 22 den
527 842 161 29 anmärkning,
705 844 35 20 att
755 842 178 29 bestämningen
944 849 36 14 om

224 884 29 14 en
270 878 26 20 12
312 877 93 21 timmar
429 877 109 20 maximal
563 877 112 21 arbetstid
699 877 53 21 icke
775 876 75 22 skulle
870 877 71 21 verka
956 877 25 21 sä

224 911 151 29 synnerligen
389 911 98 28 mycket.
513 911 41 21 Om
570 919 53 13 man
639 911 68 21 tänkt
723 911 36 28 sig
775 913 62 19 stora
852 910 129 22 förändrin-

224 953 42 22 gar
281 945 9 22 i
305 945 131 29 tillgängen
451 945 30 29 pä
497 945 139 22 arbetskraft
658 945 43 22 och
720 945 134 28 betydande
877 945 105 29 stegring

224 980 8 21 i
248 979 153 28 arbetslönen,
418 980 25 21 sä
459 983 24 18 är
499 979 182 29 anmärkningen
705 979 80 28 riktig,
809 986 53 14 men
883 979 41 28 jag
939 979 42 22 har

224 1014 52 21 icke
292 1013 88 29 äsyftat
393 1014 74 28 nägot
481 1013 89 27 sädant,
593 1013 97 22 emedan
705 1014 54 21 värt
773 1013 57 22 land
845 1013 136 29 lyckligtvis

225 1052 63 18 ännu
303 1048 51 21 icke
369 1048 42 21 har
425 1048 79 29 någon
513 1065 10 9 ,
527 1048 61 21 armé
597 1048 26 21 af
631 1048 114 28 syslolösa
760 1047 222 22 industriarbetare"

225 1083 43 22 och
284 1090 54 14 man
353 1082 88 22 således
458 1082 19 29 ej
494 1083 41 21 hos
550 1090 37 14 oss
603 1082 40 22 vid
653 1082 131 22 ordnandet
795 1082 26 21 af
829 1082 76 21 denna
915 1081 66 30 fråga

225 1117 111 22 behöfver
365 1117 61 21 fästa
449 1117 78 28 någon
552 1116 127 29 afgörande
704 1117 53 28 vigt
781 1116 79 29 derpå,
885 1118 36 19 att
948 1119 34 19 ett

224 1154 74 20 större
322 1152 63 21 antal
409 1158 110 22 personer
543 1151 88 21 erhålla
654 1152 85 26 arbete,
763 1153 58 19 utan
837 1151 41 21 vid
898 1151 83 21 sakens

224 1185 144 23 bedömande
383 1185 83 22 främst
480 1186 47 21 kan
541 1185 70 22 hafva
627 1186 35 21 sin
681 1185 208 29 uppmärksamhet
903 1185 78 22 riktad

224 1220 31 29 på
270 1220 199 22 förekommandet
485 1219 26 22 af
523 1220 131 21 arbetarnes
677 1220 227 28 öfveranstängning
923 1221 60 19 samt

225 1254 69 22 deraf
305 1254 102 29 följande
423 1254 86 28 fysiskt
523 1254 43 21 och
581 1254 91 28 andligt
686 1253 170 29 nedåtgående.

293 1289 47 29 Jag
354 1288 43 22 vill
411 1288 84 22 härvid
510 1288 123 28 medgifva,
650 1290 35 20 att
695 1296 30 14 en
743 1289 26 20 12
779 1288 106 21 timmars
896 1288 86 22 arbets-

224 1323 36 22 tid
276 1327 25 18 är
315 1322 37 23 för
367 1324 54 27 lårg
436 1322 44 22 och
495 1324 35 20 att
541 1322 42 29 jag
598 1326 73 25 gärna
685 1322 57 22 ville
757 1322 73 22 hafva
845 1322 46 21 den
901 1322 81 28 betyd-

224 1358 45 28 ligt
284 1358 99 27 kortare,
398 1364 54 14 men
467 1357 9 21 i
497 1356 152 22 betraktande
665 1356 26 22 af
704 1356 41 22 det
760 1356 91 22 mindre
866 1356 116 22 intensiva

225 1392 131 27 arbetssätt,
379 1398 49 15 som
450 1391 43 22 hos
515 1399 35 13 oss
573 1395 62 17 ännu
651 1395 25 17 är
691 1391 99 21 allmänt
811 1390 74 22 finner
897 1390 42 29 jag
953 1398 30 14 en

225 1428 73 19 större
314 1426 167 29 tidsminsning
503 1426 50 21 icke
575 1433 57 14 vara
647 1428 35 19 att
705 1426 76 21 såsom
796 1425 77 27 första
889 1428 43 25 steg
947 1432 36 15 re-

294 1466 201 18 Ekonomiutskottets
507 1466 120 17 betänkande
638 1465 35 18 N:o
688 1467 25 16 14.
