1070 1786
801 145 33 17 217

117 208 120 25 sättningen
254 209 74 24 genast
344 213 50 13 vara
410 207 33 19 vid
464 207 116 20 domstolen
606 207 108 25 tillstädes,
733 214 43 13 som
790 208 78 20 kunna

117 241 44 20 från
177 241 93 26 fartyget
286 241 108 19 undvaras.
427 241 161 19 Befälhafvaren
605 241 53 19 skall
675 241 46 26 ock,
738 242 35 19 der
785 242 35 19 det
832 245 36 16 nö-

117 275 45 27 digt
176 275 92 26 pröfvas,
288 281 75 19 genom
384 275 31 19 sin
436 275 25 19 ed
480 275 145 25 förklaringen
641 275 59 20 fästa.
731 275 92 20 Sålunda
838 276 29 19 af-

117 310 72 26 gifven
210 308 148 27 sjöförklaring
384 310 59 24 utgör
470 308 65 20 likväl
560 308 47 20 icke
633 308 74 20 hinder
733 309 30 19 för
789 309 78 20 motbe-

119 343 89 26 visning.

186 374 30 22 Är
232 379 79 24 protest
326 377 39 19 och
381 377 150 26 sjöförklaring
547 377 56 19 inom
620 377 139 20 föreskrifven
776 378 27 19 tid
820 377 48 20 icke

117 412 67 26 gjord,
200 412 39 19 och
260 411 61 26 gitter
340 412 19 25 ej
380 410 156 21 befälhafvaren
557 411 79 26 styrka,
652 413 30 17 att
697 411 74 20 sådant
787 412 82 19 härrört

119 446 24 19 af
155 445 49 25 laga
220 445 75 26 förfall,
312 446 56 25 njute
384 446 48 19 icke
448 445 72 20 vidare
536 445 40 20 den
597 445 86 20 dermed
699 446 86 19 afsedda
801 446 66 19 bevis-

120 480 103 25 ningsrätt
239 479 29 19 till
289 480 54 25 godo
363 479 38 19 och
422 486 48 12 vare
490 479 54 25 förty
561 480 18 25 ej
597 479 98 19 ursäktad
715 480 31 19 för
763 482 64 18 annat
843 482 25 17 än

120 514 40 22 det,
177 520 43 13 som
236 513 125 20 annorledes
378 514 46 18 med
440 513 52 19 fulla
512 513 45 19 skäl
581 513 54 20 vises
658 513 62 20 hafva
742 514 56 19 skett
821 516 47 17 utan

121 547 51 20 hans
189 547 103 20 vällande.

465 590 10 21 S
492 588 33 19 46.
725 614 5 4 N

189 627 96 20 Inträffar
299 628 76 25 olycka
386 628 12 19 &
410 628 78 19 utrikes
504 630 32 17 ort
551 634 51 19 eger
618 627 156 20 befälhafvaren
791 628 80 26 afgifva

121 663 79 24 protest
216 661 39 19 och
270 661 150 27 sjöförklaring
436 662 6 18 i
459 662 40 19 den
516 661 96 26 ordning,
629 668 44 12 som
694 661 106 20 derstädes
816 662 55 19 iakt-

121 697 65 25 tages.

467 738 10 21 8
494 736 33 18 47.
644 761 6 6 N

192 775 144 20 Befälhafvare
360 782 48 13 vare
432 776 75 26 pligtig
531 778 29 17 att
583 775 149 26 ofördröjligen
752 775 119 20 underrätta

122 809 91 20 rederiet
228 816 33 13 om
278 810 97 19 inträffad
391 810 99 26 sjöskada
509 810 51 19 eller
579 816 68 12 annan
668 809 203 26 anmärkningsvärd

123 843 106 25 händelse,
245 850 44 13 som
306 844 57 19 timat
380 844 39 19 och
435 844 65 26 angår
516 844 98 26 fartyget,
630 843 107 19 äfvensom
753 845 35 23 att,
805 843 26 19 dä
847 843 23 19 ti-

123 878 39 19 den
187 878 39 19 och
249 877 105 20 afständet
373 878 35 19 det
424 878 113 25 medgifva,
553 877 94 19 inhemta
663 876 101 20 rederiets
780 877 36 19 räd
832 877 39 19 och

123 911 107 20 föreskrift
246 917 32 14 om
294 911 26 20 de
336 911 104 26 ätgärder,
458 911 72 20 hvilka
540 911 7 19 i
558 911 113 26 anledning
687 910 61 20 deraf
762 911 49 19 böra
827 911 44 19 vid-

123 949 66 22 tagas.

469 987 9 22 $
495 985 33 19 48.

192 1025 66 19 Innan
277 1025 141 19 befälhafvare
433 1025 52 19 efler
500 1025 98 19 inträffad
614 1025 98 26 sjöskada
728 1025 51 19 läter
795 1025 77 19 iständ-

125 1062 53 17 sätta
199 1060 75 25 fartyg,
295 1059 51 19 eller
366 1059 107 19 använder
496 1059 89 19 kostnad
605 1059 31 19 för
656 1062 30 16 att
704 1059 91 26 afhjelpa
810 1062 64 16 annat

124 1093 100 26 tillfälligt
245 1093 68 25 behof,
334 1099 43 13 som
401 1093 65 19 under
489 1099 60 13 resan
574 1093 98 26 uppstått,
690 1093 35 19 bör
742 1093 75 19 vidden
834 1093 39 19 och

126 1127 172 20 beskatfenheten
322 1127 61 19 deraf
404 1127 82 19 utredas
511 1133 76 20 genom
605 1127 119 26 besigtning
739 1127 50 19 eller
805 1133 67 13 annan

125 1161 73 26 tjenlig
216 1164 67 23 utväg.
315 1161 117 26 Angäende
449 1161 99 25 beloppet
560 1161 21 19 af
594 1161 36 18 den
646 1161 96 19 använda
757 1161 117 19 kostnaden

125 1195 52 19 skall
196 1194 155 20 befälhafvaren
374 1194 64 20 sedan
459 1194 80 26 jemväl
560 1196 48 24 taga
628 1194 86 26 behörig
730 1194 89 26 räkning
835 1194 39 20 och

124 1229 43 20 läta
183 1229 40 20 den
239 1235 76 20 genom
332 1228 74 20 konsul
426 1228 51 20 eller
497 1229 26 26 pä
539 1231 64 17 annat
619 1231 40 17 sätt
675 1228 146 27 tillförlitligen
839 1228 34 20 be-

124 1263 93 26 styrkas;
241 1269 49 14 vare
311 1263 39 20 ock
373 1263 76 26 pligtig
471 1265 30 17 att
525 1263 48 20 dess
599 1263 101 26 riktighet
724 1263 45 20 med
794 1263 25 19 ed
843 1263 30 19 sin

125 1297 60 26 fästa,
201 1303 33 14 om
250 1297 23 19 sä
288 1297 73 26 nödigt
377 1297 73 20 finnes.

470 1361 9 22 $
496 1360 33 19 49.

195 1399 85 20 Förmär
297 1400 18 25 ej
332 1399 142 20 befälhafvare
494 1399 66 20 under
579 1405 45 14 resa
642 1399 125 20 annorledes
785 1399 92 20 bestrida

127 1434 77 25 nödiga
221 1433 84 26 utgifter
320 1433 32 19 för
368 1433 97 26 fartyget,
481 1440 50 19 eger
547 1433 42 20 han
609 1433 39 19 den
669 1433 138 26 erforderliga
822 1440 54 13 sum-

127 1474 46 13 man
198 1467 92 26 uppläna
309 1467 39 20 och
368 1468 31 19 för
418 1468 57 19 länet
490 1467 80 25 jemväl
586 1468 6 19 i
609 1467 78 20 nödfall
712 1467 165 20 bodmerivilkor
