1070 1786
805 152 35 18 415

127 213 35 20 het
184 216 24 17 är
230 213 112 20 inskränkt
364 213 31 20 till
418 213 56 19 vissa
496 212 123 27 namngifna
637 213 240 28 smidestillverkningar

127 249 53 18 samt
195 247 73 26 skogs-
284 247 39 20 och
339 247 66 20 andra
420 246 258 26 landtmannaprodukter,
693 247 108 20 äfvensom

194 281 26 26 d)
236 283 30 17 att
288 281 134 19 stadsmanna
445 280 69 26 fartyg
534 281 19 25 ej
574 280 21 20 få
612 281 78 19 anlitas
705 281 31 19 till
753 281 85 20 utförsel
853 282 24 20 af

126 315 112 20 inhemska
258 320 60 14 varor
338 314 46 20 från
400 314 123 20 landthamn
539 314 22 20 af
575 314 65 20 andra
656 317 25 17 än
698 315 108 20 städernas
822 322 55 20 egna

127 352 131 23 exportörer,
280 348 27 26 på
330 350 40 18 sätt
392 348 40 20 och
456 348 47 20 med
523 348 26 20 de
569 348 110 26 lättnader,
699 355 44 14 som
760 349 31 20 för
807 350 67 20 landt-

127 389 78 13 manna
220 383 69 26 fartyg
304 382 7 20 i
326 382 74 20 sådant
415 382 100 20 afseende
531 382 128 26 medgifvits.

196 416 102 26 Anförda,
318 416 29 19 uti
369 416 160 26 lagstiftningen
545 416 138 26 qvarstående
699 416 178 28 inskränkningar

127 451 7 19 i
150 450 242 36 seglationsrättigheten
408 450 32 19 för
455 450 83 19 landets
553 450 75 26 fartyg,
644 450 109 21 äfvensom
769 452 30 20 uti
813 452 62 21 frihe-

129 486 35 18 ten
180 484 32 20 för
228 491 26 13 en
270 474 52 30 hvar
336 486 32 17 att
382 484 48 20 dem
447 484 31 19 för
494 484 61 26 eljest
568 484 87 26 lofgifna
665 480 97 41 ändamål
773 487 104 25 använda,

128 525 64 20 synas
214 518 117 20 emellertid
355 518 51 20 böra
424 518 117 26 upphäfvas
561 518 39 20 och
619 518 59 27 gifva
692 515 44 24 rum
754 520 31 20 för
800 521 75 20 anord-

129 553 100 20 nanden
215 547 14 36 i
244 552 38 20 full
298 551 217 21 öfverensstämmelse
531 552 48 20 med
595 552 41 20 den
652 552 39 21 fria
706 552 171 23 konkurrensens

129 587 107 20 allmänna
261 587 52 25 kraf,
335 586 73 20 dervid
431 586 54 20 dock
509 586 68 20 såsom
600 586 96 27 oafvislig
719 588 158 26 nödvändighet

129 620 98 21 framstår
249 622 31 18 att
302 620 26 20 de
349 619 214 27 landtmannafartyg,
582 620 73 20 hvilka
669 620 31 20 till
716 620 162 28 handelssjöfart

129 655 115 25 användas,
267 654 51 20 böra
338 660 77 20 genom
436 654 59 20 deras
510 654 128 26 inskrifning
653 654 7 20 i
675 655 100 20 särskildt
789 655 86 27 skepps-

130 690 89 26 register
234 689 38 19 hos
287 688 109 27 Magistrat
411 688 7 20 i
434 690 106 18 närmaste
555 688 45 20 stad
616 688 40 20 och
672 688 90 21 befälets
773 690 103 26 legitima-

129 724 45 19 tion
190 723 32 20 för
236 722 73 28 yrkets
324 722 121 26 utöfvande,
462 728 50 14 vara
527 722 155 20 underkastade
698 723 111 21 enahanda
819 724 57 27 skyl-

129 757 103 27 digheter,
253 763 44 14 som
312 757 6 19 i
334 756 61 21 dessa
412 756 114 20 afseeuden
542 759 36 17 äro
593 756 109 21 städernas
718 757 158 28 handelsfartyg

130 791 105 20 åhvälfde.

198 825 10 20 I
223 824 97 21 ändamål
338 826 30 18 att
383 824 146 20 åstadkomma
543 824 8 20 i
567 824 117 27 möjligaste
700 825 63 21 måtto
779 826 96 20 fullkom-

131 860 30 26 lig
176 859 139 27 likställighet
330 858 23 20 af
362 858 65 20 stads-
439 858 39 20 och
489 853 137 25 landtmanna
636 859 108 26 fartygens
753 860 124 26 seglations-

131 895 41 18 rätt
192 895 54 18 samt
263 899 26 14 en
305 893 61 19 hvars
382 892 145 27 berättigande
543 894 30 18 att
588 893 54 25 dem,
659 893 65 20 under
739 894 55 19 vissa
809 894 69 21 tillika

131 927 109 20 bestämda
256 927 68 20 vilkor
340 927 38 20 och
395 926 111 25 förbehäll,
517 926 44 20 fritt
573 926 102 27 begagna,
688 927 37 20 har
740 927 67 20 Hans
822 928 56 26 Kej-

131 961 96 26 serliga
249 961 126 26 Majestät,
399 961 65 19 under
483 961 148 26 förutsättning
652 961 23 20 af
691 961 186 27 Borgareständets

131 995 110 26 samtycke
257 995 31 19 till
300 995 148 26 upphäfvande
459 995 23 20 af
491 995 54 20 hvad
556 995 82 26 Nädiga
647 995 116 20 Försäkran
773 995 22 20 af
802 995 40 21 den
851 996 26 20 23

131 1029 101 20 Februari
255 1029 51 20 1789
322 1031 10 22 $
350 1030 9 18 1
376 1029 117 20 innehäller
513 1029 130 20 beträffande
659 1029 25 20 de
701 1029 34 20 fri-
752 1030 38 19 och
805 1030 72 27 rättig-

131 1063 66 26 heter,
212 1069 45 14 som
273 1063 7 19 i
295 1063 99 20 afseende
410 1063 12 20 &
438 1063 77 20 handel
530 1063 39 20 och
586 1063 72 26 sjöfart
674 1063 69 20 blifvit
753 1063 124 26 borgerska-

133 1099 36 25 pet
191 1098 40 19 och
254 1097 98 20 städerna
371 1096 134 27 tillerkända,
525 1097 56 20 velat
596 1097 30 19 till
643 1096 128 21 Ständernas
786 1097 93 20 behand-

135 1131 51 26 ling,
202 1131 68 26 enligt
284 1131 27 20 52
326 1133 10 22 $
352 1131 6 19 i
374 1131 199 26 Regeringsformen
589 1131 23 19 af
625 1130 40 20 den
682 1131 24 19 21
723 1131 89 26 Augusti
828 1132 52 20 1772

135 1165 40 20 och
198 1166 25 19 71
240 1167 10 22 S
266 1165 6 20 i
288 1165 246 26 Landtdagsordningen,
556 1165 116 20 framställa
690 1165 92 26 följande
802 1165 79 27 förslag

132 1199 31 19 till
179 1198 131 27 stadganden
326 1199 6 19 i
348 1200 80 18 ämnet:

205 1234 42 24 1:0)
262 1232 78 27 Hvarje
355 1232 54 20 finsk
426 1232 139 27 medborgare
581 1239 49 13 vare
646 1232 117 27 berättigad
779 1235 37 24 att,
832 1235 49 18 utan

132 1267 136 20 Handlandes
290 1267 136 25 medverkan,
446 1267 30 19 till
496 1269 56 18 orter
571 1269 57 18 utom
644 1267 71 20 landet
730 1267 67 20 utföra
811 1267 68 20 landt-

136 1307 85 14 manna-
240 1301 40 20 och
296 1300 179 27 skogsprodukter
490 1303 54 17 samt
559 1307 54 20 egna
628 1300 161 27 tillverkningar
804 1301 23 20 af
839 1301 43 20 alla

133 1336 51 26 slag.
215 1335 63 20 Idkas
299 1335 64 20 sådan
384 1337 75 24 export
479 1335 45 19 från
540 1335 45 19 stad
601 1334 52 20 eller
668 1334 128 26 stadshamn,
812 1335 68 26 erläg-

133 1376 37 20 ges
186 1369 70 20 derför
271 1369 61 26 afgift
346 1369 31 19 till
393 1369 73 20 staden
483 1369 53 20 efter
552 1369 106 26 taxering;

202 1404 44 24 2:0)
264 1403 32 20 En
316 1403 58 25 hvar,
394 1409 44 13 som
454 1405 22 17 är
492 1402 115 27 berättigad
623 1404 29 18 att
668 1402 32 19 till
715 1409 54 20 egen
785 1402 94 21 förbruk-

134 1438 51 25 ning
208 1437 51 20 eller
282 1437 66 20 afsalu
367 1436 46 21 frän
430 1439 31 18 ort
476 1438 56 18 utom
548 1436 72 21 landet
634 1435 135 21 införskrifva
785 1436 51 20 eller
851 1437 31 19 dit

133 1471 46 19 frän
203 1471 73 19 landet
297 1471 68 19 utföra
384 1477 68 19 varor,
472 1469 34 21 mä
525 1470 72 20 dervid
613 1470 98 26 begagna
726 1469 64 20 finskt
804 1469 77 27 fartyg,
