1070 1786
801 144 33 17 477

117 207 36 20 två
165 207 81 26 gånger
262 213 33 13 om
311 206 52 26 året,
382 207 3 18 i
400 206 50 20 Juni
467 206 38 20 och
522 206 124 20 December.
678 206 105 21 Utskottet
798 213 69 19 anser,

116 243 31 18 att
169 241 57 20 såväl
251 241 56 20 tiden
331 241 31 19 för
385 241 61 19 dessa
461 242 107 24 stämmor,
588 247 43 13 som
649 241 26 19 de
691 241 31 20 för
737 241 46 20 dem
800 241 68 20 stälda

117 275 107 26 uppgifter
245 275 51 19 böra
315 275 130 25 godkännas.
475 275 69 25 Fråga
562 275 37 19 har
619 275 34 19 väl
670 275 68 19 blifvit
754 274 63 20 väckt
833 281 32 13 om

116 308 100 20 behofvet
232 308 22 20 af
268 310 29 18 ett
313 308 155 26 förtydligande
485 308 75 26 tillägg
575 308 7 20 i
597 308 100 20 afseende
708 308 12 20 å
731 308 36 20 det
777 308 86 20 Decem-

119 342 138 20 berstämman
275 342 129 20 förbehållna
414 343 34 19 val
459 342 30 20 till
501 342 26 20 de
545 342 141 27 befattningar
700 342 57 20 inom
771 342 95 20 kommu-

116 383 47 19 nen,
183 383 45 13 som
248 376 34 20 vid
299 376 54 20 årets
369 377 77 26 utgång
463 377 65 20 blifva
543 376 75 27 lediga,
640 376 80 20 hvilket
741 376 124 26 stadgande,

117 417 43 13 som
176 410 67 27 gäller
262 410 73 20 endast
354 411 31 19 för
401 411 25 19 de
442 411 76 25 städer,
535 411 36 19 der
587 410 189 26 stadsfullmäktige
792 411 19 25 ej
828 410 37 20 fin-

118 451 42 19 nas,
180 444 79 26 åsyftar
280 444 274 27 ledamotsbefattningarna
568 445 7 19 i
591 445 25 19 de
638 444 59 22 uti.5
713 446 10 22 $
738 444 128 20 omnämnda

117 479 134 26 bestyrelser.
266 478 107 21 Utskottet
396 480 37 19 har
452 479 65 19 likväl
537 481 68 17 ansett
620 478 36 20 det
690 479 130 26 lämpligare,
836 480 30 18 att

119 513 69 19 denna
199 513 37 19 sak
252 513 74 19 endast
336 513 6 19 i
353 513 106 20 allmänna
474 513 87 26 ordalag
577 513 91 26 beröres,
686 513 89 20 emedan
793 513 71 25 hvarje

116 547 157 20 stadskommun
297 547 157 27 otvifvelaktigt
476 547 47 20 bäst
545 547 52 26 sjelf
616 547 54 20 skall
692 547 70 20 kunna
777 547 86 27 'afgöra,

119 582 66 19 under
205 582 74 19 hvilka
297 582 67 19 vilkor
385 582 40 20 och
446 582 29 19 för
491 582 53 19 huru
559 581 50 27 lång
624 582 30 19 tid
671 582 65 26 sagda
751 582 112 20 befattnin-

116 622 37 20 gar
174 615 52 20 böra
246 616 97 19 besättas.
372 616 100 20 Deremot
492 616 38 19 har
549 615 101 20 utskottet
665 616 68 19 funnit
748 622 25 14 en
789 616 75 20 redak-

118 649 180 27 tionsförändring
318 650 23 19 af
362 650 68 19 nöden
450 650 30 19 till
500 649 160 27 förebyggande
675 650 23 19 af
711 650 40 20 den
767 650 97 26 tydning,

118 683 84 20 hvartill
219 684 40 19 den
280 684 120 26 föreslagne
416 686 10 22 $
441 684 68 26 gifver
525 684 121 26 anledning,
662 686 30 18 att
707 684 36 20 det
757 684 106 26 nemligen

116 717 62 20 äfven
195 718 7 18 i
218 717 76 26 städer,
315 718 83 19 hvarest
422 718 192 20 beslutanderätten
635 720 23 17 är
673 718 21 20 åt
708 718 155 20 stadsfullmäk-

115 751 43 26 tige
182 751 129 26 anförtrodd,
334 751 70 20 kunde
422 752 113 20 ankomma
553 752 26 26 på
598 752 136 26 Magistraten
755 752 52 20 eller
822 752 41 20 Gu-

117 788 101 17 vernören
243 788 29 17 att
295 786 99 20 förordna
416 786 32 20 till
468 786 167 20 rådhusstämma
654 786 79 26 jemväl
752 786 32 20 för
799 786 66 20 andra

116 820 92 20 ärenden
221 823 26 17 än
256 820 85 26 sådana,
353 827 44 13 som
408 827 76 20 genom
497 820 69 20 denna
582 820 122 27 författning
714 823 37 17 äro
761 822 102 18 stämman

115 854 139 20 förbehållna.
284 854 42 20 När
349 861 26 13 en
396 855 158 19 stadskommun
575 861 25 13 en
620 854 56 27 gång
696 855 36 19 har
752 861 25 13 en
793 861 70 20 repre-

116 888 104 19 sentation
232 888 47 20 med
295 888 108 21 bestämda
417 889 127 25 funktioner,
561 888 37 20 bör
614 889 41 26 det,
671 889 67 26 enligt
753 889 111 20 utskottets

117 922 61 26 åsigt,
200 922 49 20 icke
270 923 65 19 heller
354 929 50 13 vara
422 923 75 20 tillåtet
513 923 23 19 af
549 922 83 27 förbigå
650 923 69 20 denna
734 924 129 25 representa-

117 956 44 19 tion
172 956 52 19 eller
241 957 99 26 möjligen
357 957 44 19 från
418 957 121 20 densamma
555 956 107 27 appellera
678 957 31 19 till
724 956 139 20 kommunens

115 990 96 27 samtlige
227 990 175 27 röstberättigade
419 991 136 20 medlemmar
571 991 34 19 vid
621 990 172 20 rådhusstämma.

185 1025 9 19 1
208 1031 61 13 mom.
285 1025 22 19 af
322 1025 24 19 17
362 1027 10 22 $
388 1025 31 20 får
436 1025 100 20 utskottet
559 1024 76 21 föreslå
653 1025 31 19 till
702 1024 157 27 godkännande
875 1024 13 29 &
905 1024 26 21 17.

113 1059 6 18 i
140 1058 70 27 öfrigt,
224 1060 55 18 utom
301 1058 54 20 hvad
371 1059 99 20 beträffar
486 1058 134 21 föreskriften
638 1058 78 26 derom,
732 1060 30 18 att
776 1058 88 20 kallelse

115 1093 31 18 till
162 1092 166 20 rådhusstämma
352 1093 123 26 ovilkorligt
493 1093 54 20 skall
567 1093 37 20 ske
622 1099 76 20 genom
714 1093 127 26 kungörelse
856 1093 7 19 i

115 1126 74 26 kyrka.
219 1127 41 19 Det
278 1127 37 19 har
335 1129 59 24 synts
410 1127 101 20 utskottet
526 1127 123 26 lämpligare
664 1129 36 23 att,
716 1127 68 20 såsom
800 1127 62 20 äfven

113 1161 7 18 i
143 1161 5 19 2
162 1167 60 13 mom.
246 1161 23 19 af
289 1160 68 21 denna
379 1163 7 22 $
404 1161 7 20 i
427 1161 100 20 afseende
549 1161 12 20 &
585 1161 167 20 extraordinarie
776 1161 86 20 rådhus-

114 1196 89 18 stämma
217 1194 94 26 föreslås,
328 1195 130 20 öfverlemna
473 1195 31 19 till
522 1195 138 19 kommunens
676 1198 47 24 eget
739 1195 123 27 afgörande,

113 1228 51 20 huru
185 1228 102 20 kallelsen
307 1229 81 20 utöfver
406 1229 55 20 hvad
477 1229 72 20 derom
564 1229 6 20 i
587 1229 63 26 öfrigt
664 1232 23 17 är
702 1229 99 27 stadgadt
816 1229 47 20 bäst

114 1262 33 20 må
163 1262 71 20 kunna
249 1262 165 27 offentliggöras.

180 1296 10 19 I
205 1297 13 19 2
234 1303 60 13 mom.
311 1297 23 20 af
346 1297 70 20 denna
431 1299 10 22 $
457 1297 37 20 har
511 1297 101 20 utskottet
627 1297 109 27 föreslagit
752 1297 40 20 den
808 1297 52 20 änd-

113 1330 54 26 ring,
182 1332 30 17 att
231 1330 88 21 kallelse
335 1331 30 20 till
381 1331 166 20 extraordinarie
562 1334 88 17 stämma
666 1332 18 25 ej
702 1331 37 20 bör
754 1331 106 27 kungöras

113 1363 53 20 blott
181 1370 77 20 genom
274 1365 81 26 anslag,
372 1367 48 17 utan
436 1365 62 20 äfven
515 1365 26 26 på
556 1367 64 18 annat
635 1367 46 18 sätt.

180 1397 107 21 Utskottet
308 1399 67 20 finner
398 1399 34 20 det
454 1399 87 20 alldeles
564 1399 137 27 nödvändigt,
723 1401 31 18 att
771 1399 86 27 ärende,
872 1399 14 29 &
903 1401 27 21 18.

111 1437 45 14 som
172 1432 23 19 af
218 1432 166 21 rådhusstämma
404 1433 32 20 till
454 1433 127 26 behandling
604 1433 112 26 företages,
739 1433 53 20 skall
809 1440 51 13 vara

111 1465 115 27 behörigen
242 1466 118 26 förberedt;
379 1467 22 19 18
418 1469 10 21 $
442 1470 39 23 gör
496 1467 35 20 det
547 1467 31 20 till
593 1469 31 18 ett
638 1467 114 27 åliggande
767 1468 32 19 för
815 1467 42 20 Ma-
