1070 1786
220 160 35 17 140

186 224 58 20 detta
259 223 98 20 afseende
374 223 43 20 ofta
436 223 81 26 ganska
532 223 105 26 dyrköpta
653 223 120 20 erfarenhet
787 223 23 20 så
827 223 42 20 vidt
885 224 50 25 möj-

186 259 38 26 ligt
240 258 158 26 tillgodogöres,
413 257 64 20 hafva
491 257 118 20 Ständerna
624 256 69 20 funnit
708 257 32 26 sig
756 257 50 20 böra
821 258 54 20 fästa
885 265 49 19 upp-

186 292 142 20 märksamhet
352 292 32 18 vid
410 292 25 18 de
461 291 87 19 sålunda
572 297 70 13 vunna
665 291 93 26 resultat,
781 291 68 20 såvidt
869 292 26 19 de
915 293 23 18 af

186 326 119 20 Ständerna
320 325 82 19 kunnat
417 324 110 20 inhemtas.
559 324 44 20 Och
619 324 62 20 hafva
697 324 117 21 Ständerna
825 326 62 20 deraf
896 326 39 19 för-

185 360 83 20 anledts
284 361 31 18 att
332 359 88 20 omfatta
440 365 25 13 en
486 365 69 13 annan
575 358 54 26 äsigt
648 361 26 17 än
694 359 47 25 den,
762 365 43 14 som
822 360 68 26 ligger
905 360 31 18 till

185 394 69 26 grund
272 394 30 19 för
317 394 41 19 den
381 393 83 25 Nädiga
486 393 167 26 propositionens
672 393 79 26 förslag
766 394 6 18 i
788 396 77 17 ämnet.
896 394 40 20 Det

185 428 60 20 torde
269 428 107 26 nemligen
400 427 48 19 icke
467 427 70 19 kunna
553 427 72 25 nekas,
642 429 29 17 att
687 427 156 27 behandlingen
859 428 23 19 af
895 428 41 19 sin-

186 462 99 26 nessjuke
301 462 6 19 i
324 462 38 19 och
379 462 31 19 för
426 461 61 19 deras
503 461 90 19 botande
609 461 75 19 företer
700 468 26 12 en
744 462 144 26 väsendtligen
901 468 34 14 an-

186 503 41 13 nan
244 496 88 26 uppgift,
348 498 26 17 än
391 495 79 20 värden
486 501 33 13 om
536 495 25 19 de
577 494 108 27 olyckliga
703 496 112 26 individer,
831 496 36 20 hos
884 496 50 20 hvil-

185 531 28 19 ka
229 530 111 20 vansinnet
357 530 140 19 konstaterats
514 535 49 13 vara
579 529 95 25 obotligt.
704 529 41 20 För
756 530 25 19 de
793 530 54 20 förre
864 530 71 20 behöf-

186 571 36 13 vas
239 564 121 26 hospitaler,
381 564 31 19 för
432 563 26 20 de
481 569 73 14 senare
577 563 77 26 asyler.
685 563 39 20 Om
741 564 35 20 det
791 564 40 21 ock
847 564 42 20 ofta
905 565 29 19 in-

186 598 71 20 träffar
273 600 30 18 att
318 598 41 19 den
375 598 64 19 akuta
458 597 204 26 sinnessjukdomen,
680 599 52 18 trots
757 598 41 20 alla
823 599 111 19 bemödan-

186 632 48 25 den,
250 632 98 26 öfvergär
363 632 30 19 till
410 632 86 18 kronisk
520 632 38 19 och
583 631 86 27 obotlig,
691 632 69 26 ligger
783 632 33 20 väl
839 633 54 19 dock
910 640 24 13 en

186 666 125 26 obestridlig
327 666 43 26 vigt
386 666 72 26 derpä,
473 668 30 17 att
519 666 26 19 de
560 666 111 26 patienter,
686 672 45 13 som
748 666 31 20 för
794 667 50 19 akut
855 668 79 20 sinnes-

185 700 107 26 rubbning
315 700 94 26 undergä
432 700 134 26 behandling,
586 700 23 19 sä
628 700 45 20 vidt
690 700 82 26 möjligt
790 704 29 22 är,
842 701 93 26 skyddas

186 735 31 19 för
233 734 43 20 alla
296 734 92 26 menliga
406 734 138 26 inflytanden.
574 734 47 20 Men
642 734 28 19 uti
690 734 100 20 anstalter
805 735 23 19 af
841 735 40 19 den
897 738 37 24 art,

186 770 30 18 att
233 768 54 20 båda
303 768 155 20 ofvannämnda
475 768 119 26 kategorier
610 768 23 20 af
646 768 133 26 sinnessjuke
794 769 37 19 der
846 770 89 26 intagas,

186 803 60 19 torde
263 803 41 19 den
323 803 31 19 för
377 809 25 13 en
427 802 95 20 verksam
547 802 39 19 kur
610 802 107 27 behöfliga
739 802 127 27 isoleringen
888 803 47 21 icke

186 838 48 18 utan
252 837 107 26 svärighet
375 836 71 20 kunna
461 836 140 26 genomföras,
618 836 108 20 hvarutom
743 836 146 21 erfarenheten
907 838 27 20 vi-

186 873 32 17 sat
233 872 30 18 att
280 870 103 20 blandade
403 870 106 25 anstalter,
529 870 61 20 äfven
614 876 32 14 om
670 870 165 26 sjukplatsernes
857 872 78 19 antal
925 866 14 34 i

185 905 47 19 dem
250 905 44 19 från
311 905 72 25 början
408 906 77 18 ansetts
509 907 104 17 motsvara
636 904 105 26 behofvet,
762 905 98 26 vanligen
876 906 56 19 inom

182 939 156 26 jemförelsevis
354 939 48 20 kort
418 939 28 20 tid
463 939 52 20 efter
533 939 60 19 deras
614 939 112 26 öppnande
742 939 68 20 blifvit
828 939 106 27 öfverfyll-

186 973 26 20 da
228 973 22 20 af
264 973 94 26 obotliga
373 973 109 26 patienter,
499 973 22 20 af
535 973 38 20 den
595 973 62 19 orsak
676 975 30 17 att
722 973 34 19 det
772 973 34 20 vid
823 973 111 26 patienter-

186 1014 37 13 nes
239 1007 149 26 emottagande
411 1007 47 20 icke
481 1010 71 23 genast
574 1007 41 20 kan
634 1007 90 26 afgöras,
741 1007 100 20 huruvida
857 1008 26 19 de
899 1011 35 17 äro

186 1041 80 26 botlige
289 1041 51 20 eller
362 1041 55 26 icke,
436 1041 39 20 och
495 1044 30 17 att
545 1041 25 20 de
590 1042 110 25 patienter,
721 1048 44 13 som
782 1042 51 19 höra
848 1042 31 19 till
895 1042 39 20 den

185 1082 76 13 senare
282 1075 118 27 kategorin,
419 1075 80 26 ganska
523 1076 42 19 ofta
588 1075 86 27 påkalla
699 1075 50 20 vård
765 1075 12 20 å
793 1076 141 26 inrättningen

185 1110 32 19 för
232 1110 49 19 hela
296 1110 31 19 sin
344 1109 133 20 återstående
493 1110 70 25 lifstid,
579 1110 6 19 i
602 1110 50 26 följd
670 1110 75 19 hvaraf
758 1112 65 17 större
839 1110 61 20 delen
915 1111 22 19 af

186 1144 116 20 anstaltens
326 1146 104 24 utrymme
453 1144 131 26 småningom
609 1144 75 19 blifver
707 1146 101 24 upptaget
826 1144 23 19 af
863 1144 73 26 dylika

185 1179 112 25 patienter,
314 1179 72 19 hvilka
401 1178 53 20 dock
472 1178 47 20 vida
536 1178 94 26 billigare
650 1178 70 19 kunde
736 1178 28 19 uti
780 1178 31 20 för
827 1179 58 19 detta
899 1181 36 17 än-

186 1212 70 20 damål
273 1212 99 20 särskildt
387 1212 103 19 inrättade
506 1212 70 26 asyler
591 1212 79 20 erhålla
686 1211 58 20 vård.

252 1247 32 19 Då
300 1246 118 20 Ständerna
432 1246 27 26 på
475 1247 60 19 dessa
550 1246 44 20 skäl
610 1246 96 20 omfattat
725 1246 109 26 principen
850 1246 23 19 af
887 1246 46 19 kur-

186 1281 39 20 och
242 1281 190 19 vårdanstalternes
448 1280 125 26 åtskiljande
590 1280 43 19 från
655 1280 124 25 hvarandra,
796 1280 63 20 hafva
875 1280 59 20 Stän-

186 1315 66 19 derna
271 1316 68 18 ansett
358 1314 111 20 enahanda
484 1314 85 20 orsaker
583 1314 78 25 jemväl
678 1314 42 19 tala
735 1316 56 17 emot
807 1314 128 21 inrättandet

184 1349 24 19 af
221 1356 25 12 en
263 1352 42 16 stor
322 1349 80 19 central
422 1348 81 20 anstalt.
533 1348 74 20 Härtill
632 1347 95 20 kommer
750 1351 54 16 ännu
827 1348 41 20 den
891 1355 42 13 om-

184 1383 129 26 ständighet,
336 1385 30 17 att
390 1383 135 26 möjligheten
549 1383 30 19 för
603 1382 99 19 botandet
722 1382 22 19 af
758 1382 176 27 sinnesrubbning

185 1417 94 20 minskas
293 1417 22 26 ju
332 1417 72 26 längre
421 1417 29 19 tid
466 1417 35 20 det
515 1417 59 26 åtgår
589 1417 64 19 innan
670 1416 40 20 den
726 1416 60 26 sjuke
802 1416 90 20 erhåller
906 1417 28 20 lä-

185 1451 113 25 karevård,
318 1451 98 19 hvarföre
435 1451 35 20 det
488 1451 5 19 i
510 1451 45 20 vårt
578 1451 127 19 vidsträckta
728 1451 48 19 land
799 1457 64 20 synes
886 1458 49 13 vara

184 1485 138 26 nödvändigt,
338 1487 29 17 att
383 1485 140 19 kuranstalter
539 1485 31 19 stå
585 1485 30 19 till
633 1485 51 19 buds
699 1484 28 26 på
743 1484 50 20 tlere
805 1485 58 19 olika
873 1488 61 24 orter,
