1070 1786
807 149 24 18 27

177 211 109 28 anbringa
298 211 122 27 bomfästen
432 211 54 21 eller
497 211 89 28 vidtaga
601 211 72 21 andra
683 211 41 27 för
740 211 125 22 ändamålet

178 245 146 28 erforderliga
340 245 110 28 åtgärder.

497 308 50 26 $2

246 346 34 21 På
297 347 85 25 ställen,
402 346 85 21 hvarest
503 347 83 21 allmän
599 346 79 28 farled
687 346 41 28 för
744 347 53 27 ång-
813 347 52 21 eller

180 380 133 28 segelfartyg
334 381 88 27 nyttjas,
439 380 39 21 der
497 380 43 25 bro,
556 381 62 25 sluss,
636 383 82 18 vatten-
733 381 53 20 eller
796 380 69 28 fiske-

180 414 50 21 verk
244 415 53 21 eller
311 417 69 18 annat
391 414 64 28 fiske,
470 421 45 14 som
531 414 136 28 regelbundet
678 414 68 26 idkas,
759 414 43 21 kan
815 414 48 21 ska-

179 448 46 26 das,
245 449 52 20 eller
316 448 38 21 ock
372 448 310 28 der.trädgärdsanläggning
695 448 123 28 förefinnes
834 449 30 20 el-

180 483 32 20 ler
226 482 130 28 skogsalster
372 482 45 20 icke
432 482 75 21 kunna
522 484 54 19 utan
590 482 150 28 uppdämning
752 482 114 27 fortskaf-

179 516 43 26 fas,
232 516 44 27 får
286 516 107 28 flottning
409 516 44 21 icke
469 516 115 27 bedrifvas,
596 516 84 27 förrän
695 523 39 21 syn
750 516 39 20 och
802 516 64 27 pröf-

182 550 52 28 ning
244 550 106 28 föregått,
361 550 70 21 såsom
446 549 41 22 här
497 550 121 27 nedanföre
635 550 121 27 beskrifves,
771 550 95 27 såframt

181 584 67 20 saken
263 584 45 20 icke
323 584 138 21 uteslutande
480 585 72 26 angår
571 584 97 21 enskilda
687 584 114 28 sakegares
821 586 46 19 rätt

181 618 39 21 och
234 618 62 21 dessa
311 618 111 28 samtycka
438 618 35 20 till
483 618 141 27 flottningen.

251 652 75 21 Sådan
348 659 40 21 syn
411 652 38 20 och
465 652 109 28 pröfning
593 652 94 21 kommer
701 652 117 27 efterhand
834 655 32 18 att

178 687 32 27 på
225 686 138 21 statsverkets
386 686 116 21 bekostnad
525 686 129 21 verkställas
676 686 34 21 uti
729 686 136 27 vattendrag,

182 727 44 14 som
242 720 35 21 till
287 720 88 28 flottled
390 720 138 21 allmännare
547 720 114 27 begagnas.
693 715 85 26 Önskar
793 720 74 28 någon

182 754 119 21 verkställa
312 754 108 28 flottning
438 755 7 19 i
459 754 70 28 dylikt
543 754 137 27 vattendrag,
697 755 68 19 innan
777 760 40 22 syn
829 754 38 20 och

184 788 159 28 undersökning
358 794 76 22 genom
450 788 115 28 styrelsens
576 787 93 28 försorg
684 788 84 20 kunnat
783 788 82 20 anstäl-

183 822 39 26 las,
238 822 52 20 eller
305 822 33 21 uti
356 824 70 18 annat
444 822 81 20 sådant
543 822 134 27 vattendrag,
701 821 85 21 hvarest
803 822 62 26 flott-

183 857 59 27 ning,
264 856 70 21 såsom
358 855 114 28 ofvanföre
493 856 66 27 sagdt
577 858 32 22 är,
629 856 20 27 ej
663 858 54 18 utan
727 856 138 27 föregången

184 890 159 27 undersökning
358 890 44 27 får
420 889 93 27 utföras,
534 896 36 21 ege
589 889 43 21 han
648 890 38 20 hos
702 889 139 21 Guvernören
857 890 8 19 i

184 924 58 21 länet
257 923 81 22 ansöka
354 925 32 19 att
401 923 70 21 sådan
481 923 142 28 förrättning
634 924 35 20 må
676 924 32 26 på
719 923 55 21 hans
785 923 82 21 bekost-

184 958 44 21 nad
250 957 135 22 verkställas.
416 957 50 21 Kan
489 957 44 21 han
554 964 76 21 genom
652 957 56 21 bevis
723 957 30 28 af
763 957 103 21 kronobe-

184 992 55 27 tjent
255 992 52 21 eller
320 992 117 27 magistrat
453 991 52 21 eller
520 991 29 26 af
561 992 35 20 två
612 991 123 28 trovärdige
748 993 49 19 män
809 994 58 25 styr-

185 1026 28 21 ka
228 1028 32 19 att
276 1025 76 21 endast
372 1026 70 27 någon
466 1025 85 21 mindre
572 1025 37 21 bro
627 1026 53 20 eller
697 1026 66 27 något
777 1026 90 27 ringare

184 1059 121 21 vattenverk
315 1059 124 27 förefinnes
454 1060 9 19 i
472 1059 151 28 vattendraget
638 1059 39 21 och
692 1061 32 19 att
739 1061 70 19 annat
819 1059 48 21 hin-

184 1094 39 20 der
240 1093 42 28 för
300 1093 132 28 flottningen
456 1093 29 27 af
499 1093 136 27 förenämnd
656 1093 144 27 beskaffenhet
822 1093 45 21 icke

184 1135 48 20 eger
247 1135 55 18 rum,
318 1128 35 20 må
369 1127 146 25 Guvernören,
531 1127 68 21 sedan
610 1127 157 21 vederbörande
776 1127 91 28 sakega-

184 1169 23 14 re
222 1161 72 27 blifvit
309 1161 75 26 hörda,
400 1164 53 18 utan
469 1164 33 18 att
516 1168 41 21 syn
568 1161 106 28 föregått,
686 1161 73 21 tillåta
765 1161 102 27 flottnin-

184 1203 46 21 gen,
246 1196 69 20 derest
330 1196 109 20 sökanden
460 1196 77 20 ställer
555 1196 102 27 godkänd
671 1195 98 21 säkerhet
779 1195 42 27 för
835 1203 33 13 er-

184 1230 110 21 sättandet
309 1229 29 28 af
348 1229 75 27 skada,
439 1237 44 14 som
499 1230 121 27 derigenom
635 1229 43 22 kan
693 1229 75 22 vållas.

501 1293 15 26 $
531 1293 22 20 3.

253 1332 48 21 Den
318 1333 7 20 i
339 1333 15 26 $
368 1334 16 19 2
403 1332 146 27 omförmälda
567 1339 40 21 syn
626 1332 125 21 verkställes
770 1333 8 20 i
797 1333 71 27 öfver-

185 1367 157 20 ensstämmelse
361 1366 46 21 med
427 1366 25 21 de
465 1365 151 28 föreskrifter,
636 1373 45 14 som
713 1368 25 19 för
752 1366 116 21 enahanda

185 1408 65 21 syner
258 1401 77 27 finnas
347 1400 115 28 påbjudna
478 1401 7 20 i
500 1400 90 28 Nädiga
599 1400 163 28 förordningen
773 1401 94 28 angden-

186 1435 25 20 de
226 1435 189 27 vattenledningar
426 1434 38 21 och
474 1434 122 21 vattenverk
611 1434 30 27 af
647 1435 39 20 den
696 1436 31 19 23
737 1434 62 21 Mars
810 1436 59 20 1868

186 1469 38 20 och
238 1469 112 27 förrättas
368 1468 30 26 af
412 1468 235 28 Distriktsingeniören
662 1469 52 20 eller
730 1475 74 14 annan
820 1469 49 21 der-
