1070 1786
190 174 23 18 60

156 237 188 20 landskommuner
363 236 110 20 wutlofvade
497 236 74 26 bidrag
591 236 155 27 sammanlagdt
762 237 80 20 kunnat
857 243 42 20 upp

156 271 80 20 skattas
252 271 76 20 endast
343 270 31 20 till
392 271 73 25 10,000
483 270 66 20 mark.

225 305 30 19 På
270 304 68 27 grund
353 304 62 20 häraf
428 304 38 20 och
482 304 27 19 dä
524 304 40 19 den
581 304 30 19 till
627 303 31 20 S:t
673 304 88 20 Michels
775 304 45 21 stad
832 304 72 27 begag-

157 340 54 20 nade
234 339 75 26 farled,
330 338 66 20 ehuru
417 338 101 20 besvärad
539 338 23 20 af
579 340 101 24 omvägar
698 338 39 20 och
754 338 80 27 grunda
849 339 52 19 sund

157 370 65 24 likväl
244 373 67 20 under
330 379 25 13 en
371 375 67 17 större
454 372 34 20 del
503 372 23 20 af
539 378 117 14 sommaren
674 372 37 20 har
726 372 124 27 tillräckligt
866 374 39 18 vat:

158 411 34 17 ten
217 408 30 19 till
272 409 156 23 varutransport
452 406 46 20 med
519 406 55 20 ända
593 406 31 20 till
643 406 11 20 3
671 407 13 19 a
699 407 12 19 4
728 407 30 19 fot
777 406 129 27 djupgående

158 442 106 20 farkoster
286 442 38 19 och
345 441 79 26 jemväl
446 440 110 20 trafikeras
576 441 23 19 af
617 447 26 13 en
665 441 81 19 mindre
766 447 141 20 passagerare:

158 476 87 27 ångbåt,
261 475 31 20 får
307 474 103 21 utskottet
425 475 106 19 vördsamt
545 474 116 26 tillstyrka:

296 528 32 18 att
351 525 85 21 landets
457 525 94 21 Ständer
569 526 67 20 måtte
654 526 9 20 i
682 525 175 28 underdänighet
873 532 35 14 an

227 560 66 26 mäla,
314 562 32 19 att
366 559 129 28 utförandet
513 559 30 28 af
553 559 27 21 de
591 559 132 29 föreslagna
738 559 122 22 kanalerna
875 559 34 21 vid

231 594 196 26 Warkaantaipale
443 593 38 21 och
496 593 171 27 Kirkontaipale
682 596 40 18 näs
737 596 56 19 samt
808 594 41 21 den
865 594 45 20 der-

227 628 63 28 ifrån
310 628 34 21 till
366 628 31 20 S:t
412 628 90 20 Michels
516 628 51 20 stad
581 628 85 27 gående
676 628 115 27 farledens
807 634 104 21 upprens-

228 663 54 27 ning
300 662 36 21 till
350 664 14 18 7
374 662 48 27 fots
442 662 55 27 djup
517 662 36 20 vid
573 661 99 21 Saimens
688 662 72 28 lägsta
775 662 136 21 vattenstånd

215 696 59 29 —dcke
296 699 81 18 ansetts
400 703 54 14 vara
475 698 29 19 ett
521 695 90 29 företag
630 696 30 26 af
674 696 25 21 så
720 696 192 28 maktpåliggande

228 733 44 23 art,
287 732 33 19 att
334 730 25 21 de
374 730 75 21 dertill
463 730 147 28 erforderliga
624 730 69 21 medel
708 730 64 21 borde
786 737 75 21 genom
871 730 42 21 all-

228 767 52 19 män
299 764 117 28 bevillning
436 764 194 28 sammanbringas,
650 764 125 29 isynnerhet
794 771 43 14 som
854 764 59 21 detta

230 798 191 28 beskattningssätt
436 798 41 27 för
495 798 139 21 närvarande
654 799 60 20 torde
734 798 84 21 komma
833 800 33 19 att
881 801 32 18 ta-

229 840 40 21 gas
284 833 8 20 i
307 832 97 28 anspråk
418 832 41 28 för
477 832 80 28 många
577 832 72 21 andra
667 840 60 14 mera
742 833 172 28 allmännyttiga

230 867 112 21 ändamål.

369 997 107 22 Fivlands
491 998 110 20 Ständers
616 997 162 27 underdäniga
792 1003 52 14 svar
859 997 6 20 i
881 1003 33 14 an-

301 1033 77 24 ledning
394 1033 21 20 af
427 1033 56 19 Hans
501 1032 132 27 Kejserliga
652 1031 118 27 Majestäts
785 1031 70 26 Nådiga
869 1037 46 21 pro-

302 1067 89 27 position,
406 1073 30 14 om
451 1066 66 27 anslag
531 1066 31 21 till
576 1066 134 21 förbättrande
725 1066 22 20 af
759 1065 87 21 farleden
857 1066 58 20 emel-

301 1101 32 21 lan
348 1101 26 21 S:t
388 1100 75 21 Michels
478 1101 42 20 stad
535 1100 36 21 och
586 1101 63 26 öppna
663 1100 83 21 Saimen.

166 1165 208 26 Stormäktigste,
386 1163 195 27 Allernådigste
592 1163 106 26 Kejsare
714 1163 40 20 och
765 1162 150 21 Storfurste!

234 1227 9 20 I
263 1226 114 26 anledning
396 1225 22 20 af
436 1225 39 20 den
495 1226 57 20 inom
576 1225 112 27 sydvestra
710 1224 92 21 Savolax
825 1226 92 20 uttalade

166 1262 89 25 önskan,
275 1263 36 24 att,
330 1260 134 20 alldenstund
484 1259 70 20 denna
575 1259 104 20 landsorts
699 1259 218 21 vattenkommunika-

166 1297 69 19 tioner
250 1295 48 20 med
313 1297 71 24 öppna
398 1293 84 21 Saimen
502 1293 105 20 försvåras
626 1300 77 20 genom
719 1300 26 13 en
762 1293 77 27 mängd
855 1301 61 20 grun-

166 1331 27 20 da
213 1329 61 26 sund,
294 1329 39 20 den
353 1328 89 20 emellan
461 1327 31 21 S:t
506 1328 89 20 Michels
610 1328 45 19 stad
672 1327 40 20 och
728 1327 91 20 nämnde
835 1328 31 26 sjö
883 1327 33 21 be-

166 1364 83 26 fintliga
272 1363 66 20 farled
363 1362 63 19 måtte
444 1364 61 24 göras
526 1362 130 27 begagnelig
676 1362 32 19 för
727 1362 11 19 7
758 1362 12 19 4
785 1362 11 19 9
813 1362 31 19 fot
859 1362 58 27 djup-

168 1397 82 28 gående
267 1398 76 25 fartyg,
359 1397 37 19 har
411 1396 77 20 Eders
505 1395 144 27 Kejserliga
664 1396 117 25 Majestät
793 1396 32 19 till
836 1396 82 20 landets

168 1439 27 13 nu
218 1431 126 20 församlade
367 1430 88 20 Ständer
477 1430 68 20 aflåtit
566 1430 70 27 Nådig
660 1430 139 26 proposition,
821 1430 98 27 syftande

168 1466 87 24 derhän,
270 1467 30 18 att
315 1465 116 20 Ständerna
450 1464 63 20 måtte
529 1464 32 20 för
576 1463 190 21 åstadkommande
781 1463 24 20 af
818 1471 26 12 en
859 1464 58 20 kom-

167 1498 177 22 munikationsled
360 1498 22 20 af
396 1499 11 19 7
424 1498 39 20 fots
479 1498 87 26 djuplek
587 1498 66 20 under
674 1497 96 21 Saimens
789 1498 68 26 lägsta
875 1500 43 18 vat-
