1070 1786
232 145 22 16 96

198 208 46 26 digt
266 207 142 20 förordnande
432 207 39 19 den
497 207 22 19 31
548 207 39 25 Maj
613 207 53 20 1865
690 209 89 24 öppnats
795 209 11 19 i:
817 209 132 26 Helsingfors

198 242 44 20 stad
260 242 39 19 den
318 243 6 18 1
344 241 96 20 Oktober
459 241 63 26 sagde
543 241 22 19 år
586 241 39 19 och
646 241 46 19 haft
712 241 25 20 de
757 242 46 26 fyra
820 238 63 25 första
899 243 49 20 åren

198 277 56 19 ända
269 276 30 19 till
316 283 37 12 sex
370 275 38 20 och
426 275 90 20 derefter
532 275 55 20 ända
598 275 29 19 till
641 275 34 20 nio
688 275 70 20 elever
774 276 88 27 årligen,
878 277 71 20 hvilka

198 310 68 20 såsom
282 310 100 25 interner,
404 309 44 20 dels
469 309 111 19 betalande
600 309 44 19 dels
663 311 48 17 utan
728 310 67 26 afgift,
815 311 36 19 der
867 311 81 25 åtnjutit

198 344 152 26 undervisning
366 343 175 26 hufvudsakligen
558 343 23 19 af
595 350 24 12 en
636 343 113 25 lärarinna,
766 344 81 20 biträdd
862 345 6 19 i
881 345 67 26 någon

199 379 46 19 mån
263 378 23 20 af
300 378 97 20 enskilda
413 384 98 19 personer
528 377 45 19 med
591 377 50 19 eller
657 379 47 17 utan
722 378 84 19 arvode.
829 379 74 19 Denna
914 385 34 13 an-

198 412 54 26 stalt,
269 418 44 14 som
334 412 74 19 hittills
428 411 106 20 bekostats
550 411 23 20 af
586 411 128 22 statsmedel,
731 411 36 19 har
783 412 33 19 väl
833 413 66 25 enligt
915 419 33 13 ve-

198 446 143 20 derbörandes
358 446 60 26 intyg
435 445 26 26 på
477 448 27 16 ett
521 445 193 19 tillfredsställande
730 448 39 17 sätt
786 446 75 20 verkat
872 447 30 19 för
914 448 34 18 sitt

198 480 109 25 ändamål;
324 486 47 13 men
388 479 88 20 emedan
493 480 123 19 densamma
632 482 22 16 är
670 480 75 19 endast
765 481 138 25 provisoriskt
918 482 29 18 in-

199 514 66 20 rättad
290 514 37 20 och
349 514 5 19 i
377 514 80 19 mindre
481 514 129 25 fullständigt
633 514 59 19 skick
716 517 26 16 än
766 514 39 20 den
830 515 118 26 föreslagna

199 548 161 20 blindanstalten
378 548 5 19 i
401 548 80 25 Kuopio
502 550 22 17 är
543 548 73 19 afsedd
639 550 29 17 att
692 548 71 26 blifva,
786 548 23 20 så
831 550 38 19 har
891 550 57 19 Hans

199 583 119 25 Kejserliga
339 583 103 25 Majestät,
459 582 30 19 för
508 582 39 19 den
565 582 99 20 händelse
685 585 31 17 att
734 583 118 20 Ständerna
872 584 76 25 bevilja

199 616 73 26 anslag
289 616 31 19 för
336 616 142 26 nyssnämnda
497 616 76 19 anstalt
593 616 37 20 och
652 616 67 20 skulle
740 617 67 19 önska
826 620 27 16 att
872 617 77 20 bereda

198 651 62 19 äfven
285 650 38 20 den
348 650 92 19 svenska
463 650 150 26 befolkningen
634 657 25 12 en
679 650 45 20 lika
743 650 79 20 förmån
844 658 43 12 som
907 652 40 18 den

199 684 74 26 finska,
294 687 52 17 samt
368 684 50 26 vilja
436 684 58 19 anslå
514 684 25 20 de
559 684 28 19 till
609 684 115 20 anstaltens
745 685 108 19 underhåll
871 685 77 26 nödiga

199 719 75 24 medel,
298 718 60 20 bordt
383 718 102 24 meddela,
501 720 27 17 att
552 718 116 20 kostnaden
686 718 31 20 för
736 725 25 13 en
783 719 58 25 dylik
865 719 83 25 anstalt,

198 753 73 20 afsedd
291 753 31 19 för
342 753 34 19 tio.
392 752 90 20 svenska
502 752 83 20 talande
606 752 76 26 elever,
702 752 112 20 beräknats
831 753 69 26 uppgå
916 753 31 19 till

202 787 73 25 12,000
292 786 56 20 mark
366 792 33 14 om
417 786 51 20 året.

404 837 73 25 Enligt
495 837 65 19 Hans
579 837 145 26 Kejserliga
739 838 130 25 Majestäts
885 838 62 19 Nådi-

335 878 27 19 ga
378 871 121 26 befallning,
515 872 70 25 gifven
602 872 5 18 i
624 870 32 20 S:t
675 871 125 26 Petersburg
819 872 39 19 den
873 874 21 24 13
912 872 34 19 Ja-

336 906 57 19 uuari
414 905 57 20 1872.

473 967 66 20 ALEX.
556 967 119 20 ARMFELT.

652 1029 36 20 Ch.
705 1029 47 20 Im.
770 1029 119 21 Frosterus.

404 1165 163 22 Sammansatta
589 1167 71 20 Stats-
681 1166 41 20 och
745 1166 201 21 Ekonomiutskot-

334 1202 46 18 tets
395 1200 145 20 betänkande
556 1201 31 19 N:o
602 1200 19 25 6,
636 1200 6 20 i
659 1200 103 26 anledniyg
777 1200 21 20 af
811 1201 47 19 Hans
872 1200 75 26 Kejser-

334 1235 72 26 serliga
421 1235 93 26 Majestäts
530 1235 69 26 Nädiga
618 1235 127 26 proposition,
764 1235 98 26 angående
882 1235 66 26 anslag

334 1269 22 20 af
369 1269 175 26 bevilluingsmedel
560 1269 30 20 för
605 1269 65 20 blinda
685 1269 59 20 barns
762 1269 135 26 undervisning
912 1269 35 20 och

334 1303 117 26 uppfostran.

267 1366 75 19 Denna
364 1365 83 26 Nådiga
471 1366 136 26 proposition,
628 1372 42 13 som
694 1366 24 19 af
734 1365 97 26 samtliga
853 1365 91 20 Stånden

199 1399 125 26 hänskjutits
341 1400 30 19 till
389 1402 148 17 sammansatta
553 1399 63 20 Stats-
628 1400 38 19 och
678 1399 217 20 Ekonomiutskottets
912 1399 34 20 be-

197 1434 110 25 handling,
327 1434 36 19 har
383 1434 23 19 af
423 1433 106 20 Utskottet
549 1433 68 20 blifvit
637 1433 31 20 till
688 1433 131 26 granskning
838 1433 108 26 företagen

196 1468 54 19 efter
269 1468 36 19 det
327 1467 109 20 Utskottet
457 1467 83 20 erhållit
555 1467 34 20 del
605 1467 22 20 af
646 1467 127 26 protokollet
793 1467 58 20 öfver
867 1474 25 13 en
909 1468 37 20 hos
