1070 1786
809 153 34 20 353

188 215 103 26 Slutligen
309 214 63 21 beder
385 215 37 26 jag
438 217 29 18 att
483 215 108 20 vördsamt
606 214 20 21 få
642 216 115 26 hemställa,
769 223 32 13 om
818 218 47 19 icke

120 249 87 20 ärendet
223 250 6 19 i
245 249 61 20 ofvan
326 249 110 20 anmärkta
455 249 64 26 delar,
536 249 64 20 ehuru
623 249 200 29 redaktionsförslag
847 252 22 19 af

121 284 41 25 mig
180 284 113 25 uppgjorts,
309 283 120 26 lämpligast
445 283 76 25 kunde,
537 284 6 18 i
560 283 100 20 händelse
675 285 190 26 anmärkningarne

120 323 61 13 anses
197 317 90 26 förtjena
310 316 64 26 bifall,
399 316 30 20 till
446 316 111 20 utskottets
580 317 72 19 vidare
669 317 128 27 behandling
813 319 52 20 åter-

120 350 125 20 remitteras.

222 402 23 20 af
258 401 266 27 Navigationsskolläraren
541 401 25 21 L.
582 401 104 28 Krogius.

188 448 40 19 För
244 448 42 19 min
304 447 32 20 del
355 448 41 20 kan
417 448 37 26 jag
469 448 49 19 icke
534 448 114 26 godkänna
668 448 40 20 den
724 450 142 27 formulering,

121 488 42 14 som
187 482 132 26 pluraliteten
343 482 22 20 af
386 482 101 20 utskottet
510 482 61 26 gifvit
587 482 21 20 åt
623 484 10 22 $
650 483 26 19 62
692 483 23 19 af
728 484 39 20 den
783 484 84 28 Nädiga

121 517 156 25 propositionen
301 516 109 26 angående
434 523 26 19 ny
477 516 68 26 sjölag
568 516 31 20 för
615 517 96 19 Finland.
749 518 70 20 Ehuru
835 522 30 16 ut-

121 550 78 20 skottet
214 552 68 18 ansett
297 550 236 26 skeppsbefälhafvaren
551 550 50 20 böra
616 557 40 20 ega
671 551 100 26 rättighet
785 554 30 18 att
831 552 34 21 nå-

121 585 99 25 gongång
243 585 96 19 använda
364 585 144 25 kroppsstraff,
529 585 36 19 har
589 585 69 19 denna
680 586 99 26 rättighet
801 587 65 19 likväl

122 618 69 20 blifvit
213 618 110 20 inskränkt
339 618 73 20 endast
433 618 29 19 till
479 618 26 19 de
525 618 34 20 fall
583 618 26 20 då
625 619 40 19 nöd
689 619 51 19 eller
756 620 110 20 öfverhän-

121 652 69 26 gande
202 652 43 20 fara
257 655 35 17 äro
308 652 123 20 förhanden.
462 652 30 19 En
511 652 64 20 sådan
589 652 153 27 inskränkning
757 653 41 20 kan
810 653 55 20 svår-

121 686 55 26 ligen
192 686 124 26 godkännas
331 686 23 19 af
368 686 69 26 någon
449 692 43 14 som
509 686 24 20 af
545 692 53 20 egen
615 686 120 20 erfarenhet
750 690 22 16 är
789 687 78 20 bekant

121 721 45 19 med
184 720 98 26 sjölifvet.
308 720 29 20 De
354 720 154 24 förhållanden,
525 720 5 19 i
547 720 73 20 hvilka
638 720 145 27 besättningen
800 720 27 27 på
838 723 29 17 ett

121 754 69 26 fartyg
206 754 95 20 befinner
316 754 38 26 sig,
370 756 35 17 äro
421 754 6 19 i
445 754 39 19 den
502 754 51 26 grad
577 756 89 24 säregna
680 757 30 17 att
731 755 25 19 de
772 755 94 19 humani-

121 789 153 25 tetsprinciper,
290 794 43 14 som
357 788 6 20 i
386 788 35 20 det
446 788 117 26 borgerliga
588 788 58 20 lifvet
669 791 35 17 äro
720 788 46 20 fullt
782 788 84 20 berätti-

122 823 61 26 gade,
200 823 36 19 här
252 822 48 20 icke
315 822 71 20 kunna
401 824 47 18 utan
466 822 45 20 fara
534 822 131 20 omedelbart
685 823 110 25 tillämpas.
826 823 41 19 För

121 859 31 17 att
163 856 155 20 befälhafvaren
332 856 33 20 må
377 856 71 20 kunna
465 856 46 20 med
525 856 110 27 framgång
647 857 61 19 sköta
722 857 36 19 sitt
772 863 94 13 ansvars-

121 891 51 19 fulla
187 890 47 19 värf
248 890 37 19 och
303 890 89 25 fullgöra
414 891 45 18 sina
482 890 146 25 mångfaldiga
650 890 125 26 åligganden
793 893 22 16 är
831 890 37 20 det

121 924 154 27 oundgängligt
285 926 28 17 att
329 931 18 12 en
364 930 107 20 noggrann
488 924 98 26 disciplin
603 931 50 20 eger
669 931 50 19 rum,
736 925 37 19 och
790 925 32 19 för
837 926 30 18 att

122 958 140 27 upprätthålla
278 958 74 25 denna,
370 957 65 20 måste
459 964 24 13 en
501 958 64 19 sådan
587 959 125 26 myndighet
730 959 137 19 tillerkännas

121 993 84 24 honom,
222 994 29 17 att
267 992 39 19 hau
324 991 40 20 kan
382 991 105 27 tilltvinga
502 992 32 25 sig
550 992 78 25 lydnad
644 992 47 19 icke
708 993 52 19 blott
776 993 4 18 i
797 993 70 19 farans

121 1027 60 19 stund
199 1030 47 16 utan
264 1026 32 19 vid
314 1026 72 26 hvarje
403 1026 88 25 tillfälle,
503 1026 87 19 emedan
608 1026 26 26 på
650 1026 136 26 disciplinens
802 1026 65 19 hand-

122 1061 104 19 hafvande
251 1061 40 19 kan
316 1061 56 25 bero,
390 1060 103 19 huruvida
516 1060 44 19 fara
583 1060 85 26 uppstår
691 1060 51 20 eller
758 1059 109 21 undvikes.

121 1095 47 19 Men
196 1095 56 19 detta
279 1094 39 20 blir
343 1094 48 19 icke
417 1094 82 26 möjligt
515 1100 32 13 om
568 1094 126 26 rättigheten
720 1096 30 17 att
771 1093 97 20 använda

124 1128 119 27 kroppsaga
258 1128 131 25 inskränkes,
406 1128 66 19 såsom
489 1127 102 20 utskottet
607 1128 34 19 det
656 1128 114 26 föreslagit.
800 1128 31 19 De
847 1127 22 20 af

123 1162 101 20 utskottet
240 1162 120 26 föreslagna
375 1161 142 20 straffarterna
527 1165 36 16 äro
579 1161 45 20 dels
640 1162 77 19 sådane
734 1163 29 18 att
778 1161 26 20 de
819 1161 48 20 icke

122 1198 48 18 utan
187 1196 111 26 olägenhet
321 1196 72 19 kunna
412 1196 111 25 tillämpas,
541 1196 88 19 emedan
653 1196 25 19 de
695 1196 98 25 möjligen
810 1195 57 19 med-

122 1230 44 19 föra
190 1237 24 12 en
240 1229 94 20 kännbar
358 1230 120 26 minskning
502 1230 23 19 af
545 1230 158 26 arbetsstyrkan
724 1230 31 19 för
770 1229 97 26 tillfället,

123 1264 44 20 dels
183 1267 35 16 äro
234 1264 26 19 de
276 1263 46 20 icke
339 1263 123 27 tillräckligt
483 1263 139 26 verksamma,
638 1263 88 20 emedan
743 1263 25 20 de
785 1263 59 20 träda
861 1264 5 18 i

123 1298 158 26 verkställighet
306 1298 50 19 först
379 1298 53 19 efter
455 1297 49 26 lång
527 1298 40 19 tids
590 1298 82 25 förlopp
689 1297 37 20 och
744 1297 32 26 då,
792 1303 33 14 om
842 1297 25 20 de

123 1339 62 19 synas
200 1332 71 19 alltför
290 1331 67 26 svåra,
373 1331 71 20 kunna
467 1331 82 27 undgås
572 1338 75 20 genom
671 1332 104 26 rymning.
813 1331 55 20 Vida

123 1373 43 13 mer
182 1370 24 16 än
224 1368 65 18 arrest
305 1366 37 19 och
360 1366 58 19 böter
434 1366 76 19 verkar
529 1365 148 20 medvetandet
700 1366 70 19 derom
787 1367 30 18 att
833 1365 34 20 be-

122 1401 130 19 fälhafvaren
277 1400 36 20 har
336 1400 57 20 makt
416 1402 29 18 att
467 1400 97 19 använda
586 1399 144 27 kroppsstraff,
750 1399 60 20 äfven
834 1405 33 14 om

124 1434 69 20 denna
209 1434 59 20 makt
284 1434 64 20 sällan
373 1434 37 19 bör
426 1434 85 19 komma
527 1434 6 19 i
549 1434 141 25 användning.
729 1432 102 20 Missbruk
848 1433 22 19 af

122 1469 70 19 denna
208 1468 58 20 makt
282 1468 36 20 bör
334 1468 133 26 naturligtvis
483 1468 95 20 medföra
589 1469 81 25 strängt
686 1473 76 14 ansvar
776 1467 39 19 och
826 1468 40 17 tor-

777 1498 23 20 23
