1070 1786
226 153 33 18 192

192 217 23 19 af
228 216 121 21 stambanor
365 217 31 19 för
412 216 90 21 Finland
519 216 64 21 måtte
600 217 107 20 utarbetas
723 217 39 20 och
775 218 66 25 jemte
857 217 41 20 alla
914 217 30 20 till

192 252 89 26 planens
298 251 130 20 bedömande
444 251 138 26 erforderliga
598 251 152 27 upplysningar
766 258 33 13 om
817 251 81 27 möjligt
913 257 30 14 re-

192 285 40 20 dan
257 285 35 19 vid
317 285 69 19 denna
408 285 100 25 landtdag
532 285 117 19 Ständerna
665 285 126 26 föreläggas,
810 285 37 20 har
863 285 81 19 Eders

193 319 149 26 Kejserliga
366 319 123 25 Majestät
506 319 6 19 i
532 318 69 27 Nädig
621 319 130 25 proposition
770 325 33 13 om
823 319 121 26 rigtningen

193 353 23 21 af
230 353 121 20 stambanor
368 352 33 20 vid
414 352 256 27 jernvägsanläggningar
685 353 6 19 i
708 352 89 20 Finland
814 353 76 20 lemnat
902 352 42 20 lan-

193 388 46 20 dets
255 394 28 12 nu
299 386 126 20 församlade
446 386 89 21 Ständer
554 386 34 20 del
603 386 23 20 af
640 386 54 20 hvad
711 387 5 19 i
734 387 57 19 detta
807 387 77 19 ärende
901 386 43 20 frän

193 421 121 26 Styrelsens
333 421 45 19 sida
400 421 104 26 tillgjorts,
525 421 31 19 för
571 423 31 17 att
617 420 124 26 Ständerna,
758 420 64 20 ehuru
839 420 44 20 dels
899 420 45 20 full-

194 455 84 26 ständig
294 454 44 20 dels
354 454 74 20 okulär
444 454 121 27 besigtning
583 454 67 20 blifvit
671 454 114 20 verkställä
802 454 74 20 endast
891 454 12 20 ä
919 461 25 13 en

194 490 33 19 del
244 489 23 19 af
284 488 26 20 de
328 488 147 26 sträckningar
490 488 70 20 utmed
581 488 73 20 hvilka
666 489 257 26 jernvägsanläggningar
938 489 6 19 i

194 523 88 20 Finland
300 525 78 17 ansetts
394 522 70 20 kunna
479 522 86 20 komma
579 522 6 19 i
603 522 64 26 fråga,
683 522 57 26 finge
761 522 64 20 uttala
844 523 31 19 sin
892 522 54 27 äsigt

194 556 111 27 angående
322 556 26 21 de
363 556 118 27 rigtningar
496 556 5 19 i
513 556 72 20 hvilka
601 556 73 27 dylika
688 556 155 27 anläggningar
859 563 22 13 ur
897 563 47 20 syn-

196 591 94 26 punkten
302 590 22 20 af
333 591 81 19 landets
432 591 106 19 allmänna
554 591 88 19 intresse
658 593 72 23 syntes
746 596 50 14 vara
807 591 22 19 af
838 591 40 19 den
895 593 49 17 stör-

195 632 22 13 re
232 625 51 26 vigt,
300 626 29 18 att
345 624 59 20 desse
418 625 115 26 jernvägar
557 624 64 20 borde
645 625 68 19 säsom
734 624 120 20 stambanor
873 631 73 18 anses;

195 659 117 25 hvarjemte
337 658 83 20 Eders
446 658 151 27 Kejserliga
625 659 124 25 Majestät
773 658 56 20 velat
853 658 93 20 inhemta

195 693 127 19 Ständernas
344 692 99 26 yttrande
467 693 102 19 huruvida
589 693 38 19 och
648 693 29 19 till
695 693 82 19 hvilket
794 692 76 26 belopp
886 692 59 20 Stän-

195 727 67 19 derna
277 732 49 14 vore
347 726 97 26 benägna
463 729 30 17 att
509 726 77 26 bevilja
604 726 138 27 erforderliga
762 726 67 20 medel
848 726 30 20 till
896 733 49 20 nog-

195 767 105 20 grannare
316 760 181 26 undersökningar
508 760 12 20 &
531 761 25 19 de
572 761 118 25 föreslagna
706 761 174 26 sträckningarne
896 760 51 20 eller

195 795 13 19 &
222 794 66 20 andra
305 794 68 26 linier,
390 794 71 20 hvilka
477 794 118 20 Ständerna
611 794 69 20 kunde
696 801 51 13 anse
764 794 28 20 uti
804 794 141 27 ifrägavaran-

196 828 25 20 de
237 828 100 20 afseende
354 834 40 20 ega
408 828 105 20 företräde
529 828 86 20 framför
631 828 66 20 desse.

264 862 41 20 Vid
326 862 157 26 behandlingen
505 863 22 19 af
545 863 39 19 den
605 862 82 26 Nädiga
707 862 157 26 propositionen
885 862 62 20 hafva

196 896 124 24 Ständerna,
340 897 48 18 utan
410 897 29 18 att
457 896 52 19 söka
531 899 93 17 närmare
644 896 118 19 bestämma
777 896 54 19 hvad
849 897 45 19 med
913 897 33 19 be-

196 932 88 25 greppet
304 929 110 20 stambana
433 930 110 25 rätteligen
564 929 37 20 bör
616 929 82 26 förstås,
716 933 49 16 enär
781 930 105 26 äsigterne
901 931 45 19 der-

196 971 41 18 om,
253 965 53 19 efter
322 964 57 19 olika
395 964 138 26 synpunkter,
549 964 71 19 kunna
642 970 50 13 vara
712 964 131 26 väsentligen
861 964 85 26 skiljak-

197 999 49 26 tiga,
263 1000 68 18 ansett
348 998 31 26 sig
397 998 55 23 böra,
469 998 45 19 med
533 998 63 25 nödig
612 998 80 25 hänsyn
708 997 30 20 till
751 998 143 26 topografiska
909 999 38 19 och

197 1031 147 21 kommersiela
365 1031 152 26 förhällanden,
533 1032 62 26 lägga
614 1031 149 27 hufvudsaklig
780 1032 44 26 vigt
839 1031 65 26 derpä
918 1035 30 17 att

194 1065 270 27 jernvägsförbindelserna
480 1066 79 20 inrikes
575 1068 55 17 orter
646 1065 89 20 emellan
756 1065 123 26 utsträekas,
895 1068 53 17 samt

197 1100 82 19 landets
295 1100 43 19 inre
356 1099 58 20 delar
432 1099 79 20 erhälla
531 1100 181 19 kommunikation
730 1099 46 20 med
794 1099 76 26 hafvet,
883 1100 65 25 jemte

197 1134 35 19 det
252 1133 93 20 fördelen
359 1133 22 20 af
395 1133 69 20 direkt
480 1133 128 20 förbindelse
625 1134 45 19 med
687 1133 31 20 S:t
733 1133 126 26 Petersburg
875 1133 73 20 bered-

197 1168 37 19 des
250 1167 61 20 äfven
328 1167 26 20 de
370 1174 61 13 norra
447 1168 38 19 och
503 1168 105 19 mellersta
623 1167 113 20 trakterna.
761 1167 30 20 De
807 1167 71 26 banor,
890 1167 57 20 Stän-

197 1202 66 19 derna
286 1201 114 20 nedanföre
422 1201 77 20 föreslä
519 1201 68 20 säsom
611 1201 128 25 stambanor,
761 1201 44 19 afse
829 1203 30 17 att
881 1201 43 20 dels
943 1202 5 18 i

197 1236 39 19 och
260 1236 32 19 för
315 1235 39 26 sig,
378 1235 44 20 dels
441 1242 75 19 genom
539 1237 30 18 att
589 1235 87 26 erbjuda
699 1235 96 26 lämpligt
817 1235 82 20 tillfäile
918 1235 31 20 till

197 1269 129 27 anläggning
342 1269 22 19 af
379 1269 93 26 bibanor,
489 1271 104 18 motsvara
607 1269 87 20 anförda
711 1269 137 26 synpunkter.

266 1303 8 20 I
291 1303 74 20 sädant
380 1303 100 20 afseende
496 1303 63 20 hafva
578 1303 123 25 Ständerna,
718 1303 163 20 vidkommande
900 1303 50 20 först

198 1337 25 20 de
240 1337 81 26 färdiga
336 1337 157 20 staisbanornas
509 1340 105 17 närmaste
630 1337 141 26 fortsättning,
788 1337 67 20 funnit
874 1340 30 17 att
918 1338 32 19 för

197 1372 39 19 den
253 1371 65 20 redan
338 1371 62 26 länge
420 1371 68 20 säsom
509 1371 121 26 nödvändig
649 1371 94 20 erkända
765 1371 65 20 linien
852 1371 97 20 Tavaste-

198 1405 61 20 hus—
266 1405 138 20 Tammerfors
416 1405 75 20 endast
502 1411 25 14 en
540 1405 130 26 sträckning,
685 1405 52 20 eller
749 1405 61 19 söder
827 1411 32 14 om
876 1405 74 20 Sääks-

198 1439 56 19 mäki
270 1439 38 26 sjö,
325 1438 67 20 blifvit
409 1439 116 26 ifrägasatt,
544 1439 39 20 och
603 1441 29 17 att
651 1439 31 19 för
698 1439 71 19 denna
784 1439 26 19 de
826 1439 122 20 instrumen-

196 1473 42 19 tala
258 1472 209 27 undersökningarne
486 1473 64 19 redan
571 1473 69 19 blifvit
658 1473 135 20 verkställda,
824 1473 76 20 Likaså
914 1474 37 20 har
