1070 1786
787 150 33 17 239

105 214 53 19 efter
176 213 148 24 aflemnandet,
344 211 86 20 såframt
448 212 19 25 ej
489 217 63 13 varan
573 211 145 20 dessförinnan
738 212 5 19 i
763 212 39 25 god
822 214 31 17 tro

105 247 105 26 öfvergått
226 247 30 19 till
272 253 67 12 annan
357 252 69 19 egare.

175 280 69 20 Anser
265 279 142 20 befälhafvare
427 281 30 18 att
476 279 184 25 lastemottagaren
682 280 18 24 ej
720 282 22 17 är
759 279 44 20 fullt
819 287 34 12 ve-

106 314 103 26 derhäftig
228 314 32 19 för
280 314 142 24 betalningen,
444 313 33 19 må
496 313 41 19 han
557 312 54 20 dock
631 312 47 20 icke
698 313 81 19 derföre
803 313 50 19 loss-

106 349 75 25 ningen
199 348 99 25 fördröja,
314 350 47 16 utan
378 349 52 17 sätte
446 347 75 26 godset
538 347 5 19 i
559 346 62 20 säker
638 353 58 13 mans
712 347 73 24 förvar,
802 347 51 20 eller

106 382 56 26 gifve
179 382 34 19 det
229 384 20 16 ut
266 381 22 19 åt
302 381 186 25 lastemottagaren
506 383 55 17 emot
578 380 79 26 borgen
674 381 50 19 elier
740 388 67 12 annan
823 384 30 16 sä-

106 416 79 20 kerhet.
218 415 22 26 Ej
261 415 33 19 mä
313 415 51 25 gods
388 414 119 26 gvarhällas
529 412 33 21 för
585 414 91 26 oguldna
700 415 155 25 haveribidrag,

106 456 32 14 om
155 450 61 19 deras
232 449 76 26 belopp
324 452 55 16 ännu
396 448 48 20 icke
461 448 69 20 blifvit
549 448 104 20 faststäldt
668 449 38 19 och
723 449 130 27 godsegaren

107 485 30 19 för
153 484 47 19 dem
217 484 72 19 ställer
304 483 108 25 säkerhet;
429 483 46 19 icke
493 482 66 20 heller
575 483 31 19 för
622 483 136 24 bodmerilän,
774 490 33 14 om
824 484 29 19 in-

107 519 125 19 nehafvaren
249 518 23 19 af
290 517 176 20 bodmeribrefvet
490 516 120 26 samtycker
633 517 29 19 till
686 517 83 26 godsets
793 518 60 25 utgif-

107 553 73 20 vande.

444 581 9 21 S
471 580 46 19 114.

174 620 80 20 Saknas
274 619 32 19 vid
326 618 141 21 aflemnandet
483 619 129 26 styckegods
632 619 30 20 till
682 620 62 24 antal,
760 626 93 13 nummer

107 655 49 19 eller
172 653 79 25 märke,
268 653 50 20 eller
334 656 36 16 äro
386 653 88 25 stycken
496 654 74 18 brutna
587 653 46 19 med
649 654 89 19 rubbadt
753 654 100 24 innehåll,

107 688 51 19 eller
174 688 94 19 befinnes
284 687 76 19 bristen
378 687 6 19 i
401 687 94 19 mätbara
512 687 39 19 och
567 687 93 26 vägbara
675 694 60 13 varor
750 690 65 17 större
827 691 26 16 än

109 722 115 26 förklarligt
242 724 29 22 är,
288 721 50 19 eller
354 720 37 20 har
407 721 73 25 godset
496 721 125 19 annorledes
645 722 52 25 tagit
718 721 75 26 skada;
815 722 38 19 och

108 756 62 26 gitter
186 756 18 25 ej
222 755 155 19 befälhafvaren
395 761 74 19 genom
491 754 64 20 sådan
576 755 128 26 anteckning
720 756 5 18 i
743 755 112 20 konnässe-

109 792 84 23 mentet,
217 795 44 14 som
278 789 6 19 i
303 791 6 22 $
330 789 26 19 89
376 792 129 22 omnämnes,
529 789 51 19 eller
603 795 74 19 genom
701 789 154 26 sjöförklaring,

108 823 162 27 skeppsdagbok
295 823 51 19 eller
369 830 67 12 annan
461 823 112 26 utredning
597 830 33 13 om
653 823 97 19 inträffad
773 824 82 26 olycks-

110 858 105 23 händelse,
235 857 113 25 behörigen
370 857 73 25 styrka
458 859 30 17 att
504 857 92 19 hvarken
617 857 39 19 han
677 857 50 19 eller
743 858 112 18 besättnin-

108 899 39 19 gen
171 891 64 19 vållat
257 891 88 23 skadan,
368 897 49 13 vare
441 891 40 18 han
506 891 85 26 skyldig
614 894 29 16 att
662 891 39 19 den
722 893 75 17 ersätta
817 892 38 18 och

108 926 108 26 godtgöra.
248 921 43 23 Äro
307 924 68 19 skilda
391 925 109 25 exemplar
515 925 23 18 af
553 925 185 19 konnässementet
749 925 47 19 icke
809 925 45 19 med

109 959 118 20 hvarandra
242 958 236 25 öfverensstämmande,
494 959 39 18 och
551 958 71 19 kunna
637 959 18 25 ej
672 961 97 23 parterna
784 959 71 19 derom

109 994 83 25 sämjas,
208 993 33 19 må
258 992 64 20 saken
340 992 22 19 af
376 992 90 19 domstol
483 991 91 27 pröfvas.

178 1027 116 26 Angående
311 1026 65 20 skada
391 1026 11 19 å
419 1026 197 27 passageraregods,
632 1033 44 13 som
693 1027 69 19 blifvit
773 1027 82 20 behöri-

109 1069 39 19 gen
174 1061 153 20 öfverlemnadt
351 1061 30 18 till
404 1061 158 19 befälhafvaren
587 1061 51 19 eller
658 1061 46 24 den,
723 1067 43 13 som
783 1061 5 19 i
806 1061 51 19 hans

109 1096 60 19 ställe
185 1097 41 18 satt
242 1097 28 23 är,
288 1101 47 13 vare
351 1095 33 26 lag
400 1101 79 13 samma
495 1101 43 13 som
555 1101 32 13 om
605 1098 63 16 annat
684 1095 58 26 gods.

448 1159 9 22 S
477 1157 44 19 115.

180 1197 126 26 Penningar,
323 1196 144 26 värdepapper
483 1191 38 25 och
539 1196 138 26 dyrbarheter
693 1202 49 13 vare
757 1196 18 25 ej
793 1196 65 19 befäl-

111 1232 84 20 hafvare
219 1231 85 26 skyldig
320 1233 29 17 att
364 1233 77 18 ersätta
456 1237 33 13 om
508 1230 25 20 de
551 1230 48 20 icke
624 1230 68 19 blifvit
715 1230 141 27 uttryckligen

110 1266 86 26 angifna
211 1266 38 19 och
266 1266 5 19 i
289 1265 50 20 hans
356 1265 53 19 hand
426 1265 164 19 öfverlemnade.
621 1265 39 19 Vid
679 1264 57 26 fråga
752 1271 33 13 om
797 1265 60 25 godt:

110 1300 82 26 görelse
213 1300 31 19 för
268 1302 62 17 aunat
352 1299 58 26 gods,
432 1305 43 13 som
497 1299 18 25 ej
538 1299 68 19 blifvit
626 1305 52 20 noga
702 1298 93 27 angifvet
818 1299 39 19 och

110 1333 67 20 skulle
201 1333 103 20 erfordrat
326 1333 145 26 sorgfälligare
496 1333 57 25 vård,
577 1332 32 19 må
632 1332 47 20 icke
700 1332 157 19 befälhafvaren

111 1367 76 20 räknas
203 1367 30 20 till
250 1367 45 25 last,
311 1369 29 17 att
356 1367 18 25 ej
392 1367 39 20 han
448 1367 59 19 deråt
523 1368 63 24 egnat
602 1366 88 20 särskild
707 1372 90 21 omsorg.

450 1431 9 22 s
478 1429 45 19 116.

183 1469 43 19 Har
248 1471 128 23 emottagare
400 1469 22 18 af
443 1469 52 25 gods
518 1468 102 19 förmärkt
642 1468 66 19 skada
730 1467 56 26 derå,
811 1474 49 13 vare
