1070 1786
228 142 34 17 116

194 205 23 20 af
231 203 108 20 direktorn
356 204 39 19 och
411 203 126 26 lärarinnan,
553 204 62 19 äfven
629 206 37 17 när
679 203 128 20 elevantalet
820 203 81 26 uppgår
916 203 30 20 till

195 239 36 19 det
246 238 24 19 af
284 237 118 21 Ständerna
418 237 95 20 beslutna
528 238 114 19 maximum
654 238 23 19 af
688 238 83 26 fyratio,
788 237 82 26 tillfölje
886 237 59 20 hvar-

194 272 24 20 af
232 279 26 12 en
276 272 103 26 betydligt
402 272 81 19 mindre
507 272 173 25 lärarepersonal,
698 275 28 16 än
751 272 27 19 uti
802 272 40 19 den
863 271 83 26 Nådiga

194 306 159 26 propositionen
370 306 124 26 föreslagits,
506 305 69 20 blefve
588 306 122 26 tillräcklig.
735 305 72 27 Enligt
818 305 126 20 Ständernas

194 340 144 26 öfvertygelse
361 340 37 20 bör
422 339 81 20 derföre
524 340 104 19 anstalten
645 340 71 19 kunna
733 339 45 20 fullt
795 341 103 18 motsvara
913 339 31 19 sin

195 374 83 26 uppgift
300 380 32 13 om
356 373 34 20 vid
415 373 127 25 densamma,
563 373 115 20 tillsvidare
695 373 39 20 och
750 373 103 19 intilldess
868 380 25 12 en
910 373 34 19 be-

194 408 106 26 tydligare
324 408 124 26 utvidgning
472 407 97 25 beslutes,
588 407 90 20 förutom
695 408 40 19 den
759 408 5 19 i
788 407 156 26 propositionen

193 444 109 24 upptagna
321 442 135 26 betjeningen
478 442 109 19 anställas:
607 448 24 13 en
652 441 149 26 föreståndare,
818 447 43 14 som
878 440 66 20 tillika

195 479 23 17 är
233 476 74 25 lärare,
324 482 24 14 en
365 476 112 25 lärarinna,
497 482 26 14 en
544 476 133 25 vårdarinna,
697 482 44 13 som
761 476 69 19 tillika
849 475 95 19 undervi-

195 516 34 14 sar
244 510 7 19 i
267 510 81 26 qvinlig
364 510 117 26 handslöjd,
499 512 55 18 samt
574 517 25 13 en
619 510 144 20 verkmästare
786 509 52 20 eller
860 508 84 20 handle-

195 544 51 20 dare
262 544 6 19 i
285 544 67 26 öfriga
368 544 98 20 tekniska
481 544 94 20 arbeten.
606 544 75 20 Denna
700 543 97 27 personal
814 543 130 26 understiger

196 578 47 20 med
260 578 35 19 två
311 577 75 25 lärare,
402 585 25 12 en
444 578 111 25 lärarinna,
571 584 26 13 en
615 577 144 20 verkmästare
769 578 39 19 och
821 584 24 13 en
859 577 85 19 vårdare

195 612 40 19 den
252 612 29 19 uti
301 612 156 26 propositionen
478 614 107 24 upptagna
604 612 75 19 Järare-
698 612 39 19 och
759 610 185 26 vårdarepersonal

195 646 32 19 för
243 646 27 19 40
286 646 81 24 elever:
384 646 38 19 och
438 646 67 19 skulle.
525 646 122 24 härigenom
668 645 115 20 anstaltens
803 644 96 26 årsutgift
914 646 30 17 ut-

195 680 50 19 falla
266 680 62 25 7,980
349 679 59 20 mark
430 680 102 25 billigare,
548 680 141 19 hvarförutom
706 679 48 19 icke
770 678 123 26 obetydliga
909 678 35 19 be-

194 714 112 26 sparingar
321 713 60 20 torde
397 713 72 20 kunna
483 713 39 20 och
540 713 49 20 böra
605 716 61 23 göras
680 713 29 19 uti
723 713 35 19 det
774 712 119 20 beräknade
909 718 35 13 an-

195 747 69 26 slaget
279 747 31 19 för
326 747 177 26 kosthållningen.

264 782 33 19 Då
318 781 104 20 anstalten
446 781 65 20 under
533 781 40 19 den
597 781 22 19 af
640 781 118 19 Ständerna
777 781 118 26 föreslagna
915 780 28 20 tid

196 815 85 20 komme
296 817 30 17 att
342 814 117 20 bibehållas
471 815 5 19 i
489 815 46 19 dess
548 814 142 27 provisoriska
706 815 100 24 tillstånd,
822 814 59 20 torde
897 814 46 20 med

194 848 188 27 verkställigheten
399 848 23 20 af
435 848 102 20 särskilda
553 849 5 19 i
575 848 139 27 reglementet
733 848 104 26 ingående
856 848 87 20 bestäm-

194 883 76 26 ningar
289 882 66 20 under
372 889 81 13 samma
469 883 28 19 tid
511 883 79 25 jemväl
610 883 72 19 kunna
702 882 67 20 anstå.
799 882 66 20 Bland
883 882 59 19 dessa

196 915 38 20 bör
249 916 73 19 främst
338 916 119 20 framhållas
473 917 114 19 anstaltens
603 917 111 19 förseende
731 916 46 20 med
790 917 76 26 nödiga
879 916 63 26 bygg-

196 950 72 26 nader,
285 950 46 19 med
348 950 83 20 hvilkas
451 950 129 27 uppförande
596 951 22 19 så
634 950 86 27 mycket
736 950 65 20 hellre
817 950 60 20 torde
892 949 50 20 kun-

196 991 27 12 na
239 984 57 25 bero,
312 990 44 14 som
373 984 100 27 lämpliga
488 984 81 20 lokaler
585 985 7 18 i
608 984 82 27 Kuopio
706 984 45 20 stad
768 984 43 20 lära
827 985 30 18 för
868 984 74 19 anstal-

195 1020 46 17 tens
264 1018 65 20 behof
346 1018 31 20 stå
396 1020 29 18 att
444 1018 105 27 upphyras
562 1018 128 29 åtminstone
707 1018 23 19 så
745 1018 62 26 länge
823 1018 121 19 densamma

194 1055 56 16 ännu
271 1051 47 20 icke
339 1052 83 20 erhållit
440 1053 38 19 den
495 1052 151 27 utsträckning,
662 1059 43 13 som
722 1053 6 18 i
744 1052 41 19 den
800 1051 83 27 Nådiga
898 1058 46 19 pro-

196 1086 118 25 positionen
338 1086 93 20 föreslås.
465 1086 111 20 Likaledes
599 1093 50 13 anse
672 1086 118 20 Ständerna
805 1087 30 18 att
851 1086 47 19 med
915 1088 27 17 ut-

194 1119 111 26 gifvandet
324 1119 23 20 af
364 1119 26 20 de
410 1120 6 19 i
434 1120 139 26 reglementet
596 1120 127 20 omnämnda
745 1120 199 25 löneförhöjningar,

195 1154 114 25 pensioner
324 1153 39 20 och
380 1154 113 20 understöd
508 1154 31 19 för
555 1154 115 19 anstaltens
686 1153 101 25 direktor,
805 1153 138 26 lärareperso-

195 1187 34 19 nal
246 1187 39 20 och
302 1187 108 27 betjening
425 1190 54 17 samt
494 1189 47 18 med
557 1189 61 19 deras
634 1188 112 20 förseende
762 1188 46 19 med
825 1187 119 20 fullmakter

193 1221 42 20 kan
252 1221 65 26 anstå,
333 1222 108 20 äfvensom
453 1224 30 18 att
493 1222 66 27 några
570 1222 112 20 understöd
700 1222 65 20 under
782 1222 90 20 nämnde
884 1222 28 19 tid
924 1222 18 25 ej

195 1255 65 20 borde
281 1262 23 13 ur
322 1255 213 27 bevillningsmedlen
555 1257 56 26 utgä,
632 1257 32 19 för
684 1259 30 17 att
735 1256 77 20 bereda
828 1255 114 20 anstaltens

193 1289 102 26 direktor,
318 1289 68 20 lärare
404 1290 39 19 och
463 1290 116 20 lärarinnor
596 1290 81 20 tillfälle
696 1293 31 17 att
742 1289 26 27 pä
783 1292 41 17 sätt
839 1290 6 19 i
861 1296 54 13 anm.
932 1291 11 18 5

195 1323 35 20 vid
246 1323 40 20 den
303 1323 140 26 reglementet
467 1325 112 26 vidfogade
594 1327 66 17 staten
680 1327 94 22 nämnes,
790 1324 12 19 å
818 1323 79 20 utrikes
913 1326 31 17 ort

195 1360 49 23 taga
259 1357 120 20 kännedom
399 1364 33 14 om
454 1358 149 21 blindvårdens
622 1358 168 21 framskridande
810 1358 39 20 och
868 1357 75 20 utbild-

194 1391 57 26 ning.

262 1424 32 20 Då
309 1425 65 20 likväl
390 1425 36 20 det
440 1426 143 26 provisoriska
607 1426 115 20 tillståndet
739 1426 36 20 bör
791 1426 63 26 lägga
876 1426 66 26 grund

192 1458 31 19 till
240 1459 40 19 och
296 1459 70 20 lemna
382 1466 43 13 rum
442 1460 31 19 för
488 1467 25 13 en
530 1460 95 20 definitiv
642 1460 151 26 organisation,
807 1459 62 20 hafva
884 1459 58 20 Stän-
