1070 1786
814 143 32 18 261

128 203 150 26 rättsanspråk,
298 203 86 20 såframt
402 203 48 20 icke
469 203 83 26 styrkes
573 206 29 17 att
620 205 52 19 svek
691 205 51 20 eller
763 206 117 25 uppenbart

129 238 85 26 misstag
231 237 33 20 vid
282 237 82 20 värdets
380 237 110 20 åsättande
507 241 33 22 egt
557 245 52 12 rum.

470 301 10 22 s
499 300 44 18 183.

197 340 78 19 Finnes
291 340 17 25 ej
326 340 50 18 visst
391 339 64 19 värde
471 346 76 19 genom
564 340 49 19 aftal
630 340 54 19 åsatt
700 340 39 20 den
757 341 122 19 försäkrade

129 374 139 26 egendomen,
284 373 51 20 skall
354 374 72 19 värdet
442 373 126 20 bestämmas
584 380 76 20 genom
678 374 149 26 uppskattning
838 376 39 19 och

128 408 60 26 intyg
204 407 23 20 af
240 407 54 27 gode
311 410 54 23 män,
382 407 72 20 hvilka
469 408 72 20 derom
558 415 39 19 ega
612 408 119 20 kännedom
743 409 52 19 eller
807 409 72 19 kunna

130 442 64 26 något
209 441 94 26 upplysa.

469 495 10 22 $
497 493 45 19 184.

198 532 40 20 Vid
262 532 39 20 den
325 532 157 27 uppskattning,
506 539 43 13 som
569 534 6 18 i
592 535 9 22 $
620 534 38 18 183
681 534 140 25 omförmäles,
843 535 35 20 be-

129 570 99 17 stämmes
253 567 201 26 försäkringsvärdet
472 568 11 19 å
500 568 69 26 fartyg
591 568 52 19 efter
666 568 47 20 dess
737 569 100 25 tillstånd,
853 570 27 19 då

129 601 238 26 försäkringsgifvarens
388 602 43 19 fara
449 602 72 25 börjat.
552 602 41 19 Till
609 602 58 20 detta
683 603 63 19 värde
762 603 71 21 kunna
849 604 28 20 ef-

129 638 31 17 ter
180 636 100 19 särskildt
299 635 101 20 förbehåll
422 636 73 26 läggas
513 636 141 20 kostnaderna
675 636 30 20 för
724 637 154 27 försäkringen,

129 670 100 26 fartygets
246 670 116 25 utrustning
378 672 54 17 samt
448 670 159 26 besättningens
623 670 69 26 hyror.

466 740 10 22 $
495 738 45 19 185.

198 777 71 20 Såsom
289 777 194 27 försäkringsvärde
499 777 13 19 å
527 777 55 20 frakt
597 778 66 26 gäller
683 778 33 20 det
734 778 75 27 belopp
826 778 51 20 kon-

131 814 140 18 nässementet
298 813 110 25 upptager;
436 818 46 13 men
507 812 36 19 har
566 812 18 26 ej
609 812 212 20 öfverenskommelse
845 819 32 13 om

130 846 82 20 frakten
229 845 61 26 skett,
307 845 52 20 skall
376 845 39 20 den
432 845 122 27 uppskattas
571 846 51 20 efter
638 846 103 26 gångbart
758 847 41 25 pris
813 847 6 19 i
831 847 47 19 last-

131 880 129 25 ningsorten.

198 914 75 19 Derest
295 913 47 20 icke
365 920 75 20 genom
464 914 50 19 aftal
531 917 22 16 är
569 914 130 19 annorlunda
719 914 108 25 bestämdt,
845 913 34 20 be-

130 948 76 20 räknas
229 948 47 19 hela
300 948 80 19 frakten
406 948 46 19 med
469 948 74 26 afdrag
558 948 22 19 af
595 948 141 20 kostnaderna
753 948 30 19 för
799 948 79 19 försäk-

131 983 81 26 ringen,
236 982 101 27 fartygets
361 982 118 26 utrustning
503 982 38 19 och
566 982 156 26 besättningens
746 983 68 25 hyror,
836 981 43 20 ifall

131 1017 61 19 dessa
216 1016 68 19 blifvit
304 1016 27 19 uti
352 1016 102 26 fartygets
478 1016 195 26 försäkringsvärde
689 1016 130 26 inbegripna.
851 1012 30 23 Är

131 1051 81 19 frakten
236 1052 48 17 utan
309 1053 95 16 närmare
428 1050 132 25 bestämning
585 1049 109 20 försäkrad
715 1049 31 20 för
762 1049 62 20 fram-
841 1049 39 20 och

130 1085 99 24 återresa,
246 1084 102 20 beräknas
365 1084 79 20 hälften
461 1085 31 18 för
507 1084 109 20 hvardera.

470 1154 9 21 S
498 1152 45 19 186.

198 1191 212 26 Försäkringsvärdet
438 1191 12 19 å
473 1191 52 26 gods
553 1191 38 19 och
620 1197 60 13 varor
703 1191 124 19 bestämmes
851 1189 30 20 ef-

131 1229 31 17 ter
178 1226 60 20 deras
254 1226 42 25 pris
313 1226 27 19 uti
358 1225 193 26 inlastningsorten,
563 1224 39 20 den
614 1224 28 20 tid
660 1224 25 20 de
702 1224 69 20 blifvit
786 1223 94 26 afsända,

131 1263 54 17 samt
202 1262 83 17 utrönes
301 1266 75 20 genom
392 1259 89 26 faktura,
499 1259 154 26 börsuppgifter
669 1259 51 19 eller
737 1258 112 26 värdering
861 1258 22 19 af

131 1295 55 26 gode
203 1297 53 16 män.
287 1293 40 20 Till
344 1293 57 20 detta
417 1293 64 20 värde
498 1293 72 26 lägges
586 1293 36 19 tull
638 1294 54 18 samt
703 1291 178 21 omkostnaderna

133 1329 30 19 för
179 1328 85 27 godsets
280 1328 72 25 inköp,
369 1327 118 26 försäkring
502 1327 39 20 och
557 1327 149 26 afskeppning.

199 1362 111 19 Beräknad
327 1362 55 19 vinst
397 1367 76 20 genom
489 1361 85 26 godsets
590 1360 140 26 afskeppning
746 1361 39 19 och
800 1361 82 27 försälj-

132 1397 50 25 ning
199 1395 33 20 må
247 1395 47 20 icke
311 1395 121 26 inbegripas
449 1395 27 19 uti
493 1394 210 27 försäkringsvärdet,
718 1400 32 13 om
767 1395 18 26 ej
802 1395 81 20 försäk-

132 1429 139 27 ringsbrefvet
293 1429 142 26 ådagalägger
458 1431 29 17 att
513 1429 119 26 försäkring
650 1428 23 19 af
686 1427 64 20 sådan
773 1429 56 19 vinst
851 1431 31 17 ut-

133 1464 118 26 tryckligen
276 1463 66 26 ingått
358 1463 7 19 i
381 1463 78 20 aftalet.
490 1463 43 19 Har
556 1463 34 19 det
613 1462 57 19 skett
692 1462 38 19 och
751 1461 66 21 finnes
835 1463 48 20 icke
