1070 1786
815 157 33 18 123

132 220 200 27 anläggningsplats,
349 219 94 27 fyllande
459 219 42 20 alla
516 219 31 20 för
563 226 26 13 en
605 219 59 27 dylik
684 220 116 27 inrättning
817 221 64 20 erfor-

132 249 80 31 derliga
235 253 74 26 vilkor,
333 254 113 20 förefinnes
469 254 62 19 äfven
556 253 12 20 &
591 253 145 26 Haapaniemi,
752 255 6 18 i
775 255 106 19 Kallavesi

132 289 30 25 sjö
179 289 133 25 utskjutande
332 288 114 20 landtudde
465 288 38 19 och
524 287 137 26 Kumpusaari
678 288 95 20 derinvid
791 289 90 23 belägna

133 322 75 26 holme,
226 322 71 20 hvilka
311 322 131 26 lägenheter,
458 321 126 19 tillhörande
600 321 82 26 Kuopio
697 322 54 25 stad,
767 322 72 20 kunna
850 322 31 20 till

134 356 63 26 nödig
214 356 48 20 vidd
279 356 30 19 för
325 356 58 19 detta
398 355 98 20 ändamål
513 355 80 19 vinnas.

201 390 9 19 I
226 390 99 19 afseende
341 389 12 19 å
369 389 35 19 det
419 389 86 26 omfång
521 389 42 19 den
579 385 42 29 rf$a
637 389 142 20 kuranstalten
790 389 44 25 bör
849 396 31 13 er-

135 423 62 25 hålla,
214 424 37 19 har
267 424 127 24 densamma,
412 423 30 19 för
457 425 30 17 att
503 422 31 20 stå
549 423 7 19 i
572 420 129 22 förhållande
718 423 30 19 till
765 424 25 19 de
801 424 80 20 sinnes-

134 457 70 25 sjukes
228 457 55 19 antal
307 457 55 19 inom
382 456 26 20 de
428 458 57 18 orter
499 456 24 20 af
536 456 78 25 landet,
637 456 72 20 hvilka
733 457 148 20 företrädesvis

134 490 84 20 komme
234 493 29 17 att
278 491 65 19 anlita
358 491 75 25 denna,
449 492 79 18 ansetts
545 490 50 20 böra
610 490 31 19 till
657 497 25 13 en
700 490 71 26 början
788 491 93 19 fullstän-

134 525 45 25 digt
194 525 130 25 organiseras
341 525 31 19 för
390 524 38 20 130
444 524 67 26 sjuke.
541 524 32 19 Då
589 524 65 19 likväl
674 524 46 20 med
740 531 25 13 en
785 525 96 26 stigande

135 558 124 27 befolkning
276 558 98 20 behofvet
390 558 22 20 af
426 564 25 14 en
468 558 125 26 utvidgning
609 560 23 17 är
648 557 131 22 förestående
795 559 39 20 och
851 565 30 14 re-

135 592 125 26 servplatser
280 593 105 19 dessutom
406 595 36 17 äro
463 593 78 25 nödige
559 592 44 19 dels
620 592 33 19 vid
670 592 125 20 inträffande
811 593 71 25 epide-

136 625 51 19 mier
202 626 45 18 dels
264 626 32 19 vid
313 626 117 26 reparation
447 626 23 20 af
483 632 94 14 rummen
596 626 46 20 med
658 626 49 20 flere
722 626 67 20 andra
803 626 48 26 fall,
860 629 23 17 är

135 659 35 20 det
190 660 119 26 angeläget,
329 662 30 18 att
374 660 70 20 denna
459 660 78 20 anstalt
551 662 75 24 genast
640 660 86 20 inrättas
742 660 30 20 till
789 660 36 20 det
839 667 42 13 om-

137 693 48 27 fång
201 696 30 17 att
246 694 78 26 platser
340 694 31 19 för
389 694 39 19 160
444 694 60 26 sjuke
520 695 56 18 inom
594 694 121 20 densamma
733 694 71 20 kunna
825 695 57 19 bere-

136 727 42 20 das.
209 727 77 20 Sävida
305 727 97 27 profkurs
425 728 132 19 anställande
581 728 47 19 med
651 728 131 26 sinnessjuke
798 728 12 20 &
825 729 57 19 läne-

136 761 113 26 sjukhusen
266 761 105 20 befunnits
388 768 50 13 vara
454 762 81 19 mindre
551 761 182 27 ändamålsenligt,
750 762 96 20 hvarföre
857 762 26 20 de

137 795 68 19 härtill
223 796 33 18 vid
273 796 137 19 nästnämnde
430 796 102 19 anstalter
550 795 104 20 inrättade
670 796 26 18 28
712 796 105 25 platserne
834 796 51 20 böra

136 829 104 26 indragas,
258 829 74 25 blefve,
348 830 62 19 äfven
426 836 33 13 om
476 830 40 19 den
537 836 42 20 nya
597 830 140 19 kuranstalten
758 830 80 20 erhölle
857 837 26 13 nu

137 863 101 26 uppgifna
253 863 90 26 omfång,
359 863 81 19 tillfälle
456 865 31 17 att
505 864 58 25 njuta
583 863 50 19 vård
649 863 13 19 å
676 865 78 18 statens
773 864 110 20 inrättnin-

137 903 36 19 gar
189 896 64 19 likväl
269 896 111 20 inskränkt
399 897 29 19 till
450 897 75 19 inalles
541 897 41 19 310
597 897 131 26 sinnessjuke
744 897 51 20 eller
810 897 75 20 endast

137 931 84 25 vidpass
238 937 25 13 en
279 930 106 20 tiondedel
401 931 23 19 af
438 930 47 19 hela
501 931 79 19 antalet
590 931 23 18 af
622 930 71 26 dylike
710 937 105 20 personer,
831 932 52 19 hvil-

138 964 35 19 ket
189 964 41 20 kan
246 970 60 13 anses
322 964 52 26 fylla
395 964 98 20 behofvet
515 965 52 19 blott
582 964 30 19 för
628 965 39 19 den
685 967 104 18 närmaste
805 966 79 19 framti-

138 999 47 25 den,
201 999 55 19 helst
270 999 6 18 i
294 998 77 25 länder,
388 999 36 19 der
441 998 78 19 vården
535 998 23 19 af
571 998 131 26 sinnessjuke
718 999 44 19 nått
776 1006 26 13 en
818 1001 66 18 större

138 1033 128 25 utveckling,
285 1033 147 19 erfarenheten
453 1033 54 19 visat
521 1035 31 16 att
567 1032 53 26 plats
636 1032 12 19 å
664 1033 75 19 allmän
757 1033 128 20 vårdanstalt

138 1070 22 16 är
176 1067 22 19 af
214 1066 98 20 behofvet
331 1066 99 26 påkallad
451 1066 31 19 för
503 1066 129 26 fjerdedelen
652 1067 22 19 af
687 1067 47 19 hela
748 1068 79 19 antalet
843 1069 41 18 sin-

138 1100 104 26 nessjuke.

206 1134 132 19 Beträffande
353 1133 259 27 anläggningskostnaden
624 1135 31 18 för
666 1133 161 27 ifrågavarande
838 1135 47 20 kur-

139 1168 77 19 anstalt
232 1166 54 21 eller
305 1167 35 20 det
360 1167 83 25 belopp,
462 1174 45 13 som
527 1168 103 19 erfordras
650 1168 30 19 för
700 1168 80 20 inlösen
797 1169 22 19 af
833 1176 52 13 mar-

138 1202 48 25 ken,
203 1201 138 26 uppförandet
356 1201 23 19 af
392 1201 41 19 alla
450 1202 79 25 nödiga
544 1201 125 27 byggnader
688 1202 39 19 och
747 1202 138 20 anskaffande

138 1237 23 19 af
169 1236 136 25 erforderlige
322 1235 135 26 inventarier,
469 1235 41 20 kan
522 1236 122 19 densamma
654 1236 66 25 enligt
730 1237 155 25 approximativ

140 1270 117 25 beräkning
280 1269 46 20 icke
350 1269 96 26 angifvas
469 1270 59 25 lägre
551 1272 26 17 än
601 1269 89 25 900,000
714 1270 65 25 mark,
799 1270 85 20 hvilken

139 1310 80 13 summa
235 1303 92 20 fördelad
344 1303 26 26 på
386 1303 46 26 fyra
447 1303 29 25 år,
493 1310 44 13 som
558 1303 92 26 pröfvats
666 1303 49 26 åtgå
730 1303 30 20 till
775 1304 110 19 inrättnin-

139 1344 51 19 gens
206 1337 128 20 försättande
350 1337 6 19 i
373 1337 132 26 fullständigt
519 1337 68 25 skick,
602 1337 95 26 päkallar
713 1337 31 19 för
755 1337 44 20 året
810 1340 29 17 ett
849 1345 36 13 an-

139 1372 45 26 slag
199 1371 23 20 af
235 1371 89 25 225,000
342 1371 65 19 mark.

208 1405 45 20 Den
270 1405 88 19 kostnad
374 1404 51 25 åter,
440 1411 44 13 som
500 1405 105 19 erfordras
620 1404 30 19 till
666 1404 39 19 den
718 1411 41 19 nya
770 1404 116 21 kuranstal-

140 1442 45 17 tens
201 1439 67 26 årliga
284 1438 116 25 underhåll,
420 1439 66 19 sedan
506 1439 122 19 densamma
647 1438 41 20 kan
704 1441 79 23 öppnas
799 1440 31 19 för
845 1440 40 25 sju-

140 1473 38 19 kes
193 1473 154 25 emottagande,
363 1475 23 16 är
402 1473 66 25 enligt
484 1473 84 26 bilagde
584 1475 40 17 stat
636 1473 106 20 beräknad
754 1473 30 19 till
798 1474 88 26 100,000
