1070 1786
810 152 22 16 75

180 220 49 15 nom
245 214 141 27 provisionell
411 213 122 28 afvittring,
553 214 36 21 vid
611 214 65 21 hvars
698 213 169 28 genomförande

180 248 81 27 skäligt
284 247 101 28 afseende
398 247 76 28 fästas
493 249 37 20 vid
548 248 165 21 kommunernas
732 247 135 28 önskningar

181 282 111 27 angående
311 281 96 27 beloppet
426 282 30 26 af
469 282 35 20 det
523 282 47 20 dem
586 282 136 27 tillfallande
738 282 129 20 tunneland-

182 316 37 24 tal,
236 315 78 21 hvilket
330 315 37 21 bör
382 315 127 21 bestämmas
525 316 35 20 till
575 316 66 20 minst
652 316 104 27 tolftusen
766 316 101 26 (12,000)

182 350 120 20 tunneland
304 349 40 27 för
352 349 74 27 hvarje
434 350 142 26 provisionelt
587 350 89 25 mantal,
686 350 116 27 hvarjemte
810 349 57 21 kom-

181 390 105 14 munerna
309 383 117 21 bibehållas
452 384 34 20 vid
508 384 35 20 sin
565 384 104 27 rättighet
692 384 19 27 ej
728 384 84 20 mindre
833 384 35 20 till

181 418 84 21 renbete
277 418 32 27 på
318 418 67 27 förut
400 418 63 27 öfligt
478 420 51 23 sätt,
540 420 30 18 än
581 418 35 21 till
622 418 53 28 jagt
688 418 36 20 och
739 418 129 28 djurfångst

181 455 56 18 samt
248 452 56 27 fiske
320 448 57 24 inom
396 452 40 20 den
452 452 120 26 afvittrade
587 452 155 28 Kronojorden
757 452 110 27 äfvensom

182 487 36 20 vid
233 487 143 27 nyttjorätten
392 486 35 21 till
443 486 110 21 derstädes
569 486 30 27 af
611 486 47 21 dem
673 486 138 28 upprödjade
828 488 40 18 än-

182 528 54 20 gar;
258 520 94 21 börande
367 520 37 21 vid
419 520 40 21 den
476 520 155 27 provisionella
654 520 144 28 afvittringen
820 522 48 20 sär-

183 554 57 22 skild
252 555 56 28 jord
327 554 98 21 tilldelas
442 555 85 20 sädana
544 554 112 29 nybyggen
672 555 36 20 och
724 557 54 25 torp,
795 554 74 22 hvilka

179 589 93 27 pröfvas
292 589 74 20 kunna
387 589 34 20 till
441 588 166 28 sjelfbestäende
627 589 122 27 lägenheter
760 589 110 26 förvand-

184 624 32 20 las
236 625 56 19 samt
313 622 71 28 öfrige
404 622 145 21 innehafvare
564 622 29 28 af
605 622 122 28 lägenheter
742 622 55 27 utaf
807 630 62 21 nyss-

184 657 90 21 berörda
296 656 150 28 beskaffenhet,
463 657 7 20 i
486 656 104 21 händelse
610 657 25 20 de
648 657 58 26 från
724 658 50 20 sina
789 656 80 28 nydyg-

182 698 41 21 gen
239 691 37 21 och
292 694 48 24 torp
356 691 98 27 afhysas,
466 690 42 28 för
523 691 113 21 derstädes
651 691 110 27 nedlagda
772 691 97 27 odlings-

184 725 38 21 och
238 724 229 29 byggnadskostnader
487 725 86 27 ätnjuta
587 724 49 28 full
651 726 128 26 ersättning,
795 725 74 27 äfven-

183 766 45 14 som
244 759 51 27 ifall
310 760 50 20 tvist
374 760 99 26 uppstår,
490 759 109 20 huruvida
610 761 28 18 ett
650 759 96 27 nybygge
757 760 52 20 eller
820 762 49 24 torp

183 794 45 20 kan
242 794 36 20 till
292 792 167 28 sjelfbestående
475 792 100 28 lägenhet
590 792 96 28 öfvergå,
696 793 85 27 frågan
797 793 72 21 derom

184 828 92 27 afgöras
290 834 75 21 genom
380 827 146 27 kompromiss,
546 826 86 21 hvilken
647 827 31 27 af
688 827 131 28 sakegarene
834 830 35 18 ut-

185 869 32 13 ses
234 858 37 24 och
286 862 34 20 uti
334 861 64 21 hvars
414 861 72 27 utslag
503 861 96 27 ändring
614 861 19 27 ej
644 860 42 27 får
701 861 69 21 sökas.

187 902 58 19 Hvad
263 901 44 20 åter
324 901 97 20 beträffar
438 901 137 20 förenämnda
590 901 44 19 från
647 901 131 20 hedervärda
789 901 80 20 Bonde-

117 936 84 20 ståndet
220 936 133 19 remitterade
377 936 95 25 petition,
493 936 37 19 har
551 935 101 20 utskottet
668 938 68 17 ansett
752 935 119 21 Ständerna

117 970 48 19 icke
186 971 71 18 kunna
277 970 51 19 fästa
349 970 73 19 vidare
441 969 100 20 afseende
557 969 12 20 å
585 969 127 26 densamma,
727 973 25 16 än
769 972 30 17 att
815 969 54 20 Kuu-

118 1011 57 12 samo
192 1005 38 18 och
247 1003 118 20 Kemiträsk
386 1003 125 20 kommuner
531 1003 84 20 anvisas
635 1005 30 17 att
684 1003 45 20 sina
748 1006 56 17 emot
820 1003 50 20 Kro-

118 1044 39 13 nan
180 1039 45 18 häri
246 1037 129 20 framställda
395 1037 227 26 ersättningsanspråk,
639 1037 6 19 i
661 1037 35 20 fall
717 1037 23 20 af
754 1037 40 26 fog,
811 1038 12 19 å
839 1040 32 17 ort

117 1078 45 13 som
179 1072 104 19 vederbör
299 1071 83 20 anmäla
398 1071 39 20 och
454 1071 75 20 utföra.

186 1111 138 26 Helsingfors,
340 1112 39 19 den
396 1112 12 19 8
426 1112 53 19 Mars
498 1113 59 18 1872.

376 1207 236 23 Reservationer:

257 1264 29 19 Af
300 1264 95 20 Friherre
410 1271 40 14 von
467 1264 68 25 Troil,
553 1264 22 21 S.
597 1264 30 20 W.

190 1305 64 18 Emot
276 1306 148 18 sammansatta
447 1304 64 20 Stats-
531 1305 39 19 och
589 1305 228 20 Ekonomi-utskottets
837 1306 34 19 be-

120 1338 107 19 tänkande
244 1338 5 19 i
266 1338 115 26 anledning
396 1338 24 19 af
432 1338 84 27 Nädiga
532 1339 156 26 propositionen
705 1339 110 26 angäende
831 1339 40 20 för-

120 1372 89 25 ändring
224 1371 22 20 af
255 1371 26 20 de
294 1372 45 19 med
352 1371 114 26 Kuusamo,
484 1372 119 20 Kemiträsk
620 1373 39 19 och
677 1372 118 26 Kuolajärvi
811 1373 60 20 sock-

122 1409 74 17 nemän
220 1406 102 19 afslutade
346 1405 187 26 knektekontrakt,
551 1406 34 25 fär
601 1407 37 26 jag
657 1406 84 19 härmed
766 1407 106 26 nedlägga

122 1440 41 19 min
180 1440 137 25 reservation,
336 1439 70 20 sävidt
429 1439 107 20 Utskottet
559 1440 121 25 derigenom
704 1440 93 20 förordat
821 1447 50 20 upp-

120 1473 112 20 ställandet
248 1473 22 19 af
283 1473 55 19 vissa
354 1473 84 19 vilkor
454 1474 32 19 för
505 1474 128 19 Ständernes
657 1473 57 20 bifall
738 1474 32 19 till
794 1475 75 25 ifräga-
