1070 1786
805 151 22 18 69

111 215 132 20 förbehållna
265 215 68 20 vilkor
356 215 103 26 uppställa
481 215 93 20 soldater
594 216 39 19 och
651 216 75 25 jägare
748 215 52 20 eller
823 222 34 12 en-

111 249 213 27 rolleringsmanskap
344 249 31 20 till
394 250 36 19 det
447 250 56 19 antal
523 250 5 19 i
545 250 40 19 den
601 250 83 26 Nådiga
702 250 156 26 propositionen

111 283 141 20 omförmäles.
276 283 30 19 De
319 283 72 20 härom
404 284 39 18 den
453 284 25 19 27
486 284 61 25 April
561 284 53 19 1790
625 284 5 19 i
647 284 70 19 Nåder
730 283 128 20 stadfästade

111 317 181 20 knektekontrakt
314 317 112 20 förefinnas
448 317 48 20 icke
520 324 57 13 mera
592 318 6 19 i
614 318 89 25 original
727 318 38 19 och
786 324 25 12 en
827 317 30 19 af-

111 351 61 19 skrift
188 351 45 19 utaf
246 357 26 13 en
288 351 39 19 den
344 352 12 18 4
373 352 40 25 Maj
434 352 48 19 1791
505 354 63 24 tagen
589 352 89 25 afskrift,
697 358 45 14 som
765 352 94 19 förvaras

111 386 5 18 i
133 385 91 19 svenska
246 384 133 26 riksarkivet,
401 386 35 19 har
455 386 31 19 till
507 386 117 26 Kejserliga
640 386 90 20 Senaten
746 386 113 20 inlemnats

112 420 51 18 först
186 419 52 19 efter
262 420 146 25 uppgörandet
427 420 23 19 af
467 420 78 26 förslag
565 420 31 19 till
612 420 40 20 den
669 420 81 26 Nådiga
765 420 93 26 proposi-

113 454 77 24 tionen,
207 453 31 19 till
254 453 66 26 grund
340 454 31 18 för
390 454 86 19 hvilken
495 454 57 26 legat
567 454 36 20 det
617 454 114 26 protokoll,
746 461 45 13 som
809 454 51 20 förts

113 488 34 19 vid
164 488 26 19 de
208 488 153 19 förberedande
384 490 99 18 stämmor
505 488 185 27 Landshöfdingen
713 488 102 27 Carpelan
838 488 23 20 år

114 522 52 20 1789
183 521 59 20 hållit
258 522 47 19 med
320 522 170 20 socknemännen
502 523 6 19 i
521 523 91 19 nämnde
622 523 153 26 församlingar.
794 523 67 20 Dessa

115 556 66 26 begge
198 556 125 25 handlingar
338 559 36 17 äro
390 556 54 20 dock
458 557 6 19 i
476 557 35 20 det
527 559 103 18 närmaste
647 557 142 26 likalydande.
812 557 51 20 Utaf

114 590 122 20 kontraktet
248 591 49 23 med
314 590 104 20 Kuusamo
434 591 136 25 socknemän,
586 598 44 13 som
641 591 23 19 af
678 592 94 19 bemälde
783 591 77 20 Lands-

113 624 87 26 höfding
216 624 6 19 i
239 624 52 19 form
307 624 22 19 af
341 631 25 13 en
384 624 130 27 underdånig
527 625 123 19 hemställan
661 625 101 23 insändts,
773 625 87 20 hvilken

113 658 120 20 sedermera
255 658 73 19 vunnit
350 658 69 26 Nådig
439 659 139 25 stadfästelse,
595 660 62 19 hafva
672 660 118 26 punkterna
807 660 18 24 1,
841 660 20 24 4,

115 693 12 19 6
143 693 39 19 och
199 693 19 24 7,
234 692 68 20 såsom
319 692 25 20 de
361 693 112 25 vigtigaste
490 693 63 19 bland
570 694 25 18 de
612 694 12 19 8
640 694 89 25 punkter
746 694 27 19 uti
790 693 71 20 hvilka

113 727 173 19 socknemännen
302 727 156 19 sammanfattat
477 727 45 19 sina
545 727 109 24 förbehåll,
672 728 36 19 här
723 728 86 26 intagits
825 733 35 13 en-

115 762 38 25 ligt
168 760 146 26 ordalydelsen
330 761 6 19 i
352 761 41 19 den
414 760 44 20 från
477 761 92 20 svenska
591 761 127 20 riksarkivet
740 761 122 20 anskaffade

115 795 92 20 afskrift:

184 830 53 18 ”I:o.
268 829 28 19 At
311 836 50 13 vara
377 829 96 20 frikände
489 830 23 19 sä
528 829 33 20 väl
581 830 32 19 för
631 830 85 20 Soldate
739 830 60 26 legan
823 830 39 19 och

114 864 92 24 stedsell,
222 864 64 19 sedan
303 863 123 20 Soldaterne
443 864 68 19 blifvit
526 864 98 19 försedde
641 864 45 20 med
702 864 61 27 Torp,
775 871 44 13 som
832 864 31 19 för

115 898 83 25 refning
214 897 117 25 Storskifte,
347 897 163 27 Skattläggning
521 898 39 19 och
572 897 88 27 Rägäng
672 898 115 20 kostnaden
799 897 64 20 emel-

117 932 32 19 lan
165 931 87 26 Sverige
273 931 39 20 och
334 930 111 27 Ryssland,
461 932 39 19 och
517 935 21 16 at
555 931 63 20 blifva
638 933 30 18 för
692 931 127 27 Everdelige
838 932 24 19 ti-

115 966 38 19 der
168 965 95 20 förskont
279 965 31 20 för
330 966 120 25 förhöjning
474 966 39 19 och
537 966 113 26 tillökning
673 966 22 20 af
716 973 67 13 annan
807 966 57 19 skatt

115 999 39 20 och
170 999 82 26 utlagor
267 995 33 24 än
310 999 64 20 hittils
398 1000 80 25 vanligt
502 1001 61 25 varit,
577 1004 55 16 samt
647 1003 29 16 att
692 1001 38 18 den
748 1001 55 19 skatt
819 1006 44 13 som

116 1033 91 20 Kusamo
229 1033 78 20 socken
331 1033 30 20 till
385 1034 119 26 Keiserliga
523 1034 74 26 Ryska
616 1034 84 19 Kronan
718 1035 64 18 hittils
797 1034 68 25 erlagt

117 1067 123 20 hädanefter
255 1067 79 20 aldeles
351 1068 93 25 upphöra
459 1068 62 19 skall.

185 1102 39 19 4:0.
256 1101 28 19 At
300 1101 41 20 alla
356 1102 72 19 innom
450 1101 105 20 Kuusamo
573 1102 83 19 Socken
680 1102 119 26 päbegynte
822 1101 43 26 Ny-

118 1137 80 25 bygges
222 1135 146 26 anlägniugar,
392 1142 42 13 som
457 1138 56 17 ännu
529 1136 48 19 icke
595 1136 67 19 blifvit
677 1137 23 18 af
713 1136 152 19 Landshöfdin-

117 1177 39 19 gen
174 1170 98 19 stadfäste
290 1169 62 20 måtte
368 1170 108 19 användas
492 1170 31 19 till
539 1170 56 25 Torp
612 1170 31 19 för
658 1170 123 19 Soldaterne
792 1170 39 19 och
841 1176 24 13 en

117 1204 147 25 Trumslagare
280 1203 22 19 sä
317 1204 49 19 vida
383 1203 125 26 tillräeklige
525 1203 111 26 upodlings
652 1204 122 25 lägenheter
785 1210 26 13 nu
824 1210 42 12 me-

117 1245 23 13 ra
154 1239 71 19 innom
243 1238 87 19 berörde
351 1238 82 19 Socken
449 1238 20 25 ej
486 1238 74 23 finnas,
579 1238 39 19 och
634 1240 21 17 at
670 1237 116 27 Nybygges
802 1237 65 26 upod-

118 1273 67 26 lingar
200 1272 48 19 icke
265 1272 71 19 vidare
353 1279 26 12 nu
397 1272 78 19 tillåtas
496 1275 48 16 utan
566 1271 186 21 Socknemännens
768 1271 99 20 särskilta

118 1306 141 26 uttryckeliga
276 1305 64 26 bifall,
356 1308 54 17 samt
425 1308 21 17 at
465 1305 203 20 Sucknemännerne
683 1305 63 20 måtte
761 1305 20 20 få
793 1306 73 25 Dispo-

118 1347 50 13 nera
183 1340 38 20 och
238 1340 97 19 använda
350 1340 27 19 all
394 1340 70 19 innom
481 1339 84 20 Socken
583 1339 107 26 betintelig
704 1340 46 25 jord
767 1339 30 20 till
808 1345 58 20 gam-

117 1375 19 19 la
152 1375 142 19 Hemmanens
317 1374 129 25 utvidgande
469 1374 39 19 och
533 1370 121 29 förmering,
670 1373 43 20 ifall
730 1373 137 26 nägorstädes

116 1409 89 26 tillgäng
222 1408 70 19 dertill
307 1407 69 26 gifvas
392 1407 74 20 skulle.

186 1443 38 19 6:0.
256 1441 28 20 At
300 1441 93 27 Corpsen
410 1442 22 19 sä
448 1442 33 19 väl
497 1442 7 19 i
522 1441 111 20 fredstider
652 1448 44 13 som
718 1441 65 20 under
798 1441 69 26 pästä-

115 1477 55 19 ende
186 1477 46 24 krig
247 1475 68 26 aldrig
331 1476 158 21 commenderas
507 1478 56 20 utom
579 1475 135 30 Companiets
730 1475 89 24 distrikt,

1047 818 12 48 jen
