<?xml version="1.0" encoding="UTF-8"?>
<alto xmlns="http://www.loc.gov/standards/alto/ns-v3#" xmlns:xlink="http://www.w3.org/1999/xlink" xmlns:xsi="http://www.w3.org/2001/XMLSchema-instance" xsi:schemaLocation="http://www.loc.gov/standards/alto/ns-v3# http://www.loc.gov/alto/v3/alto-3-0.xsd">
	<Description>
		<MeasurementUnit>pixel</MeasurementUnit>
		<sourceImageInformation>
			<fileName>/tmp/tess_03lzdewh_input.PNG</fileName>
		</sourceImageInformation>
		<OCRProcessing ID="OCR_0">
			<ocrProcessingStep>
				<processingSoftware>
					<softwareName>tesseract 5.3.4</softwareName>
				</processingSoftware>
			</ocrProcessingStep>
		</OCRProcessing>
	</Description>
	<Layout>
		<Page WIDTH="1070" HEIGHT="1786" PHYSICAL_IMG_NR="0" ID="page_0">
			<PrintSpace HPOS="0" VPOS="0" WIDTH="1070" HEIGHT="1786">
				<ComposedBlock ID="cblock_0" HPOS="810" VPOS="145" WIDTH="34" HEIGHT="18">
					<TextBlock ID="block_0" HPOS="810" VPOS="145" WIDTH="34" HEIGHT="18">
						<TextLine ID="line_0" HPOS="810" VPOS="145" WIDTH="34" HEIGHT="18">
							<String ID="string_0" HPOS="810" VPOS="145" WIDTH="34" HEIGHT="18" WC="0.95" CONTENT="529"/>
						</TextLine>
					</TextBlock>
				</ComposedBlock>
				<ComposedBlock ID="cblock_1" HPOS="128" VPOS="206" WIDTH="748" HEIGHT="89">
					<TextBlock ID="block_1" HPOS="128" VPOS="206" WIDTH="748" HEIGHT="89">
						<TextLine ID="line_1" HPOS="128" VPOS="206" WIDTH="747" HEIGHT="28">
							<String ID="string_1" HPOS="128" VPOS="206" WIDTH="65" HEIGHT="21" WC="0.92" CONTENT="rande"/><SP WIDTH="15" VPOS="206" HPOS="193"/>
							<String ID="string_2" HPOS="208" VPOS="207" WIDTH="118" HEIGHT="25" WC="0.90" CONTENT="qvarstode."/><SP WIDTH="30" VPOS="207" HPOS="326"/>
							<String ID="string_3" HPOS="356" VPOS="206" WIDTH="40" HEIGHT="27" WC="0.96" CONTENT="Jag"/><SP WIDTH="15" VPOS="206" HPOS="396"/>
							<String ID="string_4" HPOS="411" VPOS="206" WIDTH="65" HEIGHT="26" WC="0.93" CONTENT="vågar"/><SP WIDTH="15" VPOS="206" HPOS="476"/>
							<String ID="string_5" HPOS="491" VPOS="206" WIDTH="83" HEIGHT="20" WC="0.92" CONTENT="derföre"/><SP WIDTH="16" VPOS="206" HPOS="574"/>
							<String ID="string_6" HPOS="590" VPOS="206" WIDTH="31" HEIGHT="20" WC="0.96" CONTENT="till"/><SP WIDTH="15" VPOS="206" HPOS="621"/>
							<String ID="string_7" HPOS="636" VPOS="207" WIDTH="161" HEIGHT="27" WC="0.96" CONTENT="förebyggande"/><SP WIDTH="16" VPOS="207" HPOS="797"/>
							<String ID="string_8" HPOS="813" VPOS="209" WIDTH="23" HEIGHT="19" WC="0.96" CONTENT="af"/><SP WIDTH="13" VPOS="209" HPOS="836"/>
							<String ID="string_9" HPOS="849" VPOS="215" WIDTH="26" HEIGHT="13" WC="0.95" CONTENT="en"/>
						</TextLine>
						<TextLine ID="line_2" HPOS="129" VPOS="240" WIDTH="747" HEIGHT="27">
							<String ID="string_10" HPOS="129" VPOS="241" WIDTH="78" HEIGHT="26" WC="0.96" CONTENT="oriktig"/><SP WIDTH="18" VPOS="241" HPOS="207"/>
							<String ID="string_11" HPOS="225" VPOS="241" WIDTH="97" HEIGHT="26" WC="0.96" CONTENT="tolkning"/><SP WIDTH="18" VPOS="241" HPOS="322"/>
							<String ID="string_12" HPOS="340" VPOS="240" WIDTH="79" HEIGHT="21" WC="0.96" CONTENT="föreslå"/><SP WIDTH="15" VPOS="240" HPOS="419"/>
							<String ID="string_13" HPOS="434" VPOS="240" WIDTH="93" HEIGHT="26" WC="0.94" CONTENT="följande"/><SP WIDTH="16" VPOS="240" HPOS="527"/>
							<String ID="string_14" HPOS="543" VPOS="240" WIDTH="81" HEIGHT="27" WC="0.96" CONTENT="lydelse"/><SP WIDTH="16" VPOS="240" HPOS="624"/>
							<String ID="string_15" HPOS="640" VPOS="241" WIDTH="32" HEIGHT="20" WC="0.93" CONTENT="för"/><SP WIDTH="15" VPOS="241" HPOS="672"/>
							<String ID="string_16" HPOS="687" VPOS="243" WIDTH="10" HEIGHT="22" WC="0.92" CONTENT="$"/><SP WIDTH="15" VPOS="243" HPOS="697"/>
							<String ID="string_17" HPOS="712" VPOS="242" WIDTH="12" HEIGHT="19" WC="0.96" CONTENT="7"/><SP WIDTH="17" VPOS="242" HPOS="724"/>
							<String ID="string_18" HPOS="741" VPOS="242" WIDTH="7" HEIGHT="19" WC="0.96" CONTENT="i"/><SP WIDTH="15" VPOS="242" HPOS="748"/>
							<String ID="string_19" HPOS="763" VPOS="241" WIDTH="113" HEIGHT="21" WC="0.96" CONTENT="utskottets"/>
						</TextLine>
						<TextLine ID="line_3" HPOS="130" VPOS="274" WIDTH="144" HEIGHT="21">
							<String ID="string_20" HPOS="130" VPOS="274" WIDTH="144" HEIGHT="21" WC="0.95" CONTENT="betänkande:"/>
						</TextLine>
					</TextBlock>
				</ComposedBlock>
				<ComposedBlock ID="cblock_2" HPOS="194" VPOS="318" WIDTH="687" HEIGHT="235">
					<TextBlock ID="block_2" HPOS="194" VPOS="318" WIDTH="687" HEIGHT="235">
						<TextLine ID="line_4" HPOS="265" VPOS="318" WIDTH="610" HEIGHT="29">
							<String ID="string_21" HPOS="265" VPOS="319" WIDTH="79" HEIGHT="21" WC="0.96" CONTENT="Denna"/><SP WIDTH="11" VPOS="319" HPOS="344"/>
							<String ID="string_22" HPOS="355" VPOS="318" WIDTH="136" HEIGHT="28" WC="0.96" CONTENT="förordning"/><SP WIDTH="15" VPOS="318" HPOS="491"/>
							<String ID="string_23" HPOS="506" VPOS="320" WIDTH="40" HEIGHT="27" WC="0.96" CONTENT="gör"/><SP WIDTH="15" VPOS="320" HPOS="546"/>
							<String ID="string_24" HPOS="561" VPOS="319" WIDTH="22" HEIGHT="27" WC="0.96" CONTENT="ej"/><SP WIDTH="14" VPOS="319" HPOS="583"/>
							<String ID="string_25" HPOS="597" VPOS="319" WIDTH="97" HEIGHT="28" WC="0.96" CONTENT="ändring"/><SP WIDTH="15" VPOS="319" HPOS="694"/>
							<String ID="string_26" HPOS="709" VPOS="320" WIDTH="35" HEIGHT="20" WC="0.96" CONTENT="uti"/><SP WIDTH="10" VPOS="320" HPOS="744"/>
							<String ID="string_27" HPOS="754" VPOS="320" WIDTH="25" HEIGHT="21" WC="0.93" CONTENT="de"/><SP WIDTH="10" VPOS="320" HPOS="779"/>
							<String ID="string_28" HPOS="789" VPOS="320" WIDTH="86" HEIGHT="21" WC="0.91" CONTENT="undan-"/>
						</TextLine>
						<TextLine ID="line_5" HPOS="200" VPOS="353" WIDTH="675" HEIGHT="29">
							<String ID="string_29" HPOS="200" VPOS="353" WIDTH="167" HEIGHT="29" WC="0.90" CONTENT="tagsförmåner,"/><SP WIDTH="20" VPOS="353" HPOS="367"/>
							<String ID="string_30" HPOS="387" VPOS="360" WIDTH="45" HEIGHT="14" WC="0.96" CONTENT="som"/><SP WIDTH="15" VPOS="360" HPOS="432"/>
							<String ID="string_31" HPOS="447" VPOS="354" WIDTH="67" HEIGHT="27" WC="0.95" CONTENT="enligt"/><SP WIDTH="19" VPOS="354" HPOS="514"/>
							<String ID="string_32" HPOS="533" VPOS="354" WIDTH="128" HEIGHT="27" WC="0.94" CONTENT="privilegier"/><SP WIDTH="19" VPOS="354" HPOS="661"/>
							<String ID="string_33" HPOS="680" VPOS="354" WIDTH="47" HEIGHT="21" WC="0.92" CONTENT="med"/><SP WIDTH="17" VPOS="354" HPOS="727"/>
							<String ID="string_34" HPOS="744" VPOS="354" WIDTH="131" HEIGHT="28" WC="0.90" CONTENT="grundlags-"/>
						</TextLine>
						<TextLine ID="line_6" HPOS="199" VPOS="388" WIDTH="676" HEIGHT="28">
							<String ID="string_35" HPOS="199" VPOS="388" WIDTH="63" HEIGHT="28" WC="0.92" CONTENT="helgd"/><SP WIDTH="19" VPOS="388" HPOS="262"/>
							<String ID="string_36" HPOS="281" VPOS="388" WIDTH="106" HEIGHT="20" WC="0.96" CONTENT="särskildt"/><SP WIDTH="17" VPOS="388" HPOS="387"/>
							<String ID="string_37" HPOS="404" VPOS="388" WIDTH="121" HEIGHT="21" WC="0.96" CONTENT="tillkomma"/><SP WIDTH="14" VPOS="388" HPOS="525"/>
							<String ID="string_38" HPOS="539" VPOS="388" WIDTH="58" HEIGHT="20" WC="0.96" CONTENT="vissa"/><SP WIDTH="15" VPOS="388" HPOS="597"/>
							<String ID="string_39" HPOS="612" VPOS="388" WIDTH="137" HEIGHT="21" WC="0.96" CONTENT="medlemmar"/><SP WIDTH="14" VPOS="388" HPOS="749"/>
							<String ID="string_40" HPOS="763" VPOS="388" WIDTH="31" HEIGHT="28" WC="0.93" CONTENT="af"/><SP WIDTH="10" VPOS="388" HPOS="794"/>
							<String ID="string_41" HPOS="804" VPOS="389" WIDTH="71" HEIGHT="21" WC="0.92" CONTENT="stads-"/>
						</TextLine>
						<TextLine ID="line_7" HPOS="199" VPOS="422" WIDTH="676" HEIGHT="28">
							<String ID="string_42" HPOS="199" VPOS="422" WIDTH="105" HEIGHT="26" WC="0.95" CONTENT="kommun,"/><SP WIDTH="17" VPOS="422" HPOS="304"/>
							<String ID="string_43" HPOS="321" VPOS="422" WIDTH="108" HEIGHT="21" WC="0.96" CONTENT="hvaremot"/><SP WIDTH="15" VPOS="422" HPOS="429"/>
							<String ID="string_44" HPOS="444" VPOS="422" WIDTH="47" HEIGHT="21" WC="0.96" CONTENT="alla"/><SP WIDTH="14" VPOS="422" HPOS="491"/>
							<String ID="string_45" HPOS="505" VPOS="422" WIDTH="26" HEIGHT="21" WC="0.96" CONTENT="de"/><SP WIDTH="14" VPOS="422" HPOS="531"/>
							<String ID="string_46" HPOS="545" VPOS="422" WIDTH="139" HEIGHT="21" WC="0.95" CONTENT="kommunala"/><SP WIDTH="16" VPOS="422" HPOS="684"/>
							<String ID="string_47" HPOS="700" VPOS="423" WIDTH="127" HEIGHT="27" WC="0.96" CONTENT="rättigheter"/><SP WIDTH="10" VPOS="423" HPOS="827"/>
							<String ID="string_48" HPOS="837" VPOS="423" WIDTH="38" HEIGHT="21" WC="0.96" CONTENT="och"/>
						</TextLine>
						<TextLine ID="line_8" HPOS="200" VPOS="456" WIDTH="676" HEIGHT="28">
							<String ID="string_49" HPOS="200" VPOS="456" WIDTH="152" HEIGHT="28" WC="0.96" CONTENT="skyldigheter,"/><SP WIDTH="11" VPOS="456" HPOS="352"/>
							<String ID="string_50" HPOS="363" VPOS="456" WIDTH="74" HEIGHT="20" WC="0.96" CONTENT="hvilka"/><SP WIDTH="11" VPOS="456" HPOS="437"/>
							<String ID="string_51" HPOS="448" VPOS="456" WIDTH="80" HEIGHT="21" WC="0.96" CONTENT="hittills"/><SP WIDTH="10" VPOS="456" HPOS="528"/>
							<String ID="string_52" HPOS="538" VPOS="456" WIDTH="59" HEIGHT="21" WC="0.93" CONTENT="varit"/><SP WIDTH="10" VPOS="456" HPOS="597"/>
							<String ID="string_53" HPOS="607" VPOS="456" WIDTH="152" HEIGHT="28" WC="0.91" CONTENT="borgerskapet"/><SP WIDTH="10" VPOS="456" HPOS="759"/>
							<String ID="string_54" HPOS="769" VPOS="458" WIDTH="107" HEIGHT="20" WC="0.96" CONTENT="särskildt"/>
						</TextLine>
						<TextLine ID="line_9" HPOS="194" VPOS="490" WIDTH="687" HEIGHT="28">
							<String ID="string_55" HPOS="194" VPOS="490" WIDTH="148" HEIGHT="28" WC="0.95" CONTENT="förbehållna,"/><SP WIDTH="16" VPOS="490" HPOS="342"/>
							<String ID="string_56" HPOS="358" VPOS="490" WIDTH="131" HEIGHT="28" WC="0.96" CONTENT="hädanefter"/><SP WIDTH="16" VPOS="490" HPOS="489"/>
							<String ID="string_57" HPOS="505" VPOS="490" WIDTH="69" HEIGHT="28" WC="0.96" CONTENT="blifva"/><SP WIDTH="11" VPOS="490" HPOS="574"/>
							<String ID="string_58" HPOS="585" VPOS="490" WIDTH="42" HEIGHT="28" WC="0.96" CONTENT="för"/><SP WIDTH="15" VPOS="490" HPOS="627"/>
							<String ID="string_59" HPOS="642" VPOS="491" WIDTH="46" HEIGHT="21" WC="0.96" CONTENT="alla"/><SP WIDTH="14" VPOS="491" HPOS="688"/>
							<String ID="string_60" HPOS="702" VPOS="491" WIDTH="139" HEIGHT="21" WC="0.96" CONTENT="medlemmar"/><SP WIDTH="10" VPOS="491" HPOS="841"/>
							<String ID="string_61" HPOS="851" VPOS="491" WIDTH="30" HEIGHT="27" WC="0.96" CONTENT="af"/>
						</TextLine>
						<TextLine ID="line_10" HPOS="200" VPOS="525" WIDTH="338" HEIGHT="28">
							<String ID="string_62" HPOS="200" VPOS="525" WIDTH="160" HEIGHT="21" WC="0.95" CONTENT="stadskommun"/><SP WIDTH="16" VPOS="525" HPOS="360"/>
							<String ID="string_63" HPOS="376" VPOS="532" WIDTH="162" HEIGHT="21" WC="0.95" CONTENT="gemensamma."/>
						</TextLine>
					</TextBlock>
				</ComposedBlock>
				<ComposedBlock ID="cblock_3" HPOS="264" VPOS="690" WIDTH="613" HEIGHT="158">
					<TextBlock ID="block_3" HPOS="264" VPOS="690" WIDTH="613" HEIGHT="158">
						<TextLine ID="line_11" HPOS="333" VPOS="690" WIDTH="541" HEIGHT="28">
							<String ID="string_64" HPOS="333" VPOS="690" WIDTH="77" HEIGHT="26" WC="0.95" CONTENT="Förslag"/><SP WIDTH="17" VPOS="690" HPOS="410"/>
							<String ID="string_65" HPOS="427" VPOS="690" WIDTH="30" HEIGHT="20" WC="0.92" CONTENT="till"/><SP WIDTH="18" VPOS="690" HPOS="457"/>
							<String ID="string_66" HPOS="475" VPOS="690" WIDTH="183" HEIGHT="27" WC="0.92" CONTENT="sammanjemkning"/><SP WIDTH="18" VPOS="690" HPOS="658"/>
							<String ID="string_67" HPOS="676" VPOS="690" WIDTH="21" HEIGHT="21" WC="0.93" CONTENT="af"/><SP WIDTH="15" VPOS="690" HPOS="697"/>
							<String ID="string_68" HPOS="712" VPOS="690" WIDTH="89" HEIGHT="22" WC="0.91" CONTENT="ståndens"/><SP WIDTH="18" VPOS="690" HPOS="801"/>
							<String ID="string_69" HPOS="819" VPOS="691" WIDTH="55" HEIGHT="27" WC="0.90" CONTENT="skilj-"/>
						</TextLine>
						<TextLine ID="line_12" HPOS="265" VPOS="724" WIDTH="609" HEIGHT="28">
							<String ID="string_70" HPOS="265" VPOS="724" WIDTH="65" HEIGHT="26" WC="0.89" CONTENT="aktiga"/><SP WIDTH="14" VPOS="724" HPOS="330"/>
							<String ID="string_71" HPOS="344" VPOS="724" WIDTH="63" HEIGHT="21" WC="0.96" CONTENT="beslut"/><SP WIDTH="9" VPOS="724" HPOS="407"/>
							<String ID="string_72" HPOS="416" VPOS="724" WIDTH="8" HEIGHT="20" WC="0.96" CONTENT="i"/><SP WIDTH="10" VPOS="724" HPOS="424"/>
							<String ID="string_73" HPOS="434" VPOS="724" WIDTH="102" HEIGHT="26" WC="0.96" CONTENT="anledning"/><SP WIDTH="15" VPOS="724" HPOS="536"/>
							<String ID="string_74" HPOS="551" VPOS="724" WIDTH="21" HEIGHT="21" WC="0.96" CONTENT="af"/><SP WIDTH="12" VPOS="724" HPOS="572"/>
							<String ID="string_75" HPOS="584" VPOS="725" WIDTH="58" HEIGHT="20" WC="0.95" CONTENT="Hans"/><SP WIDTH="14" VPOS="725" HPOS="642"/>
							<String ID="string_76" HPOS="656" VPOS="724" WIDTH="135" HEIGHT="27" WC="0.93" CONTENT="Kejserliga"/><SP WIDTH="14" VPOS="724" HPOS="791"/>
							<String ID="string_77" HPOS="805" VPOS="725" WIDTH="69" HEIGHT="27" WC="0.91" CONTENT="Maje-"/>
						</TextLine>
						<TextLine ID="line_13" HPOS="264" VPOS="758" WIDTH="610" HEIGHT="28">
							<String ID="string_78" HPOS="264" VPOS="759" WIDTH="60" HEIGHT="20" WC="0.92" CONTENT="stäts"/><SP WIDTH="15" VPOS="759" HPOS="324"/>
							<String ID="string_79" HPOS="339" VPOS="759" WIDTH="70" HEIGHT="26" WC="0.95" CONTENT="nådiga"/><SP WIDTH="14" VPOS="759" HPOS="409"/>
							<String ID="string_80" HPOS="423" VPOS="758" WIDTH="120" HEIGHT="27" WC="0.94" CONTENT="proposition"/><SP WIDTH="15" VPOS="758" HPOS="543"/>
							<String ID="string_81" HPOS="558" VPOS="765" WIDTH="30" HEIGHT="14" WC="0.93" CONTENT="om"/><SP WIDTH="15" VPOS="765" HPOS="588"/>
							<String ID="string_82" HPOS="603" VPOS="758" WIDTH="249" HEIGHT="28" WC="0.88" CONTENT="kommunalförvaltningen"/><SP WIDTH="15" VPOS="758" HPOS="852"/>
							<String ID="string_83" HPOS="867" VPOS="760" WIDTH="7" HEIGHT="19" WC="0.96" CONTENT="i"/>
						</TextLine>
						<TextLine ID="line_14" HPOS="266" VPOS="793" WIDTH="611" HEIGHT="27">
							<String ID="string_84" HPOS="266" VPOS="794" WIDTH="47" HEIGHT="25" WC="0.93" CONTENT="stad,"/><SP WIDTH="23" VPOS="794" HPOS="313"/>
							<String ID="string_85" HPOS="336" VPOS="793" WIDTH="78" HEIGHT="27" WC="0.91" CONTENT="afgifvet"/><SP WIDTH="14" VPOS="793" HPOS="414"/>
							<String ID="string_86" HPOS="428" VPOS="793" WIDTH="22" HEIGHT="20" WC="0.96" CONTENT="af"/><SP WIDTH="13" VPOS="793" HPOS="450"/>
							<String ID="string_87" HPOS="463" VPOS="793" WIDTH="88" HEIGHT="20" WC="0.93" CONTENT="Finlands"/><SP WIDTH="22" VPOS="793" HPOS="551"/>
							<String ID="string_88" HPOS="573" VPOS="793" WIDTH="90" HEIGHT="20" WC="0.92" CONTENT="Ständers"/><SP WIDTH="20" VPOS="793" HPOS="663"/>
							<String ID="string_89" HPOS="683" VPOS="793" WIDTH="30" HEIGHT="21" WC="0.96" CONTENT="för"/><SP WIDTH="21" VPOS="793" HPOS="713"/>
							<String ID="string_90" HPOS="734" VPOS="793" WIDTH="107" HEIGHT="27" WC="0.96" CONTENT="beredning"/><SP WIDTH="15" VPOS="793" HPOS="841"/>
							<String ID="string_91" HPOS="856" VPOS="794" WIDTH="21" HEIGHT="20" WC="0.97" CONTENT="af"/>
						</TextLine>
						<TextLine ID="line_15" HPOS="264" VPOS="827" WIDTH="438" HEIGHT="21">
							<String ID="string_92" HPOS="264" VPOS="828" WIDTH="53" HEIGHT="20" WC="0.93" CONTENT="detta"/><SP WIDTH="13" VPOS="828" HPOS="317"/>
							<String ID="string_93" HPOS="330" VPOS="828" WIDTH="72" HEIGHT="20" WC="0.91" CONTENT="årende"/><SP WIDTH="15" VPOS="828" HPOS="402"/>
							<String ID="string_94" HPOS="417" VPOS="827" WIDTH="81" HEIGHT="21" WC="0.96" CONTENT="tillsatta"/><SP WIDTH="14" VPOS="827" HPOS="498"/>
							<String ID="string_95" HPOS="512" VPOS="827" WIDTH="97" HEIGHT="21" WC="0.93" CONTENT="särskilda"/><SP WIDTH="14" VPOS="827" HPOS="609"/>
							<String ID="string_96" HPOS="623" VPOS="827" WIDTH="79" HEIGHT="21" WC="0.70" CONTENT="utskott,"/>
						</TextLine>
					</TextBlock>
				</ComposedBlock>
				<ComposedBlock ID="cblock_4" HPOS="129" VPOS="890" WIDTH="746" HEIGHT="129">
					<TextBlock ID="block_4" HPOS="129" VPOS="890" WIDTH="746" HEIGHT="129">
						<TextLine ID="line_16" HPOS="198" VPOS="890" WIDTH="677" HEIGHT="27">
							<String ID="string_97" HPOS="198" VPOS="891" WIDTH="30" HEIGHT="19" WC="0.96" CONTENT="De"/><SP WIDTH="16" VPOS="891" HPOS="228"/>
							<String ID="string_98" HPOS="244" VPOS="892" WIDTH="21" HEIGHT="22" WC="0.91" CONTENT="$$"/><SP WIDTH="16" VPOS="892" HPOS="265"/>
							<String ID="string_99" HPOS="281" VPOS="890" WIDTH="65" HEIGHT="27" WC="0.96" CONTENT="enligt"/><SP WIDTH="16" VPOS="890" HPOS="346"/>
							<String ID="string_100" HPOS="362" VPOS="890" WIDTH="111" HEIGHT="20" WC="0.96" CONTENT="utskottets"/><SP WIDTH="16" VPOS="890" HPOS="473"/>
							<String ID="string_101" HPOS="489" VPOS="890" WIDTH="141" HEIGHT="25" WC="0.96" CONTENT="betänkande,"/><SP WIDTH="16" VPOS="890" HPOS="630"/>
							<String ID="string_102" HPOS="646" VPOS="890" WIDTH="7" HEIGHT="19" WC="0.96" CONTENT="i"/><SP WIDTH="16" VPOS="890" HPOS="653"/>
							<String ID="string_103" HPOS="669" VPOS="890" WIDTH="99" HEIGHT="19" WC="0.93" CONTENT="afseende"/><SP WIDTH="11" VPOS="890" HPOS="768"/>
							<String ID="string_104" HPOS="779" VPOS="890" WIDTH="10" HEIGHT="19" WC="0.91" CONTENT="ä"/><SP WIDTH="12" VPOS="890" HPOS="789"/>
							<String ID="string_105" HPOS="801" VPOS="890" WIDTH="74" HEIGHT="20" WC="0.96" CONTENT="hvilka"/>
						</TextLine>
						<TextLine ID="line_17" HPOS="129" VPOS="923" WIDTH="744" HEIGHT="27">
							<String ID="string_106" HPOS="129" VPOS="925" WIDTH="139" HEIGHT="20" WC="0.95" CONTENT="förevarande"/><SP WIDTH="16" VPOS="925" HPOS="268"/>
							<String ID="string_107" HPOS="284" VPOS="925" WIDTH="76" HEIGHT="19" WC="0.95" CONTENT="ärende"/><SP WIDTH="17" VPOS="925" HPOS="360"/>
							<String ID="string_108" HPOS="377" VPOS="924" WIDTH="68" HEIGHT="20" WC="0.93" CONTENT="blifvit"/><SP WIDTH="12" VPOS="924" HPOS="445"/>
							<String ID="string_109" HPOS="457" VPOS="924" WIDTH="86" HEIGHT="26" WC="0.93" CONTENT="jemlikt"/><SP WIDTH="14" VPOS="924" HPOS="543"/>
							<String ID="string_110" HPOS="557" VPOS="924" WIDTH="25" HEIGHT="19" WC="0.92" CONTENT="57"/><SP WIDTH="12" VPOS="924" HPOS="582"/>
							<String ID="string_111" HPOS="594" VPOS="926" WIDTH="11" HEIGHT="22" WC="0.92" CONTENT="$"/><SP WIDTH="10" VPOS="926" HPOS="605"/>
							<String ID="string_112" HPOS="615" VPOS="924" WIDTH="6" HEIGHT="19" WC="0.96" CONTENT="i"/><SP WIDTH="11" VPOS="924" HPOS="621"/>
							<String ID="string_113" HPOS="632" VPOS="923" WIDTH="99" HEIGHT="27" WC="0.93" CONTENT="gällande"/><SP WIDTH="15" VPOS="923" HPOS="731"/>
							<String ID="string_114" HPOS="746" VPOS="924" WIDTH="127" HEIGHT="26" WC="0.92" CONTENT="Landtdags-"/>
						</TextLine>
						<TextLine ID="line_18" HPOS="129" VPOS="957" WIDTH="745" HEIGHT="28">
							<String ID="string_115" HPOS="129" VPOS="959" WIDTH="89" HEIGHT="26" WC="0.96" CONTENT="ordning"/><SP WIDTH="12" VPOS="959" HPOS="218"/>
							<String ID="string_116" HPOS="230" VPOS="959" WIDTH="31" HEIGHT="20" WC="0.95" CONTENT="till"/><SP WIDTH="14" VPOS="959" HPOS="261"/>
							<String ID="string_117" HPOS="275" VPOS="959" WIDTH="101" HEIGHT="20" WC="0.92" CONTENT="utskottet"/><SP WIDTH="15" VPOS="959" HPOS="376"/>
							<String ID="string_118" HPOS="391" VPOS="958" WIDTH="147" HEIGHT="20" WC="0.91" CONTENT="återförvisadt"/><SP WIDTH="15" VPOS="958" HPOS="538"/>
							<String ID="string_119" HPOS="553" VPOS="957" WIDTH="52" HEIGHT="21" WC="0.93" CONTENT="eller"/><SP WIDTH="15" VPOS="957" HPOS="605"/>
							<String ID="string_120" HPOS="620" VPOS="957" WIDTH="171" HEIGHT="27" WC="0.90" CONTENT="grundlagsenlig"/><SP WIDTH="15" VPOS="957" HPOS="791"/>
							<String ID="string_121" HPOS="806" VPOS="958" WIDTH="68" HEIGHT="27" WC="0.92" CONTENT="plura-"/>
						</TextLine>
						<TextLine ID="line_19" HPOS="129" VPOS="993" WIDTH="384" HEIGHT="26">
							<String ID="string_122" HPOS="129" VPOS="994" WIDTH="45" HEIGHT="20" WC="0.96" CONTENT="litet"/><SP WIDTH="15" VPOS="994" HPOS="174"/>
							<String ID="string_123" HPOS="189" VPOS="993" WIDTH="48" HEIGHT="20" WC="0.95" CONTENT="icke"/><SP WIDTH="16" VPOS="993" HPOS="237"/>
							<String ID="string_124" HPOS="253" VPOS="993" WIDTH="90" HEIGHT="26" WC="0.96" CONTENT="vunnits,"/><SP WIDTH="16" VPOS="993" HPOS="343"/>
							<String ID="string_125" HPOS="359" VPOS="995" WIDTH="37" HEIGHT="18" WC="0.96" CONTENT="äro"/><SP WIDTH="15" VPOS="995" HPOS="396"/>
							<String ID="string_126" HPOS="411" VPOS="993" WIDTH="102" HEIGHT="26" WC="0.96" CONTENT="följande:"/>
						</TextLine>
					</TextBlock>
				</ComposedBlock>
				<ComposedBlock ID="cblock_5" HPOS="127" VPOS="1050" WIDTH="749" HEIGHT="409">
					<TextBlock ID="block_5" HPOS="196" VPOS="1050" WIDTH="677" HEIGHT="100">
						<TextLine ID="line_20" HPOS="475" VPOS="1050" WIDTH="46" HEIGHT="24">
							<String ID="string_127" HPOS="475" VPOS="1052" WIDTH="10" HEIGHT="22" WC="0.91" CONTENT="$"/><SP WIDTH="18" VPOS="1052" HPOS="485"/>
							<String ID="string_128" HPOS="503" VPOS="1050" WIDTH="18" HEIGHT="19" WC="0.95" CONTENT="5."/>
						</TextLine>
						<TextLine ID="line_21" HPOS="196" VPOS="1089" WIDTH="628" HEIGHT="28">
							<String ID="string_129" HPOS="196" VPOS="1089" WIDTH="160" HEIGHT="28" WC="0.91" CONTENT="Ridderskapet"/><SP WIDTH="16" VPOS="1089" HPOS="356"/>
							<String ID="string_130" HPOS="372" VPOS="1089" WIDTH="39" HEIGHT="21" WC="0.93" CONTENT="och"/><SP WIDTH="14" VPOS="1089" HPOS="411"/>
							<String ID="string_131" HPOS="425" VPOS="1089" WIDTH="71" HEIGHT="21" WC="0.92" CONTENT="Adeln"/><SP WIDTH="16" VPOS="1089" HPOS="496"/>
							<String ID="string_132" HPOS="512" VPOS="1089" WIDTH="37" HEIGHT="20" WC="0.95" CONTENT="har"/><SP WIDTH="15" VPOS="1089" HPOS="549"/>
							<String ID="string_133" HPOS="564" VPOS="1089" WIDTH="95" HEIGHT="27" WC="0.96" CONTENT="godkänt"/><SP WIDTH="15" VPOS="1089" HPOS="659"/>
							<String ID="string_134" HPOS="674" VPOS="1089" WIDTH="150" HEIGHT="21" WC="0.96" CONTENT="betänkandet."/>
						</TextLine>
						<TextLine ID="line_22" HPOS="196" VPOS="1124" WIDTH="677" HEIGHT="26">
							<String ID="string_135" HPOS="196" VPOS="1124" WIDTH="161" HEIGHT="22" WC="0.90" CONTENT="Presteständet"/><SP WIDTH="21" VPOS="1124" HPOS="357"/>
							<String ID="string_136" HPOS="378" VPOS="1124" WIDTH="36" HEIGHT="20" WC="0.93" CONTENT="har"/><SP WIDTH="19" VPOS="1124" HPOS="414"/>
							<String ID="string_137" HPOS="433" VPOS="1124" WIDTH="91" HEIGHT="25" WC="0.90" CONTENT="beslutit,"/><SP WIDTH="20" VPOS="1124" HPOS="524"/>
							<String ID="string_138" HPOS="544" VPOS="1124" WIDTH="52" HEIGHT="19" WC="0.96" CONTENT="att"/><SP WIDTH="-4" VPOS="1124" HPOS="596"/>
							<String ID="string_139" HPOS="592" VPOS="1119" WIDTH="14" HEIGHT="36" WC="0.96" CONTENT="i"/><SP WIDTH="13" VPOS="1119" HPOS="606"/>
							<String ID="string_140" HPOS="619" VPOS="1125" WIDTH="2" HEIGHT="18" WC="0.92" CONTENT="I"/><SP WIDTH="18" VPOS="1125" HPOS="621"/>
							<String ID="string_141" HPOS="639" VPOS="1130" WIDTH="62" HEIGHT="13" WC="0.96" CONTENT="mom."/><SP WIDTH="20" VPOS="1130" HPOS="701"/>
							<String ID="string_142" HPOS="721" VPOS="1124" WIDTH="27" HEIGHT="26" WC="0.96" CONTENT="pä"/><SP WIDTH="15" VPOS="1124" HPOS="748"/>
							<String ID="string_143" HPOS="763" VPOS="1124" WIDTH="64" HEIGHT="20" WC="0.93" CONTENT="första"/><SP WIDTH="15" VPOS="1124" HPOS="827"/>
							<String ID="string_144" HPOS="842" VPOS="1130" WIDTH="31" HEIGHT="14" WC="0.93" CONTENT="ra-"/>
						</TextLine>
					</TextBlock>
					<TextBlock ID="block_6" HPOS="129" VPOS="1157" WIDTH="745" HEIGHT="28">
						<TextLine ID="line_23" HPOS="129" VPOS="1157" WIDTH="745" HEIGHT="28">
							<String ID="string_145" HPOS="129" VPOS="1161" WIDTH="41" HEIGHT="20" WC="0.93" CONTENT="den"/><SP WIDTH="16" VPOS="1161" HPOS="170"/>
							<String ID="string_146" HPOS="186" VPOS="1160" WIDTH="75" HEIGHT="20" WC="0.93" CONTENT="orden:"/><SP WIDTH="16" VPOS="1160" HPOS="261"/>
							<String ID="string_147" HPOS="277" VPOS="1159" WIDTH="79" HEIGHT="26" WC="0.53" CONTENT="”enligt"/><SP WIDTH="16" VPOS="1159" HPOS="356"/>
							<String ID="string_148" HPOS="372" VPOS="1158" WIDTH="166" HEIGHT="26" WC="0.87" CONTENT="mantalslängd”"/><SP WIDTH="10" VPOS="1158" HPOS="538"/>
							<String ID="string_149" HPOS="548" VPOS="1157" WIDTH="68" HEIGHT="20" WC="0.93" CONTENT="skulle"/><SP WIDTH="10" VPOS="1157" HPOS="616"/>
							<String ID="string_150" HPOS="626" VPOS="1157" WIDTH="103" HEIGHT="27" WC="0.92" CONTENT="inskjutas"/><SP WIDTH="12" VPOS="1157" HPOS="729"/>
							<String ID="string_151" HPOS="741" VPOS="1158" WIDTH="53" HEIGHT="20" WC="0.93" CONTENT="efter"/><SP WIDTH="10" VPOS="1158" HPOS="794"/>
							<String ID="string_152" HPOS="804" VPOS="1158" WIDTH="70" HEIGHT="20" WC="0.96" CONTENT="ordet:"/>
						</TextLine>
					</TextBlock>
					<TextBlock ID="block_7" HPOS="127" VPOS="1189" WIDTH="468" HEIGHT="35">
						<TextLine ID="line_24" HPOS="127" VPOS="1189" WIDTH="468" HEIGHT="35">
							<String ID="string_153" HPOS="127" VPOS="1189" WIDTH="134" HEIGHT="35" WC="0.66" CONTENT="”invänare”."/><SP WIDTH="332" VPOS="1189" HPOS="261"/>
							<String ID="string_154" HPOS="593" VPOS="1197" WIDTH="2" HEIGHT="2" WC="0.7" CONTENT=":"/>
						</TextLine>
					</TextBlock>
					<TextBlock ID="block_8" HPOS="196" VPOS="1225" WIDTH="501" HEIGHT="30">
						<TextLine ID="line_25" HPOS="196" VPOS="1225" WIDTH="501" HEIGHT="30">
							<String ID="string_155" HPOS="196" VPOS="1226" WIDTH="186" HEIGHT="29" WC="0.89" CONTENT="Borgareständet"/><SP WIDTH="16" VPOS="1226" HPOS="382"/>
							<String ID="string_156" HPOS="398" VPOS="1226" WIDTH="36" HEIGHT="21" WC="0.93" CONTENT="har"/><SP WIDTH="16" VPOS="1226" HPOS="434"/>
							<String ID="string_157" HPOS="450" VPOS="1226" WIDTH="82" HEIGHT="27" WC="0.91" CONTENT="antagit"/><SP WIDTH="15" VPOS="1226" HPOS="532"/>
							<String ID="string_158" HPOS="547" VPOS="1225" WIDTH="150" HEIGHT="21" WC="0.92" CONTENT="betänkandet."/>
						</TextLine>
					</TextBlock>
					<TextBlock ID="block_9" HPOS="130" VPOS="1260" WIDTH="745" HEIGHT="97">
						<TextLine ID="line_26" HPOS="197" VPOS="1260" WIDTH="677" HEIGHT="26">
							<String ID="string_159" HPOS="197" VPOS="1261" WIDTH="161" HEIGHT="22" WC="0.91" CONTENT="Bondeständet"/><SP WIDTH="22" VPOS="1261" HPOS="358"/>
							<String ID="string_160" HPOS="380" VPOS="1261" WIDTH="38" HEIGHT="20" WC="0.93" CONTENT="har"/><SP WIDTH="18" VPOS="1261" HPOS="418"/>
							<String ID="string_161" HPOS="436" VPOS="1261" WIDTH="84" HEIGHT="20" WC="0.91" CONTENT="stadnat"/><SP WIDTH="17" VPOS="1261" HPOS="520"/>
							<String ID="string_162" HPOS="537" VPOS="1261" WIDTH="6" HEIGHT="19" WC="0.96" CONTENT="i"/><SP WIDTH="16" VPOS="1261" HPOS="543"/>
							<String ID="string_163" HPOS="559" VPOS="1261" WIDTH="36" HEIGHT="20" WC="0.96" CONTENT="det"/><SP WIDTH="19" VPOS="1261" HPOS="595"/>
							<String ID="string_164" HPOS="614" VPOS="1260" WIDTH="73" HEIGHT="26" WC="0.96" CONTENT="beslut,"/><SP WIDTH="20" VPOS="1260" HPOS="687"/>
							<String ID="string_165" HPOS="707" VPOS="1262" WIDTH="30" HEIGHT="18" WC="0.96" CONTENT="att"/><SP WIDTH="24" VPOS="1262" HPOS="737"/>
							<String ID="string_166" HPOS="761" VPOS="1261" WIDTH="1" HEIGHT="19" WC="0.86" CONTENT="i"/><SP WIDTH="18" VPOS="1261" HPOS="762"/>
							<String ID="string_167" HPOS="780" VPOS="1261" WIDTH="12" HEIGHT="19" WC="0.95" CONTENT="2"/><SP WIDTH="19" VPOS="1261" HPOS="792"/>
							<String ID="string_168" HPOS="811" VPOS="1267" WIDTH="63" HEIGHT="13" WC="0.96" CONTENT="mom."/>
						</TextLine>
						<TextLine ID="line_27" HPOS="130" VPOS="1294" WIDTH="745" HEIGHT="23">
							<String ID="string_169" HPOS="130" VPOS="1297" WIDTH="53" HEIGHT="20" WC="0.92" CONTENT="efter"/><SP WIDTH="18" VPOS="1297" HPOS="183"/>
							<String ID="string_170" HPOS="201" VPOS="1296" WIDTH="77" HEIGHT="21" WC="0.88" CONTENT="orden:"/><SP WIDTH="20" VPOS="1296" HPOS="278"/>
							<String ID="string_171" HPOS="298" VPOS="1295" WIDTH="102" HEIGHT="20" WC="0.91" CONTENT="”allenast"/><SP WIDTH="15" VPOS="1295" HPOS="400"/>
							<String ID="string_172" HPOS="415" VPOS="1295" WIDTH="96" HEIGHT="20" WC="0.96" CONTENT="tvåtusen"/><SP WIDTH="16" VPOS="1295" HPOS="511"/>
							<String ID="string_173" HPOS="527" VPOS="1295" WIDTH="114" HEIGHT="20" WC="0.87" CONTENT="invånare”"/><SP WIDTH="17" VPOS="1295" HPOS="641"/>
							<String ID="string_174" HPOS="658" VPOS="1294" WIDTH="66" HEIGHT="21" WC="0.93" CONTENT="skulle"/><SP WIDTH="16" VPOS="1294" HPOS="724"/>
							<String ID="string_175" HPOS="740" VPOS="1295" WIDTH="88" HEIGHT="20" WC="0.93" CONTENT="insättas"/><SP WIDTH="15" VPOS="1295" HPOS="828"/>
							<String ID="string_176" HPOS="843" VPOS="1301" WIDTH="32" HEIGHT="14" WC="0.92" CONTENT="or-"/>
						</TextLine>
						<TextLine ID="line_28" HPOS="131" VPOS="1329" WIDTH="335" HEIGHT="28">
							<String ID="string_177" HPOS="131" VPOS="1332" WIDTH="51" HEIGHT="20" WC="0.96" CONTENT="den:"/><SP WIDTH="16" VPOS="1332" HPOS="182"/>
							<String ID="string_178" HPOS="198" VPOS="1331" WIDTH="78" HEIGHT="26" WC="0.0" CONTENT="enligt"/><SP WIDTH="15" VPOS="1331" HPOS="276"/>
							<String ID="string_179" HPOS="291" VPOS="1329" WIDTH="175" HEIGHT="27" WC="0.68" CONTENT="mantalslängd”:"/>
						</TextLine>
					</TextBlock>
					<TextBlock ID="block_10" HPOS="129" VPOS="1362" WIDTH="747" HEIGHT="97">
						<TextLine ID="line_29" HPOS="200" VPOS="1362" WIDTH="675" HEIGHT="28">
							<String ID="string_180" HPOS="200" VPOS="1364" WIDTH="94" HEIGHT="21" WC="0.92" CONTENT="Emedan"/><SP WIDTH="17" VPOS="1364" HPOS="294"/>
							<String ID="string_181" HPOS="311" VPOS="1364" WIDTH="61" HEIGHT="20" WC="0.92" CONTENT="äfven"/><SP WIDTH="12" VPOS="1364" HPOS="372"/>
							<String ID="string_182" HPOS="384" VPOS="1363" WIDTH="67" HEIGHT="27" WC="0.93" CONTENT="enligt"/><SP WIDTH="12" VPOS="1363" HPOS="451"/>
							<String ID="string_183" HPOS="463" VPOS="1363" WIDTH="112" HEIGHT="20" WC="0.92" CONTENT="utskottets"/><SP WIDTH="11" VPOS="1363" HPOS="575"/>
							<String ID="string_184" HPOS="586" VPOS="1363" WIDTH="54" HEIGHT="26" WC="0.92" CONTENT="äsigt"/><SP WIDTH="11" VPOS="1363" HPOS="640"/>
							<String ID="string_185" HPOS="651" VPOS="1362" WIDTH="68" HEIGHT="27" WC="0.92" CONTENT="nägon"/><SP WIDTH="11" VPOS="1362" HPOS="719"/>
							<String ID="string_186" HPOS="730" VPOS="1369" WIDTH="69" HEIGHT="14" WC="0.93" CONTENT="annan"/><SP WIDTH="11" VPOS="1369" HPOS="799"/>
							<String ID="string_187" HPOS="810" VPOS="1363" WIDTH="65" HEIGHT="26" WC="0.91" CONTENT="lämp-"/>
						</TextLine>
						<TextLine ID="line_30" HPOS="129" VPOS="1397" WIDTH="746" HEIGHT="29">
							<String ID="string_188" HPOS="129" VPOS="1399" WIDTH="66" HEIGHT="27" WC="0.95" CONTENT="ligare"/><SP WIDTH="22" VPOS="1399" HPOS="195"/>
							<String ID="string_189" HPOS="217" VPOS="1398" WIDTH="66" HEIGHT="27" WC="0.95" CONTENT="grund"/><SP WIDTH="21" VPOS="1398" HPOS="283"/>
							<String ID="string_190" HPOS="304" VPOS="1398" WIDTH="31" HEIGHT="20" WC="0.93" CONTENT="för"/><SP WIDTH="18" VPOS="1398" HPOS="335"/>
							<String ID="string_191" HPOS="353" VPOS="1397" WIDTH="158" HEIGHT="21" WC="0.91" CONTENT="bestämmande"/><SP WIDTH="16" VPOS="1397" HPOS="511"/>
							<String ID="string_192" HPOS="527" VPOS="1397" WIDTH="24" HEIGHT="20" WC="0.93" CONTENT="af"/><SP WIDTH="13" VPOS="1397" HPOS="551"/>
							<String ID="string_193" HPOS="564" VPOS="1397" WIDTH="108" HEIGHT="20" WC="0.92" CONTENT="städernes"/><SP WIDTH="15" VPOS="1397" HPOS="672"/>
							<String ID="string_194" HPOS="687" VPOS="1397" WIDTH="124" HEIGHT="26" WC="0.92" CONTENT="folkmängd"/><SP WIDTH="15" VPOS="1397" HPOS="811"/>
							<String ID="string_195" HPOS="826" VPOS="1397" WIDTH="49" HEIGHT="19" WC="0.91" CONTENT="icke"/>
						</TextLine>
						<TextLine ID="line_31" HPOS="129" VPOS="1430" WIDTH="747" HEIGHT="29">
							<String ID="string_196" HPOS="129" VPOS="1433" WIDTH="67" HEIGHT="20" WC="0.93" CONTENT="finnes"/><SP WIDTH="16" VPOS="1433" HPOS="196"/>
							<String ID="string_197" HPOS="212" VPOS="1435" WIDTH="26" HEIGHT="18" WC="0.93" CONTENT="än"/><SP WIDTH="16" VPOS="1435" HPOS="238"/>
							<String ID="string_198" HPOS="254" VPOS="1432" WIDTH="153" HEIGHT="27" WC="0.91" CONTENT="mantalslängd"/><SP WIDTH="16" VPOS="1432" HPOS="407"/>
							<String ID="string_199" HPOS="423" VPOS="1434" WIDTH="54" HEIGHT="18" WC="0.96" CONTENT="samt"/><SP WIDTH="15" VPOS="1434" HPOS="477"/>
							<String ID="string_200" HPOS="492" VPOS="1431" WIDTH="37" HEIGHT="20" WC="0.96" CONTENT="det"/><SP WIDTH="16" VPOS="1431" HPOS="529"/>
							<String ID="string_201" HPOS="545" VPOS="1431" WIDTH="24" HEIGHT="20" WC="0.93" CONTENT="af"/><SP WIDTH="11" VPOS="1431" HPOS="569"/>
							<String ID="string_202" HPOS="580" VPOS="1431" WIDTH="35" HEIGHT="20" WC="0.93" CONTENT="tvä"/><SP WIDTH="19" VPOS="1431" HPOS="615"/>
							<String ID="string_203" HPOS="634" VPOS="1431" WIDTH="61" HEIGHT="20" WC="0.92" CONTENT="ständ"/><SP WIDTH="17" VPOS="1431" HPOS="695"/>
							<String ID="string_204" HPOS="712" VPOS="1431" WIDTH="107" HEIGHT="20" WC="0.92" CONTENT="beslutade"/><SP WIDTH="16" VPOS="1431" HPOS="819"/>
							<String ID="string_205" HPOS="835" VPOS="1430" WIDTH="41" HEIGHT="20" WC="0.92" CONTENT="till-"/>
						</TextLine>
					</TextBlock>
				</ComposedBlock>
				<ComposedBlock ID="cblock_6" HPOS="129" VPOS="1464" WIDTH="746" HEIGHT="50">
					<TextBlock ID="block_11" HPOS="129" VPOS="1464" WIDTH="746" HEIGHT="50">
						<TextLine ID="line_32" HPOS="129" VPOS="1464" WIDTH="746" HEIGHT="30">
							<String ID="string_206" HPOS="129" VPOS="1467" WIDTH="79" HEIGHT="27" WC="0.92" CONTENT="lägget,"/><SP WIDTH="18" VPOS="1467" HPOS="208"/>
							<String ID="string_207" HPOS="226" VPOS="1466" WIDTH="81" HEIGHT="20" WC="0.93" CONTENT="hvilket"/><SP WIDTH="20" VPOS="1466" HPOS="307"/>
							<String ID="string_208" HPOS="327" VPOS="1466" WIDTH="59" HEIGHT="20" WC="0.93" CONTENT="torde"/><SP WIDTH="15" VPOS="1466" HPOS="386"/>
							<String ID="string_209" HPOS="401" VPOS="1465" WIDTH="64" HEIGHT="21" WC="0.93" CONTENT="hafva"/><SP WIDTH="14" VPOS="1465" HPOS="465"/>
							<String ID="string_210" HPOS="479" VPOS="1466" WIDTH="32" HEIGHT="20" WC="0.93" CONTENT="sin"/><SP WIDTH="16" VPOS="1466" HPOS="511"/>
							<String ID="string_211" HPOS="527" VPOS="1467" WIDTH="55" HEIGHT="18" WC="0.92" CONTENT="rätta"/><SP WIDTH="14" VPOS="1467" HPOS="582"/>
							<String ID="string_212" HPOS="596" VPOS="1465" WIDTH="56" HEIGHT="26" WC="0.96" CONTENT="plats"/><SP WIDTH="14" VPOS="1465" HPOS="652"/>
							<String ID="string_213" HPOS="666" VPOS="1464" WIDTH="28" HEIGHT="26" WC="0.96" CONTENT="pä"/><SP WIDTH="15" VPOS="1464" HPOS="694"/>
							<String ID="string_214" HPOS="709" VPOS="1464" WIDTH="36" HEIGHT="21" WC="0.96" CONTENT="det"/><SP WIDTH="14" VPOS="1464" HPOS="745"/>
							<String ID="string_215" HPOS="759" VPOS="1465" WIDTH="23" HEIGHT="20" WC="0.93" CONTENT="af"/><SP WIDTH="12" VPOS="1465" HPOS="782"/>
							<String ID="string_216" HPOS="794" VPOS="1464" WIDTH="81" HEIGHT="20" WC="0.93" CONTENT="Preste-"/>
						</TextLine>
						<TextLine ID="line_33" HPOS="785" VPOS="1496" WIDTH="23" HEIGHT="18">
							<String ID="string_217" HPOS="785" VPOS="1496" WIDTH="23" HEIGHT="18" WC="0.95" CONTENT="34"/>
						</TextLine>
					</TextBlock>
				</ComposedBlock>
				<GraphicalElement ID="cblock_7" HPOS="1064" VPOS="283" WIDTH="5" HEIGHT="900"></GraphicalElement >
			</PrintSpace>
		</Page>
	</Layout>
</alto>
