1070 1786
801 144 34 19 233

462 212 10 21 s
489 210 33 19 68.

186 257 42 20 Vill
246 256 120 21 befraktare
382 255 23 20 af
418 255 44 20 helt
477 255 70 26 fartyg
564 255 62 19 häfva
636 255 104 25 fraktslut,
752 255 38 20 och
802 255 66 20 finnes

118 292 19 24 ej
154 291 71 19 derom
242 290 99 20 särskildt
357 289 78 25 förord,
452 295 48 13 vare
517 289 39 19 han
575 289 117 25 berättigad
708 291 30 17 att
754 289 36 19 hos
802 289 64 19 befäl-

119 324 98 20 hafvaren
234 324 73 20 aftalet
323 326 99 24 uppsäga,
439 324 64 18 innan
520 322 116 26 liggetiden
654 324 32 18 ute
703 325 21 17 är
741 322 50 20 eller
803 322 63 26 farty-

118 361 35 24 get
168 358 96 26 afseglat,
280 359 53 18 samt
351 358 85 25 erlägge
456 356 26 20 då
502 356 80 20 hälften
602 357 22 19 af
642 356 98 26 betingad
757 356 55 20 frakt
827 357 38 19 och

118 392 97 26 kaplake,
232 392 107 19 äfvensom
357 391 109 25 betalning
485 390 32 19 för
533 390 189 26 öfverliggedagar,
739 397 32 12 om
788 390 79 20 sådana

118 429 35 23 egt
169 432 50 13 rum.
250 425 102 20 Omfattar
372 424 120 20 fraktslutet
512 424 49 19 flere
577 430 64 19 resor,
658 424 79 20 betalas
754 424 43 20 half
811 424 54 20 frakt

118 460 31 19 för
165 460 40 20 den
223 460 64 19 första
303 459 37 20 veh
358 458 112 26 fjerdedels
487 458 56 19 frakt
558 458 31 19 för
605 458 26 19 de
647 458 73 26 öfriga.

185 489 30 23 Är
231 493 66 20 lasten
315 493 30 19 till
361 495 66 17 större
444 492 50 20 eller
512 492 79 19 mindre
609 492 33 19 del
658 492 92 26 intagen,
766 499 48 13 vare
831 492 34 20 be-

118 527 98 25 fraktare,
232 533 43 13 som
293 527 72 19 aftalet
381 526 61 20 häfva
459 526 43 26 vill,
521 526 105 19 dessutom
646 526 85 26 skyldig
746 528 29 18 att
790 528 77 18 ersätta

119 560 177 21 omkostnaderna
322 561 32 20 för
379 560 113 26 inlastning
520 560 38 19 och
582 560 100 25 lossning,
708 562 29 17 att
761 560 107 20 återställa

118 595 63 19 redan
196 597 108 24 mottagna
315 595 108 25 exemplar
439 595 23 19 af
476 595 192 23 konnässementet,
683 596 53 17 samt
751 596 35 23 att,
802 595 63 19 innan

118 629 73 26 godset
208 629 96 26 utgifves,
323 628 90 26 fullgöra
432 628 26 20 all
476 628 31 19 sin
525 628 23 19 af
562 628 160 26 befraktningen
740 628 127 20 härrörande

120 662 243 27 betalningsskyldighet
378 662 52 20 eller
446 662 82 20 derföre
543 662 61 20 ställa
620 662 94 26 nöjaktig
730 662 105 20 säkerhet.

459 732 13 22 S
488 731 34 19 95.

186 776 42 20 Har
249 776 148 25 befälhafvare,
417 776 31 19 för
467 777 30 18 att
517 777 107 25 emottaga
642 776 45 25 last,
716 776 42 26 gjort
773 782 46 13 resa
835 776 30 19 till

119 817 68 13 annan
204 813 38 20 ort,
258 810 38 20 och
313 810 37 20 der
368 810 48 19 icke
436 810 80 19 kunnat
537 810 79 19 erhålla
639 811 75 25 godset
736 810 51 20 eller
810 810 57 20 finna

119 844 47 25 den,
182 850 43 14 som
243 844 61 20 bordt
318 844 116 20 detsamma
454 844 87 26 utgifva,
566 850 48 13 vare
638 844 84 26 skyldig
743 846 30 17 att
795 844 70 19 derom

120 878 52 19 både
188 878 84 19 anmäla
289 880 78 23 protest
379 878 38 19 och
429 878 150 25 ofördröjligen
592 878 120 19 underrätta
724 878 143 24 befraktaren;

117 912 72 20 afbide
206 912 39 20 ock
262 912 63 19 sedan
341 912 27 26 på
384 912 69 19 stället
469 911 106 27 utgången
593 913 22 18 af
629 912 121 26 liggetiden,
762 912 38 19 och
816 919 50 12 vare

119 946 90 20 derefter
230 947 116 25 berättigad
366 946 30 19 till
417 946 47 19 hela
479 946 40 19 den
537 947 106 19 utlofvade
660 946 81 27 frakten
755 947 66 25 jemte
837 947 28 18 öf-

119 980 45 25 riga
187 980 112 26 betingade
322 979 112 26 förmåner,
458 980 46 19 med
529 980 73 26 afdrag
623 980 23 19 af
664 980 54 19 hvad
735 980 30 19 för
781 981 85 18 annat
856 975 14 35 i

118 1014 70 19 stället
203 1014 80 26 intaget
298 1014 52 25 gods
366 1013 97 20 erhålles.

186 1047 53 20 Sker
260 1048 114 25 inlastning
392 1048 108 19 derstädes
518 1048 38 19 och
573 1048 72 19 häfves
661 1047 64 20 sedan
742 1047 125 25 fraktslutet,

119 1088 48 13 vare
184 1081 33 26 lag
232 1082 110 25 angående
362 1081 134 27 godtgörelse
513 1082 30 19 för
559 1081 185 27 öfverliggedagar
762 1081 39 20 och
817 1081 48 20 öfri-

118 1122 27 19 ga
160 1115 99 26 anspråk,
275 1116 67 19 såsom
359 1116 6 19 i
380 1117 11 22 $
407 1116 26 19 94
449 1118 67 23 säges.

460 1185 11 22 s
487 1183 34 19 96.

186 1229 78 19 Blifver
280 1228 114 26 inlastning
414 1228 65 20 under
499 1228 116 27 liggetiden
631 1229 128 26 ofulländad,
775 1230 38 19 och
830 1230 36 19 vill

118 1264 18 25 ej
154 1263 119 20 befraktare
289 1263 22 19 af
326 1263 47 19 hela
393 1263 92 26 fartyget
504 1265 94 24 uppsäga
616 1263 126 26 fraktslutet,
758 1267 49 16 utan
824 1264 42 20 låta

119 1297 157 20 befälhafvaren
293 1297 68 19 afresa
377 1297 46 20 med
440 1297 41 25 det,
497 1303 44 13 som
561 1297 93 26 intagits,
671 1304 49 13 vare
736 1298 85 26 skyldig
836 1301 30 17 att

118 1331 120 20 oafkortadt
256 1331 88 26 erlägga
365 1331 98 26 betingad
482 1331 61 24 frakt,
560 1331 39 20 och
617 1331 157 20 befälhafvaren
791 1339 39 19 ege
846 1333 19 25 ej

118 1368 40 16 ratt
172 1367 30 17 att
217 1367 49 16 utan
285 1364 143 20 befraktarens
444 1365 111 26 samtycke
572 1366 96 25 medtaga
683 1372 69 13 annan
768 1366 45 19 last.

185 1398 99 20 Befinnes
304 1398 34 19 det
357 1398 102 20 inlastade
479 1399 62 19 hafva
559 1399 23 19 sä
601 1399 61 26 ringa
681 1399 70 26 värde,
767 1402 29 17 att
811 1401 56 19 frakt

118 1433 38 19 och
173 1433 67 25 öfriga
256 1432 148 19 omkostnader
420 1432 45 20 icke
481 1433 73 20 kunna
565 1433 85 20 dermed
663 1434 104 25 betäckas,
779 1435 39 18 och
830 1435 36 19 vill

118 1467 19 25 ej
154 1466 134 20 befraktaren
304 1466 83 20 derföre
402 1466 62 20 ställa
479 1473 68 13 annan
565 1467 105 25 säkerhet,
687 1467 33 20 mä
738 1467 128 22 befälhafva-
