1070 1786
226 149 36 18 496

261 212 75 25 medel,
353 212 47 21 dem
415 214 70 19 staten
500 213 23 20 åt
537 212 75 21 staden
629 212 96 27 beviljat,
740 212 64 25 skall,
821 212 38 21 der
874 213 20 27 ej
909 219 39 14 an-

261 247 111 20 norlunda
394 247 103 27 stadgadt
517 249 32 23 är,
567 247 71 21 såsom
654 247 95 28 tillgång
764 247 35 20 till
819 246 129 21 betäckande

261 280 31 27 af
302 281 89 21 stadens
412 287 157 21 gemensamma
591 280 93 28 utgifter
704 287 62 15 anses
785 281 39 20 och
835 280 111 27 förvaltas

258 315 33 26 på
306 316 44 19 sätt
365 314 42 21 här
421 314 72 22 nedan
508 316 67 26 säges.

329 348 49 21 Den
397 348 106 28 egendom,
526 355 45 14 som
591 348 107 22 särskildt
713 348 76 21 tillhör
817 349 72 27 någon
904 348 42 21 viss

261 382 59 21 klass
331 382 30 27 af
371 383 89 21 stadens
475 382 143 27 medlemmar,
634 382 38 21 bör
682 382 114 27 förvaltas
812 382 36 21 och
864 384 82 19 använ-

261 417 40 21 das
316 416 9 21 i
340 416 94 28 enlighet
451 417 48 21 med
515 416 25 22 de
550 416 152 28 föreskrifter,
721 416 72 22 hvilka
813 416 75 22 härom
907 418 38 20 äro

259 451 111 27 gällande.

332 484 45 22 Till
393 484 138 22 bestridande
546 484 30 28 af
586 484 98 28 utgifter,
700 491 52 20 som,
766 484 87 28 utöfver
868 485 25 21 de
907 485 9 21 i
930 486 14 19 1

260 526 62 14 mom.
342 518 29 28 af
386 519 72 21 denna
473 519 14 27 $
503 518 145 28 omförmälda
667 519 129 27 tillgångar,
815 519 74 21 kunna
909 520 35 20 till

261 554 87 21 stadens
363 560 157 21 gemensamma
539 560 58 21 gagn
612 554 52 21 eller
674 553 43 27 för
732 552 110 23 särskilda
853 553 47 21 dess
911 553 33 21 be-

260 587 44 27 hof
320 587 121 28 erfordras,
464 589 39 19 äro
519 587 137 21 kommunens
674 588 138 20 medlemmar
837 588 107 20 underka-

260 622 61 21 stade
336 622 143 28 beskattning,
491 622 32 27 på
537 624 44 18 sätt
597 622 39 21 och
650 622 68 28 enligt
734 622 25 20 de
767 622 96 28 grunder
875 622 70 20 denna

254 656 138 28 förordning
406 656 107 21 utstakar.

571 708 15 27 $
601 710 19 19 7.

329 748 80 21 Denna
428 748 137 27 förordning
583 749 40 26 gör
641 748 46 20 icke
707 749 72 26 någon
797 748 96 27 ändring
911 748 33 20 uti

260 782 26 21 de
301 782 139 21 kommunala
454 781 128 28 rättigheter
597 782 37 20 och
644 781 161 28 förpligtelser,
821 788 44 14 som
878 782 67 27 enligt

259 816 113 28 grundlag
386 816 52 20 eller
445 816 128 27 privilegier
583 816 49 20 med
641 816 188 27 grundlagshelgd
839 816 105 20 särskildt

259 850 120 22 tillkomma
397 850 57 21 vissa
469 850 138 21 medlemmar
622 849 30 28 af
664 857 26 13 en
704 850 169 21 stadskommun.

530 907 15 22 2
559 907 112 28 Kapitlet.

501 953 31 20 Om
547 953 157 20 rädhusstämma,

574 1005 15 27 $
604 1005 20 20 8.

328 1044 184 22 Rädhusstämma
530 1044 69 21 hålles
618 1043 62 28 inför
700 1044 146 27 Magistraten
865 1045 9 20 i
893 1045 51 20 råd-

258 1078 61 22 huset
329 1079 71 21 under
410 1078 188 28 ordförandeskap
610 1078 30 27 af
650 1078 170 27 Borgmästaren
836 1078 52 21 eller
903 1079 41 20 den

257 1113 57 21 hans
329 1113 64 21 ställe
404 1112 136 28 företräder,
556 1112 37 22 och
608 1112 60 21 skola
679 1112 207 28 förhandlingarna
897 1113 46 21 der-

256 1147 38 21 vid
308 1154 54 14 vara
377 1147 122 28 offentliga.

571 1198 16 28 $
601 1200 19 19 9.

328 1239 37 21 Uti
388 1239 56 25 stad,
468 1239 39 20 der
529 1239 137 21 kommunens
688 1238 172 21 beslutanderätt
879 1240 27 19 är
920 1239 23 21 åt

255 1273 203 28 stadsfullmäktige
485 1272 126 28 öfverlåten,
638 1279 36 21 ege
700 1273 20 27 ej
742 1273 83 20 allmän
850 1273 92 21 rådhus-

255 1309 92 20 stämma
367 1314 49 14 rum
426 1307 41 27 för
483 1309 68 18 annat
566 1307 110 26 ändamål,
692 1308 30 19 än
737 1307 35 20 till
787 1307 36 20 val
838 1305 29 29 af
872 1307 70 21 stads-

251 1341 151 28 fullmäktige,
418 1341 30 27 af
459 1341 117 21 ledamöter
586 1341 9 20 i
606 1340 227 28 taxeringsnämnden,
853 1341 88 21 hvarom

254 1376 9 21 i
278 1377 29 20 54
321 1376 15 27 $
350 1377 69 26 säges,
440 1375 39 21 och
498 1375 29 27 af
541 1375 107 21 revisorer
661 1374 43 27 för
722 1377 33 18 att
769 1375 96 27 granska
881 1375 60 21 redo-

254 1410 98 28 görelsen
370 1409 62 26 öfver
446 1409 138 20 kommunens
597 1407 254 29 penningeförvaltning,
867 1409 74 26 äfven-

254 1451 46 14 som
319 1443 35 21 till
372 1443 168 28 handläggning
559 1442 30 28 af
604 1443 40 20 den
669 1443 4 20 i
688 1443 14 20 3
722 1449 61 14 mom.
803 1443 14 20 5
831 1443 15 27 $
861 1443 80 27 omför-

254 1477 76 22 mälda
340 1477 78 28 fråga.
