1070 1786
218 155 34 19 356

185 219 75 20 neradt
285 219 53 19 befäl
362 219 56 25 finge
442 218 107 19 användas
573 217 12 20 &
609 217 73 26 sjöfart
702 217 29 20 till
750 218 113 20 hamnarne
878 219 55 19 inom

186 249 118 30 Östersjön,
325 253 26 19 då
374 252 99 20 tillåtelse
496 251 70 20 dertill
586 252 89 19 lemnats
692 252 33 19 vid
742 252 73 26 sjöfart
830 252 12 20 å
857 252 78 20 Finska

186 287 39 19 och
245 287 111 19 Bottniska
379 287 95 24 vikarne,
490 286 77 25 hvilka,
584 285 66 26 enligt
666 286 41 19 alla
722 287 93 24 sjömäns
831 287 102 24 omdöme,

186 323 36 17 äro
238 320 26 20 de
282 320 79 20 svårast
377 320 128 26 navigerade
520 320 7 18 i
543 319 50 20 våra
609 320 119 26 nordligare
746 320 109 20 farvatten.
882 320 50 26 Läg-

186 361 37 20 ges
239 354 70 20 härtill
326 354 39 20 den
382 354 156 26 omständighet
553 356 29 17 att
598 360 25 13 en
636 354 47 19 med
700 353 165 27 knapphändiga
881 354 51 18 kun-

186 388 77 26 skaper
286 388 162 26 genomgången
471 394 88 13 examen
583 387 88 20 alldeles
695 387 47 20 icke
766 387 80 20 lemnar
869 387 64 26 några

186 422 107 26 garantier
314 422 30 19 för
360 421 129 27 skicklighet
507 422 6 18 i
529 421 70 26 yrket,
615 421 26 20 då
657 421 95 20 deremot
767 421 40 20 den
825 420 108 26 praktiska

186 456 123 26 sjömannen
333 456 65 19 under
422 455 83 25 årslång
526 455 118 20 erfarenhet
670 455 81 19 kunnat
773 455 67 20 samla
855 455 31 25 sig
902 455 30 19 så-

187 490 55 20 dana
257 489 89 26 insigter
361 490 7 18 i
384 489 125 20 hithörande
528 492 74 16 ämnen
626 491 30 17 att
672 489 107 19 desamma
799 489 47 19 icke
862 489 22 19 af
898 489 34 19 nå-

186 530 41 20 gon
251 530 89 13 examen
365 523 71 20 kunna
459 526 112 23 uppvägas,
588 530 61 13 anser
670 524 36 25 jag
728 523 42 26 mig
794 523 31 20 för
842 524 41 18 min
900 524 32 19 del

185 558 49 19 icke
257 557 72 20 kunna
352 557 87 26 bidraga
462 557 30 20 till
516 556 100 20 stiftande
638 557 23 20 af
682 563 24 14 en
729 557 40 26 lag,
786 563 43 14 som
846 557 87 20 sålunda

186 594 48 17 utan
253 591 147 20 motsvarande
416 591 91 19 fördelar
523 591 84 19 komme
622 592 30 18 att
668 591 61 25 lägga
745 591 54 19 band
816 591 12 19 å
843 591 39 19 den
896 591 38 19 fria

186 625 110 26 näringen.

254 670 10 20 I
280 670 151 20 ofvanstående
447 670 127 19 reservation
591 670 73 19 förena
678 670 43 26 sig:

227 720 23 21 J.
266 720 130 22 Pettersson.
485 720 27 21 A.
528 720 21 20 J.
565 720 103 21 Jansson.
755 720 22 20 J.
796 720 80 22 Klami.

290 806 30 20 Af
332 802 211 30 Landtdagsmännen
559 804 22 21 J.
597 805 25 20 E.
638 804 127 28 Rosenberg.

256 851 40 20 Vid
314 851 155 25 behandlingen
490 851 23 20 af
527 851 36 20 det
577 851 83 26 Nädiga
675 851 101 26 förslaget
798 851 30 20 till
844 852 87 19 Förord-

187 886 50 25 ning
255 892 33 13 om
305 885 163 25 Sjömanshusen
492 886 37 18 har
545 885 185 26 Sjölagsutskottet
752 887 68 17 ansett
835 886 32 25 sig
884 886 49 19 böra

187 919 75 26 frängä
278 918 39 20 den
334 919 6 18 i
356 919 65 26 sagde
438 919 77 26 förslag
530 914 113 31 godkända
659 919 89 26 princip,
764 921 30 17 att
809 919 72 26 hvarje
893 920 39 25 sjö-

187 953 99 20 manshus
302 953 30 19 för
350 953 32 26 sig
398 959 50 13 vore
461 953 126 26 berättigadt
597 954 30 18 att
642 952 90 20 förvalta
747 953 45 25 och,
804 953 67 20 säsom
883 959 49 20 pen-

187 987 45 20 sion
249 987 53 20 eller
324 987 101 26 tillfälligt
447 987 120 25 understöd,
584 986 70 20 utdela
676 987 117 20 detsamma
811 987 67 26 enligt
893 987 39 19 för-

188 1021 68 26 slaget
272 1021 158 19 tillkommande
455 1021 116 19 inkomster
587 1022 53 18 samt
663 1021 93 19 förordat
771 1027 24 13 en
813 1027 119 20 gemensam

187 1055 218 26 pensionsinrättning
422 1055 30 19 för
468 1055 81 19 landets
564 1054 41 20 alla
620 1055 88 25 sjömän.
731 1055 40 19 För
787 1055 42 19 min
847 1055 32 20 del
894 1055 39 19 kan

185 1089 37 26 jag
237 1089 49 19 icke
303 1089 80 19 biträda
399 1089 70 19 denna
485 1088 111 20 utskottets
612 1088 54 26 åsigt
681 1089 6 18 i
704 1088 72 25 saken,
793 1089 96 19 hvarföre
898 1089 37 26 jag

188 1125 59 24 tager
264 1123 42 25 mig
322 1123 89 19 friheten
428 1125 30 17 att
481 1123 36 19 hos
534 1122 81 20 landets
632 1122 122 26 Höglofliga
769 1121 90 21 Ständer
875 1123 58 19 vörd-

188 1159 52 17 samt
256 1156 77 19 föreslå
349 1158 29 18 att
394 1157 35 19 det
444 1157 83 26 Nådiga
542 1156 236 26 författningsförslaget
794 1156 5 19 i
817 1156 69 20 denna
901 1156 33 19 del

188 1190 70 20 blefve
275 1192 91 24 antaget.

257 1236 9 19 I
282 1235 69 20 derma
366 1235 127 20 reservation
511 1235 73 20 förena
599 1235 41 26 sig:

327 1287 27 20 A.
370 1286 22 20 J.
410 1286 103 21 Jansson.
674 1285 22 21 J.
714 1286 81 21 Klami.
