1070 1786
240 138 35 17 266

206 203 188 26 omständigheter,
414 203 73 20 hvilka
505 203 32 20 för
555 203 77 20 honom
649 204 48 25 sjelf
711 204 70 20 kända
796 207 42 23 äro,
855 211 44 14 som
916 205 39 19 ock

206 237 37 20 allt
258 237 55 20 hvad
328 237 6 19 i
350 237 65 20 saken
436 237 83 20 erfarits
534 238 22 19 af
570 237 218 27 försäkringstagaren
809 239 50 19 eller
879 245 75 18 annan,

206 278 44 13 som
267 271 55 20 förut
338 271 100 26 möjligen
454 272 52 25 tagit
522 271 118 27 befattning
656 272 47 20 med
724 272 152 27 försäkringen.
907 272 48 20 För-

206 312 92 12 summas
314 305 63 25 detta,
394 312 48 12 vare
458 305 147 26 försäkringen
621 306 81 26 ogiltig.

275 339 44 19 Kan
340 339 36 20 det
395 339 83 26 styrkas
497 341 30 17 att
541 339 48 20 icke
605 340 115 26 uppgifven
737 340 155 26 omständighet
908 340 44 19 blif-

207 374 30 19 vit
252 374 31 18 för
298 373 215 26 försäkringstagaren
531 373 22 20 så
569 376 46 17 sent
632 374 84 25 bekant,
728 376 30 17 att
769 374 40 19 han
821 374 70 19 derom
908 373 46 20 icke

206 408 81 18 kunnat
302 408 121 19 underrätta
438 408 106 24 ombudet,
560 408 46 19 med
629 408 81 19 mindre
726 411 25 16 än
768 410 29 17 att
813 408 82 19 derföre
911 408 43 19 vid-

206 444 49 23 taga
274 442 178 25 utomordentliga
469 441 105 27 åtgärder,
595 441 53 20 skall
667 442 74 19 aftalet
760 442 67 19 såsom
848 442 108 26 fullgiltigt

206 475 128 21 efterlefvas.
365 475 41 20 Har
427 475 68 27 någon
514 477 48 17 utan
585 475 100 20 särskildt
704 476 95 26 uppdrag
819 476 38 19 och
876 475 79 20 försäk-

206 510 156 26 ringstagarens
383 509 94 26 vetskap,
497 510 30 19 för
547 510 79 19 dennes
645 509 97 27 räkning,
759 510 52 26 tagit
827 510 127 25 försäkring,

207 550 49 14 vare
272 544 73 20 aftalet
361 544 150 25 beståndande,
527 544 65 19 ehuru
607 544 48 19 icke
672 544 25 19 de
714 544 185 26 omständigheter,
911 550 43 13 som

207 579 53 19 varit
276 579 31 19 för
323 578 216 26 försäkringstagaren
561 578 75 24 kända,
657 578 68 19 blifvit
748 578 23 19 af
787 578 99 20 ombudet
904 583 50 19 upp-

206 612 64 26 gifna.

545 660 10 22 $
573 658 45 19 199.

274 700 30 22 Är
320 703 69 26 någon
407 704 116 25 väsendtlig
539 703 156 26 omständighet
706 702 34 20 vid
753 702 156 26 försäkringens
925 702 29 20 af-

206 738 96 20 slutande
317 738 87 26 oriktigt
420 738 122 26 uppgifven,
558 738 53 19 skall
626 737 146 25 försäkringen
783 737 66 25 jemte
861 736 92 26 premien

207 778 49 14 vara
274 772 120 24 förverkad,
412 772 87 19 oaktadt
518 771 109 26 uppgiften
647 771 69 19 blifvit
734 770 6 19 i
760 770 40 26 god
820 772 31 18 tro
870 770 84 20 medde-

206 806 40 20 lad.
276 806 94 19 Afslutas
389 806 118 26 försäkring
529 808 42 17 mot
587 805 49 25 fara,
653 804 87 20 hvilken
757 804 47 20 icke
821 806 74 24 genast
911 805 42 19 vid-

207 844 65 23 tager,
288 840 68 20 såsom
372 840 7 19 i
395 842 10 22 $
424 840 37 19 178
479 843 66 23 säges,
562 842 48 16 utan
627 841 30 17 att
672 838 97 20 anmälan
786 844 33 14 om
831 838 74 20 sådant
916 838 39 20 för-

206 874 98 20 hållande
320 874 55 25 sker,
391 874 51 19 eller
458 874 123 19 försummar
597 872 218 26 försäkringstagaren
827 874 30 17 att
867 872 89 26 upplysa

206 909 39 19 och
261 907 83 20 anmäla
362 914 33 13 om
416 907 78 20 sådana
513 907 179 26 omständigheter
713 906 23 19 af
753 907 50 24 vigt,
823 912 45 13 som
889 906 66 19 finnas

206 943 27 26 på
249 942 97 19 särskilta
361 942 65 19 andra
445 942 73 19 ställen
535 941 7 19 i
559 941 68 20 denne
644 941 34 25 lag
694 939 145 26 omförmälda,
856 946 49 13 vare
920 940 35 26 lag

206 983 86 13 samma.

544 1033 10 22 $
569 1031 48 20 200.

274 1078 80 20 Varder
370 1078 69 26 fartyg
455 1084 42 13 som
514 1076 67 27 enligt
599 1075 49 20 aftal
669 1075 61 20 bordt
746 1075 27 26 gä
788 1075 65 20 under
871 1075 84 26 konvoj,

206 1112 148 27 uppbringadt,
370 1113 63 18 innan
446 1111 35 20 det
492 1111 31 19 till
535 1111 106 25 konvojen
659 1109 123 26 ankommit,
794 1109 33 19 mä
841 1109 56 20 detta
909 1109 47 20 icke

206 1147 76 19 räknas
298 1146 218 25 försäkringstagaren
536 1144 31 19 till
590 1145 46 25 last,
654 1144 44 19 ifall
719 1144 39 19 han
778 1143 110 26 rätteligen
906 1150 49 19 upp-

206 1181 66 25 gifvit,
289 1180 26 26 pä
332 1180 81 19 hvilket
428 1179 59 19 ställe
504 1179 106 25 konvojen
627 1179 67 18 finnes
711 1177 38 20 och
767 1177 60 19 bordt
842 1177 87 25 uppnäs.

544 1249 10 22 s
571 1246 47 20 201.

274 1290 30 23 Är
319 1293 119 26 försäkring
457 1293 88 20 afslutad
567 1294 43 18 mot
625 1292 51 25 fara,
692 1297 44 14 som
754 1290 64 20 redan
835 1290 73 25 börjat,
924 1290 31 19 sä-

206 1335 42 13 som
270 1328 6 19 i
296 1329 9 22 $
324 1327 40 20 180
386 1330 68 23 säges,
477 1327 39 20 och
540 1327 78 19 erfares
638 1325 64 20 sedan
724 1327 30 17 att
774 1324 66 20 skada
863 1324 59 19 timat
944 1324 12 19 å

207 1363 39 19 den
267 1361 122 20 försäkrade
410 1361 138 26 egendomen,
568 1360 68 19 förrän
660 1359 73 20 aftalet
755 1359 69 19 blifvit
847 1358 107 25 ingänget,

207 1403 48 13 vare
275 1395 202 26 försäkringstagare
499 1395 39 19 och
562 1394 80 19 dennes
665 1393 85 25 ombud,
769 1399 32 12 om
826 1391 23 20 sä
868 1392 86 25 fordras,

204 1430 90 27 pligtige
311 1431 31 18 att
361 1429 47 20 med
426 1429 32 20 sin
478 1429 26 20 ed
524 1428 79 26 styrka,
622 1429 30 18 att
670 1427 26 19 de
712 1427 8 18 i
736 1426 39 26 god
797 1428 31 17 tro
848 1425 38 20 och
906 1428 49 17 utan

205 1463 118 20 kännedom
340 1469 34 14 om
390 1463 80 20 skadan
487 1462 145 27 försäkringen
649 1461 91 20 afelutat.
