1070 1786
228 149 35 18 580

262 210 69 21 beslut
345 209 75 28 fattas
438 211 38 20 vid
496 210 210 29 stadsfullmäktiges
725 212 169 25 sammanträde,
911 213 38 20 der

262 244 47 21 icke
323 245 66 20 minst
405 245 171 27 tvåtredjedelar
591 245 30 27 af
632 245 64 22 deras
712 245 50 22 hela
775 247 62 20 antal
851 249 38 18 äro
905 247 43 20 till-

262 279 79 20 städes.

334 311 82 22 Uteblir
429 311 140 29 ordförande,
581 313 44 21 vice
636 313 135 27 ordförande
787 314 53 21 eller
856 314 92 21 ledamot

257 345 60 27 från
335 348 69 18 utsatt
421 347 161 20 sammanträde
600 349 54 19 utan
672 348 100 20 anmäldt
789 348 40 20 och
847 348 30 27 af
888 348 60 27 full-

261 380 95 27 mäktige
370 380 114 28 godkändt
499 380 83 26 hinder,
598 381 53 21 eller
667 381 114 28 aflägsnar
796 382 44 21 han
850 383 34 27 sig
894 384 54 19 utan

261 414 62 27 dylik
338 414 64 21 orsak
417 414 70 21 innan
502 415 173 21 sammanträdet
690 416 85 25 slutats,
792 416 87 28 erlägge
889 416 8 20 i
907 416 42 20 vite

261 448 36 20 till
312 448 88 21 stadens
415 448 66 22 kassa
491 448 42 28 för
548 448 75 29 hvarje
638 450 64 27 gång,
719 449 134 28 ordförande
863 456 37 15 sex
911 450 37 20 och

259 482 45 20 vice
315 482 133 27 ordförande
458 483 53 21 eller
526 483 92 21 ledamot
634 486 32 18 tre
680 483 69 27 mark,
765 491 46 14 men
827 484 86 21 dubbelt
922 484 25 20 så

260 516 87 28 mycket,
364 516 39 21 der
417 518 163 20 sammanträde
590 518 42 27 för
647 518 25 21 de
687 518 150 22 närvarandes
852 518 96 28 fåtalig-

260 550 36 21 het
310 551 68 21 måste
392 551 104 22 inställas
511 552 53 21 eller
578 552 109 27 upplösas.

570 609 15 27 $
600 610 34 20 38.

330 653 157 28 Magistratens
503 654 135 27 ordförande
653 655 58 25 eller,
726 654 53 28 ifall
788 655 30 27 af
823 655 78 21 hinder
906 654 41 28 för

258 687 84 26 honom,
365 688 42 20 den
425 688 31 27 af
469 688 149 26 ledamöterne,
641 695 45 15 som
706 688 146 28 Magistraten
871 689 74 21 dertill

258 724 72 22 utsett,
350 723 27 19 är
392 722 84 27 pligtig
495 724 32 19 att
544 722 37 21 vid
603 722 211 28 stadsfullmäktiges
839 730 106 14 samman-

260 756 61 20 träde
339 756 162 21 tillstädesvara
520 756 38 21 och
576 756 41 21 har
638 758 46 20 rätt
699 759 33 19 att
747 757 9 21 i
771 757 173 28 öfverläggning,

258 796 49 14 men
321 789 45 21 icke
381 790 9 20 i
405 790 68 21 beslut
487 790 94 28 deltaga.

332 823 83 21 Uteblir
434 824 156 28 Magistratens
609 824 134 27 ordförande
763 825 54 21 eller
832 825 41 21 den
890 824 55 22 hans

258 858 64 20 ställe
340 856 136 28 företräder,
499 858 94 21 hindrar
609 858 81 21 sådant
709 858 45 21 icke
775 858 169 28 öfverläggning

260 891 39 21 och
315 891 73 22 beslut.

570 950 15 27 $
600 950 34 20 39.

327 994 45 21 För
384 995 75 27 hvarje
465 995 78 27 fråga,
555 1001 45 15 som
612 995 34 20 till
659 995 131 28 behandling
797 995 147 27 förekommit,

260 1029 58 20 skall
342 1029 157 27 ordföranden,
524 1029 69 20 sedan
612 1029 194 28 öfverläggningen
818 1029 127 28 förklarats

260 1063 80 25 slutad,
355 1062 128 27 framställa
494 1063 144 27 proposition,
655 1063 26 20 sä
696 1063 102 26 affattad,
814 1065 33 19 att
858 1063 41 21 den
908 1064 36 20 mä

259 1096 75 21 kunna
348 1097 48 20 med
410 1097 77 20 endast
491 1097 29 28 ja
530 1097 52 21 eller
597 1097 37 27 nej
648 1096 107 21 besvaras.
786 1097 158 27 Ordföranden

258 1130 59 28 gifve
332 1130 93 28 derefter
440 1131 110 21 tillkänna
565 1131 64 25 huru,
646 1131 66 27 enligt
727 1130 55 21 hans
793 1131 150 28 uppfattning,

260 1164 88 21 beslutet
363 1165 89 27 utfallit
467 1165 38 21 och
521 1165 80 27 befäste
616 1165 123 25 detsamma,
756 1165 37 20 der
810 1165 134 27 omröstning

259 1199 22 27 ej
300 1198 94 28 begäres,
412 1199 48 21 med
481 1198 119 28 klubbslag.
629 1194 73 26 Äskas
726 1199 139 27 omröstning,
884 1199 60 21 verk-

258 1233 75 21 ställes
350 1233 41 21 den
411 1235 69 26 öppet,
502 1235 59 20 utom
583 1233 36 21 vid
642 1233 42 21 val.
714 1232 108 22 Rösterna
847 1232 97 29 afgifvas

258 1267 55 27 efter
326 1273 92 22 upprop,
435 1267 38 21 och
487 1274 50 21 eger
551 1267 75 28 hvarje
646 1267 189 28 stadsfullmäktig
850 1274 25 14 en
891 1269 52 19 röst.

263 1301 113 28 Utgången
399 1301 123 22 bestämmes
542 1308 74 21 genom
632 1301 61 22 enkel
706 1301 167 28 röstpluralitet.
907 1301 35 22 Ut-

252 1336 64 27 falla
330 1336 37 21 vid
380 1337 69 26 öppen
463 1336 133 27 omröstning
609 1337 99 20 rösterna
719 1335 42 28 för
774 1335 110 22 hvardera
902 1343 41 14 me-

258 1370 80 27 ningen
360 1370 52 25 lika,
436 1370 58 28 gälle
509 1370 41 21 den
565 1371 87 26 mening
667 1369 152 28 ordföranden
839 1369 103 22 biträder.

262 1403 42 22 Vid
325 1404 36 21 val
384 1404 123 21 bestämmes
525 1404 126 27 företrädet
672 1404 80 21 mellan
776 1404 54 25 dem,
850 1411 45 14 som
911 1411 31 14 er-

257 1437 64 22 hållit
337 1437 47 22 lika
398 1439 63 20 antal
475 1439 76 25 röster,
567 1445 76 21 genom
658 1438 102 27 lottning.
