1070 1786
813 148 34 17 231

131 211 45 25 riga
194 210 194 24 konnässementer,
409 209 70 19 hvilka
500 209 51 20 böra
570 209 92 20 utfärdas
678 210 6 19 i
700 209 22 20 så
738 209 75 26 många
828 209 51 19 lika-

131 244 92 26 lydande
239 243 114 26 exemplar,
369 250 43 13 som
430 243 77 26 nödiga
527 246 42 22 äro,
588 247 52 16 samt
657 243 42 20 alla
715 250 48 13 vara
779 243 22 19 af
816 243 63 19 befäl-

132 278 99 19 hafvaren
255 277 113 26 godkända
391 277 39 20 och
454 277 154 20 underskrifna.
639 278 35 19 Ett
688 277 24 20 af
725 277 53 25 dem,
801 277 80 19 försedt

131 312 46 18 med
198 311 145 19 befraktarens
362 310 135 25 underskrift,
517 311 52 19 skall
591 311 36 19 hos
647 311 155 20 befälhafvaren
819 316 60 20 qvar-

130 347 81 18 stanna.

476 398 9 22 $
503 396 33 20 88.

198 441 167 19 Konnässement
384 440 40 20 kan
444 441 72 19 ställas
532 441 31 19 till
579 442 110 19 aflastaren
709 442 52 25 sjelf,
778 442 100 19 befälhaf-

132 482 62 12 varen
211 475 51 19 eller
278 480 67 14 annan
363 474 41 20 viss
421 481 47 13 man
485 475 52 19 eller
553 475 30 19 till
600 476 60 18 deras
672 476 67 19 order.
765 476 49 19 Deri
825 476 54 19 skall

132 509 110 25 uppgifvas
257 508 101 26 fartygets
374 514 62 14 namn
456 508 37 20 och
512 509 88 25 hemort,
616 510 47 19 dess
680 509 148 26 befälhafvare,
845 516 34 13 va-

131 549 48 13 rans
194 542 111 20 afsändare
321 542 38 20 och
376 544 137 25 emottagare,
533 543 30 19 in-
579 544 38 18 och
635 543 192 26 utlastningsorten,
843 543 36 20 det

131 577 102 19 inlastade
250 576 83 25 godsets
350 576 133 26 myckenhet,
502 577 146 20 beskaffenhet
664 578 38 18 och
719 577 92 25 märken,
826 579 54 18 samt

132 611 39 19 den
197 610 112 26 betingade
332 610 89 25 frakten,
444 610 108 20 äfvensom
577 614 36 16 när
631 611 39 19 och
690 612 26 18 uti
736 611 49 19 huru
803 611 76 26 många

132 644 107 26 exemplar
256 644 185 19 konnässementet
457 644 69 19 blifvit
545 644 110 20 utfärdadt.
685 644 124 26 Isynnerhet
825 644 53 20 skall

131 678 59 26 gods,
206 684 43 13 som
268 677 79 20 medför
363 680 65 17 större
445 678 49 26 fara,
513 685 54 19 noga
582 679 116 26 uppgifvas.

475 748 9 22 s
501 746 33 19 89.

198 792 77 19 Förrän
296 791 50 25 gods
365 791 81 25 intaget
463 794 28 20 är,
509 791 32 19 må
557 792 19 25 ej
593 791 163 20 konnässement
770 792 71 19 derom
858 792 23 19 af

133 826 141 20 befälhafvare
294 824 158 20 undertecknas.
482 824 54 20 Sker
555 825 36 20 det
609 826 71 24 likväl,
700 832 48 13 vare
764 826 39 19 han
819 825 58 26 skyl-

132 853 35 33 dig
182 862 30 17 att
228 859 29 19 till
274 861 141 23 emottagaren
432 865 89 13 ansvara
539 859 31 19 för
590 859 52 20 hvad
659 866 74 19 genom
751 859 126 19 underskrif-

131 895 34 18 ten
181 893 107 26 godkändt
305 895 27 16 är.

199 927 77 19 Finner
293 927 157 18 befälhafvaren
466 926 34 19 vid
517 926 115 26 inlastning
649 926 67 26 någon
734 927 50 19 brist
795 926 12 19 å
818 926 60 25 gods,

133 961 67 20 såsom
216 964 29 16 att
262 961 35 18 det
312 963 22 16 är
350 961 90 24 skämdt,
456 960 91 19 skadadt
561 961 52 19 eller
628 961 36 19 illa
676 960 90 25 beklädt,
778 960 51 19 eller
841 960 37 19 har

132 996 38 19 han
188 995 110 25 emottagit
321 1001 59 13 varor
404 997 46 16 utan
473 995 100 26 mätning,
598 995 91 26 vägning
712 995 52 19 eller
782 994 96 26 räkning,

132 1029 52 20 eller
200 1029 84 26 packor,
302 1029 64 18 kistor
382 1029 52 19 eller
451 1028 51 25 kärl,
520 1028 82 19 hvilkas
617 1029 93 19 innehåll
721 1031 23 17 är
755 1029 30 19 för
801 1029 76 18 honom

132 1063 98 24 obekant,
247 1063 75 18 teckne
338 1062 71 20 derom
428 1062 29 19 till
475 1063 32 18 sin
524 1062 100 20 säkerhet
642 1062 102 20 förbehåll
760 1062 12 19 å
788 1062 90 19 konnäs-

133 1099 108 17 sementet.

476 1149 10 21 s
503 1147 31 19 90.

200 1192 8 19 I
224 1192 68 19 stället
308 1192 31 19 för
356 1191 163 20 konnässement
534 1191 33 20 mä
584 1192 33 19 vid
634 1192 78 19 inrikes
728 1192 71 25 sjöfart
815 1192 63 20 frakt-

131 1226 58 21 sedel
210 1226 112 26 begagnas,
342 1226 38 19 och
401 1226 37 19 har
459 1226 157 20 befälhafvaren
638 1226 62 20 sådan
718 1228 48 17 utan
782 1226 97 20 anmärk-

133 1261 50 26 ning
202 1260 115 26 emottagit,
338 1260 54 19 skall
414 1260 39 19 han
472 1267 49 12 vara
536 1260 75 27 pligtig
626 1262 30 18 att
672 1261 30 18 för
718 1260 35 19 det
768 1260 44 19 deri
829 1266 50 21 upp-

132 1295 59 26 gifna
206 1294 75 25 godset
296 1300 94 19 ansvara,
406 1300 33 13 om
457 1295 18 24 ej
492 1293 141 20 fraktsedelns
644 1294 117 26 oriktighet
771 1293 24 20 af
803 1294 76 20 honom

132 1328 147 26 tillförlitligen
296 1328 89 26 styrkes.

477 1386 10 22 S
504 1385 32 18 91.

201 1430 42 19 Allt
259 1430 52 25 gods
328 1429 36 20 bör
380 1430 85 19 inlastas
484 1429 39 20 och
547 1429 97 26 samtliga
667 1429 126 26 handlingar
816 1429 63 26 angä-

131 1465 53 19 ende
201 1464 65 19 lasten
284 1463 30 20 till
332 1463 156 20 befälhafvaren
504 1463 92 26 ingifvas
612 1463 63 19 innan
690 1462 105 26 utgången
807 1463 23 19 af
839 1463 40 20 den
