1070 1786
801 152 34 18 519

180 214 103 28 förande,
304 214 138 21 Guvernören
459 215 32 26 på
511 215 105 20 anmälan
634 215 81 20 sådant
733 215 80 28 bevilja
827 215 43 27 för

185 248 62 28 högst
263 251 31 18 tre
310 249 32 20 år.

189 364 104 26 Slutligen
314 370 61 13 anser
395 363 108 20 Utskottet
521 363 32 27 sig
572 362 50 21 böra
641 363 27 27 på
688 363 26 20 de
730 364 5 19 i
753 364 118 20 motiverna

118 399 89 20 anförda
222 398 46 20 skäl
284 398 107 19 vördsamt
407 397 114 26 tillstyrka:

254 433 32 19 alt
303 431 83 21 landets
403 431 93 21 Ständer
511 431 50 21 ville
576 431 9 20 i
599 431 37 21 sitt
651 431 153 28 underdåniga
819 438 52 15 svar

186 467 14 20 å
216 466 40 20 den
276 466 81 27 nådiga
368 465 167 27 propositionen
545 465 131 27 framhålla,
691 468 33 18 att
739 466 25 21 de
775 465 95 29 författ-

186 501 86 27 ningar,
291 500 137 27 hvarigenom
446 501 57 21 vissa
518 500 236 28 undantagsförmåner
769 503 38 18 äro
824 500 47 21 till-

186 534 95 21 erkände
296 542 25 13 en
332 534 34 21 del
376 534 139 22 medlemmar
525 534 30 28 af
565 534 216 25 stadskommunerne,
797 535 73 26 måtte,

186 569 54 27 ifall
245 569 139 27 förestående
396 569 90 28 förslag
502 570 35 20 till
547 569 141 28 författning
703 569 113 28 angående
825 571 45 19 stä-

188 604 76 20 dernes
286 602 259 29 kommunalförvaltning
567 604 76 20 vinner
664 602 75 22 Hans
762 602 109 28 Kejser-

188 638 56 27 liga
263 637 137 27 Majestäts
420 637 81 28 nådiga
516 637 166 27 godkännande,
692 636 42 28 för
744 637 126 27 framtiden

188 672 34 21 till
240 671 61 27 kraft
319 671 37 21 och
374 671 80 21 verkan
473 671 130 27 upphäfvas,
623 672 72 20 såvidt
710 672 62 20 dessa
783 671 88 27 förmå-

188 714 39 13 ner
243 706 43 20 icke
305 706 61 20 stöda
382 706 33 27 sig
428 706 31 26 på
471 706 130 27 privilegier
614 706 48 20 med
676 705 194 28 grundlagshelgd.

189 770 139 26 Helsingfors,
344 770 40 19 den
403 769 23 19 15
443 768 40 26 Maj
503 769 60 20 1872.

374 898 239 23 Reservationer.

192 963 57 20 Enär
268 963 66 26 enligt
353 962 46 19 mitt
423 961 137 20 förmenande
579 967 106 21 personer,
704 961 73 21 hvilka
799 961 71 21 ombe-

123 1001 43 18 tros
186 998 64 25 något
267 997 80 19 hvilket
366 1002 44 13 som
430 995 54 20 helst
502 995 95 27 uppdrag
620 995 32 20 för
671 995 137 21 kommunens
823 996 48 20 räk-

124 1033 58 26 ning,
199 1032 51 20 böra
265 1037 50 14 vara
329 1030 86 20 försatte
430 1030 7 19 i
453 1030 82 19 tillfälle
552 1031 36 24 att,
603 1029 70 20 derest
688 1030 26 20 de
729 1030 96 20 förmena
839 1031 32 26 sig

124 1067 70 20 dertill
217 1065 62 20 hafva
300 1065 51 25 skäl,
371 1064 73 19 kunna
463 1064 138 26 undandraga
615 1064 32 26 sig
663 1065 29 18 ett
707 1064 81 25 sådant,
810 1071 62 13 anser

121 1103 37 25 jag
178 1099 144 21 betänkandet
337 1099 6 19 i
359 1098 23 20 så
399 1097 64 20 måtto
482 1104 51 13 vara
556 1097 127 27 bristfälligt,
698 1100 30 17 att
743 1098 129 20 bestämnin-

123 1142 38 21 gar
176 1135 7 19 i
198 1133 133 21 omförmäldt
350 1132 100 20 afseende
471 1131 78 20 saknas
569 1131 89 20 rörande
677 1131 26 20 de
717 1132 7 19 i
740 1132 13 19 4
769 1134 10 22 $
795 1132 76 20 omför-

125 1169 68 20 mälde
213 1167 107 25 nämnder,
339 1166 128 26 bestyrelser
482 1165 40 20 och
538 1172 106 19 personer.
674 1165 31 20 Af
718 1165 65 21 sådan
799 1166 72 20 anled-

124 1204 51 25 ning
197 1208 60 14 anser
276 1202 36 25 jag
328 1200 141 27 nyssnämnde
485 1202 10 22 $
512 1199 51 20 böra
578 1199 147 27 completteras
741 1200 47 20 med
805 1202 29 18 ett
849 1200 24 20 så

124 1237 93 27 lydande
233 1237 103 18 moment:

192 1271 49 20 Som
264 1269 45 20 skäl
328 1269 32 20 för
378 1268 103 26 afsägelse
501 1267 24 20 af
537 1267 145 27 ledamotskap
698 1267 7 20 i
720 1267 70 27 någon
805 1267 24 20 af
842 1267 30 20 of-

125 1304 132 21 vannämnde
277 1303 147 25 institutioner,
446 1302 52 20 eller
519 1302 22 19 af
559 1304 64 17 annat
644 1301 95 27 uppdrag
754 1302 7 19 i
777 1302 95 19 kommu-

125 1346 51 13 nens
197 1339 69 26 tjenst,
286 1337 54 26 gälle
357 1336 55 20 hvad
427 1336 7 19 i
450 1338 9 22 $
476 1336 26 20 30
518 1335 91 20 rörande
624 1335 48 20 vald
688 1335 185 28 stadsfullmäktig,

125 1380 43 13 som
188 1373 82 25 afsäger
285 1371 32 26 sig
336 1370 125 27 uppdraget,
476 1370 7 19 i
506 1371 4 18 1
528 1376 62 13 mom.
607 1369 97 26 stadgadt
718 1372 34 23 är;
768 1369 7 20 i
791 1369 82 20 hvilket

124 1407 36 20 fall
180 1406 69 20 omval
269 1407 49 17 utan
334 1405 71 19 vidare
423 1404 36 19 bör
475 1403 45 20 ske.
551 1403 96 20 Grundas
662 1403 104 26 afsägelse
781 1403 13 20 å
810 1403 64 26 något

124 1443 23 19 af
160 1441 26 20 de
202 1441 6 19 i
224 1440 89 19 sednare
332 1445 62 13 mom.
410 1438 22 20 af
446 1437 138 21 omförmälda
599 1439 10 22 $
625 1437 109 20 förutsatta
750 1437 42 26 fall,
808 1437 64 20 förfa-

124 1483 40 19 res,
176 1475 47 19 med
234 1473 100 20 afseende
345 1472 12 20 å
373 1473 26 19 de
415 1472 113 20 föreburna
543 1471 83 20 skälens
642 1471 106 26 pröfning,
763 1471 110 20 äfvensom
