1070 1786
805 159 22 18 9”

114 221 135 27 Högvördiga
261 221 155 20 Presteståndet
428 221 114 20 förefallen
563 221 117 21 diskussion
699 223 6 19 i
720 224 71 18 ämnet
810 225 53 17 samt

116 256 68 19 blifvit
207 256 144 19 underrättadt
369 262 33 13 om
424 258 30 17 att
473 255 70 27 någon
569 257 128 26 omröstning
716 257 35 20 vid
766 257 97 20 ärendets

116 290 149 27 föredragning
281 290 5 19 i
303 290 117 27 Kejserliga
436 291 93 19 Senaten
545 291 47 19 icke
609 295 35 22 egt
659 298 51 12 rum.

207 394 70 19 Ehuru
302 393 151 27 uppfostrings-
480 394 40 19 och
547 394 262 26 undervisningsanstalter
833 394 32 20 för

118 428 71 20 blinda
212 428 49 20 barn
286 427 103 20 alltsedan
413 428 62 20 slutet
495 428 22 20 af
536 428 89 20 förlidna
647 428 130 20 århundrade
796 428 68 20 blitvit

118 462 108 20 efterhand
250 462 6 19 i
283 462 63 26 några
376 462 72 20 länder
480 462 112 26 inrättade,
619 462 68 20 finnes
714 462 53 20 dock
794 465 71 24 tyvärr

118 496 47 20 icke
180 503 37 13 ens
233 499 55 17 ännu
305 496 63 27 något
383 497 56 24 land,
456 504 45 13 som
519 497 88 20 bereder
622 497 82 20 tillfälle
715 497 30 19 till
758 497 106 20 undervis-

120 532 49 25 ning
184 531 31 19 för
230 531 41 19 alla
286 531 25 20 de
328 531 76 26 blinda,
421 532 74 20 hvilka
505 532 62 20 deraf
577 538 48 14 vore
637 532 6 19 i
655 532 68 19 behof.
750 532 10 19 I
771 532 94 26 Belgien,

119 573 43 12 som
179 567 31 18 för
226 566 129 20 närvarande
372 573 50 20 eger
438 567 26 19 de
481 567 61 19 flesta
559 567 158 19 blindanstalter
732 567 6 19 i
754 566 111 20 förhållan-

119 600 26 20 de
167 600 31 20 till
221 600 25 20 de
270 600 80 20 blindas
374 601 63 26 antal,
457 600 77 27 belöpa
555 601 31 26 sig
606 601 39 19 453
663 600 71 20 blinda
753 600 26 27 på
794 600 72 26 hvarje

120 634 58 27 dylik
194 635 83 25 anstalt,
293 634 22 20 så
330 636 30 18 att
374 635 103 27 antagligt
493 638 23 16 är
536 637 36 24 att,
588 641 32 13 om
644 634 39 20 ock
707 635 41 20 alla
771 635 60 19 dessa
847 634 19 26 ej

120 676 49 13 vore
185 669 137 27 emottagliga
337 669 31 19 för
385 669 102 26 bildning,
507 669 54 20 dock
581 669 96 26 mången,
696 676 43 13 som
756 669 47 19 icke
819 668 47 20 sak-

121 704 52 19 nade
201 704 62 26 anlag
286 703 50 20 eller
362 704 63 26 nödig
452 703 173 27 fattningsgäfva,
648 703 66 20 måste
736 704 65 19 blifva
824 705 42 18 ute-

120 738 67 20 sluten
212 738 43 20 från
280 738 136 26 möjligheten
432 741 30 17 att
477 738 7 19 i
501 738 61 19 dessa
584 738 100 20 anstalter
706 738 79 20 erhålla
804 738 63 19 ända-

122 772 109 26 målsenlig
255 772 123 27 utbildning.
408 772 33 20 Då
461 779 27 13 nu
505 772 74 20 sådant
594 772 94 20 inträffar
702 772 5 20 i
724 772 36 20 det
774 772 29 19 uti
819 772 48 19 ifrå-

121 806 119 26 gavarande
256 806 98 20 afseende
374 806 45 20 bäst
442 806 99 20 försedda
564 806 55 26 land,
639 806 65 20 måste
728 806 141 20 förhållandet

121 841 89 26 gestalta
225 841 33 26 sig
273 841 48 19 vida
336 841 163 26 oförmånligare
516 841 29 19 uti
561 840 46 20 vårt
621 840 55 27 glest
691 840 112 21 befolkade
819 840 48 20 land

122 876 46 19 med
185 875 47 20 dess
248 876 59 25 ringa
321 875 113 26 tillgångar
450 876 40 19 och
507 875 199 26 oproportionerligt
720 877 56 17 stora
792 875 75 26 mängd

123 909 77 26 blinda,
216 909 22 20 af
252 909 77 25 hvilka.
346 909 67 20 såsom
431 917 23 12 ur
470 909 41 20 den
531 909 84 26 Nådiga
635 909 156 26 propositionen
807 909 61 20 fram-

123 943 43 27 går,
182 943 79 20 antalet
276 943 22 20 af
311 943 46 20 dem
379 950 43 13 som
442 947 36 16 äro
495 943 5 20 i
518 943 235 27 undervisningsåldern
772 943 32 20 för
822 946 47 17 när-

125 978 90 20 varande
239 978 78 26 uppgår
340 978 28 19 till
394 977 100 27 omkring
517 978 47 19 600.
595 978 30 26 Ty
642 978 66 26 enligt
722 978 147 19 erfarenheten

123 1012 44 20 från
184 1012 56 20 olika
260 1012 40 19 håll
319 1015 23 16 är
361 1013 39 19 den
426 1012 82 20 blindes
532 1012 118 26 utbildning
673 1011 197 26 öfverhufvudtaget

123 1047 86 19 förenad
230 1047 46 19 med
299 1046 81 27 ganska
402 1047 67 26 dryga
493 1046 121 26 kostnader,
630 1046 122 20 föranledda
765 1046 62 20 deraf
841 1048 30 17 att

124 1081 122 20 densamma
261 1081 65 19 måste
342 1081 86 19 omfatta
444 1081 58 20 såväl
518 1081 132 20 intellektuel
664 1087 43 13 som
718 1079 85 21 teknisk
819 1080 52 20 eller

123 1115 109 20 industriel
255 1115 151 26 undervisning
429 1115 39 20 och
492 1117 30 18 att
545 1115 35 20 det
600 1115 71 19 blinda
688 1115 73 19 barnet
776 1114 95 20 endast
861 1110 14 36 i

123 1150 92 19 internat
230 1149 40 20 kan
287 1149 80 20 erhålla
382 1149 41 20 den
439 1149 52 20 vård
508 1149 39 20 och
563 1149 72 26 öfning
646 1151 53 17 samt
709 1149 106 19 förvärfva
830 1149 40 20 den

124 1183 129 27 skicklighet
268 1183 38 20 och
324 1189 53 13 vana
392 1185 28 17 att
438 1183 73 26 hjelpa
525 1183 32 26 sig
573 1183 53 26 sjelf,
642 1183 74 20 hvaraf
730 1183 35 20 det
775 1183 53 19 efter
839 1183 31 19 sin

125 1217 76 28 afgång
217 1218 44 19 från
278 1217 103 20 anstalten
398 1217 39 20 blir
452 1217 7 20 i
476 1217 70 20 behof.

193 1253 9 19 I
218 1253 52 19 huru
285 1255 41 17 stor
342 1252 51 26 grad
409 1258 48 13 man
473 1252 7 19 i
496 1251 104 20 särskilda
616 1251 74 20 länder
712 1251 64 20 insett
799 1253 72 24 nyttan

125 1286 23 19 af
162 1286 157 20 blindanstalter
335 1286 39 20 och
394 1287 87 18 inrättat
500 1285 85 26 sådana,
606 1285 66 20 finnes
688 1285 22 20 af
723 1285 93 26 följande
832 1285 40 20 för-

125 1321 107 26 teckning,
248 1321 134 26 upptagande
397 1321 80 19 antalet
491 1320 22 20 af
526 1319 160 21 blindanstalter
701 1319 108 20 äfvensom
825 1319 48 20 hela

126 1355 79 20 antalet
222 1355 23 20 af
263 1355 91 20 blinda
349 1349 12 36 i
374 1355 62 20 dessa
458 1355 74 20 länder
551 1355 54 25 jemt
626 1353 104 21 fördeladt
752 1353 27 27 på
802 1353 71 26 hvarje

127 1389 81 20 anstalt.

183 1440 77 22 Belgien
380 1439 12 16 8
403 1439 152 22 blindanstalter,
568 1439 67 16 hvaraf
645 1438 9 17 1
666 1437 24 24 på
707 1438 35 17 453
753 1437 65 18 blinda

182 1467 95 18 Danmark
379 1469 11 16 2
459 1467 30 18 d:o
595 1481 12 8 n
647 1467 37 22 195
708 1467 34 18 520

182 1496 80 17 Sachsen
376 1496 11 16 3
457 1496 30 17 d:o
591 1508 12 9 n
646 1495 40 22 1,
711 1494 34 18 354
779 1506 12 10 »

797 1522 10 16 7
