<?xml version="1.0" encoding="UTF-8"?>
<alto xmlns="http://www.loc.gov/standards/alto/ns-v3#" xmlns:xlink="http://www.w3.org/1999/xlink" xmlns:xsi="http://www.w3.org/2001/XMLSchema-instance" xsi:schemaLocation="http://www.loc.gov/standards/alto/ns-v3# http://www.loc.gov/alto/v3/alto-3-0.xsd">
	<Description>
		<MeasurementUnit>pixel</MeasurementUnit>
		<sourceImageInformation>
			<fileName>/tmp/tess_pb__3s5v_input.PNG</fileName>
		</sourceImageInformation>
		<OCRProcessing ID="OCR_0">
			<ocrProcessingStep>
				<processingSoftware>
					<softwareName>tesseract 5.3.4</softwareName>
				</processingSoftware>
			</ocrProcessingStep>
		</OCRProcessing>
	</Description>
	<Layout>
		<Page WIDTH="1070" HEIGHT="1786" PHYSICAL_IMG_NR="0" ID="page_0">
			<PrintSpace HPOS="0" VPOS="0" WIDTH="1070" HEIGHT="1786">
				<ComposedBlock ID="cblock_0" HPOS="800" VPOS="141" WIDTH="34" HEIGHT="18">
					<TextBlock ID="block_0" HPOS="800" VPOS="141" WIDTH="34" HEIGHT="18">
						<TextLine ID="line_0" HPOS="800" VPOS="141" WIDTH="34" HEIGHT="18">
							<String ID="string_0" HPOS="800" VPOS="141" WIDTH="34" HEIGHT="18" WC="0.95" CONTENT="335"/>
						</TextLine>
					</TextBlock>
				</ComposedBlock>
				<ComposedBlock ID="cblock_1" HPOS="119" VPOS="204" WIDTH="752" HEIGHT="62">
					<TextBlock ID="block_1" HPOS="119" VPOS="204" WIDTH="752" HEIGHT="62">
						<TextLine ID="line_1" HPOS="119" VPOS="204" WIDTH="752" HEIGHT="27">
							<String ID="string_1" HPOS="119" VPOS="207" WIDTH="54" HEIGHT="18" WC="0.89" CONTENT="samt"/><SP WIDTH="15" VPOS="207" HPOS="173"/>
							<String ID="string_2" HPOS="188" VPOS="205" WIDTH="38" HEIGHT="20" WC="0.89" CONTENT="”en"/><SP WIDTH="20" VPOS="205" HPOS="226"/>
							<String ID="string_3" HPOS="246" VPOS="205" WIDTH="39" HEIGHT="20" WC="0.96" CONTENT="och"/><SP WIDTH="20" VPOS="205" HPOS="285"/>
							<String ID="string_4" HPOS="305" VPOS="205" WIDTH="91" HEIGHT="26" WC="0.93" CONTENT="annan,”"/><SP WIDTH="19" VPOS="205" HPOS="396"/>
							<String ID="string_5" HPOS="415" VPOS="204" WIDTH="174" HEIGHT="21" WC="0.96" CONTENT="förekommande"/><SP WIDTH="16" VPOS="204" HPOS="589"/>
							<String ID="string_6" HPOS="605" VPOS="205" WIDTH="7" HEIGHT="19" WC="0.96" CONTENT="i"/><SP WIDTH="16" VPOS="205" HPOS="612"/>
							<String ID="string_7" HPOS="628" VPOS="211" WIDTH="74" HEIGHT="14" WC="0.96" CONTENT="senare"/><SP WIDTH="16" VPOS="211" HPOS="702"/>
							<String ID="string_8" HPOS="718" VPOS="206" WIDTH="115" HEIGHT="19" WC="0.96" CONTENT="momentet"/><SP WIDTH="15" VPOS="206" HPOS="833"/>
							<String ID="string_9" HPOS="848" VPOS="205" WIDTH="23" HEIGHT="20" WC="0.96" CONTENT="af"/>
						</TextLine>
						<TextLine ID="line_2" HPOS="119" VPOS="239" WIDTH="716" HEIGHT="27">
							<String ID="string_10" HPOS="119" VPOS="239" WIDTH="70" HEIGHT="20" WC="0.93" CONTENT="denna"/><SP WIDTH="16" VPOS="239" HPOS="189"/>
							<String ID="string_11" HPOS="205" VPOS="241" WIDTH="17" HEIGHT="24" WC="0.91" CONTENT="$,"/><SP WIDTH="17" VPOS="241" HPOS="222"/>
							<String ID="string_12" HPOS="239" VPOS="239" WIDTH="51" HEIGHT="20" WC="0.96" CONTENT="böra"/><SP WIDTH="14" VPOS="239" HPOS="290"/>
							<String ID="string_13" HPOS="304" VPOS="245" WIDTH="76" HEIGHT="21" WC="0.96" CONTENT="genom"/><SP WIDTH="17" VPOS="245" HPOS="380"/>
							<String ID="string_14" HPOS="397" VPOS="239" WIDTH="134" HEIGHT="26" WC="0.92" CONTENT="kursivering"/><SP WIDTH="15" VPOS="239" HPOS="531"/>
							<String ID="string_15" HPOS="546" VPOS="239" WIDTH="160" HEIGHT="26" WC="0.91" CONTENT="fullständigare"/><SP WIDTH="16" VPOS="239" HPOS="706"/>
							<String ID="string_16" HPOS="722" VPOS="239" WIDTH="113" HEIGHT="20" WC="0.96" CONTENT="utmärkas."/>
						</TextLine>
					</TextBlock>
				</ComposedBlock>
				<ComposedBlock ID="cblock_2" HPOS="386" VPOS="295" WIDTH="217" HEIGHT="24">
					<TextBlock ID="block_2" HPOS="386" VPOS="295" WIDTH="217" HEIGHT="24">
						<TextLine ID="line_3" HPOS="386" VPOS="295" WIDTH="217" HEIGHT="24">
							<String ID="string_17" HPOS="386" VPOS="297" WIDTH="11" HEIGHT="22" WC="0.91" CONTENT="$"/><SP WIDTH="16" VPOS="297" HPOS="397"/>
							<String ID="string_18" HPOS="413" VPOS="295" WIDTH="41" HEIGHT="20" WC="0.96" CONTENT="194"/><SP WIDTH="15" VPOS="295" HPOS="454"/>
							<String ID="string_19" HPOS="469" VPOS="295" WIDTH="134" HEIGHT="20" WC="0.95" CONTENT="oförändrad."/>
						</TextLine>
					</TextBlock>
				</ComposedBlock>
				<ComposedBlock ID="cblock_3" HPOS="117" VPOS="352" WIDTH="751" HEIGHT="201">
					<TextBlock ID="block_3" HPOS="117" VPOS="352" WIDTH="751" HEIGHT="201">
						<TextLine ID="line_4" HPOS="456" VPOS="352" WIDTH="73" HEIGHT="24">
							<String ID="string_20" HPOS="456" VPOS="354" WIDTH="9" HEIGHT="22" WC="0.75" CONTENT="s"/><SP WIDTH="19" VPOS="354" HPOS="465"/>
							<String ID="string_21" HPOS="484" VPOS="352" WIDTH="45" HEIGHT="20" WC="0.95" CONTENT="195."/>
						</TextLine>
						<TextLine ID="line_5" HPOS="187" VPOS="391" WIDTH="623" HEIGHT="27">
							<String ID="string_22" HPOS="187" VPOS="392" WIDTH="54" HEIGHT="19" WC="0.96" CONTENT="Sista"/><SP WIDTH="16" VPOS="392" HPOS="241"/>
							<String ID="string_23" HPOS="257" VPOS="392" WIDTH="113" HEIGHT="26" WC="0.95" CONTENT="meningen"/><SP WIDTH="16" VPOS="392" HPOS="370"/>
							<String ID="string_24" HPOS="386" VPOS="391" WIDTH="23" HEIGHT="20" WC="0.93" CONTENT="af"/><SP WIDTH="13" VPOS="391" HPOS="409"/>
							<String ID="string_25" HPOS="422" VPOS="393" WIDTH="43" HEIGHT="22" WC="0.81" CONTENT="$:ns"/><SP WIDTH="16" VPOS="393" HPOS="465"/>
							<String ID="string_26" HPOS="481" VPOS="391" WIDTH="65" HEIGHT="19" WC="0.96" CONTENT="första"/><SP WIDTH="16" VPOS="391" HPOS="546"/>
							<String ID="string_27" HPOS="562" VPOS="394" WIDTH="92" HEIGHT="16" WC="0.96" CONTENT="moment"/><SP WIDTH="15" VPOS="394" HPOS="654"/>
							<String ID="string_28" HPOS="669" VPOS="391" WIDTH="23" HEIGHT="19" WC="0.93" CONTENT="sä"/><SP WIDTH="16" VPOS="391" HPOS="692"/>
							<String ID="string_29" HPOS="708" VPOS="391" WIDTH="102" HEIGHT="26" WC="0.95" CONTENT="lydande:"/>
						</TextLine>
						<TextLine ID="line_6" HPOS="187" VPOS="425" WIDTH="681" HEIGHT="27">
							<String ID="string_30" HPOS="187" VPOS="425" WIDTH="99" HEIGHT="27" WC="0.92" CONTENT="”Uppgär"/><SP WIDTH="16" VPOS="425" HPOS="286"/>
							<String ID="string_31" HPOS="302" VPOS="426" WIDTH="18" HEIGHT="25" WC="0.90" CONTENT="ej"/><SP WIDTH="16" VPOS="426" HPOS="320"/>
							<String ID="string_32" HPOS="336" VPOS="425" WIDTH="72" HEIGHT="20" WC="0.91" CONTENT="halfva"/><SP WIDTH="15" VPOS="425" HPOS="408"/>
							<String ID="string_33" HPOS="423" VPOS="425" WIDTH="93" HEIGHT="26" WC="0.92" CONTENT="premien"/><SP WIDTH="18" VPOS="425" HPOS="516"/>
							<String ID="string_34" HPOS="534" VPOS="425" WIDTH="29" HEIGHT="19" WC="0.96" CONTENT="till"/><SP WIDTH="18" VPOS="425" HPOS="563"/>
							<String ID="string_35" HPOS="581" VPOS="425" WIDTH="22" HEIGHT="20" WC="0.97" CONTENT="sä"/><SP WIDTH="15" VPOS="425" HPOS="603"/>
							<String ID="string_36" HPOS="618" VPOS="427" WIDTH="52" HEIGHT="18" WC="0.93" CONTENT="stort"/><SP WIDTH="17" VPOS="427" HPOS="670"/>
							<String ID="string_37" HPOS="687" VPOS="425" WIDTH="82" HEIGHT="27" WC="0.92" CONTENT="belopp,"/><SP WIDTH="17" VPOS="425" HPOS="769"/>
							<String ID="string_38" HPOS="786" VPOS="425" WIDTH="82" HEIGHT="21" WC="0.93" CONTENT="behälle"/>
						</TextLine>
						<TextLine ID="line_7" HPOS="117" VPOS="459" WIDTH="229" HEIGHT="20">
							<String ID="string_39" HPOS="117" VPOS="459" WIDTH="54" HEIGHT="20" WC="0.90" CONTENT="dock"/><SP WIDTH="17" VPOS="459" HPOS="171"/>
							<String ID="string_40" HPOS="188" VPOS="459" WIDTH="70" HEIGHT="20" WC="0.93" CONTENT="denna"/><SP WIDTH="16" VPOS="459" HPOS="258"/>
							<String ID="string_41" HPOS="274" VPOS="460" WIDTH="72" HEIGHT="19" WC="0.81" CONTENT="hälft.”"/>
						</TextLine>
						<TextLine ID="line_8" HPOS="187" VPOS="493" WIDTH="680" HEIGHT="25">
							<String ID="string_42" HPOS="187" VPOS="493" WIDTH="87" HEIGHT="20" WC="0.92" CONTENT="föresläs"/><SP WIDTH="18" VPOS="493" HPOS="274"/>
							<String ID="string_43" HPOS="292" VPOS="494" WIDTH="46" HEIGHT="19" WC="0.96" CONTENT="med"/><SP WIDTH="16" VPOS="494" HPOS="338"/>
							<String ID="string_44" HPOS="354" VPOS="494" WIDTH="46" HEIGHT="19" WC="0.96" CONTENT="stöd"/><SP WIDTH="16" VPOS="494" HPOS="400"/>
							<String ID="string_45" HPOS="416" VPOS="493" WIDTH="23" HEIGHT="20" WC="0.93" CONTENT="af"/><SP WIDTH="13" VPOS="493" HPOS="439"/>
							<String ID="string_46" HPOS="452" VPOS="493" WIDTH="56" HEIGHT="20" WC="0.92" CONTENT="förut"/><SP WIDTH="10" VPOS="493" HPOS="508"/>
							<String ID="string_47" HPOS="518" VPOS="493" WIDTH="89" HEIGHT="20" WC="0.92" CONTENT="anförda"/><SP WIDTH="14" VPOS="493" HPOS="607"/>
							<String ID="string_48" HPOS="621" VPOS="493" WIDTH="46" HEIGHT="20" WC="0.93" CONTENT="skäl"/><SP WIDTH="16" VPOS="493" HPOS="667"/>
							<String ID="string_49" HPOS="683" VPOS="494" WIDTH="48" HEIGHT="24" WC="0.92" CONTENT="(litt."/><SP WIDTH="16" VPOS="494" HPOS="731"/>
							<String ID="string_50" HPOS="747" VPOS="494" WIDTH="28" HEIGHT="24" WC="0.96" CONTENT="U)"/><SP WIDTH="16" VPOS="494" HPOS="775"/>
							<String ID="string_51" HPOS="791" VPOS="496" WIDTH="30" HEIGHT="18" WC="0.93" CONTENT="att"/><SP WIDTH="15" VPOS="496" HPOS="821"/>
							<String ID="string_52" HPOS="836" VPOS="501" WIDTH="31" HEIGHT="13" WC="0.92" CONTENT="er-"/>
						</TextLine>
						<TextLine ID="line_9" HPOS="119" VPOS="527" WIDTH="241" HEIGHT="26">
							<String ID="string_53" HPOS="119" VPOS="527" WIDTH="56" HEIGHT="20" WC="0.96" CONTENT="hålla"/><SP WIDTH="15" VPOS="527" HPOS="175"/>
							<String ID="string_54" HPOS="190" VPOS="527" WIDTH="64" HEIGHT="20" WC="0.96" CONTENT="sådan"/><SP WIDTH="16" VPOS="527" HPOS="254"/>
							<String ID="string_55" HPOS="270" VPOS="527" WIDTH="90" HEIGHT="26" WC="0.96" CONTENT="lydelse:"/>
						</TextLine>
					</TextBlock>
				</ComposedBlock>
				<ComposedBlock ID="cblock_4" HPOS="220" VPOS="572" WIDTH="647" HEIGHT="61">
					<TextBlock ID="block_4" HPOS="220" VPOS="572" WIDTH="647" HEIGHT="61">
						<TextLine ID="line_10" HPOS="258" VPOS="572" WIDTH="609" HEIGHT="28">
							<String ID="string_56" HPOS="258" VPOS="572" WIDTH="88" HEIGHT="28" WC="0.92" CONTENT="Uppgår"/><SP WIDTH="20" VPOS="572" HPOS="346"/>
							<String ID="string_57" HPOS="366" VPOS="572" WIDTH="76" HEIGHT="26" WC="0.90" CONTENT="halfva"/><SP WIDTH="15" VPOS="572" HPOS="442"/>
							<String ID="string_58" HPOS="457" VPOS="572" WIDTH="98" HEIGHT="26" WC="0.96" CONTENT="premien"/><SP WIDTH="20" VPOS="572" HPOS="555"/>
							<String ID="string_59" HPOS="575" VPOS="573" WIDTH="19" HEIGHT="27" WC="0.95" CONTENT="ej"/><SP WIDTH="18" VPOS="573" HPOS="594"/>
							<String ID="string_60" HPOS="612" VPOS="573" WIDTH="36" HEIGHT="20" WC="0.96" CONTENT="till"/><SP WIDTH="18" VPOS="573" HPOS="648"/>
							<String ID="string_61" HPOS="666" VPOS="573" WIDTH="26" HEIGHT="20" WC="0.96" CONTENT="så"/><SP WIDTH="17" VPOS="573" HPOS="692"/>
							<String ID="string_62" HPOS="709" VPOS="575" WIDTH="54" HEIGHT="18" WC="0.96" CONTENT="stort"/><SP WIDTH="23" VPOS="575" HPOS="763"/>
							<String ID="string_63" HPOS="786" VPOS="572" WIDTH="81" HEIGHT="28" WC="0.96" CONTENT="belopp,"/>
						</TextLine>
						<TextLine ID="line_11" HPOS="220" VPOS="605" WIDTH="476" HEIGHT="28">
							<String ID="string_64" HPOS="220" VPOS="605" WIDTH="82" HEIGHT="22" WC="0.91" CONTENT="behälle"/><SP WIDTH="15" VPOS="605" HPOS="302"/>
							<String ID="string_65" HPOS="317" VPOS="606" WIDTH="53" HEIGHT="21" WC="0.96" CONTENT="dock"/><SP WIDTH="11" VPOS="606" HPOS="370"/>
							<String ID="string_66" HPOS="381" VPOS="606" WIDTH="45" HEIGHT="20" WC="0.95" CONTENT="icke"/><SP WIDTH="15" VPOS="606" HPOS="426"/>
							<String ID="string_67" HPOS="441" VPOS="613" WIDTH="45" HEIGHT="14" WC="0.97" CONTENT="mer"/><SP WIDTH="14" VPOS="613" HPOS="486"/>
							<String ID="string_68" HPOS="500" VPOS="608" WIDTH="30" HEIGHT="19" WC="0.96" CONTENT="än"/><SP WIDTH="16" VPOS="608" HPOS="530"/>
							<String ID="string_69" HPOS="546" VPOS="606" WIDTH="70" HEIGHT="21" WC="0.95" CONTENT="denna"/><SP WIDTH="16" VPOS="606" HPOS="616"/>
							<String ID="string_70" HPOS="632" VPOS="606" WIDTH="64" HEIGHT="27" WC="0.96" CONTENT="hälft."/>
						</TextLine>
					</TextBlock>
				</ComposedBlock>
				<ComposedBlock ID="cblock_5" HPOS="337" VPOS="663" WIDTH="312" HEIGHT="25">
					<TextBlock ID="block_5" HPOS="337" VPOS="663" WIDTH="312" HEIGHT="25">
						<TextLine ID="line_12" HPOS="337" VPOS="663" WIDTH="312" HEIGHT="25">
							<String ID="string_71" HPOS="337" VPOS="665" WIDTH="22" HEIGHT="23" WC="0.79" CONTENT="$$"/><SP WIDTH="19" VPOS="665" HPOS="359"/>
							<String ID="string_72" HPOS="378" VPOS="663" WIDTH="109" HEIGHT="20" WC="0.91" CONTENT="196—203"/><SP WIDTH="16" VPOS="663" HPOS="487"/>
							<String ID="string_73" HPOS="503" VPOS="663" WIDTH="146" HEIGHT="20" WC="0.96" CONTENT="oförändrade."/>
						</TextLine>
					</TextBlock>
				</ComposedBlock>
				<ComposedBlock ID="cblock_6" HPOS="119" VPOS="720" WIDTH="750" HEIGHT="297">
					<TextBlock ID="block_6" HPOS="457" VPOS="720" WIDTH="74" HEIGHT="24">
						<TextLine ID="line_13" HPOS="457" VPOS="720" WIDTH="74" HEIGHT="24">
							<String ID="string_74" HPOS="457" VPOS="722" WIDTH="10" HEIGHT="22" WC="0.72" CONTENT="S"/><SP WIDTH="16" VPOS="722" HPOS="467"/>
							<String ID="string_75" HPOS="483" VPOS="720" WIDTH="48" HEIGHT="20" WC="0.94" CONTENT="204."/>
						</TextLine>
					</TextBlock>
					<TextBlock ID="block_7" HPOS="186" VPOS="759" WIDTH="299" HEIGHT="27">
						<TextLine ID="line_14" HPOS="186" VPOS="759" WIDTH="299" HEIGHT="27">
							<String ID="string_76" HPOS="186" VPOS="759" WIDTH="67" HEIGHT="20" WC="0.90" CONTENT="Slutet"/><SP WIDTH="15" VPOS="759" HPOS="253"/>
							<String ID="string_77" HPOS="268" VPOS="760" WIDTH="23" HEIGHT="20" WC="0.96" CONTENT="af"/><SP WIDTH="13" VPOS="760" HPOS="291"/>
							<String ID="string_78" HPOS="304" VPOS="760" WIDTH="70" HEIGHT="20" WC="0.91" CONTENT="denna"/><SP WIDTH="14" VPOS="760" HPOS="374"/>
							<String ID="string_79" HPOS="388" VPOS="762" WIDTH="10" HEIGHT="22" WC="0.91" CONTENT="$"/><SP WIDTH="17" VPOS="762" HPOS="398"/>
							<String ID="string_80" HPOS="415" VPOS="759" WIDTH="70" HEIGHT="27" WC="0.96" CONTENT="lyder:"/>
						</TextLine>
					</TextBlock>
					<TextBlock ID="block_8" HPOS="119" VPOS="794" WIDTH="750" HEIGHT="121">
						<TextLine ID="line_15" HPOS="186" VPOS="794" WIDTH="681" HEIGHT="26">
							<String ID="string_81" HPOS="186" VPOS="794" WIDTH="78" HEIGHT="19" WC="0.89" CONTENT="”likväl"/><SP WIDTH="24" VPOS="794" HPOS="264"/>
							<String ID="string_82" HPOS="288" VPOS="794" WIDTH="62" HEIGHT="20" WC="0.95" CONTENT="hafva"/><SP WIDTH="22" VPOS="794" HPOS="350"/>
							<String ID="string_83" HPOS="372" VPOS="794" WIDTH="31" HEIGHT="19" WC="0.96" CONTENT="sin"/><SP WIDTH="21" VPOS="794" HPOS="403"/>
							<String ID="string_84" HPOS="424" VPOS="796" WIDTH="40" HEIGHT="17" WC="0.96" CONTENT="rätt"/><SP WIDTH="18" VPOS="796" HPOS="464"/>
							<String ID="string_85" HPOS="482" VPOS="794" WIDTH="33" HEIGHT="19" WC="0.96" CONTENT="till"/><SP WIDTH="19" VPOS="794" HPOS="515"/>
							<String ID="string_86" HPOS="534" VPOS="794" WIDTH="117" HEIGHT="26" WC="0.95" CONTENT="ersättning"/><SP WIDTH="19" VPOS="794" HPOS="651"/>
							<String ID="string_87" HPOS="670" VPOS="794" WIDTH="31" HEIGHT="20" WC="0.96" CONTENT="för"/><SP WIDTH="15" VPOS="794" HPOS="701"/>
							<String ID="string_88" HPOS="716" VPOS="794" WIDTH="79" HEIGHT="20" WC="0.93" CONTENT="skadan"/><SP WIDTH="18" VPOS="794" HPOS="795"/>
							<String ID="string_89" HPOS="813" VPOS="794" WIDTH="54" HEIGHT="20" WC="0.90" CONTENT="oför-"/>
						</TextLine>
						<TextLine ID="line_16" HPOS="119" VPOS="827" WIDTH="750" HEIGHT="27">
							<String ID="string_90" HPOS="119" VPOS="827" WIDTH="96" HEIGHT="20" WC="0.93" CONTENT="minskad"/><SP WIDTH="20" VPOS="827" HPOS="215"/>
							<String ID="string_91" HPOS="235" VPOS="828" WIDTH="70" HEIGHT="20" WC="0.90" CONTENT="derest"/><SP WIDTH="22" VPOS="828" HPOS="305"/>
							<String ID="string_92" HPOS="327" VPOS="828" WIDTH="41" HEIGHT="19" WC="0.95" CONTENT="han"/><SP WIDTH="21" VPOS="828" HPOS="368"/>
							<String ID="string_93" HPOS="389" VPOS="828" WIDTH="54" HEIGHT="19" WC="0.95" CONTENT="varit"/><SP WIDTH="16" VPOS="828" HPOS="443"/>
							<String ID="string_94" HPOS="459" VPOS="828" WIDTH="6" HEIGHT="19" WC="0.96" CONTENT="i"/><SP WIDTH="16" VPOS="828" HPOS="465"/>
							<String ID="string_95" HPOS="481" VPOS="828" WIDTH="42" HEIGHT="26" WC="0.96" CONTENT="god"/><SP WIDTH="19" VPOS="828" HPOS="523"/>
							<String ID="string_96" HPOS="542" VPOS="830" WIDTH="31" HEIGHT="17" WC="0.96" CONTENT="tro"/><SP WIDTH="24" VPOS="830" HPOS="573"/>
							<String ID="string_97" HPOS="597" VPOS="828" WIDTH="39" HEIGHT="20" WC="0.96" CONTENT="och"/><SP WIDTH="17" VPOS="828" HPOS="636"/>
							<String ID="string_98" HPOS="653" VPOS="828" WIDTH="77" HEIGHT="20" WC="0.96" CONTENT="förmår"/><SP WIDTH="17" VPOS="828" HPOS="730"/>
							<String ID="string_99" HPOS="747" VPOS="828" WIDTH="46" HEIGHT="20" WC="0.96" CONTENT="med"/><SP WIDTH="24" VPOS="828" HPOS="793"/>
							<String ID="string_100" HPOS="817" VPOS="828" WIDTH="52" HEIGHT="20" WC="0.89" CONTENT="fulla"/>
						</TextLine>
						<TextLine ID="line_17" HPOS="119" VPOS="861" WIDTH="748" HEIGHT="27">
							<String ID="string_101" HPOS="119" VPOS="861" WIDTH="45" HEIGHT="20" WC="0.96" CONTENT="skäl"/><SP WIDTH="21" VPOS="861" HPOS="164"/>
							<String ID="string_102" HPOS="185" VPOS="861" WIDTH="79" HEIGHT="27" WC="0.96" CONTENT="styrka,"/><SP WIDTH="22" VPOS="861" HPOS="264"/>
							<String ID="string_103" HPOS="286" VPOS="863" WIDTH="29" HEIGHT="19" WC="0.96" CONTENT="att"/><SP WIDTH="18" VPOS="863" HPOS="315"/>
							<String ID="string_104" HPOS="333" VPOS="861" WIDTH="81" HEIGHT="21" WC="0.96" CONTENT="skadan"/><SP WIDTH="19" VPOS="861" HPOS="414"/>
							<String ID="string_105" HPOS="433" VPOS="861" WIDTH="62" HEIGHT="20" WC="0.95" CONTENT="äfven"/><SP WIDTH="22" VPOS="861" HPOS="495"/>
							<String ID="string_106" HPOS="517" VPOS="864" WIDTH="48" HEIGHT="17" WC="0.93" CONTENT="utan"/><SP WIDTH="20" VPOS="864" HPOS="565"/>
							<String ID="string_107" HPOS="585" VPOS="862" WIDTH="65" HEIGHT="26" WC="0.92" CONTENT="sagde"/><SP WIDTH="16" VPOS="862" HPOS="650"/>
							<String ID="string_108" HPOS="666" VPOS="862" WIDTH="73" HEIGHT="26" WC="0.96" CONTENT="åtgärd"/><SP WIDTH="16" VPOS="862" HPOS="739"/>
							<String ID="string_109" HPOS="755" VPOS="862" WIDTH="67" HEIGHT="20" WC="0.93" CONTENT="skulle"/><SP WIDTH="15" VPOS="862" HPOS="822"/>
							<String ID="string_110" HPOS="837" VPOS="863" WIDTH="30" HEIGHT="19" WC="0.93" CONTENT="in-"/>
						</TextLine>
						<TextLine ID="line_18" HPOS="119" VPOS="895" WIDTH="88" HEIGHT="20">
							<String ID="string_111" HPOS="119" VPOS="895" WIDTH="88" HEIGHT="20" WC="0.93" CONTENT="träffat.”"/>
						</TextLine>
					</TextBlock>
					<TextBlock ID="block_9" HPOS="119" VPOS="929" WIDTH="749" HEIGHT="88">
						<TextLine ID="line_19" HPOS="186" VPOS="929" WIDTH="681" HEIGHT="27">
							<String ID="string_112" HPOS="186" VPOS="929" WIDTH="94" HEIGHT="20" WC="0.96" CONTENT="Emedan"/><SP WIDTH="16" VPOS="929" HPOS="280"/>
							<String ID="string_113" HPOS="296" VPOS="929" WIDTH="34" HEIGHT="20" WC="0.96" CONTENT="det"/><SP WIDTH="16" VPOS="929" HPOS="330"/>
							<String ID="string_114" HPOS="346" VPOS="935" WIDTH="63" HEIGHT="20" WC="0.93" CONTENT="synes"/><SP WIDTH="16" VPOS="935" HPOS="409"/>
							<String ID="string_115" HPOS="425" VPOS="929" WIDTH="74" HEIGHT="26" WC="0.92" CONTENT="nödigt"/><SP WIDTH="15" VPOS="929" HPOS="499"/>
							<String ID="string_116" HPOS="514" VPOS="931" WIDTH="31" HEIGHT="18" WC="0.96" CONTENT="att"/><SP WIDTH="14" VPOS="931" HPOS="545"/>
							<String ID="string_117" HPOS="559" VPOS="929" WIDTH="64" HEIGHT="27" WC="0.93" CONTENT="något"/><SP WIDTH="15" VPOS="929" HPOS="623"/>
							<String ID="string_118" HPOS="638" VPOS="929" WIDTH="108" HEIGHT="20" WC="0.92" CONTENT="förmildra"/><SP WIDTH="16" VPOS="929" HPOS="746"/>
							<String ID="string_119" HPOS="762" VPOS="929" WIDTH="34" HEIGHT="20" WC="0.93" CONTENT="det"/><SP WIDTH="21" VPOS="929" HPOS="796"/>
							<String ID="string_120" HPOS="817" VPOS="936" WIDTH="50" HEIGHT="20" WC="0.91" CONTENT="upp-"/>
						</TextLine>
						<TextLine ID="line_20" HPOS="119" VPOS="963" WIDTH="749" HEIGHT="27">
							<String ID="string_121" HPOS="119" VPOS="963" WIDTH="76" HEIGHT="20" WC="0.96" CONTENT="ställda"/><SP WIDTH="18" VPOS="963" HPOS="195"/>
							<String ID="string_122" HPOS="213" VPOS="963" WIDTH="114" HEIGHT="26" WC="0.96" CONTENT="anspråket"/><SP WIDTH="21" VPOS="963" HPOS="327"/>
							<String ID="string_123" HPOS="348" VPOS="963" WIDTH="26" HEIGHT="26" WC="0.95" CONTENT="på"/><SP WIDTH="20" VPOS="963" HPOS="374"/>
							<String ID="string_124" HPOS="394" VPOS="963" WIDTH="116" HEIGHT="26" WC="0.95" CONTENT="bevisning,"/><SP WIDTH="19" VPOS="963" HPOS="510"/>
							<String ID="string_125" HPOS="529" VPOS="963" WIDTH="87" HEIGHT="20" WC="0.96" CONTENT="föreslås"/><SP WIDTH="15" VPOS="963" HPOS="616"/>
							<String ID="string_126" HPOS="631" VPOS="964" WIDTH="32" HEIGHT="19" WC="0.96" CONTENT="för"/><SP WIDTH="16" VPOS="964" HPOS="663"/>
							<String ID="string_127" HPOS="679" VPOS="963" WIDTH="91" HEIGHT="20" WC="0.96" CONTENT="nämnda"/><SP WIDTH="14" VPOS="963" HPOS="770"/>
							<String ID="string_128" HPOS="784" VPOS="964" WIDTH="84" HEIGHT="26" WC="0.95" CONTENT="uttryck"/>
						</TextLine>
						<TextLine ID="line_21" HPOS="119" VPOS="997" WIDTH="396" HEIGHT="20">
							<String ID="string_129" HPOS="119" VPOS="1004" WIDTH="26" HEIGHT="13" WC="0.96" CONTENT="en"/><SP WIDTH="16" VPOS="1004" HPOS="145"/>
							<String ID="string_130" HPOS="161" VPOS="997" WIDTH="89" HEIGHT="20" WC="0.95" CONTENT="sålunda"/><SP WIDTH="15" VPOS="997" HPOS="250"/>
							<String ID="string_131" HPOS="265" VPOS="997" WIDTH="112" HEIGHT="20" WC="0.96" CONTENT="förändrad"/><SP WIDTH="17" VPOS="997" HPOS="377"/>
							<String ID="string_132" HPOS="394" VPOS="997" WIDTH="121" HEIGHT="20" WC="0.96" CONTENT="redaktion:"/>
						</TextLine>
					</TextBlock>
				</ComposedBlock>
				<ComposedBlock ID="cblock_7" HPOS="194" VPOS="1041" WIDTH="675" HEIGHT="130">
					<TextBlock ID="block_10" HPOS="194" VPOS="1041" WIDTH="675" HEIGHT="130">
						<TextLine ID="line_22" HPOS="268" VPOS="1041" WIDTH="601" HEIGHT="29">
							<String ID="string_133" HPOS="268" VPOS="1041" WIDTH="65" HEIGHT="21" WC="0.96" CONTENT="likväl"/><SP WIDTH="18" VPOS="1041" HPOS="333"/>
							<String ID="string_134" HPOS="351" VPOS="1041" WIDTH="66" HEIGHT="28" WC="0.81" CONTENT="hafva"/><SP WIDTH="19" VPOS="1041" HPOS="417"/>
							<String ID="string_135" HPOS="436" VPOS="1042" WIDTH="34" HEIGHT="20" WC="0.96" CONTENT="sin"/><SP WIDTH="18" VPOS="1042" HPOS="470"/>
							<String ID="string_136" HPOS="488" VPOS="1043" WIDTH="46" HEIGHT="20" WC="0.95" CONTENT="rätt"/><SP WIDTH="19" VPOS="1043" HPOS="534"/>
							<String ID="string_137" HPOS="553" VPOS="1042" WIDTH="34" HEIGHT="20" WC="0.95" CONTENT="till"/><SP WIDTH="18" VPOS="1042" HPOS="587"/>
							<String ID="string_138" HPOS="605" VPOS="1043" WIDTH="121" HEIGHT="27" WC="0.96" CONTENT="ersättning"/><SP WIDTH="18" VPOS="1043" HPOS="726"/>
							<String ID="string_139" HPOS="744" VPOS="1041" WIDTH="41" HEIGHT="28" WC="0.95" CONTENT="för"/><SP WIDTH="14" VPOS="1041" HPOS="785"/>
							<String ID="string_140" HPOS="799" VPOS="1042" WIDTH="70" HEIGHT="22" WC="0.96" CONTENT="skada"/>
						</TextLine>
						<TextLine ID="line_23" HPOS="198" VPOS="1075" WIDTH="671" HEIGHT="29">
							<String ID="string_141" HPOS="198" VPOS="1075" WIDTH="154" HEIGHT="28" WC="0.91" CONTENT="oförminskad,"/><SP WIDTH="17" VPOS="1075" HPOS="352"/>
							<String ID="string_142" HPOS="369" VPOS="1076" WIDTH="70" HEIGHT="21" WC="0.92" CONTENT="derest"/><SP WIDTH="15" VPOS="1076" HPOS="439"/>
							<String ID="string_143" HPOS="454" VPOS="1075" WIDTH="43" HEIGHT="22" WC="0.96" CONTENT="han"/><SP WIDTH="15" VPOS="1075" HPOS="497"/>
							<String ID="string_144" HPOS="512" VPOS="1076" WIDTH="57" HEIGHT="21" WC="0.96" CONTENT="varit"/><SP WIDTH="15" VPOS="1076" HPOS="569"/>
							<String ID="string_145" HPOS="584" VPOS="1076" WIDTH="9" HEIGHT="20" WC="0.96" CONTENT="i"/><SP WIDTH="13" VPOS="1076" HPOS="593"/>
							<String ID="string_146" HPOS="606" VPOS="1076" WIDTH="42" HEIGHT="27" WC="0.96" CONTENT="god"/><SP WIDTH="19" VPOS="1076" HPOS="648"/>
							<String ID="string_147" HPOS="667" VPOS="1079" WIDTH="33" HEIGHT="18" WC="0.96" CONTENT="tro"/><SP WIDTH="16" VPOS="1079" HPOS="700"/>
							<String ID="string_148" HPOS="716" VPOS="1077" WIDTH="39" HEIGHT="20" WC="0.93" CONTENT="och"/><SP WIDTH="14" VPOS="1077" HPOS="755"/>
							<String ID="string_149" HPOS="769" VPOS="1077" WIDTH="100" HEIGHT="27" WC="0.90" CONTENT="derjemte"/>
						</TextLine>
						<TextLine ID="line_24" HPOS="194" VPOS="1109" WIDTH="675" HEIGHT="29">
							<String ID="string_150" HPOS="194" VPOS="1109" WIDTH="93" HEIGHT="28" WC="0.91" CONTENT="pröfvas"/><SP WIDTH="18" VPOS="1109" HPOS="287"/>
							<String ID="string_151" HPOS="305" VPOS="1109" WIDTH="35" HEIGHT="21" WC="0.96" CONTENT="att"/><SP WIDTH="14" VPOS="1109" HPOS="340"/>
							<String ID="string_152" HPOS="354" VPOS="1109" WIDTH="86" HEIGHT="22" WC="0.96" CONTENT="skadan"/><SP WIDTH="22" VPOS="1109" HPOS="440"/>
							<String ID="string_153" HPOS="462" VPOS="1109" WIDTH="64" HEIGHT="28" WC="0.96" CONTENT="äfven"/><SP WIDTH="17" VPOS="1109" HPOS="526"/>
							<String ID="string_154" HPOS="543" VPOS="1111" WIDTH="55" HEIGHT="19" WC="0.96" CONTENT="utan"/><SP WIDTH="18" VPOS="1111" HPOS="598"/>
							<String ID="string_155" HPOS="616" VPOS="1110" WIDTH="70" HEIGHT="21" WC="0.96" CONTENT="sådan"/><SP WIDTH="19" VPOS="1110" HPOS="686"/>
							<String ID="string_156" HPOS="705" VPOS="1111" WIDTH="80" HEIGHT="27" WC="0.96" CONTENT="åtgärd"/><SP WIDTH="15" VPOS="1111" HPOS="785"/>
							<String ID="string_157" HPOS="800" VPOS="1111" WIDTH="69" HEIGHT="21" WC="0.96" CONTENT="skulle"/>
						</TextLine>
						<TextLine ID="line_25" HPOS="198" VPOS="1143" WIDTH="192" HEIGHT="28">
							<String ID="string_158" HPOS="198" VPOS="1143" WIDTH="67" HEIGHT="28" WC="0.93" CONTENT="hafva"/><SP WIDTH="17" VPOS="1143" HPOS="265"/>
							<String ID="string_159" HPOS="282" VPOS="1143" WIDTH="108" HEIGHT="28" WC="0.91" CONTENT="inträfat."/>
						</TextLine>
					</TextBlock>
				</ComposedBlock>
				<ComposedBlock ID="cblock_8" HPOS="317" VPOS="1194" WIDTH="355" HEIGHT="26">
					<TextBlock ID="block_11" HPOS="317" VPOS="1194" WIDTH="355" HEIGHT="26">
						<TextLine ID="line_26" HPOS="317" VPOS="1194" WIDTH="355" HEIGHT="26">
							<String ID="string_160" HPOS="317" VPOS="1197" WIDTH="21" HEIGHT="23" WC="0.81" CONTENT="$$"/><SP WIDTH="16" VPOS="1197" HPOS="338"/>
							<String ID="string_161" HPOS="354" VPOS="1196" WIDTH="41" HEIGHT="19" WC="0.96" CONTENT="205"/><SP WIDTH="17" VPOS="1196" HPOS="395"/>
							<String ID="string_162" HPOS="412" VPOS="1195" WIDTH="39" HEIGHT="20" WC="0.96" CONTENT="och"/><SP WIDTH="16" VPOS="1195" HPOS="451"/>
							<String ID="string_163" HPOS="467" VPOS="1195" WIDTH="40" HEIGHT="20" WC="0.96" CONTENT="206"/><SP WIDTH="17" VPOS="1195" HPOS="507"/>
							<String ID="string_164" HPOS="524" VPOS="1194" WIDTH="148" HEIGHT="21" WC="0.96" CONTENT="oförändrade."/>
						</TextLine>
					</TextBlock>
				</ComposedBlock>
				<ComposedBlock ID="cblock_9" HPOS="457" VPOS="1257" WIDTH="74" HEIGHT="24">
					<TextBlock ID="block_12" HPOS="457" VPOS="1257" WIDTH="74" HEIGHT="24">
						<TextLine ID="line_27" HPOS="457" VPOS="1257" WIDTH="74" HEIGHT="24">
							<String ID="string_165" HPOS="457" VPOS="1259" WIDTH="10" HEIGHT="22" WC="0.58" CONTENT="S"/><SP WIDTH="16" VPOS="1259" HPOS="467"/>
							<String ID="string_166" HPOS="483" VPOS="1257" WIDTH="48" HEIGHT="20" WC="0.96" CONTENT="207."/>
						</TextLine>
					</TextBlock>
				</ComposedBlock>
				<ComposedBlock ID="cblock_10" HPOS="121" VPOS="1296" WIDTH="749" HEIGHT="165">
					<TextBlock ID="block_13" HPOS="121" VPOS="1296" WIDTH="749" HEIGHT="165">
						<TextLine ID="line_28" HPOS="188" VPOS="1296" WIDTH="581" HEIGHT="28">
							<String ID="string_167" HPOS="188" VPOS="1298" WIDTH="40" HEIGHT="19" WC="0.96" CONTENT="Det"/><SP WIDTH="15" VPOS="1298" HPOS="228"/>
							<String ID="string_168" HPOS="243" VPOS="1298" WIDTH="6" HEIGHT="19" WC="0.96" CONTENT="i"/><SP WIDTH="17" VPOS="1298" HPOS="249"/>
							<String ID="string_169" HPOS="266" VPOS="1298" WIDTH="50" HEIGHT="19" WC="0.96" CONTENT="sista"/><SP WIDTH="15" VPOS="1298" HPOS="316"/>
							<String ID="string_170" HPOS="331" VPOS="1298" WIDTH="115" HEIGHT="19" WC="0.96" CONTENT="momentet"/><SP WIDTH="15" VPOS="1298" HPOS="446"/>
							<String ID="string_171" HPOS="461" VPOS="1296" WIDTH="176" HEIGHT="21" WC="0.94" CONTENT="förekommande"/><SP WIDTH="16" VPOS="1296" HPOS="637"/>
							<String ID="string_172" HPOS="653" VPOS="1297" WIDTH="116" HEIGHT="27" WC="0.96" CONTENT="uttrycket:"/>
						</TextLine>
						<TextLine ID="line_29" HPOS="188" VPOS="1331" WIDTH="682" HEIGHT="28">
							<String ID="string_173" HPOS="188" VPOS="1332" WIDTH="46" HEIGHT="19" WC="0.90" CONTENT="”om"/><SP WIDTH="19" VPOS="1332" HPOS="234"/>
							<String ID="string_174" HPOS="253" VPOS="1331" WIDTH="79" HEIGHT="20" WC="0.93" CONTENT="skadan"/><SP WIDTH="19" VPOS="1331" HPOS="332"/>
							<String ID="string_175" HPOS="351" VPOS="1331" WIDTH="83" HEIGHT="20" WC="0.93" CONTENT="härrört"/><SP WIDTH="18" VPOS="1331" HPOS="434"/>
							<String ID="string_176" HPOS="452" VPOS="1331" WIDTH="22" HEIGHT="20" WC="0.96" CONTENT="af"/><SP WIDTH="16" VPOS="1331" HPOS="474"/>
							<String ID="string_177" HPOS="490" VPOS="1331" WIDTH="75" HEIGHT="26" WC="0.93" CONTENT="sjelfva"/><SP WIDTH="15" VPOS="1331" HPOS="565"/>
							<String ID="string_178" HPOS="580" VPOS="1333" WIDTH="235" HEIGHT="26" WC="0.88" CONTENT="sammanstötningen”,"/><SP WIDTH="18" VPOS="1333" HPOS="815"/>
							<String ID="string_179" HPOS="833" VPOS="1333" WIDTH="37" HEIGHT="20" WC="0.96" CONTENT="bör"/>
						</TextLine>
						<TextLine ID="line_30" HPOS="121" VPOS="1365" WIDTH="368" HEIGHT="28">
							<String ID="string_180" HPOS="121" VPOS="1366" WIDTH="67" HEIGHT="27" WC="0.96" CONTENT="enligt"/><SP WIDTH="15" VPOS="1366" HPOS="188"/>
							<String ID="string_181" HPOS="203" VPOS="1365" WIDTH="112" HEIGHT="20" WC="0.95" CONTENT="utskottets"/><SP WIDTH="15" VPOS="1365" HPOS="315"/>
							<String ID="string_182" HPOS="330" VPOS="1365" WIDTH="84" HEIGHT="26" WC="0.96" CONTENT="mening"/><SP WIDTH="16" VPOS="1365" HPOS="414"/>
							<String ID="string_183" HPOS="430" VPOS="1365" WIDTH="59" HEIGHT="26" WC="0.96" CONTENT="lyda:"/>
						</TextLine>
						<TextLine ID="line_31" HPOS="256" VPOS="1399" WIDTH="614" HEIGHT="28">
							<String ID="string_184" HPOS="256" VPOS="1405" WIDTH="33" HEIGHT="15" WC="0.96" CONTENT="om"/><SP WIDTH="22" VPOS="1405" HPOS="289"/>
							<String ID="string_185" HPOS="311" VPOS="1399" WIDTH="84" HEIGHT="21" WC="0.93" CONTENT="skadan"/><SP WIDTH="23" VPOS="1399" HPOS="395"/>
							<String ID="string_186" HPOS="418" VPOS="1399" WIDTH="89" HEIGHT="21" WC="0.92" CONTENT="härrört"/><SP WIDTH="18" VPOS="1399" HPOS="507"/>
							<String ID="string_187" HPOS="525" VPOS="1399" WIDTH="131" HEIGHT="22" WC="0.95" CONTENT="omedelbart"/><SP WIDTH="18" VPOS="1399" HPOS="656"/>
							<String ID="string_188" HPOS="674" VPOS="1399" WIDTH="29" HEIGHT="28" WC="0.95" CONTENT="af"/><SP WIDTH="17" VPOS="1399" HPOS="703"/>
							<String ID="string_189" HPOS="720" VPOS="1399" WIDTH="77" HEIGHT="28" WC="0.92" CONTENT="sjelfva"/><SP WIDTH="15" VPOS="1399" HPOS="797"/>
							<String ID="string_190" HPOS="812" VPOS="1407" WIDTH="58" HEIGHT="15" WC="0.92" CONTENT="sam-"/>
						</TextLine>
						<TextLine ID="line_32" HPOS="221" VPOS="1433" WIDTH="181" HEIGHT="28">
							<String ID="string_191" HPOS="221" VPOS="1433" WIDTH="181" HEIGHT="28" WC="0.92" CONTENT="manstötningen,"/>
						</TextLine>
					</TextBlock>
				</ComposedBlock>
			</PrintSpace>
		</Page>
	</Layout>
</alto>
