1070 1786
795 154 31 17 287

113 216 59 25 söka,
191 217 103 20 huruvida
314 217 123 26 manskapet
456 218 84 26 åtnjutit
561 217 88 26 behörig
666 217 49 20 kost
730 218 52 19 efter
798 217 64 20 sådan

113 251 141 26 spisordning,
271 257 43 14 som
334 254 22 16 är
372 251 22 20 af
407 251 74 20 chefen
503 251 32 20 för
553 251 244 26 Finans-Expeditionen
816 251 48 20 fast-

116 284 52 20 stäld
185 285 52 19 eller
253 285 39 19 ock
310 285 68 19 blifvit
394 292 76 19 genom
487 285 100 19 särskildt
603 285 49 19 aftal
669 285 102 25 bestämd,
783 285 26 25 på
824 287 40 17 sätt

115 318 71 20 derom
203 319 6 19 i
226 320 9 22 $
252 319 26 19 42
294 318 22 20 af
329 320 92 19 nämnda
436 320 34 26 lag
485 320 92 25 stadgas.

463 390 9 21 S
489 388 34 19 20.

186 426 183 20 Ombudsinannen
394 427 36 19 bör
454 428 93 25 ständigt
570 427 64 19 hafva
660 427 98 19 tillhands
783 426 84 26 tryckta

118 460 38 19 och
173 460 53 19 efter
242 460 98 20 formulär
356 463 54 17 samt
425 461 258 25 Finans-Expeditionens
696 460 129 20 föreskrifter
836 460 30 20 in-

119 494 81 19 rättade
217 494 118 20 blanketter
350 494 30 20 till
397 494 208 27 skeppsdagböcker,
621 495 106 19 äfvensom
744 495 6 19 i
766 494 63 27 öfrigt
845 494 22 20 sä

119 528 83 24 förfara,
218 530 29 18 att
262 528 118 26 sjöfarande
398 529 33 19 mä
449 532 48 16 utan
515 528 99 27 dröjsmål
631 528 64 20 blifva
712 529 46 19 med
774 529 93 19 fallstän-

119 562 49 27 diga
190 562 122 27 dagböcker
336 563 104 26 försedda,
464 563 26 26 pä
513 566 41 17 sätt
577 563 71 20 derom
668 563 7 19 i
696 563 93 26 sjölagen
813 562 54 20 före-

119 596 95 20 skrifves.

189 630 45 20 Han
250 630 54 20 skall
320 632 39 18 ock
375 632 63 19 minst
452 632 6 19 i
475 638 38 13 sex
533 631 110 19 mänaders
660 631 28 19 tid
706 631 81 19 förvara
803 630 66 20 under

121 670 45 14 resa
181 664 124 27 begagnade
324 665 128 27 dagböcker,
474 665 64 20 sedan
555 665 61 19 dessa
632 664 68 20 blifvit
716 664 65 26 enligt
797 667 71 17 nämn-

121 698 25 20 de
162 698 34 26 lag
212 698 30 20 till
259 700 153 24 siömanshuset
427 699 128 20 inlemnade.

467 770 10 22 $
493 768 34 19 21.

204 806 146 27 Stridigheter,
380 814 44 13 som
450 807 76 26 uppstå
557 806 74 20 mellan
662 806 142 20 befälhafvare
831 806 39 19 och

123 840 123 26 skeppsfolk
270 841 51 19 eller
345 842 75 19 mellan
447 841 147 26 skeppsfolket
618 840 104 25 inbördes,
748 840 51 19 söke
827 846 43 13 om-

124 874 143 20 budsmannen
292 877 29 17 att
344 875 84 26 bilägga
448 876 37 19 der
505 876 35 19 det
559 875 37 19 ske
615 874 41 20 kan
676 876 47 18 utan
743 877 30 17 att
793 874 77 25 nägon-

123 908 50 19 dera
188 910 84 24 partens
288 910 40 18 rätt
342 909 122 20 förnärmas.

468 979 10 22 $
495 977 34 19 22.

192 1016 42 19 Har
250 1017 80 25 sjöman
351 1017 65 20 under
437 1023 46 13 resa
503 1016 68 20 aflidit
589 1015 39 20 och
644 1015 51 20 hans
710 1014 162 27 gvarlätenskap

126 1049 68 20 blifvit
210 1050 84 26 jemlikt
313 1051 103 25 sjölagens
439 1051 109 19 föreskrift
566 1050 23 19 af
608 1049 156 20 befälhafvaren
784 1049 31 19 till
833 1048 40 26 sjö-

127 1084 120 20 manshuset
262 1085 112 25 inlemnad,
391 1085 53 20 skall
456 1085 180 20 ombudsmannen
648 1083 120 20 densamma
779 1083 94 24 förvalta,

126 1117 80 20 tilldess
224 1119 64 26 laglig
307 1119 96 26 arfvinge
422 1119 32 26 sig
472 1119 100 19 anmäler.
603 1113 29 24 Är
648 1118 19 25 ej
684 1117 107 26 arfvingen
811 1115 63 26 känd,

127 1159 49 19 eger
195 1153 179 20 ombudsmannen
395 1153 96 26 kungöra
511 1159 32 13 om
563 1152 67 19 arfvet
645 1152 6 19 i
667 1151 81 20 landets
768 1151 107 19 allmänna

127 1186 106 26 tidningar
248 1187 38 19 och
304 1187 68 19 tillika
393 1187 97 19 meddela
509 1185 153 21 underrättelse
678 1191 32 13 om
727 1185 39 19 den
787 1184 88 20 aflidnes

127 1226 69 20 namn,
213 1220 113 20 födelseort
340 1224 54 17 samt
409 1221 67 26 öfriga
491 1220 71 20 kända
578 1218 236 25 lefnadsförhällanden,
830 1223 44 14 som

127 1257 35 16 äro
182 1255 31 19 för
232 1255 127 26 upplysning
374 1256 6 19 i
397 1255 64 20 saken
483 1255 89 26 nödiga;
588 1256 50 23 göre
657 1253 40 20 ock
716 1253 70 19 derom
803 1253 72 18 anmä-

129 1289 31 19 lan
177 1289 38 19 hos
231 1289 136 20 Guvernören
383 1290 7 19 i
405 1289 100 20 afseende
521 1289 13 19 &
551 1287 120 26 bevakning
682 1287 22 20 af
717 1287 90 19 kronans
825 1285 50 25 möj-

128 1322 42 27 liga
185 1325 47 17 rätt.

474 1371 10 21 s
501 1369 33 18 23.

198 1409 70 20 Under
284 1407 282 27 Sjömanshusdirektionens
583 1406 99 20 inseende
697 1405 38 20 och
748 1404 26 26 på
784 1405 47 19 dess
842 1411 35 12 an-

129 1449 47 14 svar
196 1443 53 19 skall
271 1442 179 20 ombudsmannen
471 1441 94 26 uppbära
585 1441 38 19 och
643 1439 87 20 förvalta
750 1439 41 19 alla
807 1438 25 19 de
848 1438 29 19 in-

130 1477 92 19 komster
244 1477 39 19 och
306 1476 75 26 medel,
404 1483 43 13 som
471 1475 84 19 tillhöra
570 1474 159 26 sjömanshuset.
760 1473 39 19 För
814 1471 64 20 sådan
