1070 1786
795 144 31 17 281

393 211 176 39 Förordning

469 269 29 12 om

366 299 235 29 Sjömanshusen.

243 380 31 20 Om
289 380 142 26 sjömanshusen
446 379 35 21 och
497 380 98 20 inseendet
610 380 53 20 öfver
678 380 47 20 dem.

465 445 9 21 $
492 443 17 18 1.

178 482 36 20 Uti
230 482 42 20 alla
286 482 76 24 städer,
378 481 45 20 från
440 481 83 20 hvilkas
543 482 86 19 hamnar
649 482 162 26 handelssjöfart
828 483 30 20 id-

111 517 37 19 kas
164 517 27 25 på
206 516 79 20 utrikes
301 518 37 23 ort,
354 516 54 19 skall
423 516 67 19 finnas
511 517 30 18 ett
559 516 138 25 sjömanshus,
717 516 60 20 hvars
795 517 64 20 ända-

110 551 40 20 mål
166 553 22 17 är
203 553 31 17 att
250 550 102 26 befrämja
371 550 40 26 god
432 550 90 26 ordning
538 550 6 19 i
560 550 135 26 sjöväsendet
710 553 53 17 samt
778 553 29 17 att
823 558 35 12 un-

110 585 108 25 derstödja
234 585 75 25 fattiga
324 584 38 20 och
380 584 129 20 nödlidande
526 584 142 19 medlemmar.

178 618 78 26 Hvarje
272 618 131 25 sjömanshus
424 618 99 19 förvaltas
539 618 22 19 af
575 624 25 13 en
617 617 112 26 direktion,
750 618 38 20 och
809 618 50 20 böra

111 653 30 19 till
166 653 115 19 ledamöter
302 652 42 20 deri
361 652 22 20 af
399 652 108 19 städernas
529 652 80 24 redare,
632 652 227 26 fartygsbefälhafvare

110 688 39 19 och
172 686 135 27 sjömanskap
331 689 55 17 utses
410 686 40 19 fem
473 687 28 18 uti
524 686 76 19 handel
619 686 39 19 och
677 686 72 26 sjöfart
768 686 91 20 förfarne

112 724 54 22 män,
189 720 73 20 hvilka
286 720 60 20 skola
367 720 29 19 till
417 720 35 19 sitt
474 720 81 19 biträde
581 720 61 19 hafva
666 726 25 13 en
716 720 142 20 Ombudsman

111 757 59 23 samt,
186 754 45 20 ifall
248 754 36 20 det
300 754 72 26 nödigt
387 756 29 23 är,
432 760 69 14 aunan
518 754 115 26 betjening.

178 788 114 20 Allmänna
313 788 110 19 inseendet
445 788 59 20 öfver
523 788 98 26 samtliga
642 788 159 26 sjömanshusen
818 788 39 20 till-

111 822 95 20 kommer
232 822 244 26 Finans-Expeditionen
492 822 6 18 i
515 822 90 19 Senaten
629 822 39 20 och
692 822 38 19 den
755 824 104 17 närmaste

111 856 98 26 tillsynen
227 856 129 20 handhafves
372 856 22 19 af
408 856 136 19 Guvernören
561 856 6 19 i
584 856 62 19 länet.

465 919 10 22 $
491 917 19 20 2.

178 959 39 19 Val
234 959 22 19 af
270 957 241 27 Sjömanshusdirektion
533 958 96 19 förrättas
646 958 54 20 inför
717 959 139 26 Magistraten,

111 993 38 19 och
166 993 53 19 skall
240 992 86 20 kallelse
348 991 68 20 dertili
439 992 107 19 meddelas
565 992 26 19 de
610 992 97 26 väljande
727 993 35 19 två
782 992 77 20 veckor

112 1027 53 19 förut
187 1033 74 20 genom
286 1026 56 19 såväl
366 1026 73 26 anslag
458 1027 6 18 i
484 1026 136 26 Magistraten
644 1032 42 14 som
711 1026 148 27 kungörelse
849 1022 14 35 i

111 1061 69 26 kyrka
198 1061 39 19 och
256 1063 70 17 ortens
346 1060 89 26 tidning.
466 1060 29 19 Af
510 1060 48 19 hela
577 1060 79 19 antalet
672 1060 114 20 ledamöter
803 1060 56 26 böra,

111 1101 75 20 genom
207 1095 129 25 omröstning
355 1094 53 20 efter
425 1094 115 25 hufvudtal,
557 1094 34 19 två
611 1097 55 17 utses
682 1094 22 20 af
717 1095 73 20 redare
806 1097 53 17 samt

111 1129 35 19 två
161 1129 23 20 af
197 1128 225 27 fartygsbefälhafvare
442 1129 39 19 och
502 1135 25 12 en
544 1128 23 19 af
580 1129 88 25 sjömän,
684 1135 44 13 som
744 1131 36 17 äro
796 1129 6 19 i
817 1131 41 18 sta-

111 1163 51 20 dens
178 1163 131 26 sjömanshus
325 1162 103 19 inskrifna
443 1163 39 19 och
499 1163 71 25 hvarje
587 1162 22 19 af
622 1162 62 19 dessa
699 1162 79 20 klasser
795 1162 64 26 väljer

111 1196 67 20 tillika
194 1203 25 13 en
236 1196 116 26 suppleant.
384 1196 68 20 Sedan
473 1202 50 20 eger
542 1196 136 26 Magistraten
694 1196 114 26 godkänna
824 1203 33 13 va-

111 1231 34 25 let,
162 1230 44 20 ifall
223 1230 48 27 laga
287 1230 44 19 skäl
348 1232 30 17 att
393 1230 94 19 förkasta
502 1230 116 20 detsamma
633 1230 48 20 icke
697 1230 72 21 finnes.

179 1265 51 26 Nytt
249 1265 32 19 val
306 1264 122 20 verkställes
452 1265 126 19 hvartannat
597 1264 28 26 är,
644 1264 28 20 dä
689 1264 53 20 efter
762 1267 37 24 tur,
815 1272 44 13 som

111 1300 65 19 första
198 1299 84 26 gången
305 1305 77 20 genom
406 1298 90 27 lottning
513 1299 132 24 bestämmes,
663 1298 49 20 böra
728 1298 49 27 afgä
791 1300 67 19 antin-

111 1340 40 20 gen
168 1333 35 19 två
218 1333 51 19 eller
286 1334 30 18 tre
332 1332 123 25 ledamöter,
471 1332 73 19 hvilka
559 1332 69 26 längst
638 1333 125 25 tjenstgjort.
793 1333 67 26 Afgår

111 1367 91 20 ledamot
218 1367 66 19 under
300 1366 135 20 mellantiden
453 1365 53 20 ifrån
521 1365 140 26 direktionen,
672 1366 93 20 inträder
776 1367 82 26 supple-

110 1403 37 18 ant
160 1401 24 20 af
198 1407 80 13 samma
293 1400 55 20 klass
364 1401 6 18 i
386 1400 52 20 hans
454 1400 67 19 ställe.

179 1434 132 21 Ordförande
327 1435 7 18 i
350 1434 133 20 direktionen
499 1440 41 21 ega
556 1434 48 19 dess
619 1433 117 21 ledamöter
752 1435 31 27 sig
794 1435 63 20 emel-

111 1469 33 20 lan
161 1472 51 17 utse.
