<?xml version="1.0" encoding="UTF-8"?>
<alto xmlns="http://www.loc.gov/standards/alto/ns-v3#" xmlns:xlink="http://www.w3.org/1999/xlink" xmlns:xsi="http://www.w3.org/2001/XMLSchema-instance" xsi:schemaLocation="http://www.loc.gov/standards/alto/ns-v3# http://www.loc.gov/alto/v3/alto-3-0.xsd">
	<Description>
		<MeasurementUnit>pixel</MeasurementUnit>
		<sourceImageInformation>
			<fileName>/tmp/tess_0f4qea1u_input.PNG</fileName>
		</sourceImageInformation>
		<OCRProcessing ID="OCR_0">
			<ocrProcessingStep>
				<processingSoftware>
					<softwareName>tesseract 5.3.4</softwareName>
				</processingSoftware>
			</ocrProcessingStep>
		</OCRProcessing>
	</Description>
	<Layout>
		<Page WIDTH="1070" HEIGHT="1786" PHYSICAL_IMG_NR="0" ID="page_0">
			<PrintSpace HPOS="0" VPOS="0" WIDTH="1070" HEIGHT="1786">
				<ComposedBlock ID="cblock_0" HPOS="796" VPOS="159" WIDTH="34" HEIGHT="17">
					<TextBlock ID="block_0" HPOS="796" VPOS="159" WIDTH="34" HEIGHT="17">
						<TextLine ID="line_0" HPOS="796" VPOS="159" WIDTH="34" HEIGHT="17">
							<String ID="string_0" HPOS="796" VPOS="159" WIDTH="34" HEIGHT="17" WC="0.96" CONTENT="303"/>
						</TextLine>
					</TextBlock>
				</ComposedBlock>
				<ComposedBlock ID="cblock_1" HPOS="113" VPOS="217" WIDTH="762" HEIGHT="1289">
					<TextBlock ID="block_1" HPOS="113" VPOS="217" WIDTH="751" HEIGHT="165">
						<TextLine ID="line_1" HPOS="113" VPOS="217" WIDTH="750" HEIGHT="30">
							<String ID="string_1" HPOS="113" VPOS="221" WIDTH="60" HEIGHT="26" WC="0.96" CONTENT="dröja"/><SP WIDTH="15" VPOS="221" HPOS="173"/>
							<String ID="string_2" HPOS="188" VPOS="221" WIDTH="148" HEIGHT="26" WC="0.96" CONTENT="utvecklingen"/><SP WIDTH="17" VPOS="221" HPOS="336"/>
							<String ID="string_3" HPOS="353" VPOS="220" WIDTH="39" HEIGHT="20" WC="0.96" CONTENT="och"/><SP WIDTH="18" VPOS="220" HPOS="392"/>
							<String ID="string_4" HPOS="410" VPOS="220" WIDTH="99" HEIGHT="26" WC="0.96" CONTENT="möjligen"/><SP WIDTH="17" VPOS="220" HPOS="509"/>
							<String ID="string_5" HPOS="526" VPOS="219" WIDTH="62" HEIGHT="20" WC="0.96" CONTENT="äfven"/><SP WIDTH="17" VPOS="219" HPOS="588"/>
							<String ID="string_6" HPOS="605" VPOS="217" WIDTH="51" HEIGHT="28" WC="0.96" CONTENT="göra"/><SP WIDTH="19" VPOS="217" HPOS="656"/>
							<String ID="string_7" HPOS="675" VPOS="220" WIDTH="126" HEIGHT="26" WC="0.87" CONTENT="ställningen"/><SP WIDTH="18" VPOS="220" HPOS="801"/>
							<String ID="string_8" HPOS="819" VPOS="221" WIDTH="44" HEIGHT="19" WC="0.90" CONTENT="full-"/>
						</TextLine>
						<TextLine ID="line_2" HPOS="113" VPOS="253" WIDTH="751" HEIGHT="28">
							<String ID="string_9" HPOS="113" VPOS="255" WIDTH="107" HEIGHT="26" WC="0.92" CONTENT="komligen"/><SP WIDTH="17" VPOS="255" HPOS="220"/>
							<String ID="string_10" HPOS="237" VPOS="255" WIDTH="105" HEIGHT="19" WC="0.96" CONTENT="stationär."/><SP WIDTH="30" VPOS="255" HPOS="342"/>
							<String ID="string_11" HPOS="372" VPOS="254" WIDTH="41" HEIGHT="19" WC="0.96" CONTENT="För"/><SP WIDTH="21" VPOS="254" HPOS="413"/>
							<String ID="string_12" HPOS="434" VPOS="256" WIDTH="29" HEIGHT="17" WC="0.96" CONTENT="att"/><SP WIDTH="18" VPOS="256" HPOS="463"/>
							<String ID="string_13" HPOS="481" VPOS="253" WIDTH="124" HEIGHT="26" WC="0.96" CONTENT="ytterligare"/><SP WIDTH="19" VPOS="253" HPOS="605"/>
							<String ID="string_14" HPOS="624" VPOS="253" WIDTH="102" HEIGHT="26" WC="0.96" CONTENT="befrämja"/><SP WIDTH="18" VPOS="253" HPOS="726"/>
							<String ID="string_15" HPOS="744" VPOS="254" WIDTH="120" HEIGHT="21" WC="0.95" CONTENT="ändamålet"/>
						</TextLine>
						<TextLine ID="line_3" HPOS="115" VPOS="287" WIDTH="748" HEIGHT="21">
							<String ID="string_16" HPOS="115" VPOS="289" WIDTH="63" HEIGHT="19" WC="0.96" CONTENT="borde"/><SP WIDTH="17" VPOS="289" HPOS="178"/>
							<String ID="string_17" HPOS="195" VPOS="289" WIDTH="72" HEIGHT="19" WC="0.96" CONTENT="landet"/><SP WIDTH="15" VPOS="289" HPOS="267"/>
							<String ID="string_18" HPOS="282" VPOS="289" WIDTH="66" HEIGHT="19" WC="0.96" CONTENT="förses"/><SP WIDTH="17" VPOS="289" HPOS="348"/>
							<String ID="string_19" HPOS="365" VPOS="288" WIDTH="46" HEIGHT="19" WC="0.96" CONTENT="med"/><SP WIDTH="17" VPOS="288" HPOS="411"/>
							<String ID="string_20" HPOS="428" VPOS="290" WIDTH="29" HEIGHT="17" WC="0.96" CONTENT="ett"/><SP WIDTH="16" VPOS="290" HPOS="457"/>
							<String ID="string_21" HPOS="473" VPOS="288" WIDTH="53" HEIGHT="19" WC="0.93" CONTENT="efter"/><SP WIDTH="17" VPOS="288" HPOS="526"/>
							<String ID="string_22" HPOS="543" VPOS="287" WIDTH="99" HEIGHT="20" WC="0.91" CONTENT="behofvet"/><SP WIDTH="16" VPOS="287" HPOS="642"/>
							<String ID="string_23" HPOS="658" VPOS="288" WIDTH="64" HEIGHT="19" WC="0.93" CONTENT="ökadt"/><SP WIDTH="15" VPOS="288" HPOS="722"/>
							<String ID="string_24" HPOS="737" VPOS="288" WIDTH="56" HEIGHT="19" WC="0.93" CONTENT="antal"/><SP WIDTH="12" VPOS="288" HPOS="793"/>
							<String ID="string_25" HPOS="805" VPOS="289" WIDTH="58" HEIGHT="18" WC="0.92" CONTENT="navi-"/>
						</TextLine>
						<TextLine ID="line_4" HPOS="113" VPOS="321" WIDTH="750" HEIGHT="27">
							<String ID="string_26" HPOS="113" VPOS="322" WIDTH="164" HEIGHT="26" WC="0.90" CONTENT="gationsskolor,"/><SP WIDTH="21" VPOS="322" HPOS="277"/>
							<String ID="string_27" HPOS="298" VPOS="322" WIDTH="94" HEIGHT="26" WC="0.96" CONTENT="förlagda"/><SP WIDTH="16" VPOS="322" HPOS="392"/>
							<String ID="string_28" HPOS="408" VPOS="322" WIDTH="26" HEIGHT="25" WC="0.96" CONTENT="på"/><SP WIDTH="16" VPOS="322" HPOS="434"/>
							<String ID="string_29" HPOS="450" VPOS="321" WIDTH="102" HEIGHT="26" WC="0.96" CONTENT="lämpliga"/><SP WIDTH="16" VPOS="321" HPOS="552"/>
							<String ID="string_30" HPOS="568" VPOS="321" WIDTH="74" HEIGHT="20" WC="0.96" CONTENT="ställen"/><SP WIDTH="17" VPOS="321" HPOS="642"/>
							<String ID="string_31" HPOS="659" VPOS="322" WIDTH="39" HEIGHT="19" WC="0.95" CONTENT="och"/><SP WIDTH="20" VPOS="322" HPOS="698"/>
							<String ID="string_32" HPOS="718" VPOS="321" WIDTH="23" HEIGHT="20" WC="0.95" CONTENT="så"/><SP WIDTH="18" VPOS="321" HPOS="741"/>
							<String ID="string_33" HPOS="759" VPOS="322" WIDTH="104" HEIGHT="19" WC="0.96" CONTENT="inrättade"/>
						</TextLine>
						<TextLine ID="line_5" HPOS="115" VPOS="355" WIDTH="716" HEIGHT="27">
							<String ID="string_34" HPOS="115" VPOS="358" WIDTH="29" HEIGHT="18" WC="0.95" CONTENT="att"/><SP WIDTH="16" VPOS="358" HPOS="144"/>
							<String ID="string_35" HPOS="160" VPOS="356" WIDTH="25" HEIGHT="20" WC="0.96" CONTENT="de"/><SP WIDTH="17" VPOS="356" HPOS="185"/>
							<String ID="string_36" HPOS="202" VPOS="356" WIDTH="34" HEIGHT="19" WC="0.96" CONTENT="må"/><SP WIDTH="15" VPOS="356" HPOS="236"/>
							<String ID="string_37" HPOS="251" VPOS="356" WIDTH="71" HEIGHT="19" WC="0.93" CONTENT="kunna"/><SP WIDTH="14" VPOS="356" HPOS="322"/>
							<String ID="string_38" HPOS="336" VPOS="355" WIDTH="78" HEIGHT="26" WC="0.93" CONTENT="jemväl"/><SP WIDTH="17" VPOS="355" HPOS="414"/>
							<String ID="string_39" HPOS="431" VPOS="355" WIDTH="23" HEIGHT="19" WC="0.96" CONTENT="af"/><SP WIDTH="12" VPOS="355" HPOS="454"/>
							<String ID="string_40" HPOS="466" VPOS="355" WIDTH="106" HEIGHT="26" WC="0.95" CONTENT="allmogen"/><SP WIDTH="18" VPOS="355" HPOS="572"/>
							<String ID="string_41" HPOS="590" VPOS="355" WIDTH="26" HEIGHT="26" WC="0.96" CONTENT="på"/><SP WIDTH="16" VPOS="355" HPOS="616"/>
							<String ID="string_42" HPOS="632" VPOS="355" WIDTH="71" HEIGHT="20" WC="0.93" CONTENT="landet"/><SP WIDTH="16" VPOS="355" HPOS="703"/>
							<String ID="string_43" HPOS="719" VPOS="355" WIDTH="112" HEIGHT="27" WC="0.91" CONTENT="begagnas."/>
						</TextLine>
					</TextBlock>
					<TextBlock ID="block_2" HPOS="115" VPOS="389" WIDTH="758" HEIGHT="981">
						<TextLine ID="line_6" HPOS="185" VPOS="389" WIDTH="679" HEIGHT="27">
							<String ID="string_44" HPOS="185" VPOS="391" WIDTH="9" HEIGHT="19" WC="0.96" CONTENT="I"/><SP WIDTH="16" VPOS="391" HPOS="194"/>
							<String ID="string_45" HPOS="210" VPOS="390" WIDTH="150" HEIGHT="26" WC="0.96" CONTENT="sammanhang"/><SP WIDTH="22" VPOS="390" HPOS="360"/>
							<String ID="string_46" HPOS="382" VPOS="390" WIDTH="46" HEIGHT="19" WC="0.96" CONTENT="med"/><SP WIDTH="20" VPOS="390" HPOS="428"/>
							<String ID="string_47" HPOS="448" VPOS="390" WIDTH="35" HEIGHT="19" WC="0.95" CONTENT="det"/><SP WIDTH="20" VPOS="390" HPOS="483"/>
							<String ID="string_48" HPOS="503" VPOS="389" WIDTH="87" HEIGHT="19" WC="0.95" CONTENT="anförda"/><SP WIDTH="20" VPOS="389" HPOS="590"/>
							<String ID="string_49" HPOS="610" VPOS="389" WIDTH="36" HEIGHT="19" WC="0.96" CONTENT="bör"/><SP WIDTH="19" VPOS="389" HPOS="646"/>
							<String ID="string_50" HPOS="665" VPOS="389" WIDTH="100" HEIGHT="20" WC="0.92" CONTENT="utskottet"/><SP WIDTH="22" VPOS="389" HPOS="765"/>
							<String ID="string_51" HPOS="787" VPOS="390" WIDTH="77" HEIGHT="20" WC="0.91" CONTENT="sluteli-"/>
						</TextLine>
						<TextLine ID="line_7" HPOS="115" VPOS="423" WIDTH="748" HEIGHT="27">
							<String ID="string_52" HPOS="115" VPOS="431" WIDTH="39" HEIGHT="19" WC="0.96" CONTENT="gen"/><SP WIDTH="18" VPOS="431" HPOS="154"/>
							<String ID="string_53" HPOS="172" VPOS="424" WIDTH="86" HEIGHT="26" WC="0.94" CONTENT="tillägga"/><SP WIDTH="19" VPOS="424" HPOS="258"/>
							<String ID="string_54" HPOS="277" VPOS="424" WIDTH="64" HEIGHT="26" WC="0.95" CONTENT="några"/><SP WIDTH="20" VPOS="424" HPOS="341"/>
							<String ID="string_55" HPOS="361" VPOS="423" WIDTH="114" HEIGHT="27" WC="0.96" CONTENT="belysande"/><SP WIDTH="17" VPOS="423" HPOS="475"/>
							<String ID="string_56" HPOS="492" VPOS="423" WIDTH="89" HEIGHT="25" WC="0.96" CONTENT="detaljer"/><SP WIDTH="15" VPOS="423" HPOS="581"/>
							<String ID="string_57" HPOS="596" VPOS="423" WIDTH="110" HEIGHT="26" WC="0.96" CONTENT="angående"/><SP WIDTH="16" VPOS="423" HPOS="706"/>
							<String ID="string_58" HPOS="722" VPOS="426" WIDTH="30" HEIGHT="17" WC="0.92" CONTENT="ett"/><SP WIDTH="15" VPOS="426" HPOS="752"/>
							<String ID="string_59" HPOS="767" VPOS="424" WIDTH="96" HEIGHT="26" WC="0.91" CONTENT="stadgan-"/>
						</TextLine>
						<TextLine ID="line_8" HPOS="116" VPOS="456" WIDTH="749" HEIGHT="28">
							<String ID="string_60" HPOS="116" VPOS="458" WIDTH="33" HEIGHT="26" WC="0.95" CONTENT="de,"/><SP WIDTH="16" VPOS="458" HPOS="149"/>
							<String ID="string_61" HPOS="165" VPOS="464" WIDTH="44" HEIGHT="14" WC="0.96" CONTENT="som"/><SP WIDTH="17" VPOS="464" HPOS="209"/>
							<String ID="string_62" HPOS="226" VPOS="458" WIDTH="141" HEIGHT="20" WC="0.96" CONTENT="förekommer"/><SP WIDTH="16" VPOS="458" HPOS="367"/>
							<String ID="string_63" HPOS="383" VPOS="458" WIDTH="6" HEIGHT="18" WC="0.92" CONTENT="i"/><SP WIDTH="16" VPOS="458" HPOS="389"/>
							<String ID="string_64" HPOS="405" VPOS="460" WIDTH="10" HEIGHT="22" WC="0.92" CONTENT="$"/><SP WIDTH="16" VPOS="460" HPOS="415"/>
							<String ID="string_65" HPOS="431" VPOS="458" WIDTH="40" HEIGHT="19" WC="0.95" CONTENT="210"/><SP WIDTH="16" VPOS="458" HPOS="471"/>
							<String ID="string_66" HPOS="487" VPOS="457" WIDTH="23" HEIGHT="19" WC="0.95" CONTENT="af"/><SP WIDTH="13" VPOS="457" HPOS="510"/>
							<String ID="string_67" HPOS="523" VPOS="456" WIDTH="166" HEIGHT="27" WC="0.96" CONTENT="propositionen,"/><SP WIDTH="11" VPOS="456" HPOS="689"/>
							<String ID="string_68" HPOS="700" VPOS="458" WIDTH="38" HEIGHT="19" WC="0.96" CONTENT="och"/><SP WIDTH="16" VPOS="458" HPOS="738"/>
							<String ID="string_69" HPOS="754" VPOS="464" WIDTH="33" HEIGHT="14" WC="0.96" CONTENT="om"/><SP WIDTH="17" VPOS="464" HPOS="787"/>
							<String ID="string_70" HPOS="804" VPOS="458" WIDTH="61" HEIGHT="20" WC="0.96" CONTENT="hvars"/>
						</TextLine>
						<TextLine ID="line_9" HPOS="116" VPOS="491" WIDTH="749" HEIGHT="30">
							<String ID="string_71" HPOS="116" VPOS="493" WIDTH="120" HEIGHT="25" WC="0.95" CONTENT="rättmätiga"/><SP WIDTH="20" VPOS="493" HPOS="236"/>
							<String ID="string_72" HPOS="256" VPOS="492" WIDTH="65" HEIGHT="26" WC="0.93" CONTENT="grund"/><SP WIDTH="21" VPOS="492" HPOS="321"/>
							<String ID="string_73" HPOS="342" VPOS="492" WIDTH="126" HEIGHT="20" WC="0.91" CONTENT="tvifvelsmål"/><SP WIDTH="22" VPOS="492" HPOS="468"/>
							<String ID="string_74" HPOS="490" VPOS="491" WIDTH="69" HEIGHT="20" WC="0.93" CONTENT="blifvit"/><SP WIDTH="15" VPOS="491" HPOS="559"/>
							<String ID="string_75" HPOS="574" VPOS="491" WIDTH="86" HEIGHT="20" WC="0.90" CONTENT="af&#39;flere"/><SP WIDTH="20" VPOS="491" HPOS="660"/>
							<String ID="string_76" HPOS="680" VPOS="492" WIDTH="97" HEIGHT="27" WC="0.95" CONTENT="uttalade,"/><SP WIDTH="19" VPOS="492" HPOS="777"/>
							<String ID="string_77" HPOS="796" VPOS="493" WIDTH="69" HEIGHT="28" WC="0.96" CONTENT="såsom"/>
						</TextLine>
						<TextLine ID="line_10" HPOS="117" VPOS="526" WIDTH="748" HEIGHT="26">
							<String ID="string_78" HPOS="117" VPOS="527" WIDTH="26" HEIGHT="19" WC="0.96" CONTENT="de"/><SP WIDTH="16" VPOS="527" HPOS="143"/>
							<String ID="string_79" HPOS="159" VPOS="527" WIDTH="6" HEIGHT="19" WC="0.96" CONTENT="i"/><SP WIDTH="17" VPOS="527" HPOS="165"/>
							<String ID="string_80" HPOS="182" VPOS="526" WIDTH="87" HEIGHT="20" WC="0.96" CONTENT="ärendet"/><SP WIDTH="16" VPOS="526" HPOS="269"/>
							<String ID="string_81" HPOS="285" VPOS="526" WIDTH="109" HEIGHT="20" WC="0.96" CONTENT="tillkomna"/><SP WIDTH="16" VPOS="526" HPOS="394"/>
							<String ID="string_82" HPOS="410" VPOS="526" WIDTH="126" HEIGHT="26" WC="0.96" CONTENT="handlingar"/><SP WIDTH="17" VPOS="526" HPOS="536"/>
							<String ID="string_83" HPOS="553" VPOS="527" WIDTH="73" HEIGHT="18" WC="0.96" CONTENT="utvisa."/><SP WIDTH="26" VPOS="527" HPOS="626"/>
							<String ID="string_84" HPOS="652" VPOS="526" WIDTH="28" HEIGHT="19" WC="0.94" CONTENT="På"/><SP WIDTH="12" VPOS="526" HPOS="680"/>
							<String ID="string_85" HPOS="692" VPOS="526" WIDTH="57" HEIGHT="20" WC="0.94" CONTENT="detta"/><SP WIDTH="10" VPOS="526" HPOS="749"/>
							<String ID="string_86" HPOS="759" VPOS="527" WIDTH="59" HEIGHT="20" WC="0.93" CONTENT="ställe"/><SP WIDTH="13" VPOS="527" HPOS="818"/>
							<String ID="string_87" HPOS="831" VPOS="527" WIDTH="34" HEIGHT="20" WC="0.92" CONTENT="be-"/>
						</TextLine>
						<TextLine ID="line_11" HPOS="117" VPOS="560" WIDTH="747" HEIGHT="27">
							<String ID="string_88" HPOS="117" VPOS="563" WIDTH="105" HEIGHT="24" WC="0.91" CONTENT="stämmes,"/><SP WIDTH="19" VPOS="563" HPOS="222"/>
							<String ID="string_89" HPOS="241" VPOS="560" WIDTH="53" HEIGHT="20" WC="0.93" CONTENT="huru"/><SP WIDTH="22" VPOS="560" HPOS="294"/>
							<String ID="string_90" HPOS="316" VPOS="560" WIDTH="211" HEIGHT="27" WC="0.92" CONTENT="försäkringsgifvare"/><SP WIDTH="20" VPOS="560" HPOS="527"/>
							<String ID="string_91" HPOS="547" VPOS="560" WIDTH="6" HEIGHT="19" WC="0.96" CONTENT="i"/><SP WIDTH="16" VPOS="560" HPOS="553"/>
							<String ID="string_92" HPOS="569" VPOS="560" WIDTH="55" HEIGHT="19" WC="0.96" CONTENT="vissa"/><SP WIDTH="24" VPOS="560" HPOS="624"/>
							<String ID="string_93" HPOS="648" VPOS="560" WIDTH="154" HEIGHT="27" WC="0.96" CONTENT="undantagsfall"/><SP WIDTH="22" VPOS="560" HPOS="802"/>
							<String ID="string_94" HPOS="824" VPOS="561" WIDTH="40" HEIGHT="20" WC="0.96" CONTENT="kan"/>
						</TextLine>
						<TextLine ID="line_12" HPOS="119" VPOS="594" WIDTH="747" HEIGHT="26">
							<String ID="string_95" HPOS="119" VPOS="595" WIDTH="84" HEIGHT="19" WC="0.96" CONTENT="komma"/><SP WIDTH="13" VPOS="595" HPOS="203"/>
							<String ID="string_96" HPOS="216" VPOS="597" WIDTH="30" HEIGHT="17" WC="0.93" CONTENT="att"/><SP WIDTH="18" VPOS="597" HPOS="246"/>
							<String ID="string_97" HPOS="264" VPOS="595" WIDTH="93" HEIGHT="19" WC="0.92" CONTENT="utbetala"/><SP WIDTH="19" VPOS="595" HPOS="357"/>
							<String ID="string_98" HPOS="376" VPOS="596" WIDTH="30" HEIGHT="18" WC="0.96" CONTENT="ett"/><SP WIDTH="19" VPOS="596" HPOS="406"/>
							<String ID="string_99" HPOS="425" VPOS="597" WIDTH="66" HEIGHT="17" WC="0.93" CONTENT="större"/><SP WIDTH="20" VPOS="597" HPOS="491"/>
							<String ID="string_100" HPOS="511" VPOS="594" WIDTH="205" HEIGHT="26" WC="0.91" CONTENT="ersättningsbelopp"/><SP WIDTH="16" VPOS="594" HPOS="716"/>
							<String ID="string_101" HPOS="732" VPOS="597" WIDTH="26" HEIGHT="17" WC="0.96" CONTENT="än"/><SP WIDTH="16" VPOS="597" HPOS="758"/>
							<String ID="string_102" HPOS="774" VPOS="595" WIDTH="40" HEIGHT="19" WC="0.93" CONTENT="den"/><SP WIDTH="18" VPOS="595" HPOS="814"/>
							<String ID="string_103" HPOS="832" VPOS="595" WIDTH="34" HEIGHT="20" WC="0.92" CONTENT="be-"/>
						</TextLine>
						<TextLine ID="line_13" HPOS="118" VPOS="628" WIDTH="747" HEIGHT="28">
							<String ID="string_104" HPOS="118" VPOS="629" WIDTH="85" HEIGHT="27" WC="0.90" CONTENT="tingade"/><SP WIDTH="20" VPOS="629" HPOS="203"/>
							<String ID="string_105" HPOS="223" VPOS="628" WIDTH="225" HEIGHT="27" WC="0.90" CONTENT="försäkringssumman"/><SP WIDTH="19" VPOS="628" HPOS="448"/>
							<String ID="string_106" HPOS="467" VPOS="631" WIDTH="67" HEIGHT="24" WC="0.95" CONTENT="utgör."/><SP WIDTH="30" VPOS="631" HPOS="534"/>
							<String ID="string_107" HPOS="564" VPOS="628" WIDTH="63" HEIGHT="20" WC="0.95" CONTENT="Detta"/><SP WIDTH="17" VPOS="628" HPOS="627"/>
							<String ID="string_108" HPOS="644" VPOS="628" WIDTH="55" HEIGHT="26" WC="0.95" CONTENT="sker,"/><SP WIDTH="17" VPOS="628" HPOS="699"/>
							<String ID="string_109" HPOS="716" VPOS="628" WIDTH="26" HEIGHT="20" WC="0.96" CONTENT="då"/><SP WIDTH="16" VPOS="628" HPOS="742"/>
							<String ID="string_110" HPOS="758" VPOS="629" WIDTH="107" HEIGHT="20" WC="0.96" CONTENT="försäkrad"/>
						</TextLine>
						<TextLine ID="line_14" HPOS="118" VPOS="662" WIDTH="747" HEIGHT="28">
							<String ID="string_111" HPOS="118" VPOS="664" WIDTH="104" HEIGHT="26" WC="0.95" CONTENT="egendom"/><SP WIDTH="24" VPOS="664" HPOS="222"/>
							<String ID="string_112" HPOS="246" VPOS="663" WIDTH="52" HEIGHT="19" WC="0.95" CONTENT="först"/><SP WIDTH="20" VPOS="663" HPOS="298"/>
							<String ID="string_113" HPOS="318" VPOS="663" WIDTH="55" HEIGHT="19" WC="0.96" CONTENT="varit"/><SP WIDTH="24" VPOS="663" HPOS="373"/>
							<String ID="string_114" HPOS="397" VPOS="662" WIDTH="92" HEIGHT="26" WC="0.96" CONTENT="delaktig"/><SP WIDTH="26" VPOS="662" HPOS="489"/>
							<String ID="string_115" HPOS="515" VPOS="663" WIDTH="28" HEIGHT="18" WC="0.95" CONTENT="uti"/><SP WIDTH="23" VPOS="663" HPOS="543"/>
							<String ID="string_116" HPOS="566" VPOS="664" WIDTH="132" HEIGHT="24" WC="0.95" CONTENT="gemensamt"/><SP WIDTH="22" VPOS="664" HPOS="698"/>
							<String ID="string_117" HPOS="720" VPOS="662" WIDTH="77" HEIGHT="26" WC="0.96" CONTENT="haveri,"/><SP WIDTH="24" VPOS="662" HPOS="797"/>
							<String ID="string_118" HPOS="821" VPOS="669" WIDTH="44" HEIGHT="14" WC="0.96" CONTENT="som"/>
						</TextLine>
						<TextLine ID="line_15" HPOS="119" VPOS="696" WIDTH="748" HEIGHT="26">
							<String ID="string_119" HPOS="119" VPOS="698" WIDTH="89" HEIGHT="19" WC="0.96" CONTENT="medfört"/><SP WIDTH="20" VPOS="698" HPOS="208"/>
							<String ID="string_120" HPOS="228" VPOS="697" WIDTH="113" HEIGHT="20" WC="0.96" CONTENT="kostnader"/><SP WIDTH="18" VPOS="697" HPOS="341"/>
							<String ID="string_121" HPOS="359" VPOS="697" WIDTH="39" HEIGHT="19" WC="0.96" CONTENT="och"/><SP WIDTH="21" VPOS="697" HPOS="398"/>
							<String ID="string_122" HPOS="419" VPOS="697" WIDTH="120" HEIGHT="19" WC="0.96" CONTENT="sedermera"/><SP WIDTH="20" VPOS="697" HPOS="539"/>
							<String ID="string_123" HPOS="559" VPOS="696" WIDTH="101" HEIGHT="26" WC="0.96" CONTENT="antingen"/><SP WIDTH="21" VPOS="696" HPOS="660"/>
							<String ID="string_124" HPOS="681" VPOS="696" WIDTH="43" HEIGHT="20" WC="0.95" CONTENT="helt"/><SP WIDTH="20" VPOS="696" HPOS="724"/>
							<String ID="string_125" HPOS="744" VPOS="697" WIDTH="38" HEIGHT="19" WC="0.95" CONTENT="och"/><SP WIDTH="21" VPOS="697" HPOS="782"/>
							<String ID="string_126" HPOS="803" VPOS="697" WIDTH="64" HEIGHT="20" WC="0.95" CONTENT="hållet"/>
						</TextLine>
						<TextLine ID="line_16" HPOS="119" VPOS="730" WIDTH="747" HEIGHT="28">
							<String ID="string_127" HPOS="119" VPOS="732" WIDTH="37" HEIGHT="26" WC="0.95" CONTENT="går"/><SP WIDTH="16" VPOS="732" HPOS="156"/>
							<String ID="string_128" HPOS="172" VPOS="732" WIDTH="91" HEIGHT="19" WC="0.95" CONTENT="förlorad"/><SP WIDTH="17" VPOS="732" HPOS="263"/>
							<String ID="string_129" HPOS="280" VPOS="731" WIDTH="50" HEIGHT="20" WC="0.96" CONTENT="eller"/><SP WIDTH="16" VPOS="731" HPOS="330"/>
							<String ID="string_130" HPOS="346" VPOS="731" WIDTH="83" HEIGHT="24" WC="0.96" CONTENT="skadas,"/><SP WIDTH="16" VPOS="731" HPOS="429"/>
							<String ID="string_131" HPOS="445" VPOS="730" WIDTH="22" HEIGHT="20" WC="0.96" CONTENT="så"/><SP WIDTH="16" VPOS="730" HPOS="467"/>
							<String ID="string_132" HPOS="483" VPOS="732" WIDTH="30" HEIGHT="18" WC="0.96" CONTENT="att"/><SP WIDTH="15" VPOS="732" HPOS="513"/>
							<String ID="string_133" HPOS="528" VPOS="730" WIDTH="119" HEIGHT="20" WC="0.96" CONTENT="återstoden"/><SP WIDTH="17" VPOS="730" HPOS="647"/>
							<String ID="string_134" HPOS="664" VPOS="730" WIDTH="61" HEIGHT="20" WC="0.96" CONTENT="deraf"/><SP WIDTH="11" VPOS="730" HPOS="725"/>
							<String ID="string_135" HPOS="736" VPOS="731" WIDTH="47" HEIGHT="20" WC="0.93" CONTENT="icke"/><SP WIDTH="15" VPOS="731" HPOS="783"/>
							<String ID="string_136" HPOS="798" VPOS="732" WIDTH="68" HEIGHT="20" WC="0.92" CONTENT="betäc-"/>
						</TextLine>
						<TextLine ID="line_17" HPOS="119" VPOS="764" WIDTH="747" HEIGHT="28">
							<String ID="string_137" HPOS="119" VPOS="766" WIDTH="37" HEIGHT="19" WC="0.96" CONTENT="ker"/><SP WIDTH="16" VPOS="766" HPOS="156"/>
							<String ID="string_138" HPOS="172" VPOS="765" WIDTH="97" HEIGHT="27" WC="0.96" CONTENT="bidraget"/><SP WIDTH="16" VPOS="765" HPOS="269"/>
							<String ID="string_139" HPOS="285" VPOS="765" WIDTH="30" HEIGHT="19" WC="0.96" CONTENT="för"/><SP WIDTH="17" VPOS="765" HPOS="315"/>
							<String ID="string_140" HPOS="332" VPOS="765" WIDTH="35" HEIGHT="19" WC="0.96" CONTENT="det"/><SP WIDTH="18" VPOS="765" HPOS="367"/>
							<String ID="string_141" HPOS="385" VPOS="765" WIDTH="88" HEIGHT="26" WC="0.93" CONTENT="tidigare"/><SP WIDTH="20" VPOS="765" HPOS="473"/>
							<String ID="string_142" HPOS="493" VPOS="764" WIDTH="101" HEIGHT="20" WC="0.92" CONTENT="haveriet."/><SP WIDTH="34" VPOS="764" HPOS="594"/>
							<String ID="string_143" HPOS="628" VPOS="765" WIDTH="45" HEIGHT="19" WC="0.93" CONTENT="Den"/><SP WIDTH="23" VPOS="765" HPOS="673"/>
							<String ID="string_144" HPOS="696" VPOS="766" WIDTH="87" HEIGHT="19" WC="0.93" CONTENT="rättvisa"/><SP WIDTH="22" VPOS="766" HPOS="783"/>
							<String ID="string_145" HPOS="805" VPOS="772" WIDTH="61" HEIGHT="19" WC="0.92" CONTENT="grun-"/>
						</TextLine>
						<TextLine ID="line_18" HPOS="120" VPOS="798" WIDTH="747" HEIGHT="30">
							<String ID="string_146" HPOS="120" VPOS="800" WIDTH="40" HEIGHT="20" WC="0.96" CONTENT="den"/><SP WIDTH="17" VPOS="800" HPOS="160"/>
							<String ID="string_147" HPOS="177" VPOS="800" WIDTH="31" HEIGHT="19" WC="0.96" CONTENT="för"/><SP WIDTH="11" VPOS="800" HPOS="208"/>
							<String ID="string_148" HPOS="219" VPOS="800" WIDTH="61" HEIGHT="28" WC="0.93" CONTENT="detta"/><SP WIDTH="16" VPOS="800" HPOS="280"/>
							<String ID="string_149" HPOS="296" VPOS="799" WIDTH="78" HEIGHT="26" WC="0.92" CONTENT="lagbud"/><SP WIDTH="17" VPOS="799" HPOS="374"/>
							<String ID="string_150" HPOS="391" VPOS="799" WIDTH="41" HEIGHT="19" WC="0.96" CONTENT="kan"/><SP WIDTH="16" VPOS="799" HPOS="432"/>
							<String ID="string_151" HPOS="448" VPOS="799" WIDTH="66" HEIGHT="26" WC="0.93" CONTENT="enligt"/><SP WIDTH="15" VPOS="799" HPOS="514"/>
							<String ID="string_152" HPOS="529" VPOS="798" WIDTH="112" HEIGHT="20" WC="0.91" CONTENT="utskottets"/><SP WIDTH="15" VPOS="798" HPOS="641"/>
							<String ID="string_153" HPOS="656" VPOS="799" WIDTH="64" HEIGHT="19" WC="0.93" CONTENT="tanke"/><SP WIDTH="16" VPOS="799" HPOS="720"/>
							<String ID="string_154" HPOS="736" VPOS="800" WIDTH="47" HEIGHT="19" WC="0.89" CONTENT="icke"/><SP WIDTH="16" VPOS="800" HPOS="783"/>
							<String ID="string_155" HPOS="799" VPOS="800" WIDTH="68" HEIGHT="20" WC="0.93" CONTENT="förne-"/>
						</TextLine>
						<TextLine ID="line_19" HPOS="120" VPOS="833" WIDTH="749" HEIGHT="27">
							<String ID="string_156" HPOS="120" VPOS="834" WIDTH="44" HEIGHT="20" WC="0.88" CONTENT="kas."/><SP WIDTH="31" VPOS="834" HPOS="164"/>
							<String ID="string_157" HPOS="195" VPOS="834" WIDTH="121" HEIGHT="19" WC="0.88" CONTENT="Kostnaden"/><SP WIDTH="17" VPOS="834" HPOS="316"/>
							<String ID="string_158" HPOS="333" VPOS="834" WIDTH="31" HEIGHT="19" WC="0.96" CONTENT="för"/><SP WIDTH="16" VPOS="834" HPOS="364"/>
							<String ID="string_159" HPOS="380" VPOS="834" WIDTH="35" HEIGHT="19" WC="0.96" CONTENT="det"/><SP WIDTH="16" VPOS="834" HPOS="415"/>
							<String ID="string_160" HPOS="431" VPOS="833" WIDTH="88" HEIGHT="27" WC="0.93" CONTENT="tidigare"/><SP WIDTH="16" VPOS="833" HPOS="519"/>
							<String ID="string_161" HPOS="535" VPOS="833" WIDTH="95" HEIGHT="19" WC="0.92" CONTENT="haveriet"/><SP WIDTH="15" VPOS="833" HPOS="630"/>
							<String ID="string_162" HPOS="645" VPOS="833" WIDTH="37" HEIGHT="19" WC="0.93" CONTENT="har"/><SP WIDTH="19" VPOS="833" HPOS="682"/>
							<String ID="string_163" HPOS="701" VPOS="834" WIDTH="121" HEIGHT="19" WC="0.92" CONTENT="tillkommit"/><SP WIDTH="15" VPOS="834" HPOS="822"/>
							<String ID="string_164" HPOS="837" VPOS="834" WIDTH="32" HEIGHT="20" WC="0.96" CONTENT="för"/>
						</TextLine>
						<TextLine ID="line_20" HPOS="121" VPOS="867" WIDTH="748" HEIGHT="27">
							<String ID="string_165" HPOS="121" VPOS="867" WIDTH="235" HEIGHT="27" WC="0.92" CONTENT="försäkringsgifvarens"/><SP WIDTH="16" VPOS="867" HPOS="356"/>
							<String ID="string_166" HPOS="372" VPOS="867" WIDTH="55" HEIGHT="19" WC="0.96" CONTENT="skull"/><SP WIDTH="16" VPOS="867" HPOS="427"/>
							<String ID="string_167" HPOS="443" VPOS="867" WIDTH="38" HEIGHT="20" WC="0.93" CONTENT="och"/><SP WIDTH="17" VPOS="867" HPOS="481"/>
							<String ID="string_168" HPOS="498" VPOS="867" WIDTH="112" HEIGHT="26" WC="0.92" CONTENT="befrämjat"/><SP WIDTH="15" VPOS="867" HPOS="610"/>
							<String ID="string_169" HPOS="625" VPOS="867" WIDTH="51" HEIGHT="19" WC="0.93" CONTENT="hans"/><SP WIDTH="14" VPOS="867" HPOS="676"/>
							<String ID="string_170" HPOS="690" VPOS="868" WIDTH="73" HEIGHT="26" WC="0.92" CONTENT="fördel,"/><SP WIDTH="12" VPOS="868" HPOS="763"/>
							<String ID="string_171" HPOS="775" VPOS="867" WIDTH="31" HEIGHT="20" WC="0.96" CONTENT="till"/><SP WIDTH="11" VPOS="867" HPOS="806"/>
							<String ID="string_172" HPOS="817" VPOS="868" WIDTH="52" HEIGHT="26" WC="0.80" CONTENT="följd"/>
						</TextLine>
						<TextLine ID="line_21" HPOS="120" VPOS="901" WIDTH="748" HEIGHT="27">
							<String ID="string_173" HPOS="120" VPOS="901" WIDTH="77" HEIGHT="20" WC="0.91" CONTENT="hvaraf"/><SP WIDTH="13" VPOS="901" HPOS="197"/>
							<String ID="string_174" HPOS="210" VPOS="901" WIDTH="40" HEIGHT="20" WC="0.93" CONTENT="han"/><SP WIDTH="14" VPOS="901" HPOS="250"/>
							<String ID="string_175" HPOS="264" VPOS="901" WIDTH="78" HEIGHT="26" WC="0.92" CONTENT="jemväl"/><SP WIDTH="21" VPOS="901" HPOS="342"/>
							<String ID="string_176" HPOS="363" VPOS="901" WIDTH="37" HEIGHT="20" WC="0.96" CONTENT="bör"/><SP WIDTH="19" VPOS="901" HPOS="400"/>
							<String ID="string_177" HPOS="419" VPOS="907" WIDTH="49" HEIGHT="13" WC="0.93" CONTENT="vara"/><SP WIDTH="19" VPOS="907" HPOS="468"/>
							<String ID="string_178" HPOS="487" VPOS="901" WIDTH="83" HEIGHT="19" WC="0.92" CONTENT="derföre"/><SP WIDTH="17" VPOS="901" HPOS="570"/>
							<String ID="string_179" HPOS="587" VPOS="901" WIDTH="103" HEIGHT="26" WC="0.89" CONTENT="ansvarig."/><SP WIDTH="32" VPOS="901" HPOS="690"/>
							<String ID="string_180" HPOS="722" VPOS="901" WIDTH="38" HEIGHT="20" WC="0.91" CONTENT="Om"/><SP WIDTH="17" VPOS="901" HPOS="760"/>
							<String ID="string_181" HPOS="777" VPOS="902" WIDTH="91" HEIGHT="26" WC="0.91" CONTENT="egendo-"/>
						</TextLine>
						<TextLine ID="line_22" HPOS="122" VPOS="935" WIDTH="747" HEIGHT="26">
							<String ID="string_182" HPOS="122" VPOS="942" WIDTH="47" HEIGHT="13" WC="0.92" CONTENT="men"/><SP WIDTH="17" VPOS="942" HPOS="169"/>
							<String ID="string_183" HPOS="186" VPOS="935" WIDTH="118" HEIGHT="20" WC="0.91" CONTENT="sedermera"/><SP WIDTH="15" VPOS="935" HPOS="304"/>
							<String ID="string_184" HPOS="319" VPOS="935" WIDTH="37" HEIGHT="26" WC="0.91" CONTENT="gär"/><SP WIDTH="16" VPOS="935" HPOS="356"/>
							<String ID="string_185" HPOS="372" VPOS="935" WIDTH="90" HEIGHT="20" WC="0.92" CONTENT="förlorad"/><SP WIDTH="18" VPOS="935" HPOS="462"/>
							<String ID="string_186" HPOS="480" VPOS="935" WIDTH="34" HEIGHT="19" WC="0.96" CONTENT="vid"/><SP WIDTH="17" VPOS="935" HPOS="514"/>
							<String ID="string_187" HPOS="531" VPOS="937" WIDTH="29" HEIGHT="17" WC="0.96" CONTENT="ett"/><SP WIDTH="15" VPOS="937" HPOS="560"/>
							<String ID="string_188" HPOS="575" VPOS="936" WIDTH="65" HEIGHT="19" WC="0.93" CONTENT="annat"/><SP WIDTH="15" VPOS="936" HPOS="640"/>
							<String ID="string_189" HPOS="655" VPOS="935" WIDTH="90" HEIGHT="26" WC="0.92" CONTENT="tillfälle,"/><SP WIDTH="17" VPOS="935" HPOS="745"/>
							<String ID="string_190" HPOS="762" VPOS="935" WIDTH="40" HEIGHT="20" WC="0.96" CONTENT="kan"/><SP WIDTH="16" VPOS="935" HPOS="802"/>
							<String ID="string_191" HPOS="818" VPOS="936" WIDTH="51" HEIGHT="20" WC="0.96" CONTENT="hans"/>
						</TextLine>
						<TextLine ID="line_23" HPOS="121" VPOS="969" WIDTH="747" HEIGHT="27">
							<String ID="string_192" HPOS="121" VPOS="969" WIDTH="128" HEIGHT="20" WC="0.91" CONTENT="förbindelse"/><SP WIDTH="16" VPOS="969" HPOS="249"/>
							<String ID="string_193" HPOS="265" VPOS="969" WIDTH="47" HEIGHT="20" WC="0.92" CONTENT="icke"/><SP WIDTH="15" VPOS="969" HPOS="312"/>
							<String ID="string_194" HPOS="327" VPOS="969" WIDTH="132" HEIGHT="26" WC="0.91" CONTENT="förminskas,"/><SP WIDTH="12" VPOS="969" HPOS="459"/>
							<String ID="string_195" HPOS="471" VPOS="969" WIDTH="55" HEIGHT="19" WC="0.93" CONTENT="helst"/><SP WIDTH="14" VPOS="969" HPOS="526"/>
							<String ID="string_196" HPOS="540" VPOS="969" WIDTH="269" HEIGHT="27" WC="0.92" CONTENT="betalningsskyldigheten"/><SP WIDTH="12" VPOS="969" HPOS="809"/>
							<String ID="string_197" HPOS="821" VPOS="971" WIDTH="47" HEIGHT="19" WC="0.92" CONTENT="icke"/>
						</TextLine>
						<TextLine ID="line_24" HPOS="121" VPOS="1003" WIDTH="747" HEIGHT="28">
							<String ID="string_198" HPOS="121" VPOS="1003" WIDTH="27" HEIGHT="27" WC="0.92" CONTENT="pä"/><SP WIDTH="15" VPOS="1003" HPOS="148"/>
							<String ID="string_199" HPOS="163" VPOS="1003" WIDTH="69" HEIGHT="27" WC="0.90" CONTENT="nägon"/><SP WIDTH="16" VPOS="1003" HPOS="232"/>
							<String ID="string_200" HPOS="248" VPOS="1003" WIDTH="69" HEIGHT="26" WC="0.92" CONTENT="skälig"/><SP WIDTH="15" VPOS="1003" HPOS="317"/>
							<String ID="string_201" HPOS="332" VPOS="1003" WIDTH="68" HEIGHT="26" WC="0.96" CONTENT="grund"/><SP WIDTH="16" VPOS="1003" HPOS="400"/>
							<String ID="string_202" HPOS="416" VPOS="1003" WIDTH="41" HEIGHT="20" WC="0.96" CONTENT="kan"/><SP WIDTH="17" VPOS="1003" HPOS="457"/>
							<String ID="string_203" HPOS="474" VPOS="1003" WIDTH="89" HEIGHT="20" WC="0.93" CONTENT="medelst"/><SP WIDTH="15" VPOS="1003" HPOS="563"/>
							<String ID="string_204" HPOS="578" VPOS="1003" WIDTH="73" HEIGHT="26" WC="0.93" CONTENT="afdrag"/><SP WIDTH="15" VPOS="1003" HPOS="651"/>
							<String ID="string_205" HPOS="666" VPOS="1003" WIDTH="44" HEIGHT="20" WC="0.91" CONTENT="frän"/><SP WIDTH="21" VPOS="1003" HPOS="710"/>
							<String ID="string_206" HPOS="731" VPOS="1004" WIDTH="137" HEIGHT="27" WC="0.92" CONTENT="försäkrings-"/>
						</TextLine>
						<TextLine ID="line_25" HPOS="122" VPOS="1037" WIDTH="747" HEIGHT="27">
							<String ID="string_207" HPOS="122" VPOS="1044" WIDTH="94" HEIGHT="13" WC="0.96" CONTENT="summan"/><SP WIDTH="20" VPOS="1044" HPOS="216"/>
							<String ID="string_208" HPOS="236" VPOS="1037" WIDTH="50" HEIGHT="20" WC="0.91" CONTENT="eller"/><SP WIDTH="20" VPOS="1037" HPOS="286"/>
							<String ID="string_209" HPOS="306" VPOS="1037" WIDTH="127" HEIGHT="20" WC="0.91" CONTENT="annorledes"/><SP WIDTH="19" VPOS="1037" HPOS="433"/>
							<String ID="string_210" HPOS="452" VPOS="1037" WIDTH="131" HEIGHT="26" WC="0.88" CONTENT="öfverflyttas"/><SP WIDTH="20" VPOS="1037" HPOS="583"/>
							<String ID="string_211" HPOS="603" VPOS="1037" WIDTH="27" HEIGHT="26" WC="0.93" CONTENT="pä"/><SP WIDTH="16" VPOS="1037" HPOS="630"/>
							<String ID="string_212" HPOS="646" VPOS="1037" WIDTH="223" HEIGHT="27" WC="0.92" CONTENT="försäkringstagaren,"/>
						</TextLine>
						<TextLine ID="line_26" HPOS="123" VPOS="1071" WIDTH="747" HEIGHT="27">
							<String ID="string_213" HPOS="123" VPOS="1078" WIDTH="43" HEIGHT="13" WC="0.96" CONTENT="som"/><SP WIDTH="24" VPOS="1078" HPOS="166"/>
							<String ID="string_214" HPOS="190" VPOS="1078" WIDTH="76" HEIGHT="20" WC="0.93" CONTENT="genom"/><SP WIDTH="24" VPOS="1078" HPOS="266"/>
							<String ID="string_215" HPOS="290" VPOS="1071" WIDTH="146" HEIGHT="27" WC="0.91" CONTENT="försäkringen"/><SP WIDTH="24" VPOS="1071" HPOS="436"/>
							<String ID="string_216" HPOS="460" VPOS="1071" WIDTH="73" HEIGHT="20" WC="0.92" CONTENT="vunnit"/><SP WIDTH="21" VPOS="1071" HPOS="533"/>
							<String ID="string_217" HPOS="554" VPOS="1071" WIDTH="96" HEIGHT="20" WC="0.92" CONTENT="befrielse"/><SP WIDTH="19" VPOS="1071" HPOS="650"/>
							<String ID="string_218" HPOS="669" VPOS="1071" WIDTH="44" HEIGHT="20" WC="0.92" CONTENT="frän"/><SP WIDTH="20" VPOS="1071" HPOS="713"/>
							<String ID="string_219" HPOS="733" VPOS="1072" WIDTH="28" HEIGHT="19" WC="0.96" CONTENT="all"/><SP WIDTH="19" VPOS="1072" HPOS="761"/>
							<String ID="string_220" HPOS="780" VPOS="1072" WIDTH="43" HEIGHT="19" WC="0.95" CONTENT="risk"/><SP WIDTH="16" VPOS="1072" HPOS="823"/>
							<String ID="string_221" HPOS="839" VPOS="1072" WIDTH="31" HEIGHT="20" WC="0.96" CONTENT="för"/>
						</TextLine>
						<TextLine ID="line_27" HPOS="123" VPOS="1105" WIDTH="746" HEIGHT="27">
							<String ID="string_222" HPOS="123" VPOS="1105" WIDTH="35" HEIGHT="20" WC="0.95" CONTENT="det"/><SP WIDTH="16" VPOS="1105" HPOS="158"/>
							<String ID="string_223" HPOS="174" VPOS="1105" WIDTH="122" HEIGHT="20" WC="0.93" CONTENT="försäkrade"/><SP WIDTH="16" VPOS="1105" HPOS="296"/>
							<String ID="string_224" HPOS="312" VPOS="1105" WIDTH="115" HEIGHT="20" WC="0.96" CONTENT="föremålet."/><SP WIDTH="31" VPOS="1105" HPOS="427"/>
							<String ID="string_225" HPOS="458" VPOS="1106" WIDTH="39" HEIGHT="19" WC="0.96" CONTENT="Det"/><SP WIDTH="19" VPOS="1106" HPOS="497"/>
							<String ID="string_226" HPOS="516" VPOS="1108" WIDTH="23" HEIGHT="17" WC="0.96" CONTENT="är"/><SP WIDTH="20" VPOS="1108" HPOS="539"/>
							<String ID="string_227" HPOS="559" VPOS="1105" WIDTH="81" HEIGHT="26" WC="0.96" CONTENT="möjligt"/><SP WIDTH="16" VPOS="1105" HPOS="640"/>
							<String ID="string_228" HPOS="656" VPOS="1108" WIDTH="29" HEIGHT="17" WC="0.93" CONTENT="att"/><SP WIDTH="15" VPOS="1108" HPOS="685"/>
							<String ID="string_229" HPOS="700" VPOS="1105" WIDTH="169" HEIGHT="27" WC="0.91" CONTENT="försäkringsgif-"/>
						</TextLine>
						<TextLine ID="line_28" HPOS="123" VPOS="1139" WIDTH="746" HEIGHT="27">
							<String ID="string_230" HPOS="123" VPOS="1146" WIDTH="64" HEIGHT="13" WC="0.96" CONTENT="varen"/><SP WIDTH="19" VPOS="1146" HPOS="187"/>
							<String ID="string_231" HPOS="206" VPOS="1139" WIDTH="41" HEIGHT="20" WC="0.93" CONTENT="kan"/><SP WIDTH="22" VPOS="1139" HPOS="247"/>
							<String ID="string_232" HPOS="269" VPOS="1139" WIDTH="65" HEIGHT="20" WC="0.90" CONTENT="blifva"/><SP WIDTH="20" VPOS="1139" HPOS="334"/>
							<String ID="string_233" HPOS="354" VPOS="1139" WIDTH="97" HEIGHT="20" WC="0.93" CONTENT="frikallad"/><SP WIDTH="19" VPOS="1139" HPOS="451"/>
							<String ID="string_234" HPOS="470" VPOS="1139" WIDTH="45" HEIGHT="20" WC="0.96" CONTENT="från"/><SP WIDTH="19" VPOS="1139" HPOS="515"/>
							<String ID="string_235" HPOS="534" VPOS="1139" WIDTH="28" HEIGHT="19" WC="0.93" CONTENT="all"/><SP WIDTH="16" VPOS="1139" HPOS="562"/>
							<String ID="string_236" HPOS="578" VPOS="1139" WIDTH="243" HEIGHT="27" WC="0.85" CONTENT="öfverskottsbetalning,"/><SP WIDTH="16" VPOS="1139" HPOS="821"/>
							<String ID="string_237" HPOS="837" VPOS="1146" WIDTH="32" HEIGHT="14" WC="0.96" CONTENT="om"/>
						</TextLine>
						<TextLine ID="line_29" HPOS="124" VPOS="1173" WIDTH="746" HEIGHT="26">
							<String ID="string_238" HPOS="124" VPOS="1174" WIDTH="40" HEIGHT="19" WC="0.88" CONTENT="han"/><SP WIDTH="24" VPOS="1174" HPOS="164"/>
							<String ID="string_239" HPOS="188" VPOS="1173" WIDTH="126" HEIGHT="19" WC="0.88" CONTENT="förbehäller"/><SP WIDTH="22" VPOS="1173" HPOS="314"/>
							<String ID="string_240" HPOS="336" VPOS="1174" WIDTH="32" HEIGHT="25" WC="0.96" CONTENT="sig"/><SP WIDTH="23" VPOS="1174" HPOS="368"/>
							<String ID="string_241" HPOS="391" VPOS="1176" WIDTH="29" HEIGHT="16" WC="0.95" CONTENT="att"/><SP WIDTH="23" VPOS="1176" HPOS="420"/>
							<String ID="string_242" HPOS="443" VPOS="1174" WIDTH="49" HEIGHT="25" WC="0.93" CONTENT="inga"/><SP WIDTH="19" VPOS="1174" HPOS="492"/>
							<String ID="string_243" HPOS="511" VPOS="1173" WIDTH="98" HEIGHT="24" WC="0.92" CONTENT="ätgärder"/><SP WIDTH="20" VPOS="1173" HPOS="609"/>
							<String ID="string_244" HPOS="629" VPOS="1173" WIDTH="31" HEIGHT="19" WC="0.93" CONTENT="för"/><SP WIDTH="15" VPOS="1173" HPOS="660"/>
							<String ID="string_245" HPOS="675" VPOS="1173" WIDTH="104" HEIGHT="26" WC="0.91" CONTENT="räddning"/><SP WIDTH="15" VPOS="1173" HPOS="779"/>
							<String ID="string_246" HPOS="794" VPOS="1174" WIDTH="23" HEIGHT="19" WC="0.96" CONTENT="af"/><SP WIDTH="14" VPOS="1174" HPOS="817"/>
							<String ID="string_247" HPOS="831" VPOS="1174" WIDTH="39" HEIGHT="20" WC="0.96" CONTENT="den"/>
						</TextLine>
						<TextLine ID="line_30" HPOS="123" VPOS="1206" WIDTH="749" HEIGHT="27">
							<String ID="string_248" HPOS="123" VPOS="1207" WIDTH="123" HEIGHT="20" WC="0.96" CONTENT="försäkrade"/><SP WIDTH="16" VPOS="1207" HPOS="246"/>
							<String ID="string_249" HPOS="262" VPOS="1207" WIDTH="131" HEIGHT="26" WC="0.93" CONTENT="egendomen"/><SP WIDTH="17" VPOS="1207" HPOS="393"/>
							<String ID="string_250" HPOS="410" VPOS="1207" WIDTH="20" HEIGHT="19" WC="0.96" CONTENT="få"/><SP WIDTH="19" VPOS="1207" HPOS="430"/>
							<String ID="string_251" HPOS="449" VPOS="1207" WIDTH="107" HEIGHT="25" WC="0.96" CONTENT="vidtagas;"/><SP WIDTH="21" VPOS="1207" HPOS="556"/>
							<String ID="string_252" HPOS="577" VPOS="1213" WIDTH="46" HEIGHT="13" WC="0.96" CONTENT="men"/><SP WIDTH="17" VPOS="1213" HPOS="623"/>
							<String ID="string_253" HPOS="640" VPOS="1207" WIDTH="6" HEIGHT="19" WC="0.93" CONTENT="i"/><SP WIDTH="16" VPOS="1207" HPOS="646"/>
							<String ID="string_254" HPOS="662" VPOS="1206" WIDTH="75" HEIGHT="20" WC="0.96" CONTENT="sådant"/><SP WIDTH="15" VPOS="1206" HPOS="737"/>
							<String ID="string_255" HPOS="752" VPOS="1207" WIDTH="35" HEIGHT="20" WC="0.96" CONTENT="fall"/><SP WIDTH="17" VPOS="1207" HPOS="787"/>
							<String ID="string_256" HPOS="804" VPOS="1208" WIDTH="68" HEIGHT="20" WC="0.96" CONTENT="skulle"/>
						</TextLine>
						<TextLine ID="line_31" HPOS="124" VPOS="1241" WIDTH="748" HEIGHT="27">
							<String ID="string_257" HPOS="124" VPOS="1242" WIDTH="40" HEIGHT="19" WC="0.92" CONTENT="han"/><SP WIDTH="17" VPOS="1242" HPOS="164"/>
							<String ID="string_258" HPOS="181" VPOS="1241" WIDTH="73" HEIGHT="27" WC="0.92" CONTENT="afsäga"/><SP WIDTH="15" VPOS="1241" HPOS="254"/>
							<String ID="string_259" HPOS="269" VPOS="1242" WIDTH="32" HEIGHT="25" WC="0.96" CONTENT="sig"/><SP WIDTH="16" VPOS="1242" HPOS="301"/>
							<String ID="string_260" HPOS="317" VPOS="1247" WIDTH="25" HEIGHT="14" WC="0.93" CONTENT="en"/><SP WIDTH="16" VPOS="1247" HPOS="342"/>
							<String ID="string_261" HPOS="358" VPOS="1241" WIDTH="89" HEIGHT="25" WC="0.92" CONTENT="förmän,"/><SP WIDTH="15" VPOS="1241" HPOS="447"/>
							<String ID="string_262" HPOS="462" VPOS="1247" WIDTH="44" HEIGHT="14" WC="0.96" CONTENT="som"/><SP WIDTH="17" VPOS="1247" HPOS="506"/>
							<String ID="string_263" HPOS="523" VPOS="1241" WIDTH="53" HEIGHT="20" WC="0.93" CONTENT="efter"/><SP WIDTH="16" VPOS="1241" HPOS="576"/>
							<String ID="string_264" HPOS="592" VPOS="1241" WIDTH="121" HEIGHT="20" WC="0.92" CONTENT="medeltalet"/><SP WIDTH="10" VPOS="1241" HPOS="713"/>
							<String ID="string_265" HPOS="723" VPOS="1242" WIDTH="32" HEIGHT="19" WC="0.96" CONTENT="för"/><SP WIDTH="12" VPOS="1242" HPOS="755"/>
							<String ID="string_266" HPOS="767" VPOS="1244" WIDTH="30" HEIGHT="17" WC="0.95" CONTENT="ett"/><SP WIDTH="10" VPOS="1244" HPOS="797"/>
							<String ID="string_267" HPOS="807" VPOS="1244" WIDTH="65" HEIGHT="19" WC="0.97" CONTENT="större"/>
						</TextLine>
						<TextLine ID="line_32" HPOS="125" VPOS="1275" WIDTH="747" HEIGHT="26">
							<String ID="string_268" HPOS="125" VPOS="1275" WIDTH="56" HEIGHT="20" WC="0.96" CONTENT="antal"/><SP WIDTH="17" VPOS="1275" HPOS="181"/>
							<String ID="string_269" HPOS="198" VPOS="1275" WIDTH="142" HEIGHT="26" WC="0.96" CONTENT="försäkringar"/><SP WIDTH="16" VPOS="1275" HPOS="340"/>
							<String ID="string_270" HPOS="356" VPOS="1275" WIDTH="21" HEIGHT="20" WC="0.95" CONTENT="ät"/><SP WIDTH="16" VPOS="1275" HPOS="377"/>
							<String ID="string_271" HPOS="393" VPOS="1275" WIDTH="75" HEIGHT="20" WC="0.93" CONTENT="honom"/><SP WIDTH="17" VPOS="1275" HPOS="468"/>
							<String ID="string_272" HPOS="485" VPOS="1275" WIDTH="47" HEIGHT="20" WC="0.95" CONTENT="icke"/><SP WIDTH="16" VPOS="1275" HPOS="532"/>
							<String ID="string_273" HPOS="548" VPOS="1275" WIDTH="41" HEIGHT="20" WC="0.93" CONTENT="kan"/><SP WIDTH="16" VPOS="1275" HPOS="589"/>
							<String ID="string_274" HPOS="605" VPOS="1275" WIDTH="95" HEIGHT="20" WC="0.96" CONTENT="medföra"/><SP WIDTH="15" VPOS="1275" HPOS="700"/>
							<String ID="string_275" HPOS="715" VPOS="1278" WIDTH="63" HEIGHT="17" WC="0.96" CONTENT="annat"/><SP WIDTH="13" VPOS="1278" HPOS="778"/>
							<String ID="string_276" HPOS="791" VPOS="1279" WIDTH="24" HEIGHT="16" WC="0.93" CONTENT="än"/><SP WIDTH="14" VPOS="1279" HPOS="815"/>
							<String ID="string_277" HPOS="829" VPOS="1277" WIDTH="43" HEIGHT="18" WC="0.92" CONTENT="vin-"/>
						</TextLine>
						<TextLine ID="line_33" HPOS="126" VPOS="1309" WIDTH="747" HEIGHT="26">
							<String ID="string_278" HPOS="126" VPOS="1310" WIDTH="56" HEIGHT="25" WC="0.96" CONTENT="ning."/><SP WIDTH="31" VPOS="1310" HPOS="182"/>
							<String ID="string_279" HPOS="213" VPOS="1310" WIDTH="75" HEIGHT="19" WC="0.93" CONTENT="Denna"/><SP WIDTH="15" VPOS="1310" HPOS="288"/>
							<String ID="string_280" HPOS="303" VPOS="1309" WIDTH="79" HEIGHT="20" WC="0.96" CONTENT="förmån"/><SP WIDTH="18" VPOS="1309" HPOS="382"/>
							<String ID="string_281" HPOS="400" VPOS="1310" WIDTH="37" HEIGHT="19" WC="0.93" CONTENT="bör"/><SP WIDTH="15" VPOS="1310" HPOS="437"/>
							<String ID="string_282" HPOS="452" VPOS="1309" WIDTH="127" HEIGHT="20" WC="0.95" CONTENT="åtminstone"/><SP WIDTH="16" VPOS="1309" HPOS="579"/>
							<String ID="string_283" HPOS="595" VPOS="1309" WIDTH="47" HEIGHT="20" WC="0.96" CONTENT="icke"/><SP WIDTH="16" VPOS="1309" HPOS="642"/>
							<String ID="string_284" HPOS="658" VPOS="1309" WIDTH="130" HEIGHT="26" WC="0.92" CONTENT="lagstiftaren"/><SP WIDTH="18" VPOS="1309" HPOS="788"/>
							<String ID="string_285" HPOS="806" VPOS="1310" WIDTH="67" HEIGHT="20" WC="0.91" CONTENT="förne-"/>
						</TextLine>
						<TextLine ID="line_34" HPOS="125" VPOS="1343" WIDTH="285" HEIGHT="27">
							<String ID="string_286" HPOS="125" VPOS="1343" WIDTH="28" HEIGHT="20" WC="0.96" CONTENT="ka"/><SP WIDTH="15" VPOS="1343" HPOS="153"/>
							<String ID="string_287" HPOS="168" VPOS="1343" WIDTH="51" HEIGHT="20" WC="0.92" CONTENT="eller"/><SP WIDTH="16" VPOS="1343" HPOS="219"/>
							<String ID="string_288" HPOS="235" VPOS="1344" WIDTH="77" HEIGHT="26" WC="0.92" CONTENT="betaga"/><SP WIDTH="15" VPOS="1344" HPOS="312"/>
							<String ID="string_289" HPOS="327" VPOS="1343" WIDTH="83" HEIGHT="20" WC="0.96" CONTENT="honom."/>
						</TextLine>
					</TextBlock>
					<TextBlock ID="block_3" HPOS="127" VPOS="1377" WIDTH="748" HEIGHT="129">
						<TextLine ID="line_35" HPOS="194" VPOS="1377" WIDTH="678" HEIGHT="28">
							<String ID="string_290" HPOS="194" VPOS="1377" WIDTH="69" HEIGHT="21" WC="0.93" CONTENT="Sedan"/><SP WIDTH="17" VPOS="1377" HPOS="263"/>
							<String ID="string_291" HPOS="280" VPOS="1378" WIDTH="100" HEIGHT="20" WC="0.93" CONTENT="utskottet"/><SP WIDTH="12" VPOS="1378" HPOS="380"/>
							<String ID="string_292" HPOS="392" VPOS="1385" WIDTH="25" HEIGHT="12" WC="0.93" CONTENT="nu"/><SP WIDTH="15" VPOS="1385" HPOS="417"/>
							<String ID="string_293" HPOS="432" VPOS="1378" WIDTH="107" HEIGHT="19" WC="0.92" CONTENT="utvecklat"/><SP WIDTH="19" VPOS="1378" HPOS="539"/>
							<String ID="string_294" HPOS="558" VPOS="1378" WIDTH="46" HEIGHT="19" WC="0.93" CONTENT="sina"/><SP WIDTH="18" VPOS="1378" HPOS="604"/>
							<String ID="string_295" HPOS="622" VPOS="1378" WIDTH="79" HEIGHT="26" WC="0.92" CONTENT="äsigter"/><SP WIDTH="18" VPOS="1378" HPOS="701"/>
							<String ID="string_296" HPOS="719" VPOS="1378" WIDTH="96" HEIGHT="27" WC="0.92" CONTENT="angände"/><SP WIDTH="16" VPOS="1378" HPOS="815"/>
							<String ID="string_297" HPOS="831" VPOS="1381" WIDTH="41" HEIGHT="17" WC="0.93" CONTENT="sär-"/>
						</TextLine>
						<TextLine ID="line_36" HPOS="127" VPOS="1412" WIDTH="746" HEIGHT="26">
							<String ID="string_298" HPOS="127" VPOS="1412" WIDTH="69" HEIGHT="19" WC="0.91" CONTENT="skilda"/><SP WIDTH="19" VPOS="1412" HPOS="196"/>
							<String ID="string_299" HPOS="215" VPOS="1412" WIDTH="131" HEIGHT="25" WC="0.96" CONTENT="synpunkter"/><SP WIDTH="20" VPOS="1412" HPOS="346"/>
							<String ID="string_300" HPOS="366" VPOS="1413" WIDTH="39" HEIGHT="19" WC="0.93" CONTENT="och"/><SP WIDTH="19" VPOS="1413" HPOS="405"/>
							<String ID="string_301" HPOS="424" VPOS="1412" WIDTH="76" HEIGHT="26" WC="0.90" CONTENT="frägor,"/><SP WIDTH="16" VPOS="1412" HPOS="500"/>
							<String ID="string_302" HPOS="516" VPOS="1418" WIDTH="44" HEIGHT="13" WC="0.92" CONTENT="som"/><SP WIDTH="20" VPOS="1418" HPOS="560"/>
							<String ID="string_303" HPOS="580" VPOS="1418" WIDTH="40" HEIGHT="20" WC="0.90" CONTENT="ega"/><SP WIDTH="14" VPOS="1418" HPOS="620"/>
							<String ID="string_304" HPOS="634" VPOS="1412" WIDTH="130" HEIGHT="26" WC="0.92" CONTENT="gemenskap"/><SP WIDTH="17" VPOS="1412" HPOS="764"/>
							<String ID="string_305" HPOS="781" VPOS="1413" WIDTH="46" HEIGHT="19" WC="0.93" CONTENT="med"/><SP WIDTH="17" VPOS="1413" HPOS="827"/>
							<String ID="string_306" HPOS="844" VPOS="1413" WIDTH="29" HEIGHT="19" WC="0.92" CONTENT="in-"/>
						</TextLine>
						<TextLine ID="line_37" HPOS="128" VPOS="1445" WIDTH="747" HEIGHT="28">
							<String ID="string_307" HPOS="128" VPOS="1445" WIDTH="93" HEIGHT="20" WC="0.92" CONTENT="nehället"/><SP WIDTH="16" VPOS="1445" HPOS="221"/>
							<String ID="string_308" HPOS="237" VPOS="1446" WIDTH="28" HEIGHT="19" WC="0.92" CONTENT="uti"/><SP WIDTH="21" VPOS="1446" HPOS="265"/>
							<String ID="string_309" HPOS="286" VPOS="1446" WIDTH="39" HEIGHT="19" WC="0.93" CONTENT="den"/><SP WIDTH="19" VPOS="1446" HPOS="325"/>
							<String ID="string_310" HPOS="344" VPOS="1446" WIDTH="84" HEIGHT="27" WC="0.92" CONTENT="Nädiga"/><SP WIDTH="22" VPOS="1446" HPOS="428"/>
							<String ID="string_311" HPOS="450" VPOS="1446" WIDTH="164" HEIGHT="26" WC="0.96" CONTENT="propositionen,"/><SP WIDTH="17" VPOS="1446" HPOS="614"/>
							<String ID="string_312" HPOS="631" VPOS="1446" WIDTH="39" HEIGHT="20" WC="0.93" CONTENT="och"/><SP WIDTH="17" VPOS="1446" HPOS="670"/>
							<String ID="string_313" HPOS="687" VPOS="1446" WIDTH="120" HEIGHT="26" WC="0.92" CONTENT="derigenom"/><SP WIDTH="21" VPOS="1446" HPOS="807"/>
							<String ID="string_314" HPOS="828" VPOS="1447" WIDTH="47" HEIGHT="19" WC="0.89" CONTENT="sökt"/>
						</TextLine>
						<TextLine ID="line_38" HPOS="127" VPOS="1479" WIDTH="748" HEIGHT="27">
							<String ID="string_315" HPOS="127" VPOS="1479" WIDTH="138" HEIGHT="27" WC="0.89" CONTENT="ädagalägga,"/><SP WIDTH="17" VPOS="1479" HPOS="265"/>
							<String ID="string_316" HPOS="282" VPOS="1480" WIDTH="110" HEIGHT="20" WC="0.92" CONTENT="huruledes"/><SP WIDTH="16" VPOS="1480" HPOS="392"/>
							<String ID="string_317" HPOS="408" VPOS="1480" WIDTH="39" HEIGHT="19" WC="0.91" CONTENT="den"/><SP WIDTH="17" VPOS="1480" HPOS="447"/>
							<String ID="string_318" HPOS="464" VPOS="1480" WIDTH="28" HEIGHT="19" WC="0.91" CONTENT="uti"/><SP WIDTH="17" VPOS="1480" HPOS="492"/>
							<String ID="string_319" HPOS="509" VPOS="1479" WIDTH="163" HEIGHT="27" WC="0.91" CONTENT="hufvudsakliga"/><SP WIDTH="15" VPOS="1479" HPOS="672"/>
							<String ID="string_320" HPOS="687" VPOS="1480" WIDTH="59" HEIGHT="19" WC="0.96" CONTENT="delar"/><SP WIDTH="12" VPOS="1480" HPOS="746"/>
							<String ID="string_321" HPOS="758" VPOS="1480" WIDTH="39" HEIGHT="20" WC="0.96" CONTENT="kan"/><SP WIDTH="18" VPOS="1480" HPOS="797"/>
							<String ID="string_322" HPOS="815" VPOS="1487" WIDTH="60" HEIGHT="13" WC="0.96" CONTENT="anses"/>
						</TextLine>
					</TextBlock>
				</ComposedBlock>
				<GraphicalElement ID="cblock_2" HPOS="1062" VPOS="122" WIDTH="8" HEIGHT="425"></GraphicalElement >
			</PrintSpace>
		</Page>
	</Layout>
</alto>
