1070 1786
214 133 21 17 72

180 195 48 20 icke
244 195 72 20 kunna
330 195 105 20 likställas
451 194 46 20 med
514 197 29 18 ett
559 195 161 26 privaträttsligt
735 195 58 23 aftal,
808 195 61 20 hvars
887 195 45 25 bry-

181 229 62 20 tande
260 229 67 20 skulle
344 229 95 20 erfordra
454 229 123 26 ömsesidigt
597 229 116 26 samtycke,
736 229 69 19 funnit
827 229 106 26 Regering

182 263 38 20 och
241 263 96 24 Ständer,
357 263 27 26 på
406 263 67 26 grund
489 263 23 19 af
530 263 22 19 18
569 265 10 22 $
595 263 6 20 i
616 262 202 27 Regeringsformen
843 263 40 19 den
907 263 23 19 21

182 298 88 26 Augusti
290 297 59 25 1772,
370 300 40 22 äga
429 299 40 17 rätt
487 299 29 17 att
537 297 71 19 derom
630 297 123 24 bestämma,
777 303 47 13 men
845 297 88 19 emedan

183 331 98 21 bemälde
298 331 140 20 socknemäns
450 330 145 26 skyldigheter
607 330 64 20 borde
683 330 69 20 tillika
763 330 47 20 med
823 330 60 20 deras
894 332 39 18 rät-

183 366 91 26 tigheter
291 365 101 26 upphöra,
411 366 68 18 ansett
499 364 93 26 änsagde
613 364 100 20 kontrakt
729 371 26 12 nu
771 364 31 20 till
819 364 41 20 alla
877 364 57 20 delar

184 399 52 19 böra
252 398 115 27 upphäfvas
383 398 39 20 och
439 398 31 20 får
486 398 82 20 derföre
584 398 106 20 vördsamt
707 398 115 26 tillstyrka:

320 451 33 18 att
373 448 85 21 landets
482 448 94 21 Ständer
595 448 66 21 måtte
681 449 7 19 i
703 448 176 28 underdänighet
899 456 37 13 an-

253 483 65 25 mäla,
334 485 34 18 att
382 482 26 21 de
418 482 43 27 för
476 483 34 21 sin
527 483 35 20 del
577 482 79 27 bifalla
672 485 33 18 att
721 482 25 20 de
762 482 47 21 med
825 482 111 21 Kuusamo

253 516 126 22 sockneboer
394 516 40 21 den
448 518 30 19 22
492 516 55 30 Juni
563 518 56 19 1789
634 519 56 18 samt
705 516 48 20 med
765 516 125 21 Kemiträsk
901 516 37 21 och

254 550 136 27 Kuolajärvi
411 550 128 21 socknemän
562 551 41 20 den
623 551 27 20 15
669 551 9 20 i
695 557 83 18 samma
802 550 81 21 mänad
906 551 33 20 in-

252 585 89 27 gängna
357 584 39 21 och
410 591 75 21 genom
503 585 78 27 Kongl.
601 585 153 20 Resolutionen
774 585 40 19 den
829 586 29 20 27
873 585 66 27 April

254 620 57 20 1790
325 618 97 28 Nädigst
440 618 136 27 stadfästade
599 618 196 25 knekte-kontrakt,
811 619 8 19 i
834 619 106 20 anseende

254 653 36 20 till
312 659 91 14 numera
420 652 141 28 förändrade
575 652 168 28 förhållanden,
763 653 35 20 till
817 652 61 27 kraft
901 653 38 20 och

254 686 80 21 verkan
350 686 125 28 upphäfvas
493 687 61 20 såväl
574 686 56 21 hvad
654 686 104 28 beträffar
773 687 92 20 nämnde
880 687 60 20 sock-

255 728 53 14 nars
326 720 133 28 fritagande
480 720 57 28 från
561 720 122 28 afvittring,
707 720 94 28 refning,
827 720 113 27 storskifte

255 755 38 21 och
313 755 172 27 skattläggning,
507 762 45 13 som
575 755 39 20 ock
635 755 48 20 med
706 754 102 28 afseende
827 755 13 20 å
855 755 85 21 sockne-

256 791 105 19 männens
376 788 120 28 skyldighet
511 791 32 18 att
559 790 8 19 i
581 789 95 27 krigstid
691 789 112 27 uppställa
815 789 36 20 och
862 790 78 20 under-

256 823 61 21 hålla
331 824 54 20 visst
400 823 62 21 antal
477 823 96 21 soldater
587 826 56 18 samt
659 823 69 21 under
744 823 94 25 fredstid
852 824 89 26 erlägga

257 857 185 27 vakansafgifter,
458 858 33 20 uti
511 857 71 21 hvilka
599 858 61 20 delar
676 857 131 21 invånarene
827 858 8 20 i
850 858 91 20 nämnde

252 892 167 26 församlingar
434 891 143 20 underkastas
593 891 117 20 enahanda
725 891 162 27 bestämningar
898 898 43 14 som

258 926 84 20 landets
358 925 73 28 öfriga
448 925 128 27 befolkning,
593 925 53 20 dock
660 928 55 18 utan
735 925 160 28 inskränkning
910 927 33 19 uti

258 959 26 21 de
295 959 134 27 privilegier,
445 959 46 20 dem
507 959 8 20 i
530 959 106 27 egenskap
653 959 29 26 af
694 959 145 27 innebyggare
852 960 6 19 i
869 959 73 28 Lapp-

258 993 116 21 markerna
390 993 73 21 kunna
478 1000 53 13 vara
547 993 173 27 tillförsäkrade.

260 1045 170 20 Vidkommande
454 1045 64 20 sedan
541 1045 177 26 genomförandet
741 1045 22 20 af
781 1045 161 26 ifrägavarande

191 1079 101 20 soeknars
315 1079 138 26 uppmätning
473 1079 38 19 och
529 1079 83 26 refning
631 1079 37 20 har
690 1079 101 20 utskottet
807 1075 35 24 för
861 1080 31 19 sin
909 1080 33 19 del

192 1113 68 20 funnit
276 1113 64 26 nägra
360 1113 74 26 tillägg
454 1113 50 20 böra
519 1115 61 24 göras
596 1113 34 20 vid
648 1113 25 20 de
689 1114 6 19 i
714 1113 39 20 den
770 1113 83 26 Nädiga
869 1120 73 20 propo-

190 1147 91 20 sitionen
298 1147 89 20 influtna
403 1147 106 20 allmänna
526 1147 163 26 bestämningar.
717 1147 81 20 Främst
809 1148 36 19 har
857 1150 30 17 ett
898 1148 44 19 full-

191 1181 93 26 ständigt
300 1181 118 19 storskiftes
435 1181 154 19 verkställande
606 1181 10 19 å
633 1188 25 12 en
670 1181 56 19 areal
739 1181 23 19 af
771 1181 111 26 9,699,428
898 1184 44 16 tun-

192 1215 77 20 neland
286 1215 105 20 befunnits
408 1215 95 20 förenadt
520 1215 45 19 med
583 1215 22 19 sä
621 1215 97 26 ansenlig
737 1215 97 26 kostnad,
851 1216 38 19 den
908 1216 36 19 der

192 1249 68 26 enligt
276 1249 39 20 den
331 1249 84 26 Nädiga
434 1249 156 26 propositionen
614 1249 68 20 skulle
706 1249 80 19 drabba
811 1250 133 25 staisverket,

192 1285 30 17 att
239 1283 101 19 utskottet
363 1285 67 17 ansett
454 1283 85 19 dermed
564 1283 115 20 tillsvidare
701 1283 52 20 böra
772 1283 59 20 anstå
850 1287 53 16 samt
919 1291 25 12 en

192 1317 135 25 provisionell
350 1317 108 26 afvittring
478 1317 29 19 till
529 1324 24 13 en
576 1317 71 26 början
670 1317 196 26 tillfyllestgörande
888 1317 56 20 såväl

194 1351 46 19 med
257 1351 100 19 afseende
375 1351 11 19 &
403 1351 35 20 det
453 1351 67 26 skydd
538 1353 56 18 emot
605 1351 99 26 äverkan,
718 1351 81 20 hvilket
811 1351 64 20 borde
888 1351 56 20 bere-

194 1385 36 19 das
247 1385 26 19 de
290 1385 83 19 Kronan
391 1385 137 20 tillskiftande
545 1385 199 26 öfverloppsjordar,
760 1391 43 13 som
816 1385 39 20 ock
868 1385 31 20 för
912 1386 33 19 be-

195 1419 135 26 folkningens
355 1419 147 20 bibehållande
526 1420 34 19 vid
585 1420 60 19 deras
666 1419 120 20 nuvarande
804 1419 141 27 näringsfäng,
