1070 1786
212 147 33 16 198

178 210 43 25 der,
236 216 46 13 som
298 209 6 20 i
320 210 73 25 sjelfva
410 209 74 20 verket
503 210 68 19 beslut
586 216 33 13 om
636 209 70 20 anbud
724 209 22 20 af
759 210 64 19 sådan
837 209 93 20 medver-

178 244 41 19 kan
235 244 66 20 redan
317 243 68 20 blifvit
401 244 77 19 fattade
489 244 6 19 i
507 251 25 12 en
546 246 42 17 stor
604 243 33 20 del
654 243 167 20 österbottniska
836 243 94 20 kommu-

178 285 42 13 ner.
252 277 118 20 Ständerna
392 278 63 19 hafva
477 277 38 20 allt
537 277 82 20 derföre
643 279 51 18 trott
717 277 31 27 sig
764 278 79 25 jemväl
860 277 71 20 böra
919 273 17 35 i

178 311 169 27 underdånighet
362 311 84 20 anhålla

330 364 32 18 att
377 362 71 20 Eders
464 361 126 28 Kejserliga
606 361 106 28 Majestät
728 362 4 20 i
743 362 76 20 Nåder
833 361 50 21 ville
893 368 39 14 an-

247 395 84 27 befalla
353 396 160 20 vederbörande
536 396 144 24 Guvernörer,
704 398 39 23 att,
759 396 70 20 innan
851 395 81 27 omför-

244 430 76 20 mälda
339 429 297 28 jernvägsundersökningar
652 429 151 28 päbegynnas,
827 430 46 20 låta
895 429 37 21 vid

246 463 115 27 behörigen
376 464 82 26 utlysta
473 463 228 21 kommunalstämmor
716 464 9 19 i
740 464 25 20 de
781 463 98 25 socknar,
895 470 36 20 ge-

246 503 50 14 nom
311 496 73 21 hvilka
399 497 52 20 eller
465 497 8 20 i
489 496 83 21 hvilkas
587 496 78 21 närhet
674 498 96 26 jernväy
785 497 44 20 kan
848 497 83 21 komma

246 532 34 19 att
295 530 87 28 dragas,
398 530 94 21 inhemta
507 530 122 28 utredning,
638 530 110 21 huruvida
765 531 61 20 dessa
838 531 93 20 kommu-

246 571 40 14 ner
301 571 48 14 vore
364 565 76 27 villiga
456 567 32 18 att
503 564 112 28 öfvertaga
627 565 304 27 expropriationskostnader-

246 605 29 13 na
290 598 41 26 för
344 598 274 28 jernvägsanläggningen,
637 600 56 18 samt
714 605 32 14 om
765 598 38 20 ock
823 599 34 20 till
876 598 56 20 hvad

247 632 75 26 belopp
338 632 78 27 bidrag
428 632 34 21 till
469 632 110 28 företaget
593 632 71 20 kunde
679 639 55 14 vara
750 635 32 18 att
797 632 30 27 af
838 632 94 21 kommu-

246 672 69 14 nerna
331 666 114 26 päräknas
463 666 82 26 jemväl
561 667 8 19 i
578 666 62 26 form
664 666 29 27 af
713 666 138 28 dagsverken,
874 666 58 20 virke

246 699 38 21 och
300 700 71 20 andra
386 700 237 26 naturaprestationer;
638 702 56 18 samt
710 703 39 22 att,
766 701 7 19 i
783 700 48 27 fall
849 700 82 20 Finska

246 733 93 21 Kronan
362 733 80 21 komme
464 736 32 18 att
511 734 40 26 för
566 734 33 20 sin
615 734 97 27 räkning
731 734 76 27 utföra
817 735 115 26 jernvägs-

246 767 155 27 byggnaderna
410 767 57 27 från
479 768 131 20 Tavastehus
622 768 34 20 till
671 768 148 24 Tammerfors
830 768 37 20 och
878 757 52 42 Åbo,

247 800 115 21 enahanda
384 801 117 27 utredning
524 801 72 27 blefve,
618 802 68 20 innan
711 802 82 20 arbetet
811 802 119 27 företages,

246 834 149 28 införskaffad
408 834 53 26 från
477 835 25 21 de
517 836 60 20 invid
591 836 52 20 eller
658 835 8 21 i
680 836 135 26 granskapet
831 836 30 26 af
872 838 59 18 näst-

247 869 92 20 nämnde
348 869 122 27 jernvägar
485 869 91 27 belägna
591 869 131 21 kommuner.

262 925 101 19 Finlands
379 925 89 20 Ständer
484 926 120 20 framhärda
620 928 39 17 ete.

265 970 138 26 Helsingfors,
419 971 40 19 den
478 971 23 19 13
517 971 49 19 Juni
584 971 60 20 1872.
