1070 1786
799 143 33 19 235

456 215 9 21 s
485 213 44 18 100.

184 259 68 20 Sådan
278 261 37 16 rätt
338 260 30 17 att
391 258 63 19 häfva
476 258 79 25 aftalet,
580 265 43 12 som
640 258 5 19 i
663 260 7 22 $
682 259 25 19 99
732 259 132 26 bestämmes,

116 293 127 19 tillkommer
260 293 38 19 ock
317 292 125 24 befraktare,
458 299 33 12 om
509 292 36 19 allt
561 292 34 19 det
611 292 29 18 till
658 292 113 26 inlastning
782 293 6 19 i
800 293 63 26 farty-

117 329 35 24 get
168 326 108 20 bestämda
292 326 74 26 godset
382 332 75 19 genom
475 325 33 20 eld
525 326 51 19 eller
592 332 67 12 annan
672 326 77 26 olycka
760 327 104 26 förstöres,

115 361 51 19 eller
187 360 75 20 blifver
282 360 151 19 underkastadt
453 362 29 16 ut-
499 360 51 19 eller
571 360 167 19 införselförbud.
769 361 95 19 Drabbar

116 394 90 26 olyckan
223 394 51 19 eller
290 394 95 19 förbudet
403 394 51 19 blott
469 400 25 12 en
512 394 33 19 del
562 394 23 18 af
599 393 38 20 den
655 394 119 20 tillämnade
791 395 73 25 lasten,

116 429 31 19 får
163 429 17 25 ej
198 428 72 20 aftalet
286 428 87 19 sålunda
388 428 120 24 återkallas,
528 434 47 12 men
597 427 118 20 befraktare
731 428 23 20 af
767 429 43 19 helt
825 430 39 18 far-

117 464 36 24 tyg
169 462 61 20 hafve
248 462 63 19 likväl
332 464 37 16 rätt
391 464 28 17 att
436 462 53 19 efter
505 462 104 25 pröfning,
624 464 56 17 emot
695 462 87 20 särskild
799 463 65 20 betal-

117 497 57 25 ning,
198 496 80 26 ätnjuta
300 496 95 26 förlängd
420 495 95 27 liggetid,
535 496 31 18 för
582 498 29 16 att
626 496 6 18 i
648 496 216 21 öfverensstämmelse

117 530 46 20 med
180 532 10 22 $
206 530 26 20 86
252 530 90 19 aflemna
362 532 64 17 annat
445 529 59 27 gods,
525 529 84 19 såframt
625 529 40 19 han
683 530 18 25 ej
718 530 35 19 vill
771 534 94 23 uppsäga

117 564 69 20 aftalet
205 564 38 19 och
260 564 85 26 erlägga
365 563 45 20 half
427 563 62 26 frakt,
506 563 66 20 såsom
590 563 5 19 i
612 565 9 22 $
637 563 26 20 94
679 567 67 23 säges.
776 565 43 19 Har
834 566 30 19 in-

118 598 90 26 lastning
224 598 22 18 af
260 597 96 19 förbudet
375 598 53 25 gods
448 597 62 25 skett,
529 597 70 26 åligge
620 597 94 20 aflastare
734 600 28 17 att
779 598 35 20 det
829 606 35 19 ge-

119 634 44 17 nast
178 632 124 26 återuttaga.
565 631 10 7 ”

455 690 10 22 s
483 688 45 19 101.

185 728 122 26 Upphäfves
325 728 103 26 fraktslut,
447 728 68 19 säsom
531 728 6 19 i
553 730 22 22 SS
591 728 25 19 99
633 728 38 19 och
695 729 37 19 100
752 729 114 26 medgifvet

118 765 29 23 är,
162 763 39 19 och
218 763 36 19 har
271 762 90 26 fartyget
380 762 56 26 gjort
454 768 47 13 resa
517 762 44 19 frän
578 768 67 13 annan
662 764 30 17 ort
710 762 30 20 för
756 765 30 17 att
801 766 64 17 emot-

119 799 47 23 taga
182 797 45 25 last,
243 796 53 20 skall
313 796 55 20 frakt
384 796 96 26 erläggas
499 796 39 20 och
559 797 53 19 efter
628 796 25 20 de
669 797 6 19 i
691 798 10 22 $
717 797 26 19 55
760 797 106 20 bestämda

119 832 90 24 grunder
226 830 102 20 beräknas
344 830 31 20 för
392 830 40 20 den
449 831 33 19 del
498 831 23 19 af
535 830 47 20 hela
598 830 71 20 färden
690 831 90 19 emellan
802 831 63 26 farty-

118 866 46 24 gets
179 865 149 25 afseglingsort
343 865 39 19 och
398 865 86 25 slutliga
499 864 176 26 lossningshamn,
686 871 43 13 som
744 865 65 19 blifvit
825 866 40 18 till-

119 899 122 26 ryggalagd.

457 951 10 22 s
486 949 45 19 102.

188 989 78 20 Blifver
282 990 74 25 fartyg,
372 996 43 13 som
433 989 76 26 intagit
524 989 39 19 last
575 989 38 19 och
624 989 83 19 anträdt
722 996 52 19 resa,
789 996 76 19 genom

120 1023 54 26 krig,
191 1023 75 20 blokad
284 1023 51 20 eller
350 1029 69 14 annan
436 1023 78 26 olycka
530 1023 97 19 hindradt
640 1025 30 17 att
684 1030 60 13 resan
757 1024 45 19 med
815 1024 51 26 god-

119 1060 32 17 set
166 1058 29 19 till
214 1057 205 20 bestämmelseorten
438 1057 100 25 fortsätta,
555 1057 53 20 skall
624 1057 55 20 frakt
694 1057 78 20 betalas
784 1058 31 19 för
826 1058 41 23 det,

119 1098 43 13 som
179 1092 107 25 aflemnas,
302 1092 38 19 och
358 1091 112 24 beräknas,
486 1091 68 20 såsom
571 1091 6 19 i
593 1093 10 22 $
622 1092 35 19 101
675 1094 68 23 säges,
757 1092 53 19 efter
826 1092 40 19 den

120 1126 163 26 tillryggalagda
301 1125 60 20 delen
382 1126 23 19 af
423 1129 74 22 vägen,
514 1132 48 13 vare
578 1126 31 25 sig
625 1128 30 17 att
671 1125 91 26 fartyget
778 1126 88 26 nödgats

120 1159 114 20 återvända
250 1159 29 20 till
296 1159 217 26 inlastningshamnen
529 1159 52 20 eller
596 1161 30 18 att
640 1159 94 26 lossning
751 1159 65 20 under
832 1163 35 16 vä-

120 1200 38 20 gen
176 1194 6 18 i
198 1199 68 13 annan
282 1193 61 19 hamn
361 1193 131 19 verkställes.

459 1258 10 21 S
488 1256 45 19 103.

188 1295 53 20 Sker
257 1295 113 26 utlastning
385 1296 6 19 i
408 1295 149 25 mellanhamn,
578 1295 38 20 och
633 1295 66 20 finnes
715 1296 18 25 ej
750 1295 118 27 lastegeren

121 1330 51 19 eller
192 1329 52 19 hans
263 1329 74 20 ombud
360 1329 109 25 tillstädes,
486 1329 37 20 bör
539 1329 39 20 han
596 1329 149 26 ofördröjligen
762 1336 33 13 om
812 1330 57 26 olyc-

121 1364 39 19 kan
179 1364 136 19 underrättas.
346 1362 81 21 Hinner
444 1364 17 25 ej
479 1366 69 17 svaret
563 1363 97 25 anlända,
676 1363 77 20 förfare
769 1363 100 20 befälhaf-

122 1404 62 13 varen
202 1397 52 20 efter
273 1397 214 26 omständigheterna,
507 1400 54 17 samt
577 1397 39 20 läte
632 1397 74 26 godset
722 1397 25 26 pä
765 1397 104 20 befrakta-

121 1438 47 13 rens
192 1431 114 20 bekostnad
330 1431 100 26 antingen
455 1431 30 19 till
511 1431 205 20 bestämmelseorten
741 1431 46 20 med
807 1435 64 16 annat

121 1465 70 26 fartyg
208 1465 30 19 för
254 1465 122 26 lindrigaste
393 1465 55 20 frakt
465 1465 122 20 framskaffa
602 1465 51 19 eller
669 1465 27 25 pä
710 1465 69 20 stället
795 1466 28 19 uti
839 1469 31 16 sä-
