1070 1786
805 134 34 18 541

125 197 22 20 af
160 197 120 26 väsendtlig
296 197 44 26 vigt
355 197 32 19 för
402 195 105 21 städerne.
538 195 71 27 Några
624 197 24 19 af
663 197 60 20 dessa
739 197 134 26 bestyrelser,

125 231 68 21 såsom
205 231 113 20 folkskole-
330 231 38 19 och
380 229 293 28 fattigvårdsdirektionerna,
684 231 63 20 hafva
758 231 31 19 sin
805 231 67 26 grund

125 266 6 19 i
143 266 106 20 allmänna
264 265 158 26 författningar;
438 264 39 20 och
493 264 55 25 våga
561 263 118 21 Ständerna
690 265 65 20 uttala
763 265 36 20 det
809 265 64 26 hopp,

125 302 35 23 att,
180 300 2 19 i
198 299 100 21 afseende
313 299 13 19 å
341 299 146 25 förändringar
502 299 7 19 i
525 298 61 20 dessa
605 299 158 25 författningars
779 299 94 19 innehåll

125 334 6 19 i
148 334 69 26 öfrigt,
232 333 62 20 äfven
310 332 127 21 Ständernas
454 332 128 20 medverkan
599 332 94 20 kommer
708 334 31 18 att
754 333 81 19 anlitas.

192 367 60 20 Efter
274 368 30 18 att
325 366 86 20 härmed
432 366 63 20 hafva
518 366 108 20 utvecklat
647 367 33 19 sin
698 367 135 26 uppfattning
852 367 23 20 af

125 402 65 26 några
204 402 24 19 af
241 401 26 20 de
282 401 106 20 allmänna
403 401 142 26 grundsatser,
563 400 71 20 hvilka
649 404 36 17 äro
700 401 93 26 antydde
809 402 6 19 i
832 401 40 21 den

125 436 77 25 nådiga
221 435 167 27 propositionen,
404 434 61 20 skola
480 434 125 27 Ständerna,
622 441 44 14 som
682 435 47 20 icke
746 435 80 21 kunnat
841 435 32 20 till

124 470 42 20 alla
176 470 59 20 delar
245 469 113 27 godkänna
374 469 244 26 författningsförslaget,
630 469 6 19 i
648 469 36 20 det
699 469 94 26 följande
809 470 63 19 fram-

124 504 62 20 ställa
200 504 73 20 skälen
290 503 31 20 för
336 503 26 20 de
371 503 120 27 ändringar,
507 510 45 13 som
568 503 118 20 Ständerna
702 503 71 20 tillåtit
784 504 32 26 sig
828 504 44 20 vid-

124 540 49 24 taga
188 538 6 20 i
210 538 99 20 afseende
331 537 13 20 &
366 537 105 20 särskilda
493 537 132 27 stadganden
645 537 7 19 i
674 537 122 21 detsamma.
827 537 45 21 Och

124 573 62 20 hafva
208 572 118 21 Ständerna
344 571 102 26 derjemte
467 571 46 20 bort
531 572 95 26 upplysa,
652 574 30 17 att
701 572 39 20 den
761 573 111 26 ordnings-

125 613 101 19 nummer,
248 612 44 14 som
311 608 22 22 $$
353 605 84 20 hafva
427 601 14 35 i
457 605 108 27 förslaget,
587 606 97 20 kommer
704 608 31 18 att
754 606 35 20 vid
809 607 62 20 deras

125 640 155 21 omnämnande
295 640 37 20 här
348 640 68 20 nedan
434 640 114 26 begagnas.

191 675 92 20 Första
298 674 116 26 kapitlet
428 674 119 20 innehåller
562 674 113 26 allmänna,
686 674 138 21 konstitutiva
835 674 35 21 be-

124 709 128 26 stämningar
268 715 33 13 om
317 708 200 20 stadskommunens
533 708 86 20 område
635 708 39 20 och
691 708 134 27 befogenhet,
837 715 34 14 om

124 744 48 20 dess
192 743 142 25 medlemmar,
354 743 105 26 egendom
475 742 40 20 och
533 742 193 27 beskattningsrätt.
757 743 114 20 Likartade

123 778 129 26 stadganden
269 780 36 17 äro
320 777 63 19 äfven
400 777 26 19 de
441 777 35 19 två
491 777 66 20 första
573 779 22 22 $$
610 777 44 20 af
646 773 12 35 2
670 777 97 26 kapitlet,
781 778 3 19 i
795 778 36 20 det
846 778 26 20 de

122 812 104 26 uppställa
242 811 25 20 de
282 811 107 20 allmänna
403 811 165 26 grundsatserna
584 811 30 20 för
631 811 123 20 utöfvandet
768 812 23 20 af
804 812 66 20 stads-

123 846 139 20 kommunens
278 845 171 20 beslutanderätt.
479 844 33 20 Då
527 846 61 19 dessa
600 847 22 23 $$
634 845 88 26 således,
738 846 65 26 enligt
811 846 60 20 Stän-

123 880 75 20 dernas
210 880 60 25 åsigt,
281 879 48 20 icke
340 879 63 19 hafva
418 879 32 19 sin
466 881 54 18 rätta
535 879 54 26 plats
601 880 6 18 i
618 880 13 19 2
640 879 96 26 kapitlet,
752 886 43 13 som
807 880 65 19 hand-

123 914 31 20 lar
170 921 32 13 om
220 913 166 20 rådhusstämma
402 913 61 20 hafva
479 913 118 20 Ständerna
613 913 111 26 uppflyttat
741 913 46 20 dem
807 913 30 20 till
861 915 8 18 1

123 948 95 27 kapitlet.
252 947 45 20 Och
320 947 89 20 emedan
435 947 104 26 sistsagda
562 947 92 26 kapitels
676 947 123 20 öfverskrift
823 947 49 20 icke

125 985 116 18 motsvarar
252 981 48 20 dess
311 981 101 26 innehåll,
428 981 138 27 synnerligen
578 981 53 20 efter
642 981 138 20 nästnämnda
790 981 81 26 utvidg-

122 1017 58 26 ning,
198 1016 66 20 hafva
282 1014 118 22 Ständerna
418 1015 22 20 åt
454 1015 91 26 kapitlet
559 1015 7 20 i
582 1015 59 26 fråga
664 1015 61 27 gifvit
750 1015 121 20 öfverskrif-

123 1053 45 18 ten:
198 1050 39 20 Om
258 1049 166 26 stadskommun,
440 1049 87 20 hvilken
542 1049 72 20 rubrik
631 1051 59 24 synts
706 1049 46 20 bäst
767 1051 105 18 motsvara

125 1085 100 26 kapitlets
241 1084 108 20 allmänna
364 1084 62 26 syfte.

192 1120 9 19 1
220 1121 9 22 $
244 1117 119 26 innehäller
384 1117 40 20 den
446 1117 104 27 naturliga
570 1117 168 27 bestämningen,
754 1120 29 18 att
799 1119 71 26 hvarje

123 1153 53 26 stad,
197 1152 48 21 med
266 1151 104 21 derunder
389 1151 93 27 lydande
503 1151 92 26 omräde,
616 1154 61 24 utgör
692 1152 32 20 för
740 1153 31 26 sig
786 1159 27 14 en
829 1156 40 17 sär-

123 1187 56 20 skild
195 1187 107 19 kommun.
326 1186 48 19 Men
386 1186 53 19 huru
450 1185 59 27 långt
519 1185 139 20 kommunens
669 1186 128 26 befogenhet
807 1189 64 18 sträc-

122 1222 38 20 ker
171 1221 38 27 sig,
220 1223 23 18 är
256 1220 75 20 endast
346 1220 89 19 sälunda
450 1219 82 27 antydt,
543 1221 30 18 att
588 1220 123 20 densamma
726 1221 99 20 omfattar
835 1227 35 20 ge-

123 1261 129 15 mensamma
270 1254 108 26 ordnings-
395 1253 39 21 och
455 1253 332 28 hushällningsangelägenheter,
802 1255 69 20 sävidt

122 1290 108 20 desamma
248 1289 26 25 ej,
295 1288 67 26 enligt
380 1287 99 27 gällande
498 1287 156 27 författningar,
674 1288 27 27 pä
716 1288 96 27 offentlig
828 1295 41 14 em-

123 1322 182 27 betsmyndighets
320 1322 162 27 handläggning
497 1322 122 20 ankomma.
644 1322 41 20 Det
700 1323 115 20 sväfvande
831 1323 39 20 och

122 1357 124 21 obestämda
265 1357 7 19 i
291 1357 57 19 detta
367 1356 116 27 stadgande
507 1356 38 19 har
563 1356 48 20 icke
635 1356 87 27 undgått
742 1357 129 26 Ständerna;

121 1398 48 14 men
181 1391 13 20 &
204 1391 66 20 andra
286 1391 59 19 sidan
362 1390 63 20 hafva
441 1390 118 20 Ständerna
576 1391 67 19 funnit
658 1391 36 19 det
709 1391 106 27 vanskligt
830 1392 40 19 och

121 1428 73 17 nästan
211 1425 96 26 omöjligt
322 1426 30 18 att
367 1424 86 20 försöka
469 1426 30 17 ett
514 1424 153 26 uppräknande
678 1424 22 20 af
710 1425 42 20 alla
762 1425 25 20 de
798 1425 72 27 mäng-

121 1460 79 26 faldiga
222 1459 100 26 ärenden,
342 1465 45 14 som
410 1458 71 20 kunna
501 1458 66 21 blifva
581 1458 87 21 föremäl
684 1459 32 20 för
730 1459 141 21 kommunens
