1070 1786
804 135 33 16 103

190 198 41 20 För
246 200 30 17 att
291 197 244 20 nästsammanträdande
549 197 89 20 Ständer
649 197 63 20 måtte
724 197 87 20 beredas
822 198 46 19 säk-

122 239 46 14 rare
183 233 66 26 grund
266 233 30 19 för
313 232 165 20 bestämmandet
493 231 24 20 af
529 231 159 26 ifrågavarande
702 231 119 26 kostnader,
833 239 35 12 an-

123 273 33 14 ser
172 267 107 20 Utskottet
296 266 34 20 det
345 266 99 27 önskligt,
461 268 30 18 att
509 273 25 12 en
552 266 110 20 berättelse
678 266 58 19 öfver
754 266 116 20 anstaltens

122 301 133 19 verksamhet
271 300 52 20 ifrån
340 300 47 20 dess
403 300 64 20 första
484 300 112 26 öppnande
616 300 54 20 intill
687 302 59 18 nästa
761 300 107 27 landtdag,

122 336 142 19 innefattande
286 334 78 26 jemväl
390 341 26 13 en
442 334 123 27 fullständig
590 334 100 26 öfversigt
712 335 23 19 af
755 335 114 20 anstaltens

122 370 106 25 ekonomi,
245 369 39 20 blir
300 369 116 20 Ständerna
431 369 34 19 vid
482 369 65 26 sagde
563 369 99 26 landtdag
677 369 100 27 förelagd.

190 409 29 20 På
234 409 62 20 dessa
310 409 45 20 skäl
372 409 30 20 får
418 409 107 21 Utskottet
540 409 105 20 vördsamt
661 408 76 20 föreslå

258 474 32 18 att
309 472 84 20 landets
413 471 94 21 Ständer
522 472 8 20 i
545 472 64 20 deras
623 471 152 28 underdäniga
789 478 51 14 svar
855 472 13 20 &

191 505 169 29 ifrägavarande
375 506 90 28 Nädiga
477 506 139 27 proposition
628 506 50 21 ville
688 505 131 28 framhälla,

257 548 38 23 att,
311 546 88 21 emedan
414 546 66 29 nödig
496 546 124 28 erfarenhet
630 546 42 27 för
687 546 141 28 uppgörande
843 546 30 27 af

188 581 96 27 definitiv
306 584 43 18 stat
366 581 41 27 för
430 581 170 21 blindanstalten
616 581 8 20 i
641 580 84 28 Kuopio
745 583 59 18 ännu
824 581 44 20 icke

188 615 94 26 vunnits,
307 615 123 21 Ständerna
446 622 52 14 anse
521 615 91 21 nämnde
632 615 82 21 anstalt
730 614 51 21 böra
797 615 8 20 i
820 615 48 21 dess

184 649 149 28 provisoriska
356 650 101 20 tillstånd
474 649 104 27 fortfara
601 650 59 20 intill
680 650 107 26 utgången
802 649 29 27 af
842 650 27 20 år

189 685 65 25 1877,
270 682 54 22 dock
338 684 25 20 så
379 686 32 18 att
426 684 128 20 elevantalet
569 684 47 20 deri
626 683 58 27 från
700 684 26 20 år
740 684 58 20 1873
806 684 62 27 finge

188 718 52 21 ökas
252 718 34 21 till
298 720 34 23 20,
342 718 133 28 påföljande
488 719 27 20 år
527 718 35 21 till
574 719 28 20 30
618 718 37 21 och
671 718 26 20 år
712 718 56 21 1875
783 718 36 20 till
833 719 34 23 40,

187 752 47 21 med
252 752 78 21 hvilket
349 753 62 20 antal
430 753 109 20 anstalten
558 752 64 21 borde
637 752 109 27 fortsätta
760 752 35 20 sin
809 752 59 20 verk-

187 786 83 21 samhet
284 786 69 21 under
363 786 146 28 förenämnde
524 786 43 26 tid;

256 835 32 18 att
311 832 125 22 Ständerna
459 833 35 21 till
517 832 119 22 anstaltens
659 832 116 21 underhåll
797 832 70 25 anslå,

182 866 42 28 för
241 867 27 20 år
287 868 57 20 1873
360 879 23 3 —
400 868 80 24 20,230
498 867 69 25 mark,
579 866 41 28 för
635 867 26 20 år
676 868 58 20 1874
748 879 28 3 —
790 868 78 24 27,030

187 900 61 21 mark
263 903 55 18 samt
332 900 42 28 för
391 901 76 27 hvarje
487 901 26 27 af
529 901 54 20 åren
598 901 63 25 1875,
678 902 56 20 1876
750 901 38 20 och
803 901 64 26 1877,

186 948 28 2 —
229 935 78 25 31,875
322 935 70 25 mark,
409 935 52 21 eller
475 935 80 21 inalles
576 936 92 24 142,885
682 935 69 25 mark,
767 937 32 18 att
814 935 54 28 utgå

186 977 28 13 ur
229 969 212 28 bevillningsmedlen
456 970 49 20 med
519 969 70 21 vilkor
604 969 66 21 likväl
686 972 32 18 att
732 969 99 28 anslaget
847 969 21 27 ej

186 1004 8 21 i
210 1004 71 27 nägon
300 1003 102 22 händelse
421 1003 143 26 öfverskrides
584 1003 38 21 och
640 1006 32 19 att
691 1003 71 28 hyran
771 1002 42 28 för
827 1010 41 14 an-

186 1039 90 20 staltens
293 1038 57 21 lokal
366 1038 87 21 dermed
462 1039 83 27 jemväl
559 1038 114 25 bestrides;

254 1087 33 18 att
302 1084 31 21 all
343 1083 72 28 fräga
429 1084 63 21 säväl
507 1091 33 14 om
555 1084 120 21 anstaltens
692 1083 112 27 förseende
819 1084 48 21 med

185 1119 81 27 nödiga
282 1118 130 28 byggnader,
422 1125 45 14 som
481 1125 34 14 om
528 1118 184 28 löneförhöjning,
724 1118 91 27 pension
831 1118 36 21 och

186 1153 119 21 understöd
313 1152 41 27 för
364 1153 121 20 anstaltens
500 1153 110 26 Direktor,
626 1153 175 27 lärarepersona!
815 1153 53 20 eller

186 1187 108 27 betjening
309 1190 56 18 samt
380 1187 70 21 desses
460 1186 117 28 förseende
591 1187 46 21 med
647 1187 137 27 fullmakter,
795 1187 72 21 sävidt

186 1222 84 21 sådana
286 1222 19 27 ej
319 1221 69 21 redan
412 1221 71 28 blifvit
506 1221 126 28 utfärdade,
648 1221 110 28 äfvensom
776 1228 33 14 om
827 1228 40 14 un-

186 1256 88 21 derstöd
297 1256 35 21 till
356 1255 81 22 utrikes
459 1263 61 14 resor
537 1255 41 28 för
600 1255 109 26 Direktor,
732 1256 73 20 lärare
827 1255 40 21 och

186 1291 129 20 lärarinnor
327 1290 70 21 under
412 1291 41 20 den
469 1290 32 21 tid
515 1291 109 20 anstalten
638 1292 27 19 är
676 1290 141 27 provisorisk,
829 1290 38 21 bör

185 1324 107 28 förfalla
286 1320 10 36 ;

254 1367 33 18 att
304 1364 124 21 Ständerna
447 1365 51 20 ville
517 1365 69 20 såsom
606 1367 28 18 ett
652 1364 161 28 önskningsmål
833 1367 32 18 ut-

186 1399 52 25 tala,
262 1401 32 18 att
317 1399 94 20 eleverne
426 1399 8 20 i
452 1399 109 20 anstalten
583 1398 45 21 icke
650 1399 65 20 måtte
733 1399 78 26 vänjas
831 1399 35 20 vid

185 1436 29 18 ett
228 1433 80 21 sådant
330 1433 137 26 lefnadssätt,
487 1439 45 14 som
550 1433 25 21 de
593 1433 55 26 efter
662 1433 35 20 sin
712 1433 83 28 afgång
809 1433 57 20 deri-

180 1467 58 28 från
252 1467 69 21 sakna
336 1467 112 28 möjlighet
463 1469 33 19 att
510 1473 75 21 genom
599 1467 38 21 sitt
652 1467 70 21 arbete
735 1467 80 27 sjelfva
831 1467 34 22 be-
