1070 1786
807 145 33 18 241

123 211 64 19 förste
207 211 144 25 emottagaren
372 208 113 21 öfverlåtet
504 209 31 19 till
554 215 69 14 annan
643 215 55 20 man,
718 215 43 14 som
781 209 94 20 befinnes

124 245 63 20 hafva
202 245 55 19 varit
272 244 6 19 i
295 244 41 26 god
352 245 38 24 tro,
406 243 53 19 skall
483 243 70 20 denne
576 243 64 20 hafva
662 243 103 20 företräde
789 243 86 20 framför

123 279 154 20 innehafvaren
294 278 23 19 af
329 278 40 20 den
386 277 89 20 sednare
491 277 119 20 öfverlåtna
624 277 94 20 skriften.

463 342 10 21 s
491 340 46 19 120.

192 380 44 20 Kan
254 380 18 26 ej
290 379 158 20 befälhafvaren
465 379 28 19 uti
510 379 25 19 de
551 379 43 25 fall,
610 385 44 13 som
670 379 8 19 i
691 381 19 22 $$
722 380 40 19 118
778 380 39 20 och
835 380 38 20 119

123 414 143 26 omförmälas,
284 414 52 20 eller
360 419 76 14 annars
456 413 44 19 utfå
519 412 82 20 frakten
617 413 32 19 för
664 413 76 26 godset
754 414 38 20 och
809 414 64 20 betal-

123 448 51 26 ning
190 448 32 20 för
238 448 74 26 gjorda
327 447 156 25 omkostnader,
500 454 38 19 ege
555 448 41 18 ban
612 447 70 19 derom
694 448 83 19 anmäla
788 450 86 24 protest,

123 482 38 20 och
178 482 42 20 låte
236 480 66 22 sedan
318 488 76 20 genom
410 482 105 26 offentligt
530 483 60 24 utrop
611 482 87 25 föryttra
714 482 23 19 så
752 482 86 26 mycket
853 481 23 20 af

123 516 81 26 godset,
225 522 43 14 som
290 516 29 19 till
340 515 131 20 betäckande
490 516 24 19 af
531 516 56 19 frakt
606 516 38 19 och
660 516 44 25 tull,
721 516 108 26 betalning
843 516 31 19 för

123 550 184 27 öfverliggedagar
322 550 39 20 och
377 552 65 17 annat
460 549 100 26 dröjsmål
580 552 54 17 samt
649 550 68 26 öfriga
732 550 86 27 utgifter
834 550 39 20 och

123 585 150 19 omkostnader
288 584 111 20 erfordras.

461 642 10 22 $
489 640 46 21 121.

190 681 44 20 Har
254 680 166 25 befälhafvaren,
440 682 49 18 utan
508 680 152 26 försummelse,
678 680 24 20 af
717 680 156 28 lastemottaga-

123 722 37 13 ren
176 715 52 20 eller
247 722 23 12 ur
290 714 74 27 godset
382 714 48 20 sökt
449 713 136 21 utbekomma
604 714 40 20 den
660 714 57 20 frakt
732 715 39 20 och
787 715 26 19 de
829 721 43 13 om-

124 750 120 24 kostnader,
263 748 72 20 hvilka
355 748 51 20 böra
426 748 104 27 erläggas,
554 754 46 14 men
621 748 51 20 brist
691 749 29 19 uti
737 749 136 25 betalningen

123 783 65 20 likväl
212 782 99 27 uppstått,
334 782 53 20 skall
411 782 41 20 han
473 782 70 20 derom
564 782 84 20 anmäla
666 785 79 23 protest
763 783 39 19 och
819 783 54 19 oför-

124 817 103 27 dröjligen
244 817 121 19 underrätta
380 816 142 27 befraktaren,
541 819 53 17 samt
609 817 91 19 derefter
719 824 50 13 vara
789 817 83 20 berätti-

123 852 41 26 gad
181 854 30 17 att
226 851 23 20 af
263 851 69 20 denne
347 850 97 20 utkräfva
463 850 86 26 bristen,
569 851 68 20 derest
657 851 47 20 icke
722 853 65 18 annat
805 851 68 20 förbe-

123 885 41 20 håll
181 885 70 20 blifvit
266 885 77 26 gjordt.

428 958 31 20 Om
474 957 94 22 bodmeri.

461 1021 10 23 s
489 1020 46 20 122.

191 1060 41 20 Det
252 1062 23 17 är
295 1059 100 26 bodmeri,
416 1059 27 20 dä
463 1059 151 26 befälhafvare,
633 1059 31 20 för
680 1061 30 18 att
724 1060 94 26 afhjelpa
833 1061 40 25 sjö-

123 1094 72 26 skada,
212 1094 51 19 brist
279 1093 26 26 pä
320 1093 104 20 lifsmedel
441 1093 51 20 eller
508 1100 68 13 annan
594 1093 48 26 nöd,
656 1093 66 20 under
736 1100 47 13 resa
799 1096 73 24 uppta-

123 1135 37 20 ger
176 1128 33 20 län
226 1128 39 19 och
282 1127 82 20 derföre
380 1127 87 20 utfäster
486 1127 41 20 viss
547 1130 66 17 större
629 1127 51 20 eller
696 1128 80 19 mindre
793 1128 80 26 premie

125 1165 53 17 samt
193 1162 67 19 delvis
276 1161 52 20 eller
344 1161 42 20 helt
402 1161 38 20 och
457 1161 65 20 hället
537 1163 116 25 pantsätter
664 1162 75 26 fartyg,
750 1162 57 19 frakt
822 1162 51 19 eller

123 1196 45 26 last,
186 1196 48 20 med
250 1195 68 20 vilkor
334 1197 30 18 att
378 1195 58 20 länet
452 1195 39 20 och
510 1197 78 25 panten
607 1195 61 21 skola
690 1202 49 13 vara
762 1196 45 19 lika
829 1196 45 19 fara

123 1230 162 21 underkastade.

190 1265 42 19 För
255 1264 101 20 rederiets
380 1263 64 21 behof
465 1264 38 20 bör
523 1264 91 27 fartyget
629 1265 65 25 jemte
713 1264 47 20 dess
775 1263 99 21 tillbehör

123 1299 39 20 och
185 1298 32 20 för
240 1299 115 26 lastegares
378 1298 66 20 behof
463 1299 75 26 godset
561 1298 51 21 eller
635 1299 67 19 lasten
725 1298 148 20 företrädesvis

124 1334 122 25 pantsättas.
276 1332 71 26 Frakt,
364 1338 43 14 som
427 1335 55 17 ännu
501 1335 23 17 är
543 1332 141 20 underkastad
707 1333 82 25 sjöfara,
812 1338 61 14 auses

123 1369 49 17 utan
196 1366 100 20 särskildt
318 1366 102 20 förbehåll
436 1367 6 18 i
457 1367 74 19 aftalet
553 1366 132 27 inbegripen,
704 1366 27 20 dä
746 1366 69 26 fartyg
834 1365 39 20 och

123 1401 41 20 last
180 1401 69 20 blifvit
264 1400 69 20 tillika
348 1400 173 26 pantförskrifna.

192 1428 19 26 Ä
227 1435 153 20 befälhafvares
400 1435 35 19 lön
454 1435 39 20 och
509 1434 111 27 sjöfolkets
635 1434 54 26 hyra
704 1440 48 14 vare
769 1434 104 20 bodmeri-

123 1469 34 20 län
174 1469 7 19 i
197 1469 27 19 all
240 1468 100 20 händelse
355 1468 111 26 förbjudet.

784 1500 22 16 16
