1070 1786
802 158 34 18 345

188 221 107 26 Härjemte
312 221 36 20 bör
364 220 120 26 anmärkas,
495 222 31 18 att
537 221 123 25 sjömännen
672 221 27 26 på
709 221 78 26 landet,
798 221 73 20 hvilka

121 255 103 20 härintills
240 255 43 19 ofta
299 254 99 20 bedrifvit
413 255 157 26 sjömansyrket
585 255 74 19 endast
674 255 68 19 såsom
758 261 24 14 en
800 255 70 20 tillfäl-

121 289 30 25 lig
167 289 103 25 binäring,
286 288 31 20 till
332 295 27 13 en
376 289 72 25 början
465 289 48 19 icke
529 289 72 19 kunna
620 289 63 19 hafva
698 288 43 20 lika
756 289 115 25 anledning

121 322 40 20 och
178 322 78 26 böjelse
271 328 43 14 som
330 322 102 26 sjöfolket
448 322 6 20 i
470 322 99 20 städerna
584 324 30 18 att
629 322 51 27 ingå
695 323 6 19 i
717 322 153 26 pensionsföre-

121 356 88 26 ningen;
225 362 47 14 men
288 356 57 20 detta
360 356 134 20 förhållande
511 356 95 20 kommer
622 359 47 17 utan
687 356 73 20 tvifvel
775 358 56 18 snart
841 358 30 18 att

121 390 115 20 förändras.
267 390 102 19 Vilkoren
385 390 6 19 i
408 390 95 26 sjölagen
527 396 33 14 om
577 390 147 20 examineradt
740 390 53 20 befäl
809 390 61 20 äfven

122 424 27 26 på
164 423 214 27 landtmannafartyg,
394 430 44 13 som
454 424 108 19 användas
578 424 31 20 för
624 430 26 14 en
667 424 150 20 vidsträcktare
831 424 40 26 sjö-

123 458 46 25 fart,
186 458 58 19 torde
259 458 6 18 i
282 458 56 19 detta
354 457 100 20 afseende
471 458 131 26 väsentligen
621 458 99 20 förändra
737 458 134 26 ställningen.

123 491 39 20 Om
180 498 46 13 man
243 492 100 25 derjemte
359 494 60 23 tager
434 491 7 19 i
458 491 146 26 betraktande,
620 492 86 20 hvilken
726 492 89 20 oväntad
831 492 40 20 för-

123 526 75 19 kofran
220 525 269 26 landtmannaseglationen
513 532 27 12 nu
561 526 64 19 redan
649 526 79 26 vunnit,
748 526 64 20 ehuru
831 526 41 20 den

124 560 44 19 före
184 559 44 20 året
245 560 52 20 1556
314 562 55 17 ännu
390 561 73 18 nästan
484 559 95 21 saknade
595 560 27 19 all
646 560 62 20 frihet
723 562 29 18 att
774 560 99 20 utveckla

124 593 39 26 sig,
179 593 23 19 sä
218 594 58 19 torde
292 600 46 13 man
355 593 73 20 kunna
442 595 84 25 antaga,
535 596 30 17 att
581 594 85 26 dugliga
683 595 141 19 befälhafvare
833 595 38 19 och

125 627 80 25 sjömän
222 627 26 26 på
263 628 71 19 landet
349 628 7 18 i
376 634 25 13 en
420 634 48 13 snar
486 627 83 20 framtid
589 628 47 20 icke
656 628 71 20 vidare
746 628 59 20 skola
821 629 52 19 efter

125 662 29 18 ett
165 661 51 19 eller
226 668 38 19 par
275 661 32 20 års
319 662 140 26 tjenstgöring
470 662 30 19 till
512 662 52 26 sjöss
575 661 72 27 återgå
657 662 31 19 till
700 662 131 26 jordbruket,
843 662 31 20 för

125 696 30 18 att
170 694 36 20 der
222 695 67 20 såsom
306 695 96 25 drengar,
419 695 124 27 inhysingar
558 696 52 19 eller
625 697 89 25 torpare,
730 696 51 20 eller
796 702 76 20 genom

125 729 65 19 andra
206 729 79 26 dylika,
302 730 80 19 mindre
398 729 120 26 indrägtiga
533 730 185 26 sysselsättningar
734 730 87 26 försörja
835 730 38 26 sig.

193 763 61 19 Emot
275 763 109 20 bildandet
403 763 23 19 af
444 769 25 14 en
491 763 32 19 för
539 763 47 20 hela
601 764 71 19 landet
689 769 119 21 gemensam
824 770 50 20 pen-

125 797 135 19 sionsanstalt
275 797 37 19 har
328 797 36 19 det
380 797 68 19 blifvit
463 797 104 25 anmärkt,
582 799 30 17 att
628 804 25 13 en
665 797 64 20 sådan
745 798 84 19 komme
845 800 30 17 att

127 831 93 19 medföra
241 831 69 19 alltför
333 831 67 26 dryga
422 831 263 26 förvaltningskostnader,
707 837 46 14 men
774 831 101 20 utskottet

127 864 41 20 kan
184 865 73 19 dervid
273 865 46 19 med
336 865 84 26 hänsigt
438 865 30 19 till
491 865 116 19 anstaltens
631 865 108 26 betydliga
760 865 115 20 inkomster

126 898 48 20 icke
190 898 52 19 fästa
257 898 118 27 synnerligt
390 899 106 19 afseende.
520 894 69 24 Äfven
601 905 33 12 om
651 898 224 27 förvaltningskostna-

127 932 65 19 derna
208 932 121 26 derigenom
354 932 107 26 verkligen
481 931 69 20 skulle
572 932 103 26 fördyras,
696 939 60 13 anser
775 933 102 20 utskottet

128 972 25 13 en
170 966 63 19 sådan
250 966 119 26 uppoffring
386 965 50 20 böra
452 968 69 24 göras,
533 966 87 19 emedan
638 973 46 13 man
696 967 27 19 då
738 967 59 19 torde
814 967 63 20 hafva

128 1005 25 14 en
169 1000 85 19 säkrare
270 1000 82 26 garanti
368 1002 56 17 emot
435 1000 94 19 medlens
539 1000 145 27 förskingring
694 1001 39 19 och
744 1000 131 21 oändamåls-

129 1034 69 25 enliga
213 1034 131 26 disposition,
360 1034 86 19 hvilken
466 1034 83 26 garanti
569 1033 47 20 icke
636 1034 54 19 lärer
708 1034 71 19 kunna
795 1035 82 25 vinnas,

129 1073 32 14 om
178 1068 110 25 samteliga
304 1068 112 26 tillgångar
432 1068 107 19 användas
551 1068 38 19 och
601 1068 127 19 utanordnas
739 1068 23 19 af
771 1070 30 17 ett
811 1070 66 18 större

127 1101 59 20 antal
200 1102 130 25 sjömanshus
348 1102 52 19 både
416 1102 68 19 såsom
500 1102 112 26 pensioner
627 1102 39 19 och
682 1101 105 26 tillfälliga
802 1102 75 20 under-

129 1136 52 19 stöd.
211 1136 75 19 Dertill
309 1136 95 19 kommer
428 1138 30 17 att
481 1135 283 26 förvaltningskostnaderna
779 1136 7 19 i
802 1136 75 25 sjelfva

129 1170 73 19 verket
217 1170 47 19 icke
280 1170 70 19 kunna
368 1170 65 19 blifva
448 1170 125 19 åtminstone
593 1169 85 26 mycket
694 1170 91 26 drygare
799 1176 77 20 genom

132 1203 90 19 nämnda
245 1204 123 26 anordning.
404 1203 39 20 Om
459 1204 41 19 den
523 1210 158 20 gemensamma
702 1204 173 25 pensionsinrätt-

129 1237 84 26 ningen,
237 1237 69 20 såsom
329 1237 101 20 utskottet
445 1238 121 26 förslagsvis
588 1237 34 20 vill
643 1237 85 26 antyda,
747 1237 69 20 skulle
835 1237 40 21 för-

131 1271 65 19 valtas
212 1271 22 20 af
248 1277 25 14 en
292 1271 114 26 bestyrelse
423 1272 46 19 med
481 1275 30 16 tre
524 1271 121 26 ledamöter,
656 1271 23 20 af
687 1271 73 20 hvilka
770 1277 25 14 en
807 1271 71 21 kunde

131 1307 54 18 utses
200 1305 23 20 af
232 1305 124 26 regeringen
372 1306 40 19 och
426 1305 34 20 två
470 1305 23 20 af
502 1305 110 26 samteliga
622 1305 159 20 direktionerna
791 1305 32 20 för
839 1306 40 25 sjö-

131 1339 132 25 manshusen,
282 1339 67 20 skulle
370 1339 60 20 deras
450 1339 94 26 aflöning
560 1339 102 20 törhända
682 1339 72 19 kunna
777 1339 102 20 bestridas

132 1373 46 20 med
189 1375 91 18 tretusen
293 1373 65 20 mark.
389 1374 63 19 Detta
462 1380 50 13 vore
523 1377 26 16 än
561 1379 58 14 mera
634 1373 88 26 möjligt,
733 1373 43 19 ifall
791 1373 89 20 kassans

133 1407 74 25 medel,
224 1407 67 20 såsom
307 1407 95 27 lämpligt
417 1407 74 26 tyckes
512 1413 55 20 vara,
587 1407 48 20 icke
655 1407 67 19 skulle
738 1409 61 23 göras
815 1407 66 20 frukt-

133 1441 91 19 bärande
246 1447 76 20 genom
343 1441 102 27 utlåning,
466 1443 49 18 utan
531 1448 76 20 genom
630 1441 151 20 räntebärande
801 1441 79 27 obliga-

132 1475 68 19 tioner
214 1475 52 19 eller
276 1481 76 20 genom
365 1476 118 26 deposition
494 1476 7 19 i
512 1475 106 20 allmänna
632 1475 177 26 kreditanstalter,
821 1475 59 20 hvar-
