1070 1786
121 722 13 29 $
145 722 24 22 47

113 1443 13 30 $
137 1445 30 21 48.

224 149 35 19 484

195 213 244 26 undantagsstadgande,
455 213 6 20 i
477 213 112 20 utskottets
608 213 64 20 tanke
688 213 31 20 sin
736 215 55 18 rätta
805 213 55 26 plats
875 213 68 20 säsom

194 247 56 20 skild
266 249 10 22 $
292 247 86 20 framför
393 248 26 19 50
435 249 17 22 $.

264 281 72 27 Enligt
347 281 40 20 den
404 282 77 25 praxis,
497 287 43 14 som
557 281 89 21 utbildat
662 281 32 27 sig
710 281 39 20 och
764 281 32 19 för
812 281 130 20 närvarande

194 315 68 27 gäller
277 316 7 18 i
300 315 99 20 afseende
418 315 13 20 &
445 315 109 20 städernes
573 316 96 26 styrelse,
688 315 131 21 tillkommer
833 316 109 26 Magistra-

193 351 36 18 ten
248 351 30 18 eti
294 351 51 18 stort
363 348 117 26 inflytande
498 349 62 20 äfven
580 349 27 27 pä
625 349 124 20 utöfvandet
767 349 23 19 af
807 349 84 20 stadens
907 350 35 19 be-

193 383 145 20 slutanderätt.
368 383 71 20 Ehuru
458 384 50 25 inga
527 383 80 27 lagliga
630 383 157 27 bestämningar
810 383 71 20 härom
905 383 36 19 fin-

194 424 44 18 nas,
253 420 23 17 är
292 418 35 19 det
342 417 6 19 i
364 417 75 26 sjelfva
458 417 75 20 verket
550 418 143 26 Magistraten,
712 424 45 14 som
777 417 53 20 efter
849 417 93 20 hörande

192 452 24 19 af
229 451 85 20 stadens
329 451 68 20 äldste
413 451 62 20 fattar
490 451 67 20 beslut
572 452 6 18 i
595 451 84 20 stadens
695 452 185 26 angelägenheter.
900 451 41 19 En-

192 485 47 20 dast
250 485 27 20 då
289 485 35 20 det
338 485 66 27 gäller
419 484 149 21 användandet
583 485 23 20 af
618 486 85 19 stadens
718 485 116 21 inkomster
850 485 39 21 och
901 485 39 20 till-

192 519 82 27 gångar
285 525 61 14 anses
362 519 134 25 Magistraten
513 525 50 14 vara
578 519 83 20 bunden
678 519 22 20 af
714 519 85 20 stadens
815 520 77 20 äldstes
906 520 34 19 be-

191 554 108 26 gifvande.
328 554 48 20 Men
396 554 61 25 eljest
477 553 62 20 hafva
559 553 67 26 desse,
646 553 44 20 ifall
710 554 147 25 Magistratens
874 554 67 20 beslut

191 588 38 26 går
245 587 48 21 dem
313 589 63 24 emot,
391 588 65 26 ingen
472 594 67 13 annan
557 589 63 24 utväg
635 590 25 16 än
677 589 31 18 att
723 587 52 20 söka
790 588 90 26 ändring
896 588 44 20 deri

191 622 37 20 hos
244 622 145 20 Guvernören.
419 622 36 19 Ett
471 621 73 20 sådant
559 621 138 26 förhållande,
713 628 44 14 som
769 621 58 21 står
820 617 11 34 i
841 621 97 21 fullkom-

190 656 30 26 lig
243 656 53 20 strid
318 656 48 20 med
382 656 27 20 all
425 656 25 19 fri
472 656 170 25 beslutanderätt,
663 656 41 19 kan
723 656 132 26 naturligtvis
875 656 65 26 enligt

190 690 60 20 detta
260 690 80 26 förslag
355 690 48 20 icke
419 690 73 20 vidare
508 690 85 20 komma
608 690 73 26 ifråga.
712 690 101 20 Deremot
826 690 113 26 berättigar

191 724 40 20 och
254 724 110 26 förpligtar
388 724 24 19 47
432 726 10 22 $
463 724 134 26 Magistraten
621 726 36 22 att,
676 723 26 21 då
722 724 40 20 den
783 724 68 20 finner
872 726 30 18 ett
919 724 23 20 af

189 758 193 26 stadsfullmäktige
398 758 52 20 eller
463 758 167 20 rådhusstämma
641 758 75 20 fattadt
727 758 69 20 beslut
806 758 65 20 strida
882 760 56 18 emot

190 792 100 26 gällande
307 792 149 26 författningar
477 792 51 20 eller
546 792 23 20 af
582 792 134 26 vederbörlig
737 792 124 27 myndighet
876 792 61 20 utfär-

189 826 55 20 dade
259 826 131 20 föreskrifter
410 826 51 20 eller
477 828 29 18 att
521 826 167 26 underställning
705 826 124 27 uraktlåtits,
845 827 37 19 der
897 827 40 19 den

188 860 63 20 bordt
270 867 39 20 ega
333 866 52 20 rum,
408 863 65 23 vägra
500 860 159 26 handräckning
680 860 32 19 till
732 860 161 27 verkställighet
917 861 23 20 af

188 900 82 14 samma
286 894 74 20 beslut.
389 893 73 27 Enligt
477 893 111 20 utskottets
604 893 55 26 äsigt
674 893 60 20 torde
750 894 56 20 detta
821 894 116 27 stadgande

188 928 52 21 böra
259 928 131 26 godkännas.
420 928 33 26 Ty
469 928 36 19 det
522 927 128 27 förebygger
664 927 13 20 &
693 933 40 14 ena
752 927 67 27 sidan,
835 930 30 18 att
880 928 56 26 olag-

188 962 45 27 liga
248 961 69 21 beslut
332 961 85 28 bringas
433 962 31 19 till
480 961 166 27 verkställighet,
662 961 39 20 och
717 968 37 20 ger
769 961 12 20 å
797 962 65 20 andra
877 962 59 20 sidan

187 996 37 20 full
235 996 87 20 rättvisa
338 995 21 20 åt
374 996 136 27 Magistraten
526 996 68 20 såsom
610 995 97 27 offentlig
723 995 213 28 embetsmyndighet,

187 1030 31 20 för
229 1030 85 20 hvilken
327 1029 35 21 det
372 1029 49 21 icke
434 1030 68 20 skulle
514 1030 74 20 skicka
596 1030 31 26 sig
642 1032 30 17 att
686 1030 115 20 verkställa
817 1032 30 18 ett
862 1031 74 26 beslut,

188 1070 44 14 som
257 1064 40 19 den
322 1070 62 13 anser
404 1064 93 27 olagligt.
531 1064 142 20 Kommunens
697 1064 166 21 beslutanderätt
883 1065 53 20 lider

184 1097 49 21 icke
256 1097 66 21 heller
342 1098 123 26 härigenom
488 1098 64 27 något
573 1098 90 27 intrång,
682 1098 28 19 då
727 1098 137 27 Magistraten
887 1099 47 20 icke

185 1132 39 20 har
235 1133 42 18 rätt
292 1133 30 18 att
336 1131 66 20 ändra
418 1134 30 18 ett
463 1132 74 26 beslut,
553 1134 49 18 utan
618 1132 76 20 endast
708 1134 30 18 att
754 1135 64 24 vägra
833 1133 101 20 verkstäl-

184 1165 68 27 lighet
272 1165 24 20 af
317 1165 122 26 detsamma,
463 1166 109 20 hvarutom
589 1167 35 20 det
639 1166 42 20 står
697 1166 159 21 vederbörande
871 1169 64 24 öppet

184 1202 31 18 att
224 1200 60 20 öfver
300 1199 148 27 Magistratens
463 1202 78 24 vägran
553 1200 6 20 i
571 1200 71 27 vanlig
658 1200 90 27 ordning
763 1200 74 20 anföra
853 1201 80 21 besvär.

184 1234 32 20 De
232 1233 23 21 af
267 1233 103 20 utskottet
385 1234 101 27 vidtagna
501 1235 147 25 förändringar
663 1235 69 26 åsyfta
747 1237 29 17 att
791 1238 96 17 närmare
899 1236 34 20 be-

184 1270 90 18 stämma
284 1269 69 24 sättet,
366 1268 80 26 hvarpå
456 1269 148 26 Magistratens
613 1271 78 24 vägran
703 1269 53 20 skall
767 1269 167 21 rådhusstämma

186 1302 52 20 eller
253 1301 192 27 stadsfullmäktige
460 1303 111 26 delgifvas.
601 1303 75 20 Denna
692 1305 10 22 $
718 1303 38 20 har
770 1303 6 19 i
787 1303 106 21 anseende
903 1304 29 19 till

184 1336 36 21 det
234 1336 105 20 likartade
355 1336 124 27 innehållet,
494 1337 67 27 enligt
576 1337 112 21 utskottets
701 1337 61 26 åsigt,
773 1338 32 19 sin
814 1340 55 18 rätta
878 1338 55 27 plats

182 1370 69 21 såsom
268 1372 30 18 ett
313 1376 74 14 senare
403 1377 63 14 mom.
483 1371 31 19 till
530 1371 26 20 46
573 1373 17 22 $.

250 1404 39 20 Att
298 1404 137 27 Magistraten
450 1405 119 26 framdeles,
585 1405 76 20 liksom
677 1406 81 25 hittills,
773 1406 54 20 skall
839 1413 50 14 vara
897 1407 34 20 be-

184 1438 90 27 rättigad
291 1440 31 18 att
336 1440 50 25 taga
401 1439 91 20 initiativ
506 1439 7 20 i
529 1439 85 20 stadens
629 1439 187 27 angelägenheter,
831 1447 62 14 anser
902 1443 30 18 ut-

182 1471 79 21 skottet
279 1478 49 14 vara
350 1472 88 20 alldeles
452 1473 7 19 i
475 1473 32 19 sin
527 1473 91 27 ordning
642 1474 39 20 och
700 1474 87 20 föreslär
803 1474 83 21 derföre
902 1476 30 19 till
