1070 1786
402 422 57 20 Hans
479 422 134 26 Kejserliga
632 421 120 27 Majestäts
773 422 69 26 Nådiga
860 421 86 27 Proposi-

332 456 41 20 tion
388 456 31 20 till
435 456 87 20 Finlands
537 456 86 25 Ständer,
639 456 98 26 angående
753 456 118 27 uppförande
887 456 21 20 af
915 456 30 20 två

332 490 93 26 fyrbåkar
440 490 7 20 i
463 490 74 26 Ladoga
551 490 35 26 sjö.

265 552 40 21 Till
322 552 147 27 betryggande
484 553 23 20 af
520 553 99 26 sjöfarten
635 555 37 17 äro
687 553 57 20 inom
761 553 40 20 den
813 553 30 20 till
855 553 88 20 Finland

196 587 94 19 hörande
310 587 90 19 andelen
421 587 23 19 af
461 587 84 26 Ladoga
560 587 31 25 sjö
608 587 103 25 uppförda
727 587 35 20 två
779 582 80 25 mindre
875 587 69 26 fyrbå-

196 620 44 26 kar,
264 621 103 19 hvardera
390 621 22 19 af
434 623 37 23 trä,
493 621 39 19 den
553 627 40 13 ena
607 620 13 20 å
634 620 151 20 Heinisenmaa
803 621 70 20 holme
888 621 55 19 inom

195 655 137 27 Kronoborgs
348 655 77 19 socken
442 657 53 18 samt
511 655 40 19 den
567 654 64 20 andra
647 655 12 19 å
674 655 126 20 Heinäluoto
816 655 79 26 klippa,
910 655 33 19 be-

196 689 62 26 lägen
280 689 33 19 vid
334 689 62 20 södra
411 689 60 20 sidan
486 689 23 19 af
522 689 173 19 Mantschinsaari
712 688 69 20 holme
797 689 55 19 inom
869 688 75 20 Salmis

196 723 86 20 socken.
312 723 66 20 Dessa
394 723 65 20 båkar
476 725 104 18 motsvara
595 722 64 20 likväl
676 723 48 19 icke
740 723 35 20 det
791 723 46 20 med
854 723 46 19 dem
915 724 28 18 af-

196 757 66 20 sedda
282 758 104 25 ändamål,
408 758 44 19 dels
471 758 22 19 af
506 757 61 20 orsak
583 759 29 18 att
627 757 150 20 Heinisenmaa
793 757 40 20 båk
850 760 22 17 är
889 757 55 20 belä-

196 798 41 20 gen
260 794 57 18 utom
340 792 107 20 allmänna
470 791 92 20 farleden
584 794 54 17 samt
657 794 29 17 att
707 791 69 20 bäken
792 791 13 20 &
820 792 124 19 Heinäluoto

196 825 48 20 icke
268 828 23 17 är
311 825 124 27 tillräckligt
454 826 47 26 hög,
518 826 44 19 dels
578 826 6 19 i
599 826 106 20 anseende
722 826 30 19 till
769 825 175 27 bristfälligheten

196 860 23 19 af
239 860 26 19 de
288 860 29 19 uti
340 859 47 20 dem
412 859 123 27 begagnade
555 859 128 27 catoptriska
702 859 242 27 lysningsapparaterna.

196 893 70 27 Fråga
286 894 36 19 har
342 893 82 20 derföre
441 893 72 20 väckts
528 895 29 18 att
573 893 47 20 icke
638 893 86 20 allenast
742 894 91 26 nedtaga
849 893 67 20 båken
933 893 12 20 &

196 927 150 20 Heinisenmaa
369 928 38 19 och
424 928 6 19 i
447 927 46 20 dess
513 927 59 20 ställe
589 927 87 26 uppföra
692 934 25 13 en
736 934 27 19 ny
781 927 39 20 båk
838 927 12 20 å
865 927 78 20 Hanhi-

197 962 57 25 paasi
272 962 74 25 holme,
363 962 88 26 belägen
468 961 97 26 omkring
581 961 46 26 fyra
644 964 55 17 verst
715 962 5 19 i
737 961 86 26 sydvest
838 961 44 20 från
894 961 49 20 Wa-

198 996 54 20 lamo
269 999 87 23 ögrupp,
372 998 53 17 samt
440 998 30 17 att
485 996 105 25 ombygga
601 995 38 20 och
651 995 49 26 höja
712 995 68 20 bäken
793 995 11 20 ä
813 995 131 26 Heinäluoto,

197 1032 49 18 utan
270 1030 40 20 ock
333 1032 30 18 att
386 1030 53 19 förse
465 1029 66 27 begge
551 1029 26 20 de
598 1036 42 19 nya
656 1029 93 20 bäkarne
766 1029 46 20 med
829 1029 115 26 dioptriska

197 1065 214 26 lysningsapparater,
428 1063 77 26 hviika,
522 1063 103 20 inrättade
641 1063 53 20 efter
704 1063 97 20 Fresnels
813 1066 84 23 system,
909 1070 34 13 en-

197 1099 39 26 ligt
251 1099 75 26 jemväl
344 1099 36 19 här
397 1099 4 18 i
418 1098 71 20 landet
504 1105 82 12 vunnen
603 1098 127 25 erfarenhet,
746 1098 53 19 visat
815 1097 31 27 sig
862 1100 39 24 äga
916 1100 29 17 ett

197 1133 93 26 afgjordt
305 1132 105 20 företräde
426 1132 85 20 framför
527 1131 72 27 dylika
610 1132 22 19 af
640 1138 69 13 annan
720 1131 153 20 konstruktion.
889 1131 55 20 Enär

198 1169 73 24 nyttan
288 1167 38 20 och
344 1167 183 25 nödvändigheten
539 1167 23 19 af
571 1167 60 19 dessa
642 1165 242 27 bäkbyggnadsarbeten
897 1165 47 19 vits-

198 1201 70 20 ordats
292 1202 17 25 ej
331 1201 80 19 mindre
432 1201 22 19 af
468 1200 158 20 vederbörande
642 1200 128 25 trafikanter,
787 1199 103 26 skeppare
906 1198 38 20 och

198 1235 154 26 skeppsredare
367 1235 6 20 i
390 1235 26 20 de
432 1241 62 14 norra
509 1235 37 20 och
564 1237 69 17 vestra
649 1234 133 20 kustorterna
797 1233 98 26 omkring
908 1233 36 20 La-

198 1269 62 26 doga,
280 1272 25 17 än
325 1269 54 20 hvad
396 1269 65 26 angår
477 1269 38 19 den
533 1269 146 26 projekterade
696 1268 69 20 bäken
782 1267 12 20 &
809 1267 135 26 Hanhipaasi,

196 1303 58 20 säväl
272 1303 23 20 af
308 1304 135 26 Magistraten
463 1303 2 20 i
482 1303 102 20 Kexholm
601 1303 38 20 och
656 1302 176 26 Ordningsrätten
848 1302 6 19 i
870 1301 74 20 Sorda-

197 1337 47 20 vala
268 1338 75 24 städer,
366 1344 44 13 som
432 1337 22 20 af
471 1343 24 13 en
512 1337 89 20 särskild
617 1337 145 24 kommission,
779 1336 85 19 hvilken
881 1336 43 19 haft
938 1336 6 19 i

197 1372 96 26 uppdrag
312 1374 36 23 att,
364 1372 53 19 efter
433 1371 12 20 &
460 1371 69 20 stället
545 1371 112 20 verkställd
674 1369 159 27 undersökning
849 1369 96 20 meddela

197 1405 108 20 utlätande
320 1413 33 12 om
370 1408 54 17 rätta
440 1405 56 27 läget
512 1405 30 20 för
558 1405 40 20 den
616 1405 46 24 bäk,
678 1411 46 13 som
742 1404 64 19 borde
821 1405 77 18 ersätta
910 1403 33 20 bä-

197 1439 42 20 ken
256 1439 12 20 &
284 1440 156 25 Heinisenmaa,
463 1439 61 20 hafva
543 1439 102 26 ritningar
664 1439 39 19 och
720 1438 179 25 kostnadsförslag
914 1438 30 19 till

197 1474 27 20 de
239 1474 111 20 förordade
366 1473 201 27 fyrinrättningarna
583 1473 69 19 blifvit
662 1472 124 26 uppgjorda.
802 1471 73 27 Enligt
885 1471 60 20 dessa
