1070 1786
208 138 34 19 372

175 198 61 27 mäla,
259 201 31 18 att
313 199 123 26 Ständerna,
457 201 66 25 jemte
546 200 36 19 det
601 200 25 19 de
647 200 55 19 velat
722 199 63 20 hafva
800 199 31 20 till
847 199 77 20 Eders

175 233 148 26 Kejserliga
338 234 121 25 Majestät
475 234 152 19 öfverlemnadt
642 236 30 17 att
689 234 116 19 bestämma
816 234 75 25 dagen,
900 233 26 20 då

174 267 71 19 denna
268 267 72 26 Sjölag
363 267 55 20 skall
440 267 59 20 träda
514 268 5 19 i
537 267 141 26 verksamhet,
698 267 32 20 för
748 268 31 19 sin
797 267 33 20 del
847 267 79 26 antagit

176 304 26 16 en
219 300 23 20 så
258 300 92 26 lydande

529 406 131 39 Sjölag

576 465 29 17 för

420 510 227 22 Storfurstendömet
662 509 104 23 Finland.

537 640 31 20 Om
584 640 66 26 fartyg.

491 690 15 27 $
521 692 13 19 1
551 690 144 27 oförändrad.

566 735 16 27 $
595 736 21 20 2.

327 769 84 33 Ätager
433 775 34 27 sig
486 775 72 27 någon
577 777 33 18 att
630 774 70 28 bygga
714 774 81 28 fartyg
810 775 23 20 ät
849 781 79 18 annan,

258 814 51 14 vare
326 808 84 27 pligtig
428 810 33 18 att
475 807 103 27 fullgöra
593 808 46 20 alla
655 807 112 27 betingade
781 807 76 26 vilkor,
873 810 55 18 samt

260 844 32 18 att
313 842 32 20 uti
366 841 40 21 bil-
424 841 39 21 och
479 841 120 27 bolfärdigt
613 841 65 26 skick,
695 841 40 21 der
750 848 73 14 annan
840 841 89 21 bestäm-

260 875 52 27 ning
327 876 22 26 ej
363 875 60 25 skett,
439 876 58 19 inom
511 874 72 27 utfäst
599 875 31 20 tid
645 874 97 27 aflemna
752 874 107 28 fartyget.

328 909 85 27 Fartyg
433 915 62 14 anses
514 915 54 14 vara
585 908 38 21 bil-
639 908 38 21 och
694 908 129 28 bolfärdigt,
839 909 28 20 dä
883 909 47 20 dess

258 943 69 26 skrof,
340 945 54 18 utan
400 942 143 28 förhydning,
560 945 27 18 är
597 942 141 27 fulländadt,
754 942 114 28 behörigen
883 943 46 20 kal-

255 976 93 27 fatradt
363 976 37 21 och
410 977 9 20 i
424 977 53 26 flott
492 979 71 18 vatten
573 976 87 27 felfritt
674 979 63 24 samt,
753 976 56 27 efter
817 976 113 28 fartygets

260 1010 80 21 storlek
356 1010 37 21 och
408 1010 150 27 beskaffenhet,
569 1010 89 27 försedt
672 1010 48 21 med
735 1010 81 27 nödiga
827 1010 103 27 förbind-

260 1045 88 26 ningar,
364 1044 70 25 roder,
450 1044 112 27 roderjern
577 1043 37 21 och
631 1043 79 28 beslag,
730 1043 67 22 brått-
811 1044 39 21 och
863 1045 68 27 gång-

260 1079 52 26 spel,
327 1078 142 25 kranbalkar,
482 1078 93 27 pollare,
586 1077 148 28 förtöjnings-
750 1077 37 21 och
807 1078 123 28 ankarklys,

260 1115 94 24 spygatt,
363 1119 97 20 pumpar
469 1112 47 21 med
527 1111 105 26 tillbehör,
648 1114 110 25 pumpsot,
773 1113 102 26 röstjern,
891 1119 38 14 na-

260 1146 126 28 gelbänkar,
403 1146 68 25 båtar,
487 1148 78 19 stöttar
581 1146 68 21 under
660 1145 55 21 däck
730 1145 36 21 och
778 1146 105 21 tvärskott
896 1147 36 25 för

257 1180 120 27 förvaring
400 1179 29 27 af
443 1180 103 26 proviant
571 1179 38 21 och
632 1179 139 25 inventarier,
795 1179 76 27 kajuta
895 1181 37 20 och

261 1214 66 21 skans
347 1216 53 18 utan
418 1213 123 28 inredning,
559 1212 109 28 äfvensom
690 1212 35 21 till
744 1213 121 28 insättning
880 1214 52 27 fär-

262 1248 53 27 diga
329 1249 87 23 mäster,
433 1247 100 27 bogspröt
548 1246 39 21 och
602 1247 46 21 alla
664 1247 35 20 till
715 1246 123 28 tacklingen
853 1247 79 22 höran-

262 1281 26 21 de
303 1281 113 21 rundhult.

498 1331 15 26 $
527 1331 14 20 3
557 1329 143 28 oförändrad.

573 1376 49 27 54.

333 1416 46 21 För
402 1414 171 29 handelssjöfart
595 1415 38 20 och
650 1415 104 20 resandes
766 1414 170 29 fortskaffande

264 1451 36 20 må
318 1451 22 27 ej
350 1450 80 27 fartyg
446 1449 30 27 af
488 1449 29 20 tio
533 1449 67 20 läster
615 1449 53 20 eller
683 1448 122 27 derutöfver
821 1448 114 29 begagnas,
