1070 1786
794 148 33 17 145

112 209 187 26 kostnadsförslag,
315 209 73 20 hvilka
400 210 66 25 jemte
482 210 130 26 ritningarna
623 209 60 21 skola
693 210 116 21 Ständerna
820 211 40 20 till-

112 243 143 26 handahållas,
272 244 80 26 uppgår
367 243 116 21 kostnaden
501 245 31 19 för
549 244 139 26 uppförandet
704 245 13 18 å
732 245 128 26 Hanhipaasi

112 277 68 20 holme
204 278 23 19 af
248 284 24 13 en
297 278 74 25 fyrbåk
392 278 24 19 af
434 278 56 26 tegel
512 278 45 20 med
575 278 148 26 bibyggnader
738 279 24 19 af
774 281 31 17 trä
821 279 39 20 och

112 311 101 26 dioptrisk
234 312 184 26 lysningsapparat
438 312 22 20 af
478 312 67 26 fjerde
561 312 117 26 ordningen
695 312 29 19 till
742 312 118 20 åttatiotvå-

112 347 57 17 tusen
190 346 234 26 sjuhundratrettiofyra
439 346 59 20 mark
515 346 99 26 tjugufem
631 346 71 26 penni,
718 349 53 17 samt
787 346 31 20 för
834 353 25 13 en

112 386 27 19 ny
155 379 76 27 fyrbåk
248 380 12 19 å
275 380 125 20 Heinäluoto
414 380 78 26 jemväl
509 380 23 20 af
545 380 56 27 tegel
618 380 46 20 med
680 380 146 26 bibyggnader
840 380 23 20 af

113 415 30 17 trä
158 414 39 19 och
214 414 102 26 dioptrisk
332 414 185 26 lysningsapparat
531 414 23 20 af
567 414 67 26 tredje
650 414 116 26 ordningen
783 414 31 20 till
831 415 29 19 åt-

111 448 145 19 tatiotretusen
278 448 240 26 niohundrafemtiofyra
533 448 70 25 mark;
619 448 39 20 och
674 454 44 14 som
734 448 127 20 statsverket

111 482 76 20 saknar
211 482 113 26 tillgångar
347 482 31 20 till
402 482 134 20 bestridande
557 483 22 19 af
597 482 61 20 dessa
673 482 119 26 kostnader,
809 489 51 20 upp-

111 516 82 26 gående
216 516 184 20 sammanräknadt
421 516 30 20 till
473 516 280 20 etthundrasextiosextusen
769 517 90 19 sexhun-

111 550 157 21 draåttatioåtta
287 550 57 20 mark
367 550 100 27 tjugufem
488 550 70 27 penni,
580 550 36 20 har
632 550 66 20 Hans
714 550 146 27 Kejserliga

111 585 116 25 Majestät
250 585 55 19 velat
328 585 130 19 öfverlemna
482 585 30 19 till
535 585 118 19 Ständerna
676 587 36 22 att,
732 585 6 19 i
759 585 100 19 händelse

111 618 117 20 Ständerna
244 625 50 13 anse
309 618 161 27 ifrågavarande
487 625 41 19 nya
544 618 134 26 fyranstalter
693 618 49 20 böra
754 618 105 26 uppföras,

111 652 70 20 dertill
197 653 74 19 anvisa
287 652 77 26 nödiga
379 652 75 20 medel.
479 653 45 19 Den
541 652 68 27 utgift,
625 652 131 20 underhållet
767 653 23 19 af
798 653 62 20 dessa

110 686 56 26 fyrar
177 687 95 19 kommer
288 688 29 18 att
332 687 101 25 erfordra,
449 686 34 20 vill
500 687 65 19 Hans
581 685 145 28 Kejserliga
741 687 119 25 Majestät

111 720 94 20 deremot
222 720 42 20 låta
279 721 23 19 af
315 720 136 20 statsverkets
467 721 106 19 ordinarie
589 720 115 20 inkomster
720 720 97 20 bestrida.

314 766 72 26 Enligt
396 766 66 20 Hans
478 766 144 26 Kejserliga
636 766 128 26 Majestäts
775 766 84 26 Nådiga

248 800 122 26 befallning,
393 800 71 26 gifven
485 800 6 20 i
512 800 29 20 S:t
563 800 125 26 Petersburg
710 800 41 20 den
777 802 22 25 15
823 800 35 20 Ja-

247 834 58 20 nuari
321 833 62 21 1872.

381 890 69 21 ALEX.
469 890 119 21 ARMFELT.

564 935 36 20 Ch.
616 935 47 21 Em.
679 935 121 21 Frosterus.

315 1066 166 20 Sammansatta
499 1067 73 19 Stats-
588 1065 35 21 och
637 1065 220 21 Ekonomi-utskot-

245 1101 45 19 tets
312 1100 121 20 betänkande
456 1100 30 20 N:o
509 1100 28 25 10,
553 1100 6 19 i
575 1099 102 26 anledning
696 1099 50 20 såväl
766 1099 21 20 af
800 1100 57 19 Hans

246 1133 132 27 Kejserliga
400 1134 117 26 Majestäts
537 1134 70 25 Nädiga
624 1133 125 26 proposition,
765 1139 29 14 om
810 1139 47 20 upp-

246 1167 79 21 förande
341 1168 21 20 af
374 1168 31 20 tvä
420 1168 93 25 fyrbäkar
527 1167 6 20 i
549 1167 74 26 Ladoga
637 1168 35 25 sjö,
688 1173 39 14 som
742 1167 36 20 ock
793 1167 22 20 af
823 1167 34 20 Nä-

245 1201 44 26 diga
311 1202 145 26 propositionen
475 1202 98 26 angående
593 1201 106 26 utgörande
718 1202 22 19 af
751 1201 106 26 bevillning

244 1235 32 21 för
290 1234 46 21 1873
351 1235 35 21 och
401 1236 109 25 päföljande
525 1236 29 25 är,
565 1235 60 20 sävidt
635 1235 91 26 sistsagde
738 1236 119 26 proposition

246 1269 58 21 berör
318 1270 68 25 frägan
402 1276 30 14 om
447 1270 118 20 inrättandet
580 1270 21 20 af
614 1276 23 14 en
653 1270 29 26 fyr
692 1270 12 20 &
714 1269 95 27 Bogskärs
822 1277 35 13 un-

245 1304 108 20 dervattens
368 1304 32 20 ref
413 1304 57 20 söder
485 1310 30 14 om
529 1297 64 27 Äland.

178 1366 29 19 Af
228 1366 137 20 förenämnde
387 1367 83 26 Nädiga
492 1367 154 26 propositioner
666 1366 37 19 har
722 1366 41 20 den
779 1366 77 20 förre
844 1362 16 35 i

108 1400 48 20 dess
179 1401 72 19 helhet
273 1401 39 19 och
335 1401 40 19 den
397 1407 73 13 senare
486 1401 6 19 i
509 1400 142 26 ofvanantydd
673 1400 32 19 del
724 1400 24 19 af
760 1400 98 27 samtiiga

107 1433 93 21 Ständen
212 1435 7 18 i
231 1434 98 20 afseende
346 1434 12 20 å
373 1434 154 20 förberedande
543 1434 129 24 behandling
688 1433 126 26 hänskjutits
825 1434 31 19 till

107 1470 137 18 sammansatt
258 1468 63 20 Stats-
338 1468 40 20 och
389 1468 193 25 Ekonomiutskott,
593 1474 43 13 som
649 1467 53 20 efter
712 1467 71 20 derom
795 1468 60 25 gjord

767 1499 22 19 10
