1070 1786
829 150 22 17 85

136 214 38 19 den
196 216 38 23 ort,
255 213 30 20 dit
300 213 117 20 Ständerna
433 213 31 19 för
480 213 32 19 sin
529 212 32 20 del
579 219 49 13 anse
645 213 141 26 inrättningen
804 213 80 26 lämpli-

136 250 46 23 gast
198 248 70 19 kunna
284 247 109 26 förläggas.

204 314 107 26 Ungefårlig
326 313 107 25 beräkning
449 313 21 20 af
483 313 130 20 kostnaderna
628 314 30 20 för
674 320 23 14 en
713 314 102 20 klockare-

410 353 35 20 och
461 353 148 26 organistskola.

303 411 27 24 A)
347 410 50 20 Till
414 410 79 20 första
509 411 209 25 uppsättningen:
829 420 46 13 Mark.

138 452 6 18 1
162 450 194 26 Orgelharmonium
374 450 46 19 med
437 450 61 25 pedal
545 466 3 3 so
581 465 38 4 sa
652 466 3 4 co
686 465 39 4 cc
793 465 4 4 .
817 450 66 24 1,500.

137 486 7 18 1
242 484 33 20 d:o
371 486 66 17 större
454 486 47 17 utan
519 484 61 26 pedal
616 499 4 5 .
651 500 4 4 .
686 500 4 3 .
722 500 3 3 .
757 499 4 4 .
792 499 5 10 .
835 484 48 18 800.

135 520 11 18 3
162 521 24 17 st.
244 518 32 20 d:o
374 518 80 19 mindre
471 514 12 33 =
499 518 33 19 dio
617 533 74 4 soke
722 533 4 4 x
758 533 4 4 &
793 533 4 4 x
816 517 67 25 1,000;

134 554 13 18 2
162 556 24 16 st.
204 552 126 26 foitepianos.
367 567 3 4 .
402 567 4 4 «<
438 567 4 4 so
615 567 182 4 L.
815 552 67 24 1,500.

135 587 39 19 För
192 586 80 20 möbler
287 586 37 19 och
341 587 55 25 öfrig
411 586 113 26 inredning
547 601 1 4 .
580 600 4 5 .
615 600 4 5 .
651 601 3 3 .
686 601 4 4 .
722 601 3 4 .
757 601 4 4 .
792 600 4 5 .
815 586 68 24 1,200.

714 631 83 20 Summa
814 631 68 25 6,000.

391 670 26 25 B)
435 664 84 32 Ärligt
537 671 97 26 anslag:

203 712 70 19 Under
289 711 147 26 förutsättning
452 712 29 18 att
497 711 81 25 skolan,
595 711 65 26 enligt
670 711 165 20 Presteständets
847 718 35 19 pe-

134 746 67 24 titiov,
217 745 67 20 skulle
303 744 57 20 bestå
375 744 23 20 af
411 745 11 19 3
439 744 80 20 klasser
530 747 53 17 samt
595 747 29 17 att
636 746 149 25 undervisning
794 746 6 18 i
810 745 71 26 hvarje

134 780 56 20 klass
206 778 106 21 meddelas
328 779 65 19 under
409 779 26 19 36
451 779 100 19 timmar
538 774 12 35 i
565 779 69 26 hvarje
650 780 23 19 af
687 779 99 20 läseärets
797 780 26 18 34
835 786 46 12 vec-

135 815 43 23 kor,
203 814 85 19 komme
309 813 47 19 hela
375 812 79 20 antalet
474 813 245 26 undervisningstimmar
735 813 65 20 under
816 815 29 17 ett
861 813 22 19 år

134 850 74 24 utgöra
223 847 145 25 (3Xx36x34)
384 856 28 8 =
428 847 68 25 3,672.
826 858 46 12 Mark.

133 882 156 20 Lärarearvode
309 881 30 19 för
360 881 61 25 3,672
438 881 89 25 timmar,
544 882 12 18 a
577 881 6 19 2
601 881 60 19 mark
675 881 6 19 i
698 881 97 20 medeltal
813 881 69 24 7,344.

133 916 84 20 Arvode
234 916 30 19 för
280 915 40 20 den
337 915 67 20 lärare
421 921 43 13 som
482 915 69 20 tillika
566 918 23 17 är
606 911 138 42 föreståndare
756 930 5 4 .
792 930 4 3 -
835 915 46 19 600.

166 946 14 34 n”
235 947 31 22 för
282 956 24 13 en
323 949 141 20 vaktmästare
508 965 4 3 =.
543 964 4 4 .
578 965 5 5 .
615 965 3 4 .
650 965 39 4 «e.o
721 945 76 24 1040.
834 949 48 20 400.

134 985 57 25 Hyra
206 984 32 19 för
253 983 103 20 skollokal
370 984 66 25 jemte
453 983 99 20 musiksal
579 999 4 4 .
614 982 40 22 <.
720 988 40 15 +.
791 999 4 4 .
815 983 66 25 1,200.

134 1018 79 25 Anslag
229 1018 31 19 till
278 1017 39 20 ved
333 1017 38 20 och
389 1017 112 26 belysning
544 1033 4 4 =.
580 1033 4 4 .
606 1031 13 6 -.
646 1014 9 31 .
718 1014 78 23 500
834 1018 47 19 600.

170 1052 11 11 ”
200 1044 17 38 —
230 1052 31 19 till
277 1054 81 17 remont
373 1052 22 19 af
410 1052 86 25 möbler,
512 1053 153 24 instrumenter,
678 1054 58 17 noter
744 1048 51 23 med

280 1092 56 13 mera
366 1101 4 4 .
401 1101 5 4 .
437 1101 4 4 .
580 1101 38 5 som
650 1101 40 4 fs
720 1102 4 5 s
756 1101 39 4 wow
834 1086 47 19 400;

170 1120 11 12 ”
202 1115 13 34 —
231 1119 30 20 till
278 1120 114 25 stipendier
408 1119 21 20 åt
445 1101 75 46 fattiga
535 1101 72 39 älsver
650 1135 4 4 i
685 1135 4 4 &
720 1135 4 4 I
756 1134 4 5 »
791 1135 4 4 &
815 1120 66 25 1,200.

170 1154 11 11 ”
230 1154 31 19 till
278 1153 82 20 diverse
376 1153 100 26 utgifter.
508 1169 4 4 .
544 1170 4 5 .
579 1169 4 4 .
614 1169 4 4 <
721 1169 74 4 L
833 1153 48 23 256.

698 1199 85 19 Summa
801 1199 80 24 12,000.

336 1244 72 26 Enligt
418 1244 66 19 Hans
501 1244 144 27 Kejserliga
661 1245 128 25 Majestäts
800 1244 83 26 Nådiga

270 1278 122 26 befallning,
408 1278 70 26 gifven
497 1279 6 18 i
519 1278 30 20 S:t
563 1278 125 27 Petersburg
704 1278 40 19 den
761 1279 23 26 43
797 1278 85 19 Januari

272 1313 58 19 1872.

405 1357 68 20 ALEX.
490 1357 120 21 ARMFELT.

589 1402 35 21 Ch.
640 1402 47 21 Em.
703 1402 124 21 Frosterus.
