1070 1786
248 151 33 17 288

213 212 128 27 förvaltning
358 212 36 20 bör
410 212 40 20 han
466 212 90 20 aflemna
572 211 79 27 borgen
668 213 53 19 eller
736 219 69 14 annan
821 212 98 21 säkerhet
933 212 30 19 till

215 246 140 25 direktionen,
371 253 44 13 som
432 253 49 20 eger
497 247 65 26 draga
578 247 80 26 försorg
674 247 80 25 derom,
765 249 30 18 att
806 247 75 25 medel,
891 245 73 20 hvilka

214 281 30 19 uti
260 281 75 19 kassan
356 280 77 20 influtit
452 281 38 19 och
510 280 31 20 för
559 280 92 20 tillfället
667 280 48 20 icke
731 281 108 24 behöfvas,
856 280 64 20 blifva
935 280 28 19 ef-

215 317 31 17 ter
262 314 207 26 omständigheterna
484 314 99 25 antingen
601 314 76 19 insatta
688 314 30 20 uti
729 314 76 20 allmän
818 314 147 20 kreditanstalt

214 348 52 20 eller
286 348 98 20 utlånade
404 351 43 17 mot
467 348 94 26 antaglig
580 348 98 20 säkerhet
700 348 51 20 eller
770 348 39 20 ock
829 348 134 20 förvandlade

214 382 30 20 till
260 382 115 26 godkända
390 382 153 20 räntebärande
559 382 147 26 obligationer.

561 452 10 21 s
587 450 33 20 24.

283 489 117 27 Angående
421 489 156 26 förvaltningen
593 489 81 26 åligger
690 490 181 20 ombudsmannen
887 492 30 18 att
932 490 31 20 för

215 524 71 26 hvarje
302 524 22 19 år
340 524 63 19 innan
421 523 138 26 nästföljande
575 523 99 20 Februari
692 524 87 20 månads
795 524 76 26 utgång
887 524 30 19 till
933 524 29 20 di-

214 558 111 20 rektionen
344 557 80 27 afgifva
442 556 123 27 fullständig
584 557 144 28 redovisning,
747 558 84 19 hvilken
849 558 37 19 bör
901 564 61 20 gran-

214 592 50 19 skas
280 592 22 18 af
316 594 30 17 tre
367 592 110 25 revisorer,
497 598 43 13 som
560 592 84 19 stadens
665 592 81 25 redare,
763 592 142 19 befälhafvare
924 592 38 18 och

214 627 81 23 sjömän
312 627 69 23 utsett,
400 625 26 26 pä
437 625 45 20 sätt
497 626 6 18 i
524 628 4 21 $
545 626 12 19 2
573 632 33 13 om
623 625 33 20 val
672 626 23 18 af
709 626 144 20 direktionens
871 625 91 19 ledamö-

214 663 30 17 ter
255 660 66 19 finnes
333 659 140 20 föreskrifvet.
505 659 169 26 Redovisningen
687 660 53 19 skall
752 660 63 19 sedan
827 660 64 18 innan
904 659 58 26 April

215 694 87 19 mänads
325 694 78 25 utgäng
419 693 22 19 af
456 693 131 20 direktionen
609 694 66 24 jemte
699 696 49 24 eget
771 693 133 21 betänkande
923 694 38 18 och

213 728 142 19 revisorernas
381 727 111 20 berättelse
516 727 31 19 till
571 727 137 19 Guvernören
735 728 97 19 insändas
853 727 30 19 för
902 729 29 17 att
951 727 12 19 ä

214 761 159 20 landskontoret
389 761 30 19 till
436 761 96 19 framtida
547 761 129 26 upplysning
691 761 100 20 förvaras.
822 761 139 20 Anmärknin-

213 802 37 19 gar
266 798 56 17 emot
338 795 163 26 redovisningen
517 795 84 26 pröfvas
616 795 22 19 af
652 795 142 26 Magistraten.

559 865 9 22 S
585 864 32 19 25.

282 903 64 20 Innan
368 903 105 26 utgängen
493 903 22 18 af
532 902 99 20 Februari
653 902 74 20 mänad
747 902 52 20 skall
816 902 145 20 ombudsman-

215 943 39 13 nen
271 937 31 19 för
318 937 35 20 det
369 937 127 25 föregäende
511 937 44 19 äret
571 937 5 18 i
595 936 117 19 tabellform
730 939 101 23 upprätta,
843 937 38 19 och
893 936 68 20 direk-

212 971 72 20 tionen
304 977 75 20 genom
404 971 135 19 Guvernören
560 971 30 18 till
610 971 243 25 Finans-Expeditionen
875 971 87 19 insända

214 1005 158 26 förteckningar
392 1005 58 19 öfver
470 1005 25 19 de
515 1004 29 19 till
565 1004 72 20 staden
659 1005 93 19 hörande
768 1005 76 26 fartyg,
861 1005 100 19 befälhaf-

213 1045 51 13 vare
280 1039 38 19 och
334 1039 89 26 sjömän,
445 1041 53 17 samt
521 1039 58 19 öfver
603 1038 221 26 sjömanshuskassans
847 1038 116 20 inkomster

214 1073 38 19 och
269 1073 91 26 utgifter,
376 1073 46 19 med
439 1073 81 26 uppgift
536 1079 33 13 om
585 1073 109 26 fartygens
709 1073 152 25 beskaffenhet,
873 1072 88 25 lästetal,

213 1107 57 19 ålder
289 1107 38 19 och
347 1107 159 23 hufvudredare,
525 1113 33 14 om
579 1107 77 19 timade
672 1107 117 25 sjöskador,
805 1107 102 19 huruvida
923 1107 38 19 far-

213 1145 65 22 tygen
295 1141 37 19 och
349 1140 101 27 sjöfolket
466 1141 64 19 under
546 1141 44 19 äret
606 1141 54 19 varit
676 1140 147 20 overksamma
842 1141 51 19 eller
908 1141 54 26 gjort

212 1181 58 13 resor
289 1175 56 19 inom
366 1175 51 19 eller
436 1177 55 17 utom
511 1171 114 29 Östersjön,
642 1175 22 19 sä
680 1175 40 19 ock
736 1181 32 13 om
785 1175 66 19 andra
865 1175 96 19 anmärk-

214 1208 126 27 ningsvärda
360 1208 186 27 omständigheter,
567 1208 85 20 hvarom
669 1208 37 20 allt
723 1208 95 20 bemälde
834 1208 127 26 Expedition

213 1249 51 18 eger
279 1249 74 19 genom
379 1242 110 20 utfärdade
512 1243 98 19 formulär
632 1242 52 20 eller
699 1243 126 20 annorledes
841 1242 122 21 bestämma.

424 1317 30 19 Om
470 1316 152 27 sjömanshusens
638 1316 112 21 inkomster.

554 1387 10 21 $
580 1385 33 20 26.

324 1429 163 27 Sjömanshusen
503 1430 60 19 skola
578 1430 88 25 åtnjuta:

282 1470 40 26 1:0)
338 1470 35 19 Ett
388 1470 63 26 årligt
466 1470 125 26 statsanslag
607 1470 22 19 af
644 1470 76 25 10,000
737 1469 67 20 finska
821 1469 70 25 mark;
