<?xml version="1.0" encoding="UTF-8"?>
<alto xmlns="http://www.loc.gov/standards/alto/ns-v3#" xmlns:xlink="http://www.w3.org/1999/xlink" xmlns:xsi="http://www.w3.org/2001/XMLSchema-instance" xsi:schemaLocation="http://www.loc.gov/standards/alto/ns-v3# http://www.loc.gov/alto/v3/alto-3-0.xsd">
	<Description>
		<MeasurementUnit>pixel</MeasurementUnit>
		<sourceImageInformation>
			<fileName>/tmp/tess_fdvq4_fl_input.PNG</fileName>
		</sourceImageInformation>
		<OCRProcessing ID="OCR_0">
			<ocrProcessingStep>
				<processingSoftware>
					<softwareName>tesseract 5.3.4</softwareName>
				</processingSoftware>
			</ocrProcessingStep>
		</OCRProcessing>
	</Description>
	<Layout>
		<Page WIDTH="1070" HEIGHT="1786" PHYSICAL_IMG_NR="0" ID="page_0">
			<PrintSpace HPOS="0" VPOS="0" WIDTH="1070" HEIGHT="1786">
				<ComposedBlock ID="cblock_0" HPOS="220" VPOS="132" WIDTH="35" HEIGHT="17">
					<TextBlock ID="block_0" HPOS="220" VPOS="132" WIDTH="35" HEIGHT="17">
						<TextLine ID="line_0" HPOS="220" VPOS="132" WIDTH="35" HEIGHT="17">
							<String ID="string_0" HPOS="220" VPOS="132" WIDTH="35" HEIGHT="17" WC="0.95" CONTENT="312"/>
						</TextLine>
					</TextBlock>
				</ComposedBlock>
				<ComposedBlock ID="cblock_1" HPOS="188" VPOS="193" WIDTH="753" HEIGHT="1283">
					<TextBlock ID="block_1" HPOS="188" VPOS="193" WIDTH="753" HEIGHT="902">
						<TextLine ID="line_1" HPOS="256" VPOS="193" WIDTH="682" HEIGHT="28">
							<String ID="string_1" HPOS="256" VPOS="193" WIDTH="28" HEIGHT="28" WC="0.89" CONTENT="Q)"/><SP WIDTH="18" VPOS="193" HPOS="284"/>
							<String ID="string_2" HPOS="302" VPOS="194" WIDTH="66" HEIGHT="26" WC="0.93" CONTENT="enligt"/><SP WIDTH="15" VPOS="194" HPOS="368"/>
							<String ID="string_3" HPOS="383" VPOS="196" WIDTH="10" HEIGHT="22" WC="0.88" CONTENT="$"/><SP WIDTH="19" VPOS="196" HPOS="393"/>
							<String ID="string_4" HPOS="412" VPOS="194" WIDTH="36" HEIGHT="19" WC="0.96" CONTENT="136"/><SP WIDTH="17" VPOS="194" HPOS="448"/>
							<String ID="string_5" HPOS="465" VPOS="193" WIDTH="37" HEIGHT="20" WC="0.96" CONTENT="bör"/><SP WIDTH="15" VPOS="193" HPOS="502"/>
							<String ID="string_6" HPOS="517" VPOS="193" WIDTH="28" HEIGHT="20" WC="0.96" CONTENT="all"/><SP WIDTH="16" VPOS="193" HPOS="545"/>
							<String ID="string_7" HPOS="561" VPOS="193" WIDTH="67" HEIGHT="20" WC="0.96" CONTENT="skada"/><SP WIDTH="15" VPOS="193" HPOS="628"/>
							<String ID="string_8" HPOS="643" VPOS="193" WIDTH="41" HEIGHT="20" WC="0.96" CONTENT="och"/><SP WIDTH="16" VPOS="193" HPOS="684"/>
							<String ID="string_9" HPOS="700" VPOS="194" WIDTH="96" HEIGHT="25" WC="0.93" CONTENT="kostnad,"/><SP WIDTH="16" VPOS="194" HPOS="796"/>
							<String ID="string_10" HPOS="812" VPOS="194" WIDTH="126" HEIGHT="20" WC="0.91" CONTENT="härrörande"/>
						</TextLine>
						<TextLine ID="line_2" HPOS="188" VPOS="227" WIDTH="750" HEIGHT="27">
							<String ID="string_11" HPOS="188" VPOS="229" WIDTH="61" HEIGHT="20" WC="0.96" CONTENT="deraf"/><SP WIDTH="14" VPOS="229" HPOS="249"/>
							<String ID="string_12" HPOS="263" VPOS="230" WIDTH="30" HEIGHT="17" WC="0.96" CONTENT="att"/><SP WIDTH="16" VPOS="230" HPOS="293"/>
							<String ID="string_13" HPOS="309" VPOS="228" WIDTH="69" HEIGHT="26" WC="0.96" CONTENT="fartyg"/><SP WIDTH="16" VPOS="228" HPOS="378"/>
							<String ID="string_14" HPOS="394" VPOS="228" WIDTH="30" HEIGHT="20" WC="0.96" CONTENT="för"/><SP WIDTH="16" VPOS="228" HPOS="424"/>
							<String ID="string_15" HPOS="440" VPOS="230" WIDTH="63" HEIGHT="17" WC="0.96" CONTENT="storm"/><SP WIDTH="16" VPOS="230" HPOS="503"/>
							<String ID="string_16" HPOS="519" VPOS="227" WIDTH="39" HEIGHT="20" WC="0.96" CONTENT="och"/><SP WIDTH="16" VPOS="227" HPOS="558"/>
							<String ID="string_17" HPOS="574" VPOS="227" WIDTH="78" HEIGHT="20" WC="0.96" CONTENT="oväder"/><SP WIDTH="16" VPOS="227" HPOS="652"/>
							<String ID="string_18" HPOS="668" VPOS="227" WIDTH="88" HEIGHT="26" WC="0.96" CONTENT="anlöper"/><SP WIDTH="16" VPOS="227" HPOS="756"/>
							<String ID="string_19" HPOS="772" VPOS="228" WIDTH="70" HEIGHT="23" WC="0.93" CONTENT="hamn,"/><SP WIDTH="12" VPOS="228" HPOS="842"/>
							<String ID="string_20" HPOS="854" VPOS="228" WIDTH="84" HEIGHT="19" WC="0.89" CONTENT="betrak-"/>
						</TextLine>
						<TextLine ID="line_3" HPOS="188" VPOS="261" WIDTH="750" HEIGHT="26">
							<String ID="string_21" HPOS="188" VPOS="265" WIDTH="32" HEIGHT="18" WC="0.95" CONTENT="tas"/><SP WIDTH="18" VPOS="265" HPOS="220"/>
							<String ID="string_22" HPOS="238" VPOS="263" WIDTH="69" HEIGHT="19" WC="0.92" CONTENT="såsom"/><SP WIDTH="21" VPOS="263" HPOS="307"/>
							<String ID="string_23" HPOS="328" VPOS="262" WIDTH="77" HEIGHT="20" WC="0.92" CONTENT="enskilt"/><SP WIDTH="19" VPOS="262" HPOS="405"/>
							<String ID="string_24" HPOS="424" VPOS="262" WIDTH="77" HEIGHT="25" WC="0.95" CONTENT="haveri,"/><SP WIDTH="19" VPOS="262" HPOS="501"/>
							<String ID="string_25" HPOS="520" VPOS="261" WIDTH="44" HEIGHT="20" WC="0.93" CONTENT="ifall"/><SP WIDTH="18" VPOS="261" HPOS="564"/>
							<String ID="string_26" HPOS="582" VPOS="261" WIDTH="154" HEIGHT="26" WC="0.91" CONTENT="belägenheten"/><SP WIDTH="17" VPOS="261" HPOS="736"/>
							<String ID="string_27" HPOS="753" VPOS="261" WIDTH="48" HEIGHT="20" WC="0.96" CONTENT="icke"/><SP WIDTH="15" VPOS="261" HPOS="801"/>
							<String ID="string_28" HPOS="816" VPOS="265" WIDTH="23" HEIGHT="16" WC="0.96" CONTENT="är"/><SP WIDTH="12" VPOS="265" HPOS="839"/>
							<String ID="string_29" HPOS="851" VPOS="261" WIDTH="22" HEIGHT="20" WC="0.96" CONTENT="så"/><SP WIDTH="11" VPOS="261" HPOS="873"/>
							<String ID="string_30" HPOS="884" VPOS="261" WIDTH="54" HEIGHT="26" WC="0.96" CONTENT="svår,"/>
						</TextLine>
						<TextLine ID="line_4" HPOS="188" VPOS="295" WIDTH="750" HEIGHT="26">
							<String ID="string_31" HPOS="188" VPOS="299" WIDTH="30" HEIGHT="17" WC="0.93" CONTENT="att"/><SP WIDTH="16" VPOS="299" HPOS="218"/>
							<String ID="string_32" HPOS="234" VPOS="296" WIDTH="179" HEIGHT="25" WC="0.85" CONTENT="tillflyktsplatsen"/><SP WIDTH="13" VPOS="296" HPOS="413"/>
							<String ID="string_33" HPOS="426" VPOS="296" WIDTH="40" HEIGHT="19" WC="0.96" CONTENT="kan"/><SP WIDTH="12" VPOS="296" HPOS="466"/>
							<String ID="string_34" HPOS="478" VPOS="295" WIDTH="69" HEIGHT="19" WC="0.92" CONTENT="såsom"/><SP WIDTH="16" VPOS="295" HPOS="547"/>
							<String ID="string_35" HPOS="563" VPOS="295" WIDTH="105" HEIGHT="19" WC="0.93" CONTENT="nödhamn"/><SP WIDTH="12" VPOS="295" HPOS="668"/>
							<String ID="string_36" HPOS="680" VPOS="301" WIDTH="68" HEIGHT="17" WC="0.95" CONTENT="anses."/><SP WIDTH="19" VPOS="301" HPOS="748"/>
							<String ID="string_37" HPOS="767" VPOS="295" WIDTH="97" HEIGHT="20" WC="0.95" CONTENT="Inträffar"/><SP WIDTH="11" VPOS="295" HPOS="864"/>
							<String ID="string_38" HPOS="875" VPOS="296" WIDTH="63" HEIGHT="24" WC="0.96" CONTENT="detta,"/>
						</TextLine>
						<TextLine ID="line_5" HPOS="189" VPOS="328" WIDTH="749" HEIGHT="26">
							<String ID="string_39" HPOS="189" VPOS="330" WIDTH="37" HEIGHT="20" WC="0.96" CONTENT="bör"/><SP WIDTH="17" VPOS="330" HPOS="226"/>
							<String ID="string_40" HPOS="243" VPOS="329" WIDTH="142" HEIGHT="20" WC="0.96" CONTENT="förhållandet"/><SP WIDTH="22" VPOS="329" HPOS="385"/>
							<String ID="string_41" HPOS="407" VPOS="329" WIDTH="96" HEIGHT="20" WC="0.96" CONTENT="hänföras"/><SP WIDTH="23" VPOS="329" HPOS="503"/>
							<String ID="string_42" HPOS="526" VPOS="329" WIDTH="65" HEIGHT="19" WC="0.93" CONTENT="under"/><SP WIDTH="23" VPOS="329" HPOS="591"/>
							<String ID="string_43" HPOS="614" VPOS="328" WIDTH="185" HEIGHT="26" WC="0.92" CONTENT="bestämningarne"/><SP WIDTH="20" VPOS="328" HPOS="799"/>
							<String ID="string_44" HPOS="819" VPOS="329" WIDTH="6" HEIGHT="19" WC="0.96" CONTENT="i"/><SP WIDTH="20" VPOS="329" HPOS="825"/>
							<String ID="string_45" HPOS="845" VPOS="330" WIDTH="11" HEIGHT="18" WC="0.96" CONTENT="3"/><SP WIDTH="21" VPOS="330" HPOS="856"/>
							<String ID="string_46" HPOS="877" VPOS="335" WIDTH="61" HEIGHT="14" WC="0.96" CONTENT="mom."/>
						</TextLine>
						<TextLine ID="line_6" HPOS="188" VPOS="362" WIDTH="752" HEIGHT="26">
							<String ID="string_47" HPOS="188" VPOS="364" WIDTH="24" HEIGHT="20" WC="0.96" CONTENT="af"/><SP WIDTH="14" VPOS="364" HPOS="212"/>
							<String ID="string_48" HPOS="226" VPOS="364" WIDTH="39" HEIGHT="19" WC="0.93" CONTENT="133"/><SP WIDTH="17" VPOS="364" HPOS="265"/>
							<String ID="string_49" HPOS="282" VPOS="366" WIDTH="10" HEIGHT="21" WC="0.91" CONTENT="$"/><SP WIDTH="17" VPOS="366" HPOS="292"/>
							<String ID="string_50" HPOS="309" VPOS="366" WIDTH="52" HEIGHT="16" WC="0.96" CONTENT="samt"/><SP WIDTH="15" VPOS="366" HPOS="361"/>
							<String ID="string_51" HPOS="376" VPOS="363" WIDTH="80" HEIGHT="19" WC="0.96" CONTENT="skadan"/><SP WIDTH="16" VPOS="363" HPOS="456"/>
							<String ID="string_52" HPOS="472" VPOS="362" WIDTH="39" HEIGHT="20" WC="0.96" CONTENT="och"/><SP WIDTH="16" VPOS="362" HPOS="511"/>
							<String ID="string_53" HPOS="527" VPOS="362" WIDTH="118" HEIGHT="20" WC="0.96" CONTENT="kostnaden"/><SP WIDTH="21" VPOS="362" HPOS="645"/>
							<String ID="string_54" HPOS="666" VPOS="362" WIDTH="105" HEIGHT="20" WC="0.96" CONTENT="beräknas"/><SP WIDTH="15" VPOS="362" HPOS="771"/>
							<String ID="string_55" HPOS="786" VPOS="363" WIDTH="6" HEIGHT="19" WC="0.96" CONTENT="i"/><SP WIDTH="17" VPOS="363" HPOS="792"/>
							<String ID="string_56" HPOS="809" VPOS="366" WIDTH="131" HEIGHT="22" WC="0.96" CONTENT="gemensamt"/>
						</TextLine>
						<TextLine ID="line_7" HPOS="189" VPOS="396" WIDTH="749" HEIGHT="26">
							<String ID="string_57" HPOS="189" VPOS="398" WIDTH="79" HEIGHT="20" WC="0.92" CONTENT="haveri."/><SP WIDTH="31" VPOS="398" HPOS="268"/>
							<String ID="string_58" HPOS="299" VPOS="397" WIDTH="8" HEIGHT="19" WC="0.96" CONTENT="I"/><SP WIDTH="17" VPOS="397" HPOS="307"/>
							<String ID="string_59" HPOS="324" VPOS="397" WIDTH="11" HEIGHT="19" WC="0.96" CONTENT="6"/><SP WIDTH="17" VPOS="397" HPOS="335"/>
							<String ID="string_60" HPOS="352" VPOS="403" WIDTH="62" HEIGHT="13" WC="0.96" CONTENT="mom."/><SP WIDTH="16" VPOS="403" HPOS="414"/>
							<String ID="string_61" HPOS="430" VPOS="397" WIDTH="23" HEIGHT="19" WC="0.96" CONTENT="af"/><SP WIDTH="12" VPOS="397" HPOS="453"/>
							<String ID="string_62" HPOS="465" VPOS="396" WIDTH="130" HEIGHT="20" WC="0.93" CONTENT="sistnämnda"/><SP WIDTH="15" VPOS="396" HPOS="595"/>
							<String ID="string_63" HPOS="610" VPOS="398" WIDTH="17" HEIGHT="23" WC="0.92" CONTENT="$,"/><SP WIDTH="17" VPOS="398" HPOS="627"/>
							<String ID="string_64" HPOS="644" VPOS="402" WIDTH="44" HEIGHT="14" WC="0.92" CONTENT="som"/><SP WIDTH="22" VPOS="402" HPOS="688"/>
							<String ID="string_65" HPOS="710" VPOS="397" WIDTH="148" HEIGHT="25" WC="0.92" CONTENT="urspungligen"/><SP WIDTH="17" VPOS="397" HPOS="858"/>
							<String ID="string_66" HPOS="875" VPOS="398" WIDTH="63" HEIGHT="19" WC="0.91" CONTENT="hand-"/>
						</TextLine>
						<TextLine ID="line_8" HPOS="190" VPOS="430" WIDTH="748" HEIGHT="27">
							<String ID="string_67" HPOS="190" VPOS="433" WIDTH="29" HEIGHT="19" WC="0.96" CONTENT="lat"/><SP WIDTH="18" VPOS="433" HPOS="219"/>
							<String ID="string_68" HPOS="237" VPOS="432" WIDTH="75" HEIGHT="19" WC="0.96" CONTENT="endast"/><SP WIDTH="19" VPOS="432" HPOS="312"/>
							<String ID="string_69" HPOS="331" VPOS="437" WIDTH="33" HEIGHT="13" WC="0.93" CONTENT="om"/><SP WIDTH="23" VPOS="437" HPOS="364"/>
							<String ID="string_70" HPOS="387" VPOS="431" WIDTH="80" HEIGHT="26" WC="0.90" CONTENT="isgäng,"/><SP WIDTH="17" VPOS="431" HPOS="467"/>
							<String ID="string_71" HPOS="484" VPOS="430" WIDTH="111" HEIGHT="26" WC="0.92" CONTENT="uppgifves"/><SP WIDTH="15" VPOS="430" HPOS="595"/>
							<String ID="string_72" HPOS="610" VPOS="430" WIDTH="102" HEIGHT="26" WC="0.92" CONTENT="derjemte"/><SP WIDTH="16" VPOS="430" HPOS="712"/>
							<String ID="string_73" HPOS="728" VPOS="430" WIDTH="89" HEIGHT="20" WC="0.67" CONTENT="”storm”"/><SP WIDTH="17" VPOS="430" HPOS="817"/>
							<String ID="string_74" HPOS="834" VPOS="431" WIDTH="57" HEIGHT="25" WC="0.93" CONTENT="eller,"/><SP WIDTH="17" VPOS="431" HPOS="891"/>
							<String ID="string_75" HPOS="908" VPOS="431" WIDTH="30" HEIGHT="19" WC="0.92" CONTENT="så-"/>
						</TextLine>
						<TextLine ID="line_9" HPOS="190" VPOS="464" WIDTH="748" HEIGHT="26">
							<String ID="string_76" HPOS="190" VPOS="472" WIDTH="44" HEIGHT="14" WC="0.96" CONTENT="som"/><SP WIDTH="20" VPOS="472" HPOS="234"/>
							<String ID="string_77" HPOS="254" VPOS="465" WIDTH="58" HEIGHT="20" WC="0.96" CONTENT="ordet"/><SP WIDTH="20" VPOS="465" HPOS="312"/>
							<String ID="string_78" HPOS="332" VPOS="464" WIDTH="30" HEIGHT="20" WC="0.96" CONTENT="till"/><SP WIDTH="20" VPOS="464" HPOS="362"/>
							<String ID="string_79" HPOS="382" VPOS="464" WIDTH="50" HEIGHT="26" WC="0.96" CONTENT="följd"/><SP WIDTH="20" VPOS="464" HPOS="432"/>
							<String ID="string_80" HPOS="452" VPOS="465" WIDTH="22" HEIGHT="19" WC="0.96" CONTENT="af"/><SP WIDTH="13" VPOS="465" HPOS="474"/>
							<String ID="string_81" HPOS="487" VPOS="466" WIDTH="30" HEIGHT="18" WC="0.96" CONTENT="ett"/><SP WIDTH="15" VPOS="466" HPOS="517"/>
							<String ID="string_82" HPOS="532" VPOS="464" WIDTH="120" HEIGHT="20" WC="0.93" CONTENT="sedermera"/><SP WIDTH="20" VPOS="464" HPOS="652"/>
							<String ID="string_83" HPOS="672" VPOS="464" WIDTH="78" HEIGHT="20" WC="0.92" CONTENT="rättadt"/><SP WIDTH="15" VPOS="464" HPOS="750"/>
							<String ID="string_84" HPOS="765" VPOS="464" WIDTH="89" HEIGHT="26" WC="0.96" CONTENT="tryckfel"/><SP WIDTH="17" VPOS="464" HPOS="854"/>
							<String ID="string_85" HPOS="871" VPOS="466" WIDTH="7" HEIGHT="18" WC="0.93" CONTENT="i"/><SP WIDTH="16" VPOS="466" HPOS="878"/>
							<String ID="string_86" HPOS="894" VPOS="468" WIDTH="44" HEIGHT="17" WC="0.92" CONTENT="tex-"/>
						</TextLine>
						<TextLine ID="line_10" HPOS="190" VPOS="498" WIDTH="748" HEIGHT="27">
							<String ID="string_87" HPOS="190" VPOS="502" WIDTH="34" HEIGHT="18" WC="0.96" CONTENT="ten"/><SP WIDTH="20" VPOS="502" HPOS="224"/>
							<String ID="string_88" HPOS="244" VPOS="499" WIDTH="61" HEIGHT="26" WC="0.93" CONTENT="lyder"/><SP WIDTH="20" VPOS="499" HPOS="305"/>
							<String ID="string_89" HPOS="325" VPOS="498" WIDTH="97" HEIGHT="26" WC="0.49" CONTENT="”ström”,"/><SP WIDTH="18" VPOS="498" HPOS="422"/>
							<String ID="string_90" HPOS="440" VPOS="499" WIDTH="78" HEIGHT="25" WC="0.92" CONTENT="jemväl"/><SP WIDTH="21" VPOS="499" HPOS="518"/>
							<String ID="string_91" HPOS="539" VPOS="504" WIDTH="49" HEIGHT="14" WC="0.96" CONTENT="vara"/><SP WIDTH="19" VPOS="504" HPOS="588"/>
							<String ID="string_92" HPOS="607" VPOS="504" WIDTH="25" HEIGHT="14" WC="0.96" CONTENT="en"/><SP WIDTH="20" VPOS="504" HPOS="632"/>
							<String ID="string_93" HPOS="652" VPOS="498" WIDTH="66" HEIGHT="26" WC="0.96" CONTENT="grund"/><SP WIDTH="20" VPOS="498" HPOS="718"/>
							<String ID="string_94" HPOS="738" VPOS="498" WIDTH="31" HEIGHT="20" WC="0.93" CONTENT="för"/><SP WIDTH="15" VPOS="498" HPOS="769"/>
							<String ID="string_95" HPOS="784" VPOS="498" WIDTH="154" HEIGHT="27" WC="0.92" CONTENT="befogenheten"/>
						</TextLine>
						<TextLine ID="line_11" HPOS="190" VPOS="532" WIDTH="748" HEIGHT="26">
							<String ID="string_96" HPOS="190" VPOS="535" WIDTH="30" HEIGHT="19" WC="0.96" CONTENT="att"/><SP WIDTH="15" VPOS="535" HPOS="220"/>
							<String ID="string_97" HPOS="235" VPOS="532" WIDTH="89" HEIGHT="20" WC="0.96" CONTENT="hänföra"/><SP WIDTH="14" VPOS="532" HPOS="324"/>
							<String ID="string_98" HPOS="338" VPOS="532" WIDTH="75" HEIGHT="26" WC="0.96" CONTENT="gjorda"/><SP WIDTH="15" VPOS="532" HPOS="413"/>
							<String ID="string_99" HPOS="428" VPOS="532" WIDTH="149" HEIGHT="20" WC="0.96" CONTENT="omkostnader"/><SP WIDTH="15" VPOS="532" HPOS="577"/>
							<String ID="string_100" HPOS="592" VPOS="532" WIDTH="31" HEIGHT="19" WC="0.96" CONTENT="till"/><SP WIDTH="16" VPOS="532" HPOS="623"/>
							<String ID="string_101" HPOS="639" VPOS="534" WIDTH="133" HEIGHT="24" WC="0.96" CONTENT="gemensamt"/><SP WIDTH="15" VPOS="534" HPOS="772"/>
							<String ID="string_102" HPOS="787" VPOS="532" WIDTH="78" HEIGHT="20" WC="0.91" CONTENT="haveri."/><SP WIDTH="26" VPOS="532" HPOS="865"/>
							<String ID="string_103" HPOS="891" VPOS="533" WIDTH="47" HEIGHT="19" WC="0.96" CONTENT="Man"/>
						</TextLine>
						<TextLine ID="line_12" HPOS="190" VPOS="567" WIDTH="748" HEIGHT="26">
							<String ID="string_104" HPOS="190" VPOS="569" WIDTH="38" HEIGHT="19" WC="0.93" CONTENT="har"/><SP WIDTH="16" VPOS="569" HPOS="228"/>
							<String ID="string_105" HPOS="244" VPOS="567" WIDTH="147" HEIGHT="26" WC="0.91" CONTENT="följakteligen"/><SP WIDTH="19" VPOS="567" HPOS="391"/>
							<String ID="string_106" HPOS="410" VPOS="569" WIDTH="31" HEIGHT="17" WC="0.95" CONTENT="tre"/><SP WIDTH="18" VPOS="569" HPOS="441"/>
							<String ID="string_107" HPOS="459" VPOS="567" WIDTH="120" HEIGHT="26" WC="0.96" CONTENT="kategorier"/><SP WIDTH="15" VPOS="567" HPOS="579"/>
							<String ID="string_108" HPOS="594" VPOS="567" WIDTH="22" HEIGHT="19" WC="0.96" CONTENT="af"/><SP WIDTH="14" VPOS="567" HPOS="616"/>
							<String ID="string_109" HPOS="630" VPOS="567" WIDTH="86" HEIGHT="25" WC="0.96" CONTENT="oväder,"/><SP WIDTH="16" VPOS="567" HPOS="716"/>
							<String ID="string_110" HPOS="732" VPOS="567" WIDTH="21" HEIGHT="19" WC="0.96" CONTENT="af"/><SP WIDTH="15" VPOS="567" HPOS="753"/>
							<String ID="string_111" HPOS="768" VPOS="567" WIDTH="72" HEIGHT="20" WC="0.96" CONTENT="hvilka"/><SP WIDTH="16" VPOS="567" HPOS="840"/>
							<String ID="string_112" HPOS="856" VPOS="574" WIDTH="26" HEIGHT="13" WC="0.92" CONTENT="en"/><SP WIDTH="16" VPOS="574" HPOS="882"/>
							<String ID="string_113" HPOS="898" VPOS="567" WIDTH="40" HEIGHT="20" WC="0.92" CONTENT="för-"/>
						</TextLine>
						<TextLine ID="line_13" HPOS="190" VPOS="600" WIDTH="749" HEIGHT="27">
							<String ID="string_114" HPOS="190" VPOS="601" WIDTH="87" HEIGHT="21" WC="0.91" CONTENT="anleder"/><SP WIDTH="16" VPOS="601" HPOS="277"/>
							<String ID="string_115" HPOS="293" VPOS="600" WIDTH="77" HEIGHT="20" WC="0.96" CONTENT="enskilt"/><SP WIDTH="16" VPOS="600" HPOS="370"/>
							<String ID="string_116" HPOS="386" VPOS="600" WIDTH="37" HEIGHT="20" WC="0.96" CONTENT="och"/><SP WIDTH="17" VPOS="600" HPOS="423"/>
							<String ID="string_117" HPOS="440" VPOS="600" WIDTH="35" HEIGHT="20" WC="0.96" CONTENT="två"/><SP WIDTH="14" VPOS="600" HPOS="475"/>
							<String ID="string_118" HPOS="489" VPOS="602" WIDTH="132" HEIGHT="24" WC="0.96" CONTENT="gemensamt"/><SP WIDTH="15" VPOS="602" HPOS="621"/>
							<String ID="string_119" HPOS="636" VPOS="600" WIDTH="80" HEIGHT="20" WC="0.94" CONTENT="haveri."/><SP WIDTH="30" VPOS="600" HPOS="716"/>
							<String ID="string_120" HPOS="746" VPOS="600" WIDTH="62" HEIGHT="20" WC="0.95" CONTENT="Detta"/><SP WIDTH="16" VPOS="600" HPOS="808"/>
							<String ID="string_121" HPOS="824" VPOS="600" WIDTH="65" HEIGHT="20" WC="0.93" CONTENT="måste"/><SP WIDTH="14" VPOS="600" HPOS="889"/>
							<String ID="string_122" HPOS="903" VPOS="604" WIDTH="36" HEIGHT="23" WC="0.88" CONTENT="gö-"/>
						</TextLine>
						<TextLine ID="line_14" HPOS="190" VPOS="634" WIDTH="749" HEIGHT="21">
							<String ID="string_123" HPOS="190" VPOS="642" WIDTH="23" HEIGHT="13" WC="0.94" CONTENT="ra"/><SP WIDTH="15" VPOS="642" HPOS="213"/>
							<String ID="string_124" HPOS="228" VPOS="636" WIDTH="40" HEIGHT="18" WC="0.95" CONTENT="den"/><SP WIDTH="17" VPOS="636" HPOS="268"/>
							<String ID="string_125" HPOS="285" VPOS="635" WIDTH="61" HEIGHT="19" WC="0.95" CONTENT="äfven"/><SP WIDTH="16" VPOS="635" HPOS="346"/>
							<String ID="string_126" HPOS="362" VPOS="641" WIDTH="76" HEIGHT="13" WC="0.95" CONTENT="annars"/><SP WIDTH="15" VPOS="641" HPOS="438"/>
							<String ID="string_127" HPOS="453" VPOS="634" WIDTH="126" HEIGHT="21" WC="0.96" CONTENT="invecklade"/><SP WIDTH="18" VPOS="634" HPOS="579"/>
							<String ID="string_128" HPOS="597" VPOS="634" WIDTH="58" HEIGHT="20" WC="0.96" CONTENT="läran"/><SP WIDTH="18" VPOS="634" HPOS="655"/>
							<String ID="string_129" HPOS="673" VPOS="640" WIDTH="33" HEIGHT="14" WC="0.96" CONTENT="om"/><SP WIDTH="17" VPOS="640" HPOS="706"/>
							<String ID="string_130" HPOS="723" VPOS="634" WIDTH="71" HEIGHT="20" WC="0.96" CONTENT="haveri"/><SP WIDTH="16" VPOS="634" HPOS="794"/>
							<String ID="string_131" HPOS="810" VPOS="637" WIDTH="55" HEIGHT="17" WC="0.96" CONTENT="ännu"/><SP WIDTH="17" VPOS="637" HPOS="865"/>
							<String ID="string_132" HPOS="882" VPOS="641" WIDTH="57" HEIGHT="13" WC="0.96" CONTENT="mera"/>
						</TextLine>
						<TextLine ID="line_15" HPOS="190" VPOS="668" WIDTH="748" HEIGHT="27">
							<String ID="string_133" HPOS="190" VPOS="669" WIDTH="82" HEIGHT="26" WC="0.96" CONTENT="otydlig"/><SP WIDTH="17" VPOS="669" HPOS="272"/>
							<String ID="string_134" HPOS="289" VPOS="668" WIDTH="39" HEIGHT="20" WC="0.93" CONTENT="och"/><SP WIDTH="15" VPOS="668" HPOS="328"/>
							<String ID="string_135" HPOS="343" VPOS="668" WIDTH="122" HEIGHT="26" WC="0.92" CONTENT="sväfvande,"/><SP WIDTH="16" VPOS="668" HPOS="465"/>
							<String ID="string_136" HPOS="481" VPOS="669" WIDTH="38" HEIGHT="19" WC="0.96" CONTENT="och"/><SP WIDTH="24" VPOS="669" HPOS="519"/>
							<String ID="string_137" HPOS="543" VPOS="668" WIDTH="63" HEIGHT="20" WC="0.95" CONTENT="bland"/><SP WIDTH="24" VPOS="668" HPOS="606"/>
							<String ID="string_138" HPOS="630" VPOS="670" WIDTH="65" HEIGHT="18" WC="0.96" CONTENT="annat"/><SP WIDTH="23" VPOS="670" HPOS="695"/>
							<String ID="string_139" HPOS="718" VPOS="674" WIDTH="62" HEIGHT="20" WC="0.96" CONTENT="synes"/><SP WIDTH="17" VPOS="674" HPOS="780"/>
							<String ID="string_140" HPOS="797" VPOS="669" WIDTH="36" HEIGHT="19" WC="0.96" CONTENT="det"/><SP WIDTH="14" VPOS="669" HPOS="833"/>
							<String ID="string_141" HPOS="847" VPOS="675" WIDTH="50" HEIGHT="13" WC="0.96" CONTENT="vara"/><SP WIDTH="16" VPOS="675" HPOS="897"/>
							<String ID="string_142" HPOS="913" VPOS="676" WIDTH="25" HEIGHT="12" WC="0.96" CONTENT="en"/>
						</TextLine>
						<TextLine ID="line_16" HPOS="191" VPOS="702" WIDTH="747" HEIGHT="26">
							<String ID="string_143" HPOS="191" VPOS="703" WIDTH="73" HEIGHT="25" WC="0.96" CONTENT="möjlig"/><SP WIDTH="16" VPOS="703" HPOS="264"/>
							<String ID="string_144" HPOS="280" VPOS="702" WIDTH="51" HEIGHT="26" WC="0.96" CONTENT="följd"/><SP WIDTH="17" VPOS="702" HPOS="331"/>
							<String ID="string_145" HPOS="348" VPOS="702" WIDTH="65" HEIGHT="26" WC="0.95" CONTENT="deraf,"/><SP WIDTH="16" VPOS="702" HPOS="413"/>
							<String ID="string_146" HPOS="429" VPOS="704" WIDTH="30" HEIGHT="18" WC="0.96" CONTENT="att"/><SP WIDTH="14" VPOS="704" HPOS="459"/>
							<String ID="string_147" HPOS="473" VPOS="703" WIDTH="72" HEIGHT="25" WC="0.95" CONTENT="hvarje"/><SP WIDTH="16" VPOS="703" HPOS="545"/>
							<String ID="string_148" HPOS="561" VPOS="702" WIDTH="90" HEIGHT="20" WC="0.96" CONTENT="kostnad"/><SP WIDTH="19" VPOS="702" HPOS="651"/>
							<String ID="string_149" HPOS="670" VPOS="702" WIDTH="32" HEIGHT="20" WC="0.96" CONTENT="för"/><SP WIDTH="19" VPOS="702" HPOS="702"/>
							<String ID="string_150" HPOS="721" VPOS="702" WIDTH="84" HEIGHT="26" WC="0.96" CONTENT="oväder,"/><SP WIDTH="20" VPOS="702" HPOS="805"/>
							<String ID="string_151" HPOS="825" VPOS="709" WIDTH="44" HEIGHT="13" WC="0.95" CONTENT="som"/><SP WIDTH="22" VPOS="709" HPOS="869"/>
							<String ID="string_152" HPOS="891" VPOS="703" WIDTH="47" HEIGHT="19" WC="0.95" CONTENT="icke"/>
						</TextLine>
						<TextLine ID="line_17" HPOS="190" VPOS="736" WIDTH="749" HEIGHT="27">
							<String ID="string_153" HPOS="190" VPOS="740" WIDTH="23" HEIGHT="16" WC="0.95" CONTENT="är"/><SP WIDTH="15" VPOS="740" HPOS="213"/>
							<String ID="string_154" HPOS="228" VPOS="737" WIDTH="24" HEIGHT="19" WC="0.93" CONTENT="af"/><SP WIDTH="13" VPOS="737" HPOS="252"/>
							<String ID="string_155" HPOS="265" VPOS="736" WIDTH="123" HEIGHT="26" WC="0.91" CONTENT="lindrigaste"/><SP WIDTH="16" VPOS="736" HPOS="388"/>
							<String ID="string_156" HPOS="404" VPOS="738" WIDTH="38" HEIGHT="22" WC="0.95" CONTENT="art,"/><SP WIDTH="15" VPOS="738" HPOS="442"/>
							<String ID="string_157" HPOS="457" VPOS="737" WIDTH="68" HEIGHT="19" WC="0.95" CONTENT="skulle"/><SP WIDTH="16" VPOS="737" HPOS="525"/>
							<String ID="string_158" HPOS="541" VPOS="737" WIDTH="85" HEIGHT="19" WC="0.96" CONTENT="komma"/><SP WIDTH="15" VPOS="737" HPOS="626"/>
							<String ID="string_159" HPOS="641" VPOS="739" WIDTH="30" HEIGHT="17" WC="0.96" CONTENT="att"/><SP WIDTH="15" VPOS="739" HPOS="671"/>
							<String ID="string_160" HPOS="686" VPOS="736" WIDTH="99" HEIGHT="20" WC="0.95" CONTENT="hänföras"/><SP WIDTH="20" VPOS="736" HPOS="785"/>
							<String ID="string_161" HPOS="805" VPOS="737" WIDTH="31" HEIGHT="19" WC="0.92" CONTENT="till"/><SP WIDTH="19" VPOS="737" HPOS="836"/>
							<String ID="string_162" HPOS="855" VPOS="743" WIDTH="84" HEIGHT="20" WC="0.90" CONTENT="gemen-"/>
						</TextLine>
						<TextLine ID="line_18" HPOS="191" VPOS="770" WIDTH="749" HEIGHT="26">
							<String ID="string_163" HPOS="191" VPOS="773" WIDTH="54" HEIGHT="17" WC="0.96" CONTENT="samt"/><SP WIDTH="15" VPOS="773" HPOS="245"/>
							<String ID="string_164" HPOS="260" VPOS="770" WIDTH="78" HEIGHT="20" WC="0.96" CONTENT="haveri."/><SP WIDTH="31" VPOS="770" HPOS="338"/>
							<String ID="string_165" HPOS="369" VPOS="770" WIDTH="43" HEIGHT="20" WC="0.96" CONTENT="Vill"/><SP WIDTH="16" VPOS="770" HPOS="412"/>
							<String ID="string_166" HPOS="428" VPOS="777" WIDTH="46" HEIGHT="13" WC="0.96" CONTENT="man"/><SP WIDTH="17" VPOS="777" HPOS="474"/>
							<String ID="string_167" HPOS="491" VPOS="770" WIDTH="44" HEIGHT="20" WC="0.96" CONTENT="åter"/><SP WIDTH="15" VPOS="770" HPOS="535"/>
							<String ID="string_168" HPOS="550" VPOS="777" WIDTH="50" HEIGHT="13" WC="0.96" CONTENT="anse"/><SP WIDTH="16" VPOS="777" HPOS="600"/>
							<String ID="string_169" HPOS="616" VPOS="772" WIDTH="30" HEIGHT="18" WC="0.96" CONTENT="att"/><SP WIDTH="15" VPOS="772" HPOS="646"/>
							<String ID="string_170" HPOS="661" VPOS="773" WIDTH="91" HEIGHT="17" WC="0.96" CONTENT="stormen"/><SP WIDTH="17" VPOS="773" HPOS="752"/>
							<String ID="string_171" HPOS="769" VPOS="770" WIDTH="66" HEIGHT="26" WC="0.96" CONTENT="enligt"/><SP WIDTH="15" VPOS="770" HPOS="835"/>
							<String ID="string_172" HPOS="850" VPOS="770" WIDTH="90" HEIGHT="20" WC="0.96" CONTENT="berörda"/>
						</TextLine>
						<TextLine ID="line_19" HPOS="192" VPOS="804" WIDTH="746" HEIGHT="27">
							<String ID="string_173" HPOS="192" VPOS="805" WIDTH="32" HEIGHT="19" WC="0.89" CONTENT="6:e"/><SP WIDTH="17" VPOS="805" HPOS="224"/>
							<String ID="string_174" HPOS="241" VPOS="807" WIDTH="91" HEIGHT="17" WC="0.96" CONTENT="moment"/><SP WIDTH="17" VPOS="807" HPOS="332"/>
							<String ID="string_175" HPOS="349" VPOS="804" WIDTH="131" HEIGHT="20" WC="0.95" CONTENT="uteslutande"/><SP WIDTH="17" VPOS="804" HPOS="480"/>
							<String ID="string_176" HPOS="497" VPOS="804" WIDTH="36" HEIGHT="20" WC="0.96" CONTENT="bör"/><SP WIDTH="16" VPOS="804" HPOS="533"/>
							<String ID="string_177" HPOS="549" VPOS="804" WIDTH="135" HEIGHT="20" WC="0.96" CONTENT="kombineras"/><SP WIDTH="16" VPOS="804" HPOS="684"/>
							<String ID="string_178" HPOS="700" VPOS="804" WIDTH="48" HEIGHT="20" WC="0.93" CONTENT="med"/><SP WIDTH="16" VPOS="804" HPOS="748"/>
							<String ID="string_179" HPOS="764" VPOS="805" WIDTH="81" HEIGHT="26" WC="0.91" CONTENT="isgång,"/><SP WIDTH="14" VPOS="805" HPOS="845"/>
							<String ID="string_180" HPOS="859" VPOS="805" WIDTH="23" HEIGHT="19" WC="0.91" CONTENT="så"/><SP WIDTH="11" VPOS="805" HPOS="882"/>
							<String ID="string_181" HPOS="893" VPOS="805" WIDTH="45" HEIGHT="20" WC="0.91" CONTENT="blif-"/>
						</TextLine>
						<TextLine ID="line_20" HPOS="191" VPOS="838" WIDTH="747" HEIGHT="26">
							<String ID="string_182" HPOS="191" VPOS="845" WIDTH="37" HEIGHT="13" WC="0.93" CONTENT="ver"/><SP WIDTH="15" VPOS="845" HPOS="228"/>
							<String ID="string_183" HPOS="243" VPOS="839" WIDTH="123" HEIGHT="25" WC="0.92" CONTENT="derigenom"/><SP WIDTH="16" VPOS="839" HPOS="366"/>
							<String ID="string_184" HPOS="382" VPOS="845" WIDTH="26" HEIGHT="13" WC="0.96" CONTENT="en"/><SP WIDTH="16" VPOS="845" HPOS="408"/>
							<String ID="string_185" HPOS="424" VPOS="845" WIDTH="68" HEIGHT="13" WC="0.93" CONTENT="annan"/><SP WIDTH="18" VPOS="845" HPOS="492"/>
							<String ID="string_186" HPOS="510" VPOS="838" WIDTH="139" HEIGHT="26" WC="0.91" CONTENT="misstydning"/><SP WIDTH="15" VPOS="838" HPOS="649"/>
							<String ID="string_187" HPOS="664" VPOS="838" WIDTH="98" HEIGHT="26" WC="0.93" CONTENT="tänkbar,"/><SP WIDTH="16" VPOS="838" HPOS="762"/>
							<String ID="string_188" HPOS="778" VPOS="838" WIDTH="104" HEIGHT="26" WC="0.91" CONTENT="nemligen"/><SP WIDTH="17" VPOS="838" HPOS="882"/>
							<String ID="string_189" HPOS="899" VPOS="839" WIDTH="39" HEIGHT="19" WC="0.96" CONTENT="den"/>
						</TextLine>
						<TextLine ID="line_21" HPOS="191" VPOS="872" WIDTH="747" HEIGHT="26">
							<String ID="string_190" HPOS="191" VPOS="875" WIDTH="31" HEIGHT="17" WC="0.96" CONTENT="att"/><SP WIDTH="14" VPOS="875" HPOS="222"/>
							<String ID="string_191" HPOS="236" VPOS="873" WIDTH="81" HEIGHT="19" WC="0.96" CONTENT="arbetet"/><SP WIDTH="15" VPOS="873" HPOS="317"/>
							<String ID="string_192" HPOS="332" VPOS="872" WIDTH="32" HEIGHT="20" WC="0.96" CONTENT="för"/><SP WIDTH="15" VPOS="872" HPOS="364"/>
							<String ID="string_193" HPOS="379" VPOS="872" WIDTH="131" HEIGHT="26" WC="0.96" CONTENT="räddningen"/><SP WIDTH="17" VPOS="872" HPOS="510"/>
							<String ID="string_194" HPOS="527" VPOS="872" WIDTH="23" HEIGHT="20" WC="0.96" CONTENT="af"/><SP WIDTH="13" VPOS="872" HPOS="550"/>
							<String ID="string_195" HPOS="563" VPOS="874" WIDTH="30" HEIGHT="18" WC="0.93" CONTENT="ett"/><SP WIDTH="14" VPOS="874" HPOS="593"/>
							<String ID="string_196" HPOS="607" VPOS="872" WIDTH="89" HEIGHT="19" WC="0.91" CONTENT="infruset"/><SP WIDTH="16" VPOS="872" HPOS="696"/>
							<String ID="string_197" HPOS="712" VPOS="872" WIDTH="69" HEIGHT="26" WC="0.96" CONTENT="fartyg"/><SP WIDTH="10" VPOS="872" HPOS="781"/>
							<String ID="string_198" HPOS="791" VPOS="872" WIDTH="48" HEIGHT="20" WC="0.96" CONTENT="icke"/><SP WIDTH="11" VPOS="872" HPOS="839"/>
							<String ID="string_199" HPOS="850" VPOS="872" WIDTH="32" HEIGHT="20" WC="0.92" CONTENT="får"/><SP WIDTH="10" VPOS="872" HPOS="882"/>
							<String ID="string_200" HPOS="892" VPOS="872" WIDTH="46" HEIGHT="20" WC="0.91" CONTENT="räk-"/>
						</TextLine>
						<TextLine ID="line_22" HPOS="192" VPOS="905" WIDTH="747" HEIGHT="27">
							<String ID="string_201" HPOS="192" VPOS="912" WIDTH="37" HEIGHT="13" WC="0.95" CONTENT="nas"/><SP WIDTH="20" VPOS="912" HPOS="229"/>
							<String ID="string_202" HPOS="249" VPOS="906" WIDTH="30" HEIGHT="19" WC="0.96" CONTENT="till"/><SP WIDTH="21" VPOS="906" HPOS="279"/>
							<String ID="string_203" HPOS="300" VPOS="908" WIDTH="131" HEIGHT="24" WC="0.95" CONTENT="gemensamt"/><SP WIDTH="20" VPOS="908" HPOS="431"/>
							<String ID="string_204" HPOS="451" VPOS="906" WIDTH="76" HEIGHT="24" WC="0.95" CONTENT="haveri,"/><SP WIDTH="19" VPOS="906" HPOS="527"/>
							<String ID="string_205" HPOS="546" VPOS="912" WIDTH="34" HEIGHT="13" WC="0.96" CONTENT="om"/><SP WIDTH="20" VPOS="912" HPOS="580"/>
							<String ID="string_206" HPOS="600" VPOS="912" WIDTH="47" HEIGHT="13" WC="0.96" CONTENT="man"/><SP WIDTH="23" VPOS="912" HPOS="647"/>
							<String ID="string_207" HPOS="670" VPOS="905" WIDTH="48" HEIGHT="20" WC="0.93" CONTENT="icke"/><SP WIDTH="21" VPOS="905" HPOS="718"/>
							<String ID="string_208" HPOS="739" VPOS="905" WIDTH="82" HEIGHT="20" WC="0.92" CONTENT="afbidar"/><SP WIDTH="20" VPOS="905" HPOS="821"/>
							<String ID="string_209" HPOS="841" VPOS="906" WIDTH="40" HEIGHT="19" WC="0.96" CONTENT="den"/><SP WIDTH="22" VPOS="906" HPOS="881"/>
							<String ID="string_210" HPOS="903" VPOS="906" WIDTH="36" HEIGHT="25" WC="0.95" CONTENT="tid,"/>
						</TextLine>
						<TextLine ID="line_23" HPOS="192" VPOS="939" WIDTH="747" HEIGHT="26">
							<String ID="string_211" HPOS="192" VPOS="940" WIDTH="27" HEIGHT="19" WC="0.96" CONTENT="då"/><SP WIDTH="15" VPOS="940" HPOS="219"/>
							<String ID="string_212" HPOS="234" VPOS="943" WIDTH="91" HEIGHT="16" WC="0.93" CONTENT="stormen"/><SP WIDTH="17" VPOS="943" HPOS="325"/>
							<String ID="string_213" HPOS="342" VPOS="939" WIDTH="104" HEIGHT="26" WC="0.91" CONTENT="lösbryter"/><SP WIDTH="15" VPOS="939" HPOS="446"/>
							<String ID="string_214" HPOS="461" VPOS="940" WIDTH="43" HEIGHT="19" WC="0.96" CONTENT="isen"/><SP WIDTH="17" VPOS="940" HPOS="504"/>
							<String ID="string_215" HPOS="521" VPOS="940" WIDTH="39" HEIGHT="19" WC="0.96" CONTENT="och"/><SP WIDTH="16" VPOS="940" HPOS="560"/>
							<String ID="string_216" HPOS="576" VPOS="939" WIDTH="199" HEIGHT="26" WC="0.96" CONTENT="räddningsarbetet"/><SP WIDTH="15" VPOS="939" HPOS="775"/>
							<String ID="string_217" HPOS="790" VPOS="939" WIDTH="43" HEIGHT="20" WC="0.96" CONTENT="ofta"/><SP WIDTH="10" VPOS="939" HPOS="833"/>
							<String ID="string_218" HPOS="843" VPOS="942" WIDTH="22" HEIGHT="17" WC="0.93" CONTENT="är"/><SP WIDTH="11" VPOS="942" HPOS="865"/>
							<String ID="string_219" HPOS="876" VPOS="939" WIDTH="63" HEIGHT="20" WC="0.92" CONTENT="frukt-"/>
						</TextLine>
						<TextLine ID="line_24" HPOS="191" VPOS="973" WIDTH="750" HEIGHT="26">
							<String ID="string_220" HPOS="191" VPOS="974" WIDTH="46" HEIGHT="19" WC="0.95" CONTENT="löst."/><SP WIDTH="31" VPOS="974" HPOS="237"/>
							<String ID="string_221" HPOS="268" VPOS="973" WIDTH="40" HEIGHT="20" WC="0.93" CONTENT="Till"/><SP WIDTH="23" VPOS="973" HPOS="308"/>
							<String ID="string_222" HPOS="331" VPOS="973" WIDTH="51" HEIGHT="26" WC="0.96" CONTENT="följd"/><SP WIDTH="24" VPOS="973" HPOS="382"/>
							<String ID="string_223" HPOS="406" VPOS="973" WIDTH="61" HEIGHT="20" WC="0.96" CONTENT="deraf"/><SP WIDTH="20" VPOS="973" HPOS="467"/>
							<String ID="string_224" HPOS="487" VPOS="980" WIDTH="61" HEIGHT="13" WC="0.96" CONTENT="anser"/><SP WIDTH="22" VPOS="980" HPOS="548"/>
							<String ID="string_225" HPOS="570" VPOS="973" WIDTH="102" HEIGHT="20" WC="0.96" CONTENT="utskottet"/><SP WIDTH="15" VPOS="973" HPOS="672"/>
							<String ID="string_226" HPOS="687" VPOS="975" WIDTH="30" HEIGHT="18" WC="0.96" CONTENT="att"/><SP WIDTH="18" VPOS="975" HPOS="717"/>
							<String ID="string_227" HPOS="735" VPOS="973" WIDTH="39" HEIGHT="20" WC="0.95" CONTENT="den"/><SP WIDTH="21" VPOS="973" HPOS="774"/>
							<String ID="string_228" HPOS="795" VPOS="973" WIDTH="146" HEIGHT="26" WC="0.95" CONTENT="ursprungliga"/>
						</TextLine>
						<TextLine ID="line_25" HPOS="192" VPOS="1007" WIDTH="748" HEIGHT="27">
							<String ID="string_229" HPOS="192" VPOS="1007" WIDTH="138" HEIGHT="20" WC="0.96" CONTENT="redaktionen"/><SP WIDTH="24" VPOS="1007" HPOS="330"/>
							<String ID="string_230" HPOS="354" VPOS="1007" WIDTH="23" HEIGHT="20" WC="0.95" CONTENT="af"/><SP WIDTH="20" VPOS="1007" HPOS="377"/>
							<String ID="string_231" HPOS="397" VPOS="1007" WIDTH="160" HEIGHT="27" WC="0.96" CONTENT="ifrågavarande"/><SP WIDTH="26" VPOS="1007" HPOS="557"/>
							<String ID="string_232" HPOS="583" VPOS="1014" WIDTH="62" HEIGHT="13" WC="0.94" CONTENT="mom."/><SP WIDTH="25" VPOS="1014" HPOS="645"/>
							<String ID="string_233" HPOS="670" VPOS="1007" WIDTH="37" HEIGHT="20" WC="0.95" CONTENT="bör"/><SP WIDTH="23" VPOS="1007" HPOS="707"/>
							<String ID="string_234" HPOS="730" VPOS="1007" WIDTH="123" HEIGHT="26" WC="0.95" CONTENT="återställas,"/><SP WIDTH="23" VPOS="1007" HPOS="853"/>
							<String ID="string_235" HPOS="876" VPOS="1007" WIDTH="64" HEIGHT="20" WC="0.96" CONTENT="likväl"/>
						</TextLine>
						<TextLine ID="line_26" HPOS="192" VPOS="1041" WIDTH="747" HEIGHT="26">
							<String ID="string_236" HPOS="192" VPOS="1041" WIDTH="48" HEIGHT="20" WC="0.96" CONTENT="med"/><SP WIDTH="16" VPOS="1041" HPOS="240"/>
							<String ID="string_237" HPOS="256" VPOS="1041" WIDTH="40" HEIGHT="20" WC="0.95" CONTENT="den"/><SP WIDTH="17" VPOS="1041" HPOS="296"/>
							<String ID="string_238" HPOS="313" VPOS="1041" WIDTH="122" HEIGHT="26" WC="0.96" CONTENT="förändring"/><SP WIDTH="16" VPOS="1041" HPOS="435"/>
							<String ID="string_239" HPOS="451" VPOS="1043" WIDTH="30" HEIGHT="18" WC="0.96" CONTENT="att"/><SP WIDTH="14" VPOS="1043" HPOS="481"/>
							<String ID="string_240" HPOS="495" VPOS="1041" WIDTH="75" HEIGHT="20" WC="0.93" CONTENT="orden:"/><SP WIDTH="16" VPOS="1041" HPOS="570"/>
							<String ID="string_241" HPOS="586" VPOS="1041" WIDTH="44" HEIGHT="20" WC="0.89" CONTENT="”för"/><SP WIDTH="15" VPOS="1041" HPOS="630"/>
							<String ID="string_242" HPOS="645" VPOS="1041" WIDTH="89" HEIGHT="26" WC="0.92" CONTENT="isgäng”"/><SP WIDTH="17" VPOS="1041" HPOS="734"/>
							<String ID="string_243" HPOS="751" VPOS="1041" WIDTH="82" HEIGHT="26" WC="0.92" CONTENT="utbytas"/><SP WIDTH="17" VPOS="1041" HPOS="833"/>
							<String ID="string_244" HPOS="850" VPOS="1044" WIDTH="43" HEIGHT="17" WC="0.93" CONTENT="mot"/><SP WIDTH="15" VPOS="1044" HPOS="893"/>
							<String ID="string_245" HPOS="908" VPOS="1048" WIDTH="31" HEIGHT="13" WC="0.93" CONTENT="or-"/>
						</TextLine>
						<TextLine ID="line_27" HPOS="192" VPOS="1075" WIDTH="279" HEIGHT="20">
							<String ID="string_246" HPOS="192" VPOS="1075" WIDTH="51" HEIGHT="20" WC="0.93" CONTENT="den:"/><SP WIDTH="15" VPOS="1075" HPOS="243"/>
							<String ID="string_247" HPOS="258" VPOS="1075" WIDTH="45" HEIGHT="20" WC="0.90" CONTENT="”för"/><SP WIDTH="15" VPOS="1075" HPOS="303"/>
							<String ID="string_248" HPOS="318" VPOS="1075" WIDTH="66" HEIGHT="19" WC="0.96" CONTENT="skada"/><SP WIDTH="14" VPOS="1075" HPOS="384"/>
							<String ID="string_249" HPOS="398" VPOS="1075" WIDTH="24" HEIGHT="19" WC="0.96" CONTENT="af"/><SP WIDTH="12" VPOS="1075" HPOS="422"/>
							<String ID="string_250" HPOS="434" VPOS="1075" WIDTH="37" HEIGHT="20" WC="0.89" CONTENT="is”."/>
						</TextLine>
					</TextBlock>
					<TextBlock ID="block_2" HPOS="191" VPOS="1109" WIDTH="749" HEIGHT="257">
						<TextLine ID="line_28" HPOS="260" VPOS="1109" WIDTH="679" HEIGHT="26">
							<String ID="string_251" HPOS="260" VPOS="1109" WIDTH="26" HEIGHT="26" WC="0.88" CONTENT="R)"/><SP WIDTH="16" VPOS="1109" HPOS="286"/>
							<String ID="string_252" HPOS="302" VPOS="1109" WIDTH="72" HEIGHT="26" WC="0.96" CONTENT="Enligt"/><SP WIDTH="15" VPOS="1109" HPOS="374"/>
							<String ID="string_253" HPOS="389" VPOS="1109" WIDTH="110" HEIGHT="20" WC="0.96" CONTENT="utskottets"/><SP WIDTH="16" VPOS="1109" HPOS="499"/>
							<String ID="string_254" HPOS="515" VPOS="1109" WIDTH="62" HEIGHT="20" WC="0.96" CONTENT="tanke"/><SP WIDTH="17" VPOS="1109" HPOS="577"/>
							<String ID="string_255" HPOS="594" VPOS="1109" WIDTH="41" HEIGHT="19" WC="0.96" CONTENT="kan"/><SP WIDTH="17" VPOS="1109" HPOS="635"/>
							<String ID="string_256" HPOS="652" VPOS="1109" WIDTH="40" HEIGHT="19" WC="0.96" CONTENT="den"/><SP WIDTH="17" VPOS="1109" HPOS="692"/>
							<String ID="string_257" HPOS="709" VPOS="1109" WIDTH="29" HEIGHT="19" WC="0.96" CONTENT="tid"/><SP WIDTH="16" VPOS="1109" HPOS="738"/>
							<String ID="string_258" HPOS="754" VPOS="1109" WIDTH="23" HEIGHT="19" WC="0.94" CONTENT="af"/><SP WIDTH="8" VPOS="1109" HPOS="777"/>
							<String ID="string_259" HPOS="785" VPOS="1109" WIDTH="35" HEIGHT="19" WC="0.96" CONTENT="två"/><SP WIDTH="15" VPOS="1109" HPOS="820"/>
							<String ID="string_260" HPOS="835" VPOS="1109" WIDTH="29" HEIGHT="26" WC="0.93" CONTENT="år,"/><SP WIDTH="17" VPOS="1109" HPOS="864"/>
							<String ID="string_261" HPOS="881" VPOS="1110" WIDTH="58" HEIGHT="19" WC="0.92" CONTENT="hvar-"/>
						</TextLine>
						<TextLine ID="line_29" HPOS="192" VPOS="1143" WIDTH="746" HEIGHT="26">
							<String ID="string_262" HPOS="192" VPOS="1143" WIDTH="66" HEIGHT="20" WC="0.96" CONTENT="under"/><SP WIDTH="16" VPOS="1143" HPOS="258"/>
							<String ID="string_263" HPOS="274" VPOS="1145" WIDTH="30" HEIGHT="17" WC="0.96" CONTENT="ett"/><SP WIDTH="15" VPOS="1145" HPOS="304"/>
							<String ID="string_264" HPOS="319" VPOS="1145" WIDTH="46" HEIGHT="24" WC="0.96" CONTENT="nytt"/><SP WIDTH="15" VPOS="1145" HPOS="365"/>
							<String ID="string_265" HPOS="380" VPOS="1143" WIDTH="80" HEIGHT="26" WC="0.96" CONTENT="fartygs"/><SP WIDTH="17" VPOS="1143" HPOS="460"/>
							<String ID="string_266" HPOS="477" VPOS="1143" WIDTH="62" HEIGHT="20" WC="0.96" CONTENT="värde"/><SP WIDTH="15" VPOS="1143" HPOS="539"/>
							<String ID="string_267" HPOS="554" VPOS="1143" WIDTH="6" HEIGHT="19" WC="0.93" CONTENT="i"/><SP WIDTH="17" VPOS="1143" HPOS="560"/>
							<String ID="string_268" HPOS="577" VPOS="1143" WIDTH="221" HEIGHT="19" WC="0.91" CONTENT="öfverensstämmelse"/><SP WIDTH="16" VPOS="1143" HPOS="798"/>
							<String ID="string_269" HPOS="814" VPOS="1143" WIDTH="47" HEIGHT="20" WC="0.93" CONTENT="med"/><SP WIDTH="16" VPOS="1143" HPOS="861"/>
							<String ID="string_270" HPOS="877" VPOS="1146" WIDTH="10" HEIGHT="21" WC="0.92" CONTENT="$"/><SP WIDTH="15" VPOS="1146" HPOS="887"/>
							<String ID="string_271" HPOS="902" VPOS="1144" WIDTH="36" HEIGHT="19" WC="0.96" CONTENT="143"/>
						</TextLine>
						<TextLine ID="line_30" HPOS="193" VPOS="1177" WIDTH="746" HEIGHT="26">
							<String ID="string_272" HPOS="193" VPOS="1177" WIDTH="29" HEIGHT="19" WC="0.95" CONTENT="uti"/><SP WIDTH="16" VPOS="1177" HPOS="222"/>
							<String ID="string_273" HPOS="238" VPOS="1178" WIDTH="131" HEIGHT="25" WC="0.96" CONTENT="gemensamt"/><SP WIDTH="15" VPOS="1178" HPOS="369"/>
							<String ID="string_274" HPOS="384" VPOS="1177" WIDTH="72" HEIGHT="19" WC="0.96" CONTENT="haveri"/><SP WIDTH="16" VPOS="1177" HPOS="456"/>
							<String ID="string_275" HPOS="472" VPOS="1177" WIDTH="47" HEIGHT="19" WC="0.96" CONTENT="icke"/><SP WIDTH="16" VPOS="1177" HPOS="519"/>
							<String ID="string_276" HPOS="535" VPOS="1177" WIDTH="30" HEIGHT="19" WC="0.96" CONTENT="får"/><SP WIDTH="16" VPOS="1177" HPOS="565"/>
							<String ID="string_277" HPOS="581" VPOS="1177" WIDTH="139" HEIGHT="19" WC="0.96" CONTENT="underkastas"/><SP WIDTH="16" VPOS="1177" HPOS="720"/>
							<String ID="string_278" HPOS="736" VPOS="1177" WIDTH="63" HEIGHT="25" WC="0.92" CONTENT="något"/><SP WIDTH="15" VPOS="1177" HPOS="799"/>
							<String ID="string_279" HPOS="814" VPOS="1177" WIDTH="79" HEIGHT="26" WC="0.91" CONTENT="afdrag,"/><SP WIDTH="17" VPOS="1177" HPOS="893"/>
							<String ID="string_280" HPOS="910" VPOS="1180" WIDTH="29" HEIGHT="16" WC="0.93" CONTENT="ut-"/>
						</TextLine>
						<TextLine ID="line_31" HPOS="192" VPOS="1210" WIDTH="746" HEIGHT="25">
							<String ID="string_281" HPOS="192" VPOS="1210" WIDTH="94" HEIGHT="20" WC="0.95" CONTENT="sträckas"/><SP WIDTH="15" VPOS="1210" HPOS="286"/>
							<String ID="string_282" HPOS="301" VPOS="1210" WIDTH="31" HEIGHT="19" WC="0.96" CONTENT="till"/><SP WIDTH="16" VPOS="1210" HPOS="332"/>
							<String ID="string_283" HPOS="348" VPOS="1212" WIDTH="30" HEIGHT="18" WC="0.96" CONTENT="tre"/><SP WIDTH="20" VPOS="1212" HPOS="378"/>
							<String ID="string_284" HPOS="398" VPOS="1210" WIDTH="28" HEIGHT="25" WC="0.95" CONTENT="år,"/><SP WIDTH="20" VPOS="1210" HPOS="426"/>
							<String ID="string_285" HPOS="446" VPOS="1210" WIDTH="88" HEIGHT="20" WC="0.96" CONTENT="emedan"/><SP WIDTH="23" VPOS="1210" HPOS="534"/>
							<String ID="string_286" HPOS="557" VPOS="1210" WIDTH="148" HEIGHT="20" WC="0.96" CONTENT="erfarenheten"/><SP WIDTH="23" VPOS="1210" HPOS="705"/>
							<String ID="string_287" HPOS="728" VPOS="1210" WIDTH="55" HEIGHT="20" WC="0.96" CONTENT="visar"/><SP WIDTH="23" VPOS="1210" HPOS="783"/>
							<String ID="string_288" HPOS="806" VPOS="1212" WIDTH="31" HEIGHT="18" WC="0.92" CONTENT="att"/><SP WIDTH="21" VPOS="1212" HPOS="837"/>
							<String ID="string_289" HPOS="858" VPOS="1210" WIDTH="80" HEIGHT="20" WC="0.92" CONTENT="tilloch-"/>
						</TextLine>
						<TextLine ID="line_32" HPOS="192" VPOS="1244" WIDTH="748" HEIGHT="27">
							<String ID="string_290" HPOS="192" VPOS="1244" WIDTH="48" HEIGHT="20" WC="0.96" CONTENT="med"/><SP WIDTH="16" VPOS="1244" HPOS="240"/>
							<String ID="string_291" HPOS="256" VPOS="1244" WIDTH="76" HEIGHT="26" WC="0.96" CONTENT="fartyg,"/><SP WIDTH="20" VPOS="1244" HPOS="332"/>
							<String ID="string_292" HPOS="352" VPOS="1250" WIDTH="44" HEIGHT="13" WC="0.94" CONTENT="som"/><SP WIDTH="20" VPOS="1250" HPOS="396"/>
							<String ID="string_293" HPOS="416" VPOS="1244" WIDTH="69" HEIGHT="19" WC="0.94" CONTENT="blifvit"/><SP WIDTH="19" VPOS="1244" HPOS="485"/>
							<String ID="string_294" HPOS="504" VPOS="1247" WIDTH="55" HEIGHT="17" WC="0.95" CONTENT="ännu"/><SP WIDTH="20" VPOS="1247" HPOS="559"/>
							<String ID="string_295" HPOS="579" VPOS="1245" WIDTH="73" HEIGHT="26" WC="0.95" CONTENT="längre"/><SP WIDTH="15" VPOS="1245" HPOS="652"/>
							<String ID="string_296" HPOS="667" VPOS="1245" WIDTH="30" HEIGHT="19" WC="0.96" CONTENT="tid"/><SP WIDTH="17" VPOS="1245" HPOS="697"/>
							<String ID="string_297" HPOS="714" VPOS="1244" WIDTH="131" HEIGHT="27" WC="0.96" CONTENT="begagnade,"/><SP WIDTH="16" VPOS="1244" HPOS="845"/>
							<String ID="string_298" HPOS="861" VPOS="1245" WIDTH="79" HEIGHT="20" WC="0.96" CONTENT="kunnat"/>
						</TextLine>
						<TextLine ID="line_33" HPOS="191" VPOS="1277" WIDTH="748" HEIGHT="26">
							<String ID="string_299" HPOS="191" VPOS="1278" WIDTH="103" HEIGHT="19" WC="0.89" CONTENT="likställas"/><SP WIDTH="16" VPOS="1278" HPOS="294"/>
							<String ID="string_300" HPOS="310" VPOS="1277" WIDTH="47" HEIGHT="20" WC="0.96" CONTENT="med"/><SP WIDTH="17" VPOS="1277" HPOS="357"/>
							<String ID="string_301" HPOS="374" VPOS="1284" WIDTH="48" HEIGHT="19" WC="0.96" CONTENT="nya."/><SP WIDTH="31" VPOS="1284" HPOS="422"/>
							<String ID="string_302" HPOS="453" VPOS="1278" WIDTH="108" HEIGHT="20" WC="0.96" CONTENT="Dessutom"/><SP WIDTH="17" VPOS="1278" HPOS="561"/>
							<String ID="string_303" HPOS="578" VPOS="1285" WIDTH="61" HEIGHT="13" WC="0.96" CONTENT="anser"/><SP WIDTH="16" VPOS="1285" HPOS="639"/>
							<String ID="string_304" HPOS="655" VPOS="1278" WIDTH="103" HEIGHT="20" WC="0.96" CONTENT="utskottet"/><SP WIDTH="9" VPOS="1278" HPOS="758"/>
							<String ID="string_305" HPOS="767" VPOS="1281" WIDTH="30" HEIGHT="17" WC="0.96" CONTENT="att"/><SP WIDTH="11" VPOS="1281" HPOS="797"/>
							<String ID="string_306" HPOS="808" VPOS="1279" WIDTH="40" HEIGHT="19" WC="0.93" CONTENT="den"/><SP WIDTH="17" VPOS="1279" HPOS="848"/>
							<String ID="string_307" HPOS="865" VPOS="1279" WIDTH="74" HEIGHT="20" WC="0.92" CONTENT="beräk-"/>
						</TextLine>
						<TextLine ID="line_34" HPOS="192" VPOS="1311" WIDTH="747" HEIGHT="28">
							<String ID="string_308" HPOS="192" VPOS="1313" WIDTH="58" HEIGHT="25" WC="0.96" CONTENT="ning,"/><SP WIDTH="20" VPOS="1313" HPOS="250"/>
							<String ID="string_309" HPOS="270" VPOS="1318" WIDTH="43" HEIGHT="13" WC="0.96" CONTENT="som"/><SP WIDTH="23" VPOS="1318" HPOS="313"/>
							<String ID="string_310" HPOS="336" VPOS="1311" WIDTH="67" HEIGHT="27" WC="0.93" CONTENT="gäller"/><SP WIDTH="23" VPOS="1311" HPOS="403"/>
							<String ID="string_311" HPOS="426" VPOS="1312" WIDTH="80" HEIGHT="27" WC="0.93" CONTENT="fartygs"/><SP WIDTH="23" VPOS="1312" HPOS="506"/>
							<String ID="string_312" HPOS="529" VPOS="1313" WIDTH="64" HEIGHT="25" WC="0.91" CONTENT="skrof,"/><SP WIDTH="19" VPOS="1313" HPOS="593"/>
							<String ID="string_313" HPOS="612" VPOS="1313" WIDTH="63" HEIGHT="19" WC="0.96" CONTENT="äfven"/><SP WIDTH="17" VPOS="1313" HPOS="675"/>
							<String ID="string_314" HPOS="692" VPOS="1312" WIDTH="37" HEIGHT="20" WC="0.96" CONTENT="bör"/><SP WIDTH="16" VPOS="1312" HPOS="729"/>
							<String ID="string_315" HPOS="745" VPOS="1312" WIDTH="104" HEIGHT="27" WC="0.96" CONTENT="iakttagas"/><SP WIDTH="16" VPOS="1312" HPOS="849"/>
							<String ID="string_316" HPOS="865" VPOS="1313" WIDTH="6" HEIGHT="19" WC="0.93" CONTENT="i"/><SP WIDTH="16" VPOS="1313" HPOS="871"/>
							<String ID="string_317" HPOS="887" VPOS="1313" WIDTH="52" HEIGHT="20" WC="0.92" CONTENT="afse-"/>
						</TextLine>
						<TextLine ID="line_35" HPOS="192" VPOS="1345" WIDTH="338" HEIGHT="21">
							<String ID="string_318" HPOS="192" VPOS="1346" WIDTH="54" HEIGHT="20" WC="0.92" CONTENT="ende"/><SP WIDTH="16" VPOS="1346" HPOS="246"/>
							<String ID="string_319" HPOS="262" VPOS="1345" WIDTH="12" HEIGHT="20" WC="0.92" CONTENT="å"/><SP WIDTH="15" VPOS="1345" HPOS="274"/>
							<String ID="string_320" HPOS="289" VPOS="1345" WIDTH="47" HEIGHT="20" WC="0.95" CONTENT="dess"/><SP WIDTH="15" VPOS="1345" HPOS="336"/>
							<String ID="string_321" HPOS="351" VPOS="1345" WIDTH="87" HEIGHT="20" WC="0.92" CONTENT="stående"/><SP WIDTH="16" VPOS="1345" HPOS="438"/>
							<String ID="string_322" HPOS="454" VPOS="1346" WIDTH="76" HEIGHT="20" WC="0.91" CONTENT="tackel."/>
						</TextLine>
					</TextBlock>
					<TextBlock ID="block_3" HPOS="191" VPOS="1379" WIDTH="749" HEIGHT="97">
						<TextLine ID="line_36" HPOS="259" VPOS="1379" WIDTH="680" HEIGHT="25">
							<String ID="string_323" HPOS="259" VPOS="1379" WIDTH="24" HEIGHT="25" WC="0.67" CONTENT="8)"/><SP WIDTH="22" VPOS="1379" HPOS="283"/>
							<String ID="string_324" HPOS="305" VPOS="1379" WIDTH="94" HEIGHT="20" WC="0.96" CONTENT="Emedan"/><SP WIDTH="25" VPOS="1379" HPOS="399"/>
							<String ID="string_325" HPOS="424" VPOS="1379" WIDTH="35" HEIGHT="20" WC="0.96" CONTENT="det"/><SP WIDTH="22" VPOS="1379" HPOS="459"/>
							<String ID="string_326" HPOS="481" VPOS="1380" WIDTH="41" HEIGHT="19" WC="0.96" CONTENT="kan"/><SP WIDTH="23" VPOS="1380" HPOS="522"/>
							<String ID="string_327" HPOS="545" VPOS="1380" WIDTH="69" HEIGHT="20" WC="0.96" CONTENT="hända"/><SP WIDTH="22" VPOS="1380" HPOS="614"/>
							<String ID="string_328" HPOS="636" VPOS="1382" WIDTH="30" HEIGHT="18" WC="0.93" CONTENT="att"/><SP WIDTH="24" VPOS="1382" HPOS="666"/>
							<String ID="string_329" HPOS="690" VPOS="1380" WIDTH="143" HEIGHT="20" WC="0.91" CONTENT="befälhafvare"/><SP WIDTH="15" VPOS="1380" HPOS="833"/>
							<String ID="string_330" HPOS="848" VPOS="1381" WIDTH="6" HEIGHT="19" WC="0.93" CONTENT="i"/><SP WIDTH="17" VPOS="1381" HPOS="854"/>
							<String ID="string_331" HPOS="871" VPOS="1382" WIDTH="68" HEIGHT="19" WC="0.93" CONTENT="farans"/>
						</TextLine>
						<TextLine ID="line_37" HPOS="191" VPOS="1413" WIDTH="747" HEIGHT="27">
							<String ID="string_332" HPOS="191" VPOS="1413" WIDTH="62" HEIGHT="20" WC="0.93" CONTENT="stund"/><SP WIDTH="17" VPOS="1413" HPOS="253"/>
							<String ID="string_333" HPOS="270" VPOS="1413" WIDTH="100" HEIGHT="20" WC="0.92" CONTENT="behöfver"/><SP WIDTH="15" VPOS="1413" HPOS="370"/>
							<String ID="string_334" HPOS="385" VPOS="1413" WIDTH="66" HEIGHT="20" WC="0.96" CONTENT="anlita"/><SP WIDTH="15" VPOS="1413" HPOS="451"/>
							<String ID="string_335" HPOS="466" VPOS="1414" WIDTH="76" HEIGHT="19" WC="0.96" CONTENT="andras"/><SP WIDTH="16" VPOS="1414" HPOS="542"/>
							<String ID="string_336" HPOS="558" VPOS="1414" WIDTH="63" HEIGHT="26" WC="0.96" CONTENT="hjelp,"/><SP WIDTH="17" VPOS="1414" HPOS="621"/>
							<String ID="string_337" HPOS="638" VPOS="1414" WIDTH="39" HEIGHT="20" WC="0.96" CONTENT="och"/><SP WIDTH="17" VPOS="1414" HPOS="677"/>
							<String ID="string_338" HPOS="694" VPOS="1414" WIDTH="26" HEIGHT="19" WC="0.96" CONTENT="då"/><SP WIDTH="15" VPOS="1414" HPOS="720"/>
							<String ID="string_339" HPOS="735" VPOS="1414" WIDTH="76" HEIGHT="19" WC="0.96" CONTENT="talrika"/><SP WIDTH="16" VPOS="1414" HPOS="811"/>
							<String ID="string_340" HPOS="827" VPOS="1415" WIDTH="35" HEIGHT="19" WC="0.95" CONTENT="fall"/><SP WIDTH="15" VPOS="1415" HPOS="862"/>
							<String ID="string_341" HPOS="877" VPOS="1416" WIDTH="23" HEIGHT="19" WC="0.95" CONTENT="af"/><SP WIDTH="13" VPOS="1416" HPOS="900"/>
							<String ID="string_342" HPOS="913" VPOS="1422" WIDTH="25" HEIGHT="13" WC="0.96" CONTENT="en"/>
						</TextLine>
						<TextLine ID="line_38" HPOS="192" VPOS="1447" WIDTH="748" HEIGHT="29">
							<String ID="string_343" HPOS="192" VPOS="1447" WIDTH="64" HEIGHT="20" WC="0.96" CONTENT="sådan"/><SP WIDTH="20" VPOS="1447" HPOS="256"/>
							<String ID="string_344" HPOS="276" VPOS="1447" WIDTH="136" HEIGHT="27" WC="0.96" CONTENT="undsättning"/><SP WIDTH="15" VPOS="1447" HPOS="412"/>
							<String ID="string_345" HPOS="427" VPOS="1448" WIDTH="6" HEIGHT="19" WC="0.96" CONTENT="i"/><SP WIDTH="16" VPOS="1448" HPOS="433"/>
							<String ID="string_346" HPOS="449" VPOS="1447" WIDTH="36" HEIGHT="20" WC="0.96" CONTENT="det"/><SP WIDTH="17" VPOS="1447" HPOS="485"/>
							<String ID="string_347" HPOS="502" VPOS="1448" WIDTH="109" HEIGHT="26" WC="0.96" CONTENT="praktiska"/><SP WIDTH="20" VPOS="1448" HPOS="611"/>
							<String ID="string_348" HPOS="631" VPOS="1449" WIDTH="60" HEIGHT="19" WC="0.93" CONTENT="lifvet"/><SP WIDTH="15" VPOS="1449" HPOS="691"/>
							<String ID="string_349" HPOS="706" VPOS="1448" WIDTH="78" HEIGHT="25" WC="0.91" CONTENT="jemväl"/><SP WIDTH="20" VPOS="1448" HPOS="784"/>
							<String ID="string_350" HPOS="804" VPOS="1448" WIDTH="136" HEIGHT="28" WC="0.96" CONTENT="förekomma,"/>
						</TextLine>
					</TextBlock>
				</ComposedBlock>
			</PrintSpace>
		</Page>
	</Layout>
</alto>
