1070 1786
229 148 35 17 362

194 210 53 20 ifrån
268 209 121 21 infordrade
412 209 90 26 skrifter,
518 209 38 20 och
579 209 27 19 då
628 215 25 14 en
670 209 64 20 sådan
757 209 96 26 tolkning
873 209 71 20 kunde

195 244 63 19 hafva
274 243 31 20 till
321 244 80 26 påföljd
417 245 29 18 att
463 243 155 20 befälhafvaren
638 243 31 20 för
685 243 188 27 sjöförklaringens
889 243 53 20 skull

196 279 85 19 komme
305 279 31 18 att
353 278 27 26 på
399 278 70 19 stället
492 278 81 19 förnöta
595 284 25 13 en
645 277 72 26 längre
740 277 29 20 tid
793 280 25 17 än
843 277 101 26 behöfligt

195 318 57 19 vore,
272 311 23 20 så
314 312 37 19 har
374 311 36 20 det
432 313 59 24 synts
513 311 117 20 Ständerna
653 311 79 26 nödigt,
749 312 29 18 att
801 311 111 26 ordalagen
936 311 6 19 i

195 346 65 26 sagde
284 348 10 21 $
319 345 76 19 ändras
421 345 39 19 och
485 344 84 26 bringas
595 344 30 20 till
651 344 218 20 öfverensstämmelse
896 344 45 20 med

195 380 138 20 redaktionen
353 379 29 19 uti
402 379 36 19 det
456 378 146 26 ursprungliga
624 378 107 26 förslaget,
747 379 84 19 hvarest
853 378 89 20 vilkoret

195 420 33 13 om
246 414 80 18 vittnen
343 413 38 19 och
398 412 124 26 handlingar
545 415 22 17 är
583 412 135 26 förknippadt
735 412 45 20 med
801 415 80 17 satsen:
897 412 44 20 ”så-

196 447 44 19 vidt
256 447 36 19 det
307 449 49 17 utan
373 446 100 26 dröjsmål
489 446 36 20 ske
542 446 57 20 kan".

264 480 96 20 Emedan
376 480 126 26 stadgandet
517 480 6 19 i
545 481 4 18 1
568 486 60 14 mom.
642 481 22 18 af
678 480 26 19 48
720 482 10 22 $
746 480 61 26 eljest
822 480 70 20 kunde
903 480 37 26 gif-

197 522 25 12 va
238 514 114 25 anledning
365 514 32 19 till
406 514 156 26 jemförelsevis
574 514 128 19 kostsamma
719 513 150 27 besigtningar,
881 514 62 19 hafva

195 549 120 20 Ständerna
330 548 86 20 framför
432 548 60 20 ordet
507 548 115 19 ”kostnad”
637 548 69 25 tillagt
722 548 65 20 ordet:
804 547 137 28 betydligare.

264 583 62 19 Emot
348 582 126 26 stadgandet
495 582 6 19 i
525 583 26 18 52
570 584 9 22 $
596 582 71 19 derom
684 583 30 18 att
733 575 148 31 befälhafvare,
897 588 43 13 som

195 620 44 17 mot
254 617 32 19 sin
303 616 50 26 vilja
369 616 126 26 entledigats
511 616 44 18 från
573 615 78 20 befälet
666 616 59 19 öfver
740 615 75 27 fartyg,
827 616 59 20 hvari
901 616 40 19 han

195 654 23 17 är
227 650 130 26 medredare,
371 656 50 20 eger
437 652 40 17 rätt
492 651 29 18 att
537 649 67 20 väcka
618 649 92 26 anspråk
726 656 33 13 om
775 650 26 19 de
817 650 67 25 öfriga
899 650 42 19 del-

195 691 102 20 egarenes
312 684 124 26 skyldighet
450 686 30 17 att
500 684 68 19 inlösa
589 684 51 19 hans
660 684 45 24 lott,
727 684 36 19 har
779 683 35 20 det
829 683 113 26 anmärkts,

195 721 30 18 att
248 721 29 17 ett
300 718 70 26 dylikt
392 718 112 26 åliggande
527 720 22 17 är
566 718 31 19 för
612 718 26 19 de
654 718 67 25 öfrige
746 718 100 20 redarene
862 717 80 27 ganska

195 752 135 26 betungande
353 752 40 20 och
416 752 76 19 saknar
515 752 37 19 allt
571 752 45 19 skäl
637 752 26 19 då
685 751 165 26 befälhafvaren,
873 752 67 19 såsom

195 787 60 19 fallet
270 787 6 19 i
295 786 115 20 allmänhet
424 789 29 22 är,
477 786 68 19 blifvit
559 786 121 25 entledigad
704 786 32 19 för
751 786 122 26 oduglighet
889 786 52 19 eller

196 820 106 27 begånget
313 820 35 25 fel,
360 822 53 17 samt
422 822 30 17 att
461 820 34 19 det
506 820 190 24 rättsförhållande,
709 820 80 19 hvaruti
802 820 38 19 han
857 820 6 19 i
879 826 62 21 egen-

194 855 53 25 skap
263 854 23 20 af
299 854 75 19 redare
391 853 94 20 befinner
505 854 38 25 sig,
559 853 87 20 alldeles
669 853 48 20 icke
737 854 37 19 bör
791 854 48 19 bero
855 854 23 19 af
891 854 51 19 eller

195 888 121 20 förblandas
337 888 47 19 med
408 888 51 19 hans
482 887 102 19 särskilda
607 888 38 19 och
669 887 107 26 tillfälliga
793 888 99 25 ställning
911 888 29 19 så-

194 929 44 13 som
259 921 150 20 befälhafvare.
440 920 29 20 På
489 921 60 19 dessa
568 921 45 19 skäl
634 921 63 20 hafva
712 921 117 20 Ständerna
849 921 93 20 uteslutit

198 957 50 18 sista
264 961 61 14 mom.
342 955 23 19 af
378 954 161 27 ifrågavarande
555 956 17 22 $.

264 989 93 20 Emedan
381 989 26 19 de
422 988 105 26 konsuler,
543 995 44 13 som
610 989 23 19 af
646 989 79 19 Finska
746 989 118 26 sjöfarande
885 990 6 19 i
913 992 28 17 ut-

195 1023 89 20 ländska
300 1023 87 20 hamnar
402 1023 83 25 anlitas,
500 1023 98 26 vanligen
618 1029 40 20 ega
673 1023 70 19 alltför
759 1023 48 20 liten
823 1023 119 20 kännedom

196 1065 33 13 om
247 1058 46 19 vårt
309 1057 60 20 lands
385 1057 151 24 förhållanden,
550 1063 50 13 anse
611 1056 119 21 Ständerna
744 1059 30 17 att
789 1057 39 20 den
841 1060 46 23 rätt,
898 1064 43 13 som

196 1093 28 19 uti
241 1093 25 19 53
284 1094 9 22 $
308 1092 6 19 i
330 1092 57 19 vissa
403 1091 35 20 fall
459 1091 136 19 tillerkännes
613 1091 84 25 konsul,
714 1091 26 20 då
756 1098 27 19 ny
801 1091 142 20 befälhafvare

195 1126 102 20 behöfver
312 1128 95 23 antagas,
424 1125 37 20 bör
476 1125 6 19 i
498 1125 101 20 rederiets
615 1125 95 25 intresse,
726 1125 26 26 på
767 1127 40 18 sätt
822 1125 61 20 äfven
898 1126 44 19 här-

197 1161 41 19 tills
255 1160 54 19 varit
324 1159 87 26 vanligt,
427 1159 81 20 utöfvas
525 1160 5 18 i
542 1159 81 20 samråd
641 1159 46 20 med
711 1159 69 20 finska
796 1159 150 27 befälhafvare,

195 1194 73 20 hvilka
283 1194 30 19 för
329 1193 92 19 tillfället
438 1193 69 19 kunna
523 1193 66 19 finnas
604 1193 27 26 på
646 1193 80 25 stället;
742 1193 85 20 hvarom
839 1194 102 19 erforder-

194 1229 29 26 lig
240 1228 133 25 bestämning
389 1227 80 20 derföre
486 1227 78 26 tillagts
583 1228 6 19 i
605 1233 79 14 samma
699 1229 17 22 $.

263 1263 30 19 De
310 1262 81 19 mindre
406 1261 119 26 ändringar,
541 1267 43 14 som
601 1261 117 20 Ständerna
734 1262 88 25 vidtagit
837 1261 6 21 i
859 1263 81 19 afseen-

194 1297 26 20 de
236 1297 12 19 å
264 1297 26 19 55
306 1296 39 19 och
357 1296 25 19 56
398 1297 28 24 $$,
438 1295 43 20 afse
493 1295 74 20 endast
578 1298 66 17 större
656 1296 131 25 egentlighet
801 1297 5 18 i
823 1296 26 20 de
865 1295 75 28 ifråga-

194 1331 78 20 komna
288 1329 119 26 uttrycken.

263 1364 35 20 Uti
318 1364 25 19 57
362 1365 10 22 $
394 1363 147 26 förekommer,
561 1363 68 20 såsom
652 1363 36 20 det
710 1370 63 20 synes
795 1364 32 19 till
850 1364 52 26 följd
922 1366 22 19 af

194 1401 30 18 ett
245 1398 142 25 förbiseende,
410 1398 63 26 ingen
495 1398 137 26 bestämning,
653 1398 51 19 huru
729 1398 86 19 förfäras
837 1398 54 19 skall
907 1399 34 20 vid

193 1432 173 27 påmönstringen
390 1432 22 19 af
436 1432 118 26 besättning
579 1432 27 26 på
629 1432 76 26 fartyg,
728 1438 43 13 som
798 1431 53 20 ifrån
875 1432 66 20 landt-

193 1467 62 19 hamn
276 1465 83 21 direkte
378 1466 60 26 utgår
458 1466 30 20 till
510 1466 77 20 utrikes
607 1469 37 17 ort.
674 1465 78 20 Dervid
770 1468 66 17 möter
852 1466 90 20 visserli-
