1070 1786
120 382 15 27 $
144 382 31 21 39.

119 583 14 28 $
144 584 30 20 40.

117 1100 14 29 s
147 1101 30 20 42.

119 1375 14 29 8
149 1376 29 21 44.

226 149 34 18 482

191 213 61 20 träde
274 212 32 20 för
325 212 73 27 hvarje
418 212 73 20 sädant
510 212 36 19 fall
570 211 40 20 kan
630 212 111 20 undvikas.
774 213 110 20 Dessutom
906 213 36 20 har

192 247 110 24 utskottet,
322 247 31 19 till
372 246 113 25 afböjande
501 246 23 20 af
544 246 125 26 otydlighet,
688 247 55 26 gjort
765 247 36 20 det
816 247 81 27 tillägg,
913 250 30 17 att

192 281 193 26 stadsfullmäktige
398 280 47 20 icke
457 280 84 19 hindras
552 280 7 19 i
570 280 162 27 öfverläggning
743 281 38 19 och
794 281 67 20 beslut
877 282 65 26 deraf,

191 317 31 17 att
238 315 148 26 Magistratens
405 314 126 20 ordförande
550 314 51 20 eller
620 314 39 20 den
682 315 52 20 hans
749 315 60 20 ställe
826 316 116 20 företräder

191 349 46 20 frän
254 349 61 20 deras
331 349 169 20 sammanträden
516 348 83 21 uteblir.

263 384 25 19 39
305 385 10 23 $
334 384 89 19 handlar
446 390 33 13 om
498 382 116 27 tillgången
634 383 34 19 vid
688 384 130 25 omröstning
838 384 39 20 och
901 384 39 20 val.

189 418 31 20 De
245 418 53 26 skäl,
321 424 43 13 som
390 417 104 21 föranledt
516 417 101 20 utskottet
640 419 29 18 att
685 418 5 18 i
707 418 99 20 afseende
827 418 13 20 &
854 418 85 20 rädhus-

189 454 90 18 stämma
302 452 112 26 föredraga
434 454 68 24 öppen
522 452 130 26 omröstning
672 451 86 21 framför
777 452 87 27 hemlig,
885 452 55 26 gälla

186 486 79 26 jemväl
291 486 30 19 för
344 485 201 27 stadsfullmäktiges
567 486 177 20 sammanträden.
774 486 71 27 Några
865 487 74 19 redak-

188 520 212 26 tionsförändringar,
416 526 43 13 som
477 519 46 20 icke
540 519 74 21 beröra
630 520 122 26 innehållet,
768 522 36 18 äro
823 520 22 20 af
861 521 77 20 utskot-

188 556 31 18 tet
234 554 7 20 i
257 554 70 20 denna
342 556 10 22 $
368 554 107 27 vidtagna.

260 589 27 19 40
304 591 9 22 $
329 589 118 19 innehåller
470 588 130 20 föreskrifter
618 595 33 13 om
677 589 204 27 protokollföringen
906 590 32 19 vid

188 622 204 27 stadsfullmäktiges
411 622 168 20 sammanträden
599 619 40 24 och
658 623 55 19 hvad
733 623 85 19 dermed
835 630 103 13 samman-

186 657 87 26 hänger.
304 656 108 20 Utskottet
432 663 61 13 anser
513 657 35 20 det
562 657 7 19 i
585 657 41 20 alla
645 657 101 20 afseende
763 657 130 26 lämpligare,
910 659 30 17 att

186 690 142 20 ordföranden
349 691 48 19 icke
413 691 5 19 i
434 691 65 27 något
522 691 36 20 fall
577 691 91 20 belastas
690 692 48 19 med
754 691 138 26 protokollets
910 691 28 19 fö-

186 725 72 26 rande,
281 726 47 18 utan
346 725 75 20 endast
437 726 37 19 har
489 725 72 26 tillsyn
577 726 103 19 deröfver.
711 725 9 20 I
736 732 25 13 en
778 725 158 19 stadskommun

186 759 60 20 torde
263 759 67 26 aldrig
346 759 78 20 saknas
440 766 105 20 personer,
561 766 44 13 som
625 759 114 21 innehafva
756 759 25 20 de
798 759 77 26 nödiga
890 765 48 20 qva-

186 793 157 20 lifikationerna
351 794 31 19 för
390 795 30 19 att
431 794 45 20 föra
490 794 103 26 protokoll
604 794 38 20 och
652 793 119 26 ombesörja
785 793 153 27 expeditioner.

186 827 110 21 Utskottet
310 827 89 21 föreslår
416 828 81 20 derföre
514 835 26 13 en
556 828 90 26 ändring
661 828 23 20 af
698 830 10 22 $
724 828 6 19 i
746 828 56 20 detta
817 828 62 26 syfte.
903 828 35 19 Vi-

187 862 51 20 dare
254 862 38 20 har
308 862 102 20 utskottet
425 862 35 20 vid
482 862 122 26 jemförelse
620 862 23 20 af
656 862 70 20 denna
742 864 10 22 $
768 862 47 20 med
832 862 26 20 78
870 864 10 22 $
891 862 47 20 sak-

188 898 36 18 nat
240 902 26 14 en
282 896 7 19 i
306 895 111 20 utskottets
437 895 64 20 tanke
523 896 64 26 nödig
607 896 133 26 bestämning
760 902 32 13 om
809 902 26 13 en
851 895 32 21 för
898 896 41 19 alla

187 930 114 21 händelser
320 930 118 27 likformigt
457 930 81 20 fixerad
559 931 83 25 termin,
662 930 27 20 då
704 930 159 21 vederbörande
879 930 60 21 skola

188 971 61 14 anses
265 964 63 20 hafva
344 964 84 20 erhållit
443 964 34 20 del
493 964 23 20 af
529 964 203 27 stadsfallmäktiges
749 964 73 20 beslut.
852 964 9 20 I
875 964 63 27 afsigt

187 1001 31 18 att
226 999 104 20 fastställa
343 1005 26 14 en
386 998 64 20 sådan
467 999 74 24 termin
559 998 37 20 har
611 998 102 20 utskottet
728 998 115 27 föreslagit,
859 1000 29 18 att
904 999 35 20 det

184 1033 109 26 justerade
309 1032 128 27 protokollet
452 1032 59 21 alltid
527 1032 52 20 skall
597 1033 12 20 &
624 1033 55 19 förut
695 1032 103 27 kungjord
811 1033 41 26 dag
863 1033 74 20 offent-

186 1067 59 27 ligen
261 1067 105 26 uppläsas.

262 1101 10 20 1
283 1102 26 19 42
320 1103 10 22 $
346 1101 143 26 föreskrifves,
505 1103 30 18 att
549 1101 202 26 stadsfullmäktiges
767 1101 68 20 beslut
847 1102 7 19 i
865 1101 72 26 hvarje

186 1135 92 27 afojordt
298 1135 77 20 ärende
396 1135 75 20 skall
465 1130 12 36 i
494 1135 191 26 protokollsutdrag
705 1135 136 24 Magistraten
863 1134 73 28 delgif-

186 1175 43 14 vas.
260 1169 62 20 Detta
343 1169 116 26 stadgande
475 1172 22 17 är
513 1169 47 20 med
583 1169 99 20 afseende
699 1169 13 20 &
727 1169 40 20 den
783 1169 100 26 ställning
899 1169 38 20 och

186 1203 136 27 befogenhet,
344 1209 45 13 som
405 1203 6 19 i
428 1203 141 26 nästföljande
585 1202 80 27 kapitel
681 1203 97 26 tillägges
794 1203 142 26 Magistraten,

185 1237 24 20 af
222 1237 100 20 behofvet
342 1237 115 26 päkalladt.
488 1237 109 20 Utskottet
615 1243 61 14 anser
696 1237 55 20 dock
771 1237 54 26 icke,
844 1239 30 18 att
895 1237 41 20 del-

186 1272 111 27 gifvandet
317 1271 131 27 nödvändigt
469 1271 101 20 behöfver
589 1271 37 20 ske
642 1277 76 20 genom
735 1271 202 26 protokollsutdrag;

186 1313 27 13 en
230 1305 114 27 föreskrift,
360 1307 30 18 att
406 1305 149 21 meddelandet
571 1305 53 20 skall
640 1305 38 20 ske
694 1305 127 27 skriftligen,
836 1305 59 21 torde
906 1312 30 14 re-

186 1341 41 20 dan
244 1343 52 24 göra
310 1339 112 27 tillfyllest.

266 1375 10 20 1
294 1381 61 14 mom.
371 1374 23 20 af
408 1375 26 18 44
450 1376 10 22 $
476 1374 114 26 berättigar
608 1373 190 27 stadsfullmäktige
819 1375 32 19 att
867 1374 71 21 ibland

187 1410 33 26 sig
239 1409 58 26 välja
315 1408 81 20 utskott
413 1408 33 20 för
465 1409 30 19 att
513 1409 92 26 mottaga
624 1408 40 20 och
683 1407 53 21 efter
755 1408 65 20 behof
837 1408 31 20 till
885 1409 51 21 före-

187 1443 107 27 dragning
315 1442 78 20 bereda
413 1442 99 20 ärenden.
542 1442 63 20 Detta
623 1442 125 26 stadgande,
767 1449 44 13 som
827 1442 43 20 står
885 1443 6 19 i
907 1444 29 19 öf-

187 1476 198 21 verensstämmelse
409 1476 48 20 med
477 1475 134 21 föreskriften
628 1476 7 20 i
651 1476 26 20 36
694 1478 17 24 $,
727 1477 31 19 att
772 1476 85 26 ärende,
873 1477 63 21 innan
