1070 1786
797 140 35 19 293

182 204 164 26 Utbetalningen
362 203 54 20 skall
432 204 37 20 ske
486 204 23 20 af
522 204 181 20 ombudsmannen
717 205 33 19 vid
763 205 101 25 sjömans-

114 238 60 20 huset
189 239 7 18 i
212 238 39 20 den
268 238 52 25 stad,
336 238 83 19 hvarest
439 239 187 26 pensionstagaren
645 241 23 17 är
687 238 69 21 bosatt
771 238 51 20 eller
838 238 27 26 på

115 271 90 27 begäran
222 272 83 19 erhållit
320 271 93 20 tillstånd
430 274 29 17 att
475 272 53 26 lyfta
543 272 123 27 pensionen.

458 336 10 21 S
485 334 34 20 37.

182 373 24 26 Ej
226 373 34 20 må
279 374 85 25 pension
385 373 110 26 utbetalas,
517 374 70 20 derest
610 374 47 20 icke
680 373 183 27 pensionsbrefvet

115 409 75 24 upptes
205 407 39 19 och
260 408 60 26 intyg
336 408 22 19 af
372 408 159 20 vederbörande
548 408 132 26 presterskap
692 408 110 26 angående
813 414 51 20 pen-

115 441 156 26 sionstagarens
292 441 54 26 goda
361 442 52 25 frejd
430 442 39 19 och
486 442 67 26 öfriga
569 442 27 26 på
612 442 167 26 pensionsrätten
795 442 69 20 inver-

115 475 70 20 kande
201 475 229 20 lefnadsförhållanden
448 476 69 20 tillika
532 476 109 20 inlemnas.

185 510 41 19 Har
245 510 148 25 pensionsbref
409 509 45 26 gått
473 509 103 21 förloradt
595 510 51 20 eller
662 510 87 20 kommit
763 510 7 19 i
786 510 78 20 obehö-

115 544 32 26 rig
166 544 63 25 hand,
250 544 32 19 må
302 544 185 26 pensionstagaren
507 544 6 19 i
534 544 82 20 landets
634 544 107 20 allmänna
759 544 105 26 tidningar

115 581 32 16 tre
162 578 80 26 gånger
258 578 95 26 kungöra
368 585 33 13 om
418 578 47 20 dess
481 578 106 26 dödande,
603 579 39 19 och
658 585 48 13 vare
721 580 31 18 tre
765 577 100 21 månader

116 612 91 20 derefter
223 612 116 26 berättigad
356 614 30 18 att
402 614 45 24 nytt
462 613 149 25 pensionsbref
625 612 85 20 erhålla.

461 677 10 21 s
488 675 33 19 38.

184 714 82 20 Genom
290 715 68 19 denna
381 714 123 27 förordning
520 715 65 20 varda
601 715 229 26 kofferdireglementet
845 714 23 20 af

117 749 39 19 den
174 749 25 19 30
216 749 54 19 Mars
288 749 52 19 1748
356 748 38 20 och
412 748 150 27 förordningen
579 749 22 19 af
616 749 40 19 den
668 749 23 19 21
704 748 90 26 Augusti
812 749 51 19 1851

115 783 89 19 rörande
221 782 74 27 tillägg
311 782 29 20 till
358 789 79 13 samma
452 782 137 26 reglemente,
605 782 66 20 såsom
689 782 38 20 ock
744 782 41 20 alla
800 782 65 19 andra

116 817 5 19 i
139 817 123 19 hithörande
280 820 74 16 ämnen
370 816 135 20 härförinnan
518 818 65 25 gifna,
595 824 45 13 men
653 817 45 19 med
714 816 151 20 ofvanstående

115 851 131 26 stadganden
262 851 46 19 icke
324 852 230 19 öfverensstämmande
571 851 136 25 föreskrifter,
722 850 30 20 till
767 850 27 20 all
810 850 56 19 kraft

115 885 39 20 och
171 885 78 20 verkan
267 885 111 26 upphäfna.

320 930 73 26 Enligt
407 930 66 19 Hans
486 929 147 28 Kejserliga
643 930 129 26 Majestäts
782 929 84 26 Nådiga

254 964 120 26 befallning,
394 964 71 26 gifven
483 964 7 19 i
510 964 29 20 S:t
561 964 125 27 Petersburg
703 964 39 20 den
759 953 108 44 FRE

254 999 59 19 1871.
845 1001 6 6 N

389 1060 67 21 ALEX.
472 1060 121 21 ARMFELT.

572 1127 36 21 Ch.
624 1128 48 21 Em.
687 1128 121 21 Frosterus.

321 1265 229 27 Sjölagsutskottets
568 1265 150 20 betänkande
735 1265 30 20 N:o
778 1263 18 26 1,
811 1264 6 19 i
833 1269 35 14 an-

252 1300 78 25 ledning
348 1300 20 19 af
384 1300 48 19 Hans
450 1299 109 26 Kejserliga
577 1299 94 26 Majestäts
690 1299 70 26 Nädiga
778 1297 89 28 proposi-

252 1334 41 20 tion
307 1334 97 26 angäende
420 1340 22 19 ny
457 1333 62 26 sjölag
535 1334 31 20 för
581 1334 83 20 Finland.

184 1397 146 20 Förenämnda
344 1396 83 27 Nädiga
442 1397 140 26 proposition,
595 1397 44 19 med
652 1396 125 20 dithörande
788 1396 79 25 förslag

115 1432 57 19 såväl
193 1431 31 20 till
244 1431 132 26 matordning
395 1430 27 26 pä
440 1430 81 20 Finska
539 1431 158 26 handelsfartyg
717 1437 44 12 som
777 1430 32 19 till
826 1429 41 20 för-

114 1466 90 25 ordning
224 1472 33 13 om
274 1465 158 25 sjömanshusen
449 1465 6 18 i
471 1465 81 25 landet,
569 1465 37 19 har
621 1465 23 19 af
660 1465 96 25 samtliga
771 1464 94 20 Ständen
