<?xml version="1.0" encoding="UTF-8"?>
<alto xmlns="http://www.loc.gov/standards/alto/ns-v3#" xmlns:xlink="http://www.w3.org/1999/xlink" xmlns:xsi="http://www.w3.org/2001/XMLSchema-instance" xsi:schemaLocation="http://www.loc.gov/standards/alto/ns-v3# http://www.loc.gov/alto/v3/alto-3-0.xsd">
	<Description>
		<MeasurementUnit>pixel</MeasurementUnit>
		<sourceImageInformation>
			<fileName>/tmp/tess_6ri6tznj_input.PNG</fileName>
		</sourceImageInformation>
		<OCRProcessing ID="OCR_0">
			<ocrProcessingStep>
				<processingSoftware>
					<softwareName>tesseract 5.3.4</softwareName>
				</processingSoftware>
			</ocrProcessingStep>
		</OCRProcessing>
	</Description>
	<Layout>
		<Page WIDTH="1070" HEIGHT="1786" PHYSICAL_IMG_NR="0" ID="page_0">
			<PrintSpace HPOS="0" VPOS="0" WIDTH="1070" HEIGHT="1786">
				<ComposedBlock ID="cblock_0" HPOS="232" VPOS="140" WIDTH="21" HEIGHT="17">
					<TextBlock ID="block_0" HPOS="232" VPOS="140" WIDTH="21" HEIGHT="17">
						<TextLine ID="line_0" HPOS="232" VPOS="140" WIDTH="21" HEIGHT="17">
							<String ID="string_0" HPOS="232" VPOS="140" WIDTH="21" HEIGHT="17" WC="0.92" CONTENT="74"/>
						</TextLine>
					</TextBlock>
				</ComposedBlock>
				<ComposedBlock ID="cblock_1" HPOS="199" VPOS="203" WIDTH="761" HEIGHT="1289">
					<TextBlock ID="block_1" HPOS="199" VPOS="203" WIDTH="753" HEIGHT="333">
						<TextLine ID="line_1" HPOS="199" VPOS="203" WIDTH="750" HEIGHT="27">
							<String ID="string_1" HPOS="199" VPOS="203" WIDTH="128" HEIGHT="25" WC="0.92" CONTENT="förvandlas,"/><SP WIDTH="17" VPOS="203" HPOS="327"/>
							<String ID="string_2" HPOS="344" VPOS="203" WIDTH="47" HEIGHT="25" WC="0.96" CONTENT="jord"/><SP WIDTH="23" VPOS="203" HPOS="391"/>
							<String ID="string_3" HPOS="414" VPOS="203" WIDTH="63" HEIGHT="20" WC="0.93" CONTENT="borde"/><SP WIDTH="17" VPOS="203" HPOS="477"/>
							<String ID="string_4" HPOS="494" VPOS="203" WIDTH="97" HEIGHT="20" WC="0.89" CONTENT="tilldelas."/><SP WIDTH="31" VPOS="203" HPOS="591"/>
							<String ID="string_5" HPOS="622" VPOS="203" WIDTH="39" HEIGHT="20" WC="0.92" CONTENT="Om"/><SP WIDTH="17" VPOS="203" HPOS="661"/>
							<String ID="string_6" HPOS="678" VPOS="203" WIDTH="44" HEIGHT="20" WC="0.90" CONTENT="äter"/><SP WIDTH="16" VPOS="203" HPOS="722"/>
							<String ID="string_7" HPOS="738" VPOS="205" WIDTH="30" HEIGHT="18" WC="0.93" CONTENT="ett"/><SP WIDTH="16" VPOS="205" HPOS="768"/>
							<String ID="string_8" HPOS="784" VPOS="203" WIDTH="106" HEIGHT="27" WC="0.87" CONTENT="nybygge,"/><SP WIDTH="15" VPOS="203" HPOS="890"/>
							<String ID="string_9" HPOS="905" VPOS="209" WIDTH="44" HEIGHT="14" WC="0.96" CONTENT="som"/>
						</TextLine>
						<TextLine ID="line_2" HPOS="199" VPOS="237" WIDTH="752" HEIGHT="27">
							<String ID="string_10" HPOS="199" VPOS="237" WIDTH="47" HEIGHT="20" WC="0.96" CONTENT="icke"/><SP WIDTH="9" VPOS="237" HPOS="246"/>
							<String ID="string_11" HPOS="255" VPOS="237" WIDTH="106" HEIGHT="26" WC="0.93" CONTENT="uppfyller"/><SP WIDTH="9" VPOS="237" HPOS="361"/>
							<String ID="string_12" HPOS="370" VPOS="237" WIDTH="142" HEIGHT="26" WC="0.92" CONTENT="nyssberörda"/><SP WIDTH="12" VPOS="237" HPOS="512"/>
							<String ID="string_13" HPOS="524" VPOS="237" WIDTH="74" HEIGHT="26" WC="0.96" CONTENT="vilkor,"/><SP WIDTH="12" VPOS="237" HPOS="598"/>
							<String ID="string_14" HPOS="610" VPOS="237" WIDTH="83" HEIGHT="20" WC="0.96" CONTENT="komme"/><SP WIDTH="11" VPOS="237" HPOS="693"/>
							<String ID="string_15" HPOS="704" VPOS="239" WIDTH="30" HEIGHT="18" WC="0.93" CONTENT="att"/><SP WIDTH="11" VPOS="239" HPOS="734"/>
							<String ID="string_16" HPOS="745" VPOS="238" WIDTH="130" HEIGHT="26" WC="0.90" CONTENT="igenläggas,"/><SP WIDTH="13" VPOS="238" HPOS="875"/>
							<String ID="string_17" HPOS="888" VPOS="237" WIDTH="63" HEIGHT="20" WC="0.96" CONTENT="borde"/>
						</TextLine>
						<TextLine ID="line_3" HPOS="199" VPOS="271" WIDTH="752" HEIGHT="26">
							<String ID="string_18" HPOS="199" VPOS="271" WIDTH="48" HEIGHT="20" WC="0.93" CONTENT="dess"/><SP WIDTH="16" VPOS="271" HPOS="247"/>
							<String ID="string_19" HPOS="263" VPOS="271" WIDTH="138" HEIGHT="20" WC="0.87" CONTENT="innehafvare"/><SP WIDTH="17" VPOS="271" HPOS="401"/>
							<String ID="string_20" HPOS="418" VPOS="271" WIDTH="65" HEIGHT="20" WC="0.96" CONTENT="blifva"/><SP WIDTH="16" VPOS="271" HPOS="483"/>
							<String ID="string_21" HPOS="499" VPOS="271" WIDTH="29" HEIGHT="20" WC="0.93" CONTENT="till"/><SP WIDTH="18" VPOS="271" HPOS="528"/>
							<String ID="string_22" HPOS="546" VPOS="271" WIDTH="51" HEIGHT="20" WC="0.96" CONTENT="fullo"/><SP WIDTH="16" VPOS="271" HPOS="597"/>
							<String ID="string_23" HPOS="613" VPOS="273" WIDTH="64" HEIGHT="17" WC="0.95" CONTENT="ersatt"/><SP WIDTH="15" VPOS="273" HPOS="677"/>
							<String ID="string_24" HPOS="692" VPOS="271" WIDTH="32" HEIGHT="19" WC="0.96" CONTENT="för"/><SP WIDTH="16" VPOS="271" HPOS="724"/>
							<String ID="string_25" HPOS="740" VPOS="272" WIDTH="45" HEIGHT="19" WC="0.92" CONTENT="sina"/><SP WIDTH="19" VPOS="272" HPOS="785"/>
							<String ID="string_26" HPOS="804" VPOS="271" WIDTH="92" HEIGHT="26" WC="0.92" CONTENT="odlings-"/><SP WIDTH="17" VPOS="271" HPOS="896"/>
							<String ID="string_27" HPOS="913" VPOS="271" WIDTH="38" HEIGHT="19" WC="0.96" CONTENT="och"/>
						</TextLine>
						<TextLine ID="line_4" HPOS="199" VPOS="304" WIDTH="751" HEIGHT="27">
							<String ID="string_28" HPOS="199" VPOS="305" WIDTH="235" HEIGHT="26" WC="0.91" CONTENT="byggnadskostnader."/><SP WIDTH="32" VPOS="305" HPOS="434"/>
							<String ID="string_29" HPOS="466" VPOS="305" WIDTH="105" HEIGHT="25" WC="0.92" CONTENT="Derjemte"/><SP WIDTH="24" VPOS="305" HPOS="571"/>
							<String ID="string_30" HPOS="595" VPOS="305" WIDTH="37" HEIGHT="19" WC="0.90" CONTENT="har"/><SP WIDTH="23" VPOS="305" HPOS="632"/>
							<String ID="string_31" HPOS="655" VPOS="304" WIDTH="107" HEIGHT="26" WC="0.90" CONTENT="utskottet,"/><SP WIDTH="15" VPOS="304" HPOS="762"/>
							<String ID="string_32" HPOS="777" VPOS="306" WIDTH="32" HEIGHT="18" WC="0.96" CONTENT="för"/><SP WIDTH="16" VPOS="306" HPOS="809"/>
							<String ID="string_33" HPOS="825" VPOS="308" WIDTH="30" HEIGHT="17" WC="0.93" CONTENT="att"/><SP WIDTH="16" VPOS="308" HPOS="855"/>
							<String ID="string_34" HPOS="871" VPOS="306" WIDTH="79" HEIGHT="25" WC="0.92" CONTENT="möjlig-"/>
						</TextLine>
						<TextLine ID="line_5" HPOS="199" VPOS="339" WIDTH="753" HEIGHT="27">
							<String ID="string_35" HPOS="199" VPOS="342" WIDTH="53" HEIGHT="23" WC="0.96" CONTENT="göra"/><SP WIDTH="16" VPOS="342" HPOS="252"/>
							<String ID="string_36" HPOS="268" VPOS="342" WIDTH="29" HEIGHT="16" WC="0.93" CONTENT="ett"/><SP WIDTH="20" VPOS="342" HPOS="297"/>
							<String ID="string_37" HPOS="317" VPOS="339" WIDTH="175" HEIGHT="26" WC="0.92" CONTENT="skyndsammare"/><SP WIDTH="22" VPOS="339" HPOS="492"/>
							<String ID="string_38" HPOS="514" VPOS="339" WIDTH="166" HEIGHT="26" WC="0.91" CONTENT="genomförande"/><SP WIDTH="20" VPOS="339" HPOS="680"/>
							<String ID="string_39" HPOS="700" VPOS="339" WIDTH="23" HEIGHT="19" WC="0.96" CONTENT="af"/><SP WIDTH="17" VPOS="339" HPOS="723"/>
							<String ID="string_40" HPOS="740" VPOS="340" WIDTH="39" HEIGHT="18" WC="0.93" CONTENT="den"/><SP WIDTH="25" VPOS="340" HPOS="779"/>
							<String ID="string_41" HPOS="804" VPOS="340" WIDTH="148" HEIGHT="26" WC="0.92" CONTENT="provisionella"/>
						</TextLine>
						<TextLine ID="line_6" HPOS="199" VPOS="373" WIDTH="753" HEIGHT="26">
							<String ID="string_42" HPOS="199" VPOS="373" WIDTH="144" HEIGHT="26" WC="0.92" CONTENT="afvittringen,"/><SP WIDTH="21" VPOS="373" HPOS="343"/>
							<String ID="string_43" HPOS="364" VPOS="375" WIDTH="69" HEIGHT="18" WC="0.92" CONTENT="ansett"/><SP WIDTH="20" VPOS="375" HPOS="433"/>
							<String ID="string_44" HPOS="453" VPOS="373" WIDTH="72" HEIGHT="26" WC="0.93" CONTENT="nödigt"/><SP WIDTH="18" VPOS="373" HPOS="525"/>
							<String ID="string_45" HPOS="543" VPOS="375" WIDTH="36" HEIGHT="23" WC="0.93" CONTENT="att,"/><SP WIDTH="19" VPOS="375" HPOS="579"/>
							<String ID="string_46" HPOS="598" VPOS="373" WIDTH="70" HEIGHT="20" WC="0.93" CONTENT="derest"/><SP WIDTH="15" VPOS="373" HPOS="668"/>
							<String ID="string_47" HPOS="683" VPOS="373" WIDTH="50" HEIGHT="19" WC="0.93" CONTENT="tvist"/><SP WIDTH="16" VPOS="373" HPOS="733"/>
							<String ID="string_48" HPOS="749" VPOS="374" WIDTH="85" HEIGHT="25" WC="0.89" CONTENT="uppstär"/><SP WIDTH="16" VPOS="374" HPOS="834"/>
							<String ID="string_49" HPOS="850" VPOS="374" WIDTH="102" HEIGHT="19" WC="0.96" CONTENT="huruvida"/>
						</TextLine>
						<TextLine ID="line_7" HPOS="199" VPOS="407" WIDTH="753" HEIGHT="26">
							<String ID="string_50" HPOS="199" VPOS="409" WIDTH="31" HEIGHT="17" WC="0.93" CONTENT="ett"/><SP WIDTH="15" VPOS="409" HPOS="230"/>
							<String ID="string_51" HPOS="245" VPOS="407" WIDTH="100" HEIGHT="26" WC="0.92" CONTENT="nybygge"/><SP WIDTH="17" VPOS="407" HPOS="345"/>
							<String ID="string_52" HPOS="362" VPOS="407" WIDTH="52" HEIGHT="19" WC="0.93" CONTENT="eller"/><SP WIDTH="16" VPOS="407" HPOS="414"/>
							<String ID="string_53" HPOS="430" VPOS="409" WIDTH="46" HEIGHT="24" WC="0.92" CONTENT="torp"/><SP WIDTH="16" VPOS="409" HPOS="476"/>
							<String ID="string_54" HPOS="492" VPOS="407" WIDTH="41" HEIGHT="19" WC="0.96" CONTENT="kan"/><SP WIDTH="17" VPOS="407" HPOS="533"/>
							<String ID="string_55" HPOS="550" VPOS="408" WIDTH="30" HEIGHT="18" WC="0.93" CONTENT="till"/><SP WIDTH="21" VPOS="408" HPOS="580"/>
							<String ID="string_56" HPOS="601" VPOS="407" WIDTH="168" HEIGHT="26" WC="0.92" CONTENT="sjelfbestäende"/><SP WIDTH="21" VPOS="407" HPOS="769"/>
							<String ID="string_57" HPOS="790" VPOS="408" WIDTH="99" HEIGHT="25" WC="0.90" CONTENT="lägenhet"/><SP WIDTH="24" VPOS="408" HPOS="889"/>
							<String ID="string_58" HPOS="913" VPOS="408" WIDTH="39" HEIGHT="20" WC="0.90" CONTENT="för-"/>
						</TextLine>
						<TextLine ID="line_8" HPOS="200" VPOS="441" WIDTH="751" HEIGHT="27">
							<String ID="string_59" HPOS="200" VPOS="441" WIDTH="95" HEIGHT="25" WC="0.91" CONTENT="vandlas,"/><SP WIDTH="17" VPOS="441" HPOS="295"/>
							<String ID="string_60" HPOS="312" VPOS="441" WIDTH="72" HEIGHT="27" WC="0.92" CONTENT="frägan"/><SP WIDTH="17" VPOS="441" HPOS="384"/>
							<String ID="string_61" HPOS="401" VPOS="442" WIDTH="71" HEIGHT="19" WC="0.92" CONTENT="derom"/><SP WIDTH="19" VPOS="442" HPOS="472"/>
							<String ID="string_62" HPOS="491" VPOS="441" WIDTH="62" HEIGHT="20" WC="0.93" CONTENT="borde"/><SP WIDTH="17" VPOS="441" HPOS="553"/>
							<String ID="string_63" HPOS="570" VPOS="442" WIDTH="84" HEIGHT="25" WC="0.93" CONTENT="afgöras"/><SP WIDTH="16" VPOS="442" HPOS="654"/>
							<String ID="string_64" HPOS="670" VPOS="448" WIDTH="76" HEIGHT="19" WC="0.96" CONTENT="genom"/><SP WIDTH="17" VPOS="448" HPOS="746"/>
							<String ID="string_65" HPOS="763" VPOS="448" WIDTH="25" HEIGHT="13" WC="0.93" CONTENT="en"/><SP WIDTH="18" VPOS="448" HPOS="788"/>
							<String ID="string_66" HPOS="806" VPOS="442" WIDTH="145" HEIGHT="26" WC="0.92" CONTENT="kompromiss,"/>
						</TextLine>
						<TextLine ID="line_9" HPOS="200" VPOS="476" WIDTH="752" HEIGHT="27">
							<String ID="string_67" HPOS="200" VPOS="476" WIDTH="86" HEIGHT="19" WC="0.95" CONTENT="hvilken"/><SP WIDTH="21" VPOS="476" HPOS="286"/>
							<String ID="string_68" HPOS="307" VPOS="476" WIDTH="68" HEIGHT="19" WC="0.96" CONTENT="skulle"/><SP WIDTH="16" VPOS="476" HPOS="375"/>
							<String ID="string_69" HPOS="391" VPOS="476" WIDTH="23" HEIGHT="19" WC="0.93" CONTENT="af"/><SP WIDTH="14" VPOS="476" HPOS="414"/>
							<String ID="string_70" HPOS="428" VPOS="476" WIDTH="129" HEIGHT="26" WC="0.92" CONTENT="sakegarene"/><SP WIDTH="20" VPOS="476" HPOS="557"/>
							<String ID="string_71" HPOS="577" VPOS="478" WIDTH="55" HEIGHT="17" WC="0.96" CONTENT="utses"/><SP WIDTH="20" VPOS="478" HPOS="632"/>
							<String ID="string_72" HPOS="652" VPOS="476" WIDTH="38" HEIGHT="19" WC="0.96" CONTENT="och"/><SP WIDTH="22" VPOS="476" HPOS="690"/>
							<String ID="string_73" HPOS="712" VPOS="476" WIDTH="28" HEIGHT="18" WC="0.61" CONTENT="uti"/><SP WIDTH="18" VPOS="476" HPOS="740"/>
							<String ID="string_74" HPOS="758" VPOS="476" WIDTH="60" HEIGHT="20" WC="0.96" CONTENT="hvars"/><SP WIDTH="16" VPOS="476" HPOS="818"/>
							<String ID="string_75" HPOS="834" VPOS="476" WIDTH="67" HEIGHT="27" WC="0.93" CONTENT="utslag"/><SP WIDTH="16" VPOS="476" HPOS="901"/>
							<String ID="string_76" HPOS="917" VPOS="480" WIDTH="35" HEIGHT="16" WC="0.91" CONTENT="än-"/>
						</TextLine>
						<TextLine ID="line_10" HPOS="200" VPOS="510" WIDTH="254" HEIGHT="26">
							<String ID="string_77" HPOS="200" VPOS="510" WIDTH="62" HEIGHT="26" WC="0.91" CONTENT="dring"/><SP WIDTH="16" VPOS="510" HPOS="262"/>
							<String ID="string_78" HPOS="278" VPOS="510" WIDTH="20" HEIGHT="25" WC="0.96" CONTENT="ej"/><SP WIDTH="16" VPOS="510" HPOS="298"/>
							<String ID="string_79" HPOS="314" VPOS="510" WIDTH="54" HEIGHT="26" WC="0.96" CONTENT="finge"/><SP WIDTH="16" VPOS="510" HPOS="368"/>
							<String ID="string_80" HPOS="384" VPOS="510" WIDTH="70" HEIGHT="19" WC="0.96" CONTENT="sökas."/>
						</TextLine>
					</TextBlock>
					<TextBlock ID="block_2" HPOS="200" VPOS="544" WIDTH="755" HEIGHT="435">
						<TextLine ID="line_11" HPOS="268" VPOS="544" WIDTH="685" HEIGHT="26">
							<String ID="string_81" HPOS="268" VPOS="544" WIDTH="73" HEIGHT="19" WC="0.95" CONTENT="Såsom"/><SP WIDTH="11" VPOS="544" HPOS="341"/>
							<String ID="string_82" HPOS="352" VPOS="544" WIDTH="64" HEIGHT="20" WC="0.96" CONTENT="redan"/><SP WIDTH="15" VPOS="544" HPOS="416"/>
							<String ID="string_83" HPOS="431" VPOS="544" WIDTH="62" HEIGHT="19" WC="0.96" CONTENT="ofvan"/><SP WIDTH="12" VPOS="544" HPOS="493"/>
							<String ID="string_84" HPOS="505" VPOS="544" WIDTH="80" HEIGHT="19" WC="0.96" CONTENT="anförts"/><SP WIDTH="14" VPOS="544" HPOS="585"/>
							<String ID="string_85" HPOS="599" VPOS="546" WIDTH="38" HEIGHT="17" WC="0.93" CONTENT="äro"/><SP WIDTH="12" VPOS="546" HPOS="637"/>
							<String ID="string_86" HPOS="649" VPOS="544" WIDTH="100" HEIGHT="26" WC="0.92" CONTENT="boskaps-"/><SP WIDTH="10" VPOS="544" HPOS="749"/>
							<String ID="string_87" HPOS="759" VPOS="544" WIDTH="38" HEIGHT="20" WC="0.96" CONTENT="och"/><SP WIDTH="9" VPOS="544" HPOS="797"/>
							<String ID="string_88" HPOS="806" VPOS="545" WIDTH="131" HEIGHT="20" WC="0.96" CONTENT="renskötseln"/><SP WIDTH="11" VPOS="545" HPOS="937"/>
							<String ID="string_89" HPOS="948" VPOS="545" WIDTH="5" HEIGHT="19" WC="0.96" CONTENT="i"/>
						</TextLine>
						<TextLine ID="line_12" HPOS="201" VPOS="578" WIDTH="752" HEIGHT="27">
							<String ID="string_90" HPOS="201" VPOS="578" WIDTH="62" HEIGHT="19" WC="0.96" CONTENT="dessa"/><SP WIDTH="16" VPOS="578" HPOS="263"/>
							<String ID="string_91" HPOS="279" VPOS="578" WIDTH="89" HEIGHT="19" WC="0.96" CONTENT="socknar"/><SP WIDTH="16" VPOS="578" HPOS="368"/>
							<String ID="string_92" HPOS="384" VPOS="578" WIDTH="24" HEIGHT="19" WC="0.96" CONTENT="af"/><SP WIDTH="14" VPOS="578" HPOS="408"/>
							<String ID="string_93" HPOS="422" VPOS="578" WIDTH="89" HEIGHT="26" WC="0.96" CONTENT="mycken"/><SP WIDTH="17" VPOS="578" HPOS="511"/>
							<String ID="string_94" HPOS="528" VPOS="578" WIDTH="50" HEIGHT="26" WC="0.93" CONTENT="vigt."/><SP WIDTH="31" VPOS="578" HPOS="578"/>
							<String ID="string_95" HPOS="609" VPOS="578" WIDTH="52" HEIGHT="19" WC="0.91" CONTENT="Utaf"/><SP WIDTH="13" VPOS="578" HPOS="661"/>
							<String ID="string_96" HPOS="674" VPOS="578" WIDTH="26" HEIGHT="19" WC="0.96" CONTENT="de"/><SP WIDTH="16" VPOS="578" HPOS="700"/>
							<String ID="string_97" HPOS="716" VPOS="579" WIDTH="6" HEIGHT="18" WC="0.96" CONTENT="i"/><SP WIDTH="18" VPOS="579" HPOS="722"/>
							<String ID="string_98" HPOS="740" VPOS="579" WIDTH="115" HEIGHT="26" WC="0.96" CONTENT="Uleåborgs"/><SP WIDTH="17" VPOS="579" HPOS="855"/>
							<String ID="string_99" HPOS="872" VPOS="579" WIDTH="32" HEIGHT="19" WC="0.93" CONTENT="län"/><SP WIDTH="15" VPOS="579" HPOS="904"/>
							<String ID="string_100" HPOS="919" VPOS="579" WIDTH="34" HEIGHT="19" WC="0.92" CONTENT="be-"/>
						</TextLine>
						<TextLine ID="line_13" HPOS="201" VPOS="612" WIDTH="753" HEIGHT="26">
							<String ID="string_101" HPOS="201" VPOS="612" WIDTH="82" HEIGHT="26" WC="0.93" CONTENT="fintliga"/><SP WIDTH="22" VPOS="612" HPOS="283"/>
							<String ID="string_102" HPOS="305" VPOS="612" WIDTH="97" HEIGHT="26" WC="0.93" CONTENT="omkring"/><SP WIDTH="24" VPOS="612" HPOS="402"/>
							<String ID="string_103" HPOS="426" VPOS="612" WIDTH="77" HEIGHT="24" WC="0.92" CONTENT="60,000"/><SP WIDTH="16" VPOS="612" HPOS="503"/>
							<String ID="string_104" HPOS="519" VPOS="618" WIDTH="61" HEIGHT="13" WC="0.93" CONTENT="renar"/><SP WIDTH="17" VPOS="618" HPOS="580"/>
							<String ID="string_105" HPOS="597" VPOS="612" WIDTH="75" HEIGHT="26" WC="0.93" CONTENT="belöpa"/><SP WIDTH="16" VPOS="612" HPOS="672"/>
							<String ID="string_106" HPOS="688" VPOS="612" WIDTH="31" HEIGHT="26" WC="0.93" CONTENT="sig"/><SP WIDTH="17" VPOS="612" HPOS="719"/>
							<String ID="string_107" HPOS="736" VPOS="613" WIDTH="83" HEIGHT="25" WC="0.92" CONTENT="vidpass"/><SP WIDTH="20" VPOS="613" HPOS="819"/>
							<String ID="string_108" HPOS="839" VPOS="613" WIDTH="72" HEIGHT="25" WC="0.92" CONTENT="13,700"/><SP WIDTH="16" VPOS="613" HPOS="911"/>
							<String ID="string_109" HPOS="927" VPOS="613" WIDTH="27" HEIGHT="25" WC="0.96" CONTENT="på"/>
						</TextLine>
						<TextLine ID="line_14" HPOS="200" VPOS="645" WIDTH="755" HEIGHT="27">
							<String ID="string_110" HPOS="200" VPOS="646" WIDTH="164" HEIGHT="26" WC="0.88" CONTENT="ifrägavarande"/><SP WIDTH="20" VPOS="646" HPOS="364"/>
							<String ID="string_111" HPOS="384" VPOS="649" WIDTH="30" HEIGHT="16" WC="0.93" CONTENT="tre"/><SP WIDTH="20" VPOS="649" HPOS="414"/>
							<String ID="string_112" HPOS="434" VPOS="645" WIDTH="95" HEIGHT="20" WC="0.91" CONTENT="socknar."/><SP WIDTH="32" VPOS="645" HPOS="529"/>
							<String ID="string_113" HPOS="561" VPOS="646" WIDTH="40" HEIGHT="19" WC="0.96" CONTENT="För"/><SP WIDTH="20" VPOS="646" HPOS="601"/>
							<String ID="string_114" HPOS="621" VPOS="648" WIDTH="30" HEIGHT="17" WC="0.96" CONTENT="att"/><SP WIDTH="19" VPOS="648" HPOS="651"/>
							<String ID="string_115" HPOS="670" VPOS="645" WIDTH="72" HEIGHT="20" WC="0.93" CONTENT="kunna"/><SP WIDTH="20" VPOS="645" HPOS="742"/>
							<String ID="string_116" HPOS="762" VPOS="646" WIDTH="48" HEIGHT="20" WC="0.92" CONTENT="föda"/><SP WIDTH="16" VPOS="646" HPOS="810"/>
							<String ID="string_117" HPOS="826" VPOS="647" WIDTH="60" HEIGHT="19" WC="0.93" CONTENT="dessa"/><SP WIDTH="17" VPOS="647" HPOS="886"/>
							<String ID="string_118" HPOS="903" VPOS="647" WIDTH="52" HEIGHT="19" WC="0.92" CONTENT="half-"/>
						</TextLine>
						<TextLine ID="line_15" HPOS="202" VPOS="679" WIDTH="751" HEIGHT="27">
							<String ID="string_119" HPOS="202" VPOS="680" WIDTH="57" HEIGHT="19" WC="0.91" CONTENT="vilda"/><SP WIDTH="11" VPOS="680" HPOS="259"/>
							<String ID="string_120" HPOS="270" VPOS="680" WIDTH="46" HEIGHT="26" WC="0.93" CONTENT="djur"/><SP WIDTH="12" VPOS="680" HPOS="316"/>
							<String ID="string_121" HPOS="328" VPOS="679" WIDTH="66" HEIGHT="20" WC="0.92" CONTENT="mäste"/><SP WIDTH="18" VPOS="679" HPOS="394"/>
							<String ID="string_122" HPOS="412" VPOS="680" WIDTH="148" HEIGHT="26" WC="0.93" CONTENT="befolkningen"/><SP WIDTH="17" VPOS="680" HPOS="560"/>
							<String ID="string_123" HPOS="577" VPOS="680" WIDTH="61" HEIGHT="19" WC="0.92" CONTENT="äfven"/><SP WIDTH="18" VPOS="680" HPOS="638"/>
							<String ID="string_124" HPOS="656" VPOS="680" WIDTH="113" HEIGHT="20" WC="0.92" CONTENT="framdeles"/><SP WIDTH="18" VPOS="680" HPOS="769"/>
							<String ID="string_125" HPOS="787" VPOS="681" WIDTH="116" HEIGHT="19" WC="0.92" CONTENT="bibehällas"/><SP WIDTH="17" VPOS="681" HPOS="903"/>
							<String ID="string_126" HPOS="920" VPOS="682" WIDTH="33" HEIGHT="18" WC="0.96" CONTENT="vid"/>
						</TextLine>
						<TextLine ID="line_16" HPOS="202" VPOS="714" WIDTH="751" HEIGHT="26">
							<String ID="string_127" HPOS="202" VPOS="714" WIDTH="47" HEIGHT="20" WC="0.93" CONTENT="dess"/><SP WIDTH="17" VPOS="714" HPOS="249"/>
							<String ID="string_128" HPOS="266" VPOS="714" WIDTH="101" HEIGHT="26" WC="0.96" CONTENT="rättighet"/><SP WIDTH="15" VPOS="714" HPOS="367"/>
							<String ID="string_129" HPOS="382" VPOS="716" WIDTH="30" HEIGHT="17" WC="0.93" CONTENT="att"/><SP WIDTH="16" VPOS="716" HPOS="412"/>
							<String ID="string_130" HPOS="428" VPOS="714" WIDTH="41" HEIGHT="19" WC="0.96" CONTENT="låta"/><SP WIDTH="16" VPOS="714" HPOS="469"/>
							<String ID="string_131" HPOS="485" VPOS="714" WIDTH="46" HEIGHT="19" WC="0.93" CONTENT="sina"/><SP WIDTH="16" VPOS="714" HPOS="531"/>
							<String ID="string_132" HPOS="547" VPOS="714" WIDTH="124" HEIGHT="25" WC="0.92" CONTENT="renhjordar"/><SP WIDTH="17" VPOS="714" HPOS="671"/>
							<String ID="string_133" HPOS="688" VPOS="714" WIDTH="49" HEIGHT="20" WC="0.93" CONTENT="beta"/><SP WIDTH="16" VPOS="714" HPOS="737"/>
							<String ID="string_134" HPOS="753" VPOS="714" WIDTH="95" HEIGHT="20" WC="0.96" CONTENT="öfverallt"/><SP WIDTH="12" VPOS="714" HPOS="848"/>
							<String ID="string_135" HPOS="860" VPOS="715" WIDTH="6" HEIGHT="19" WC="0.93" CONTENT="i"/><SP WIDTH="12" VPOS="715" HPOS="866"/>
							<String ID="string_136" HPOS="878" VPOS="715" WIDTH="75" HEIGHT="19" WC="0.92" CONTENT="krono-"/>
						</TextLine>
						<TextLine ID="line_17" HPOS="201" VPOS="748" WIDTH="753" HEIGHT="26">
							<String ID="string_137" HPOS="201" VPOS="749" WIDTH="106" HEIGHT="25" WC="0.90" CONTENT="skogarne"/><SP WIDTH="19" VPOS="749" HPOS="307"/>
							<String ID="string_138" HPOS="326" VPOS="751" WIDTH="54" HEIGHT="17" WC="0.96" CONTENT="samt"/><SP WIDTH="20" VPOS="751" HPOS="380"/>
							<String ID="string_139" HPOS="400" VPOS="751" WIDTH="30" HEIGHT="17" WC="0.96" CONTENT="att"/><SP WIDTH="20" VPOS="751" HPOS="430"/>
							<String ID="string_140" HPOS="450" VPOS="748" WIDTH="65" HEIGHT="20" WC="0.93" CONTENT="under"/><SP WIDTH="16" VPOS="748" HPOS="515"/>
							<String ID="string_141" HPOS="531" VPOS="748" WIDTH="81" HEIGHT="20" WC="0.96" CONTENT="vintern"/><SP WIDTH="20" VPOS="748" HPOS="612"/>
							<String ID="string_142" HPOS="632" VPOS="748" WIDTH="20" HEIGHT="20" WC="0.96" CONTENT="få"/><SP WIDTH="15" VPOS="748" HPOS="652"/>
							<String ID="string_143" HPOS="667" VPOS="748" WIDTH="51" HEIGHT="20" WC="0.91" CONTENT="fälla"/><SP WIDTH="16" VPOS="748" HPOS="718"/>
							<String ID="string_144" HPOS="734" VPOS="749" WIDTH="99" HEIGHT="25" WC="0.91" CONTENT="gärtallar"/><SP WIDTH="16" VPOS="749" HPOS="833"/>
							<String ID="string_145" HPOS="849" VPOS="750" WIDTH="39" HEIGHT="18" WC="0.93" CONTENT="och"/><SP WIDTH="17" VPOS="750" HPOS="888"/>
							<String ID="string_146" HPOS="905" VPOS="750" WIDTH="49" HEIGHT="19" WC="0.89" CONTENT="nöd-"/>
						</TextLine>
						<TextLine ID="line_18" HPOS="202" VPOS="782" WIDTH="752" HEIGHT="26">
							<String ID="string_147" HPOS="202" VPOS="789" WIDTH="71" HEIGHT="13" WC="0.92" CONTENT="vuxna"/><SP WIDTH="19" VPOS="789" HPOS="273"/>
							<String ID="string_148" HPOS="292" VPOS="789" WIDTH="76" HEIGHT="19" WC="0.95" CONTENT="granar"/><SP WIDTH="21" VPOS="789" HPOS="368"/>
							<String ID="string_149" HPOS="389" VPOS="783" WIDTH="31" HEIGHT="19" WC="0.93" CONTENT="för"/><SP WIDTH="21" VPOS="783" HPOS="420"/>
							<String ID="string_150" HPOS="441" VPOS="783" WIDTH="104" HEIGHT="19" WC="0.95" CONTENT="vinnande"/><SP WIDTH="16" VPOS="783" HPOS="545"/>
							<String ID="string_151" HPOS="561" VPOS="782" WIDTH="23" HEIGHT="20" WC="0.93" CONTENT="af"/><SP WIDTH="14" VPOS="782" HPOS="584"/>
							<String ID="string_152" HPOS="598" VPOS="782" WIDTH="96" HEIGHT="26" WC="0.55" CONTENT="skägelaf"/><SP WIDTH="17" VPOS="782" HPOS="694"/>
							<String ID="string_153" HPOS="711" VPOS="782" WIDTH="31" HEIGHT="19" WC="0.93" CONTENT="till"/><SP WIDTH="17" VPOS="782" HPOS="742"/>
							<String ID="string_154" HPOS="759" VPOS="783" WIDTH="48" HEIGHT="19" WC="0.96" CONTENT="föda"/><SP WIDTH="16" VPOS="783" HPOS="807"/>
							<String ID="string_155" HPOS="823" VPOS="783" WIDTH="20" HEIGHT="19" WC="0.93" CONTENT="ät"/><SP WIDTH="16" VPOS="783" HPOS="843"/>
							<String ID="string_156" HPOS="859" VPOS="790" WIDTH="95" HEIGHT="12" WC="0.92" CONTENT="renarne."/>
						</TextLine>
						<TextLine ID="line_19" HPOS="202" VPOS="816" WIDTH="753" HEIGHT="27">
							<String ID="string_157" HPOS="202" VPOS="817" WIDTH="107" HEIGHT="26" WC="0.90" CONTENT="Derjemte"/><SP WIDTH="17" VPOS="817" HPOS="309"/>
							<String ID="string_158" HPOS="326" VPOS="817" WIDTH="66" HEIGHT="19" WC="0.92" CONTENT="måste"/><SP WIDTH="16" VPOS="817" HPOS="392"/>
							<String ID="string_159" HPOS="408" VPOS="816" WIDTH="277" HEIGHT="26" WC="0.91" CONTENT="lägenhetsinnehafvarene"/><SP WIDTH="17" VPOS="816" HPOS="685"/>
							<String ID="string_160" HPOS="702" VPOS="816" WIDTH="127" HEIGHT="20" WC="0.96" CONTENT="fortfarande"/><SP WIDTH="14" VPOS="816" HPOS="829"/>
							<String ID="string_161" HPOS="843" VPOS="817" WIDTH="19" HEIGHT="19" WC="0.93" CONTENT="få"/><SP WIDTH="12" VPOS="817" HPOS="862"/>
							<String ID="string_162" HPOS="874" VPOS="817" WIDTH="81" HEIGHT="20" WC="0.68" CONTENT="insköx-"/>
						</TextLine>
						<TextLine ID="line_20" HPOS="202" VPOS="850" WIDTH="752" HEIGHT="27">
							<String ID="string_163" HPOS="202" VPOS="852" WIDTH="27" HEIGHT="18" WC="0.93" CONTENT="da"/><SP WIDTH="16" VPOS="852" HPOS="229"/>
							<String ID="string_164" HPOS="245" VPOS="852" WIDTH="115" HEIGHT="25" WC="0.91" CONTENT="höäringen"/><SP WIDTH="18" VPOS="852" HPOS="360"/>
							<String ID="string_165" HPOS="378" VPOS="851" WIDTH="44" HEIGHT="19" WC="0.96" CONTENT="från"/><SP WIDTH="17" VPOS="851" HPOS="422"/>
							<String ID="string_166" HPOS="439" VPOS="851" WIDTH="26" HEIGHT="19" WC="0.96" CONTENT="de"/><SP WIDTH="16" VPOS="851" HPOS="465"/>
							<String ID="string_167" HPOS="481" VPOS="851" WIDTH="22" HEIGHT="19" WC="0.95" CONTENT="af"/><SP WIDTH="14" VPOS="851" HPOS="503"/>
							<String ID="string_168" HPOS="517" VPOS="851" WIDTH="46" HEIGHT="19" WC="0.93" CONTENT="dem"/><SP WIDTH="21" VPOS="851" HPOS="563"/>
							<String ID="string_169" HPOS="584" VPOS="850" WIDTH="137" HEIGHT="26" WC="0.88" CONTENT="upprödjade,"/><SP WIDTH="21" VPOS="850" HPOS="721"/>
							<String ID="string_170" HPOS="742" VPOS="851" WIDTH="43" HEIGHT="19" WC="0.96" CONTENT="ofta"/><SP WIDTH="15" VPOS="851" HPOS="785"/>
							<String ID="string_171" HPOS="800" VPOS="851" WIDTH="26" HEIGHT="26" WC="0.93" CONTENT="pä"/><SP WIDTH="17" VPOS="851" HPOS="826"/>
							<String ID="string_172" HPOS="843" VPOS="851" WIDTH="50" HEIGHT="19" WC="0.96" CONTENT="flera"/><SP WIDTH="16" VPOS="851" HPOS="893"/>
							<String ID="string_173" HPOS="909" VPOS="851" WIDTH="45" HEIGHT="19" WC="0.96" CONTENT="mils"/>
						</TextLine>
						<TextLine ID="line_21" HPOS="202" VPOS="884" WIDTH="751" HEIGHT="27">
							<String ID="string_174" HPOS="202" VPOS="885" WIDTH="82" HEIGHT="20" WC="0.92" CONTENT="afständ"/><SP WIDTH="17" VPOS="885" HPOS="284"/>
							<String ID="string_175" HPOS="301" VPOS="885" WIDTH="44" HEIGHT="19" WC="0.96" CONTENT="från"/><SP WIDTH="17" VPOS="885" HPOS="345"/>
							<String ID="string_176" HPOS="362" VPOS="885" WIDTH="78" HEIGHT="26" WC="0.96" CONTENT="gården"/><SP WIDTH="18" VPOS="885" HPOS="440"/>
							<String ID="string_177" HPOS="458" VPOS="885" WIDTH="89" HEIGHT="25" WC="0.93" CONTENT="belägna"/><SP WIDTH="11" VPOS="885" HPOS="547"/>
							<String ID="string_178" HPOS="558" VPOS="885" WIDTH="122" HEIGHT="26" WC="0.92" CONTENT="ängslotter,"/><SP WIDTH="12" VPOS="885" HPOS="680"/>
							<String ID="string_179" HPOS="692" VPOS="884" WIDTH="61" HEIGHT="20" WC="0.96" CONTENT="äfven"/><SP WIDTH="18" VPOS="884" HPOS="753"/>
							<String ID="string_180" HPOS="771" VPOS="891" WIDTH="32" HEIGHT="12" WC="0.96" CONTENT="om"/><SP WIDTH="17" VPOS="891" HPOS="803"/>
							<String ID="string_181" HPOS="820" VPOS="885" WIDTH="61" HEIGHT="19" WC="0.91" CONTENT="dessa"/><SP WIDTH="15" VPOS="885" HPOS="881"/>
							<String ID="string_182" HPOS="896" VPOS="884" WIDTH="57" HEIGHT="20" WC="0.91" CONTENT="kom-"/>
						</TextLine>
						<TextLine ID="line_22" HPOS="203" VPOS="919" WIDTH="749" HEIGHT="26">
							<String ID="string_183" HPOS="203" VPOS="925" WIDTH="32" HEIGHT="14" WC="0.96" CONTENT="me"/><SP WIDTH="17" VPOS="925" HPOS="235"/>
							<String ID="string_184" HPOS="252" VPOS="921" WIDTH="30" HEIGHT="17" WC="0.94" CONTENT="att"/><SP WIDTH="16" VPOS="921" HPOS="282"/>
							<String ID="string_185" HPOS="298" VPOS="919" WIDTH="57" HEIGHT="26" WC="0.96" CONTENT="ligga"/><SP WIDTH="14" VPOS="919" HPOS="355"/>
							<String ID="string_186" HPOS="369" VPOS="919" WIDTH="56" HEIGHT="19" WC="0.96" CONTENT="inom"/><SP WIDTH="13" VPOS="919" HPOS="425"/>
							<String ID="string_187" HPOS="438" VPOS="925" WIDTH="23" HEIGHT="13" WC="0.93" CONTENT="en"/><SP WIDTH="13" VPOS="925" HPOS="461"/>
							<String ID="string_188" HPOS="474" VPOS="919" WIDTH="82" HEIGHT="19" WC="0.92" CONTENT="afrösad"/><SP WIDTH="17" VPOS="919" HPOS="556"/>
							<String ID="string_189" HPOS="573" VPOS="919" WIDTH="167" HEIGHT="26" WC="0.92" CONTENT="öfverloppsjord"/><SP WIDTH="12" VPOS="919" HPOS="740"/>
							<String ID="string_190" HPOS="752" VPOS="920" WIDTH="53" HEIGHT="18" WC="0.93" CONTENT="samt"/><SP WIDTH="13" VPOS="920" HPOS="805"/>
							<String ID="string_191" HPOS="818" VPOS="919" WIDTH="76" HEIGHT="19" WC="0.93" CONTENT="tillåtas"/><SP WIDTH="13" VPOS="919" HPOS="894"/>
							<String ID="string_192" HPOS="907" VPOS="919" WIDTH="45" HEIGHT="19" WC="0.92" CONTENT="der-"/>
						</TextLine>
						<TextLine ID="line_23" HPOS="202" VPOS="953" WIDTH="583" HEIGHT="26">
							<String ID="string_193" HPOS="202" VPOS="953" WIDTH="152" HEIGHT="20" WC="0.92" CONTENT="sammastädes"/><SP WIDTH="16" VPOS="953" HPOS="354"/>
							<String ID="string_194" HPOS="370" VPOS="953" WIDTH="50" HEIGHT="19" WC="0.93" CONTENT="idka"/><SP WIDTH="13" VPOS="953" HPOS="420"/>
							<String ID="string_195" HPOS="433" VPOS="953" WIDTH="52" HEIGHT="26" WC="0.92" CONTENT="jagt,"/><SP WIDTH="17" VPOS="953" HPOS="485"/>
							<String ID="string_196" HPOS="502" VPOS="953" WIDTH="152" HEIGHT="26" WC="0.92" CONTENT="vildrenfängst"/><SP WIDTH="15" VPOS="953" HPOS="654"/>
							<String ID="string_197" HPOS="669" VPOS="953" WIDTH="39" HEIGHT="19" WC="0.93" CONTENT="och"/><SP WIDTH="18" VPOS="953" HPOS="708"/>
							<String ID="string_198" HPOS="726" VPOS="953" WIDTH="59" HEIGHT="19" WC="0.92" CONTENT="fiske."/>
						</TextLine>
					</TextBlock>
					<TextBlock ID="block_3" HPOS="204" VPOS="987" WIDTH="753" HEIGHT="333">
						<TextLine ID="line_24" HPOS="282" VPOS="987" WIDTH="674" HEIGHT="26">
							<String ID="string_199" HPOS="282" VPOS="987" WIDTH="32" HEIGHT="20" WC="0.89" CONTENT="Dä"/><SP WIDTH="24" VPOS="987" HPOS="314"/>
							<String ID="string_200" HPOS="338" VPOS="987" WIDTH="135" HEIGHT="20" WC="0.89" CONTENT="oftanämnde"/><SP WIDTH="29" VPOS="987" HPOS="473"/>
							<String ID="string_201" HPOS="502" VPOS="987" WIDTH="101" HEIGHT="20" WC="0.91" CONTENT="socknars"/><SP WIDTH="25" VPOS="987" HPOS="603"/>
							<String ID="string_202" HPOS="628" VPOS="987" WIDTH="159" HEIGHT="25" WC="0.91" CONTENT="sammanlagda"/><SP WIDTH="26" VPOS="987" HPOS="787"/>
							<String ID="string_203" HPOS="813" VPOS="987" WIDTH="56" HEIGHT="19" WC="0.95" CONTENT="areal"/><SP WIDTH="28" VPOS="987" HPOS="869"/>
							<String ID="string_204" HPOS="897" VPOS="989" WIDTH="59" HEIGHT="24" WC="0.96" CONTENT="utgör"/>
						</TextLine>
						<TextLine ID="line_25" HPOS="204" VPOS="1021" WIDTH="752" HEIGHT="25">
							<String ID="string_205" HPOS="204" VPOS="1022" WIDTH="113" HEIGHT="24" WC="0.87" CONTENT="9,699,428"/><SP WIDTH="24" VPOS="1022" HPOS="317"/>
							<String ID="string_206" HPOS="341" VPOS="1021" WIDTH="113" HEIGHT="20" WC="0.87" CONTENT="tunneland"/><SP WIDTH="23" VPOS="1021" HPOS="454"/>
							<String ID="string_207" HPOS="477" VPOS="1021" WIDTH="39" HEIGHT="20" WC="0.96" CONTENT="och"/><SP WIDTH="24" VPOS="1021" HPOS="516"/>
							<String ID="string_208" HPOS="540" VPOS="1021" WIDTH="35" HEIGHT="19" WC="0.96" CONTENT="det"/><SP WIDTH="20" VPOS="1021" HPOS="575"/>
							<String ID="string_209" HPOS="595" VPOS="1021" WIDTH="19" HEIGHT="19" WC="0.96" CONTENT="ät"/><SP WIDTH="16" VPOS="1021" HPOS="614"/>
							<String ID="string_210" HPOS="630" VPOS="1021" WIDTH="40" HEIGHT="20" WC="0.93" CONTENT="466"/><SP WIDTH="22" VPOS="1021" HPOS="670"/>
							<String ID="string_211" HPOS="692" VPOS="1023" WIDTH="97" HEIGHT="17" WC="0.96" CONTENT="hemman"/><SP WIDTH="24" VPOS="1023" HPOS="789"/>
							<String ID="string_212" HPOS="813" VPOS="1021" WIDTH="46" HEIGHT="20" WC="0.93" CONTENT="med"/><SP WIDTH="23" VPOS="1021" HPOS="859"/>
							<String ID="string_213" HPOS="882" VPOS="1021" WIDTH="74" HEIGHT="20" WC="0.92" CONTENT="inalles"/>
						</TextLine>
						<TextLine ID="line_26" HPOS="204" VPOS="1055" WIDTH="752" HEIGHT="27">
							<String ID="string_214" HPOS="204" VPOS="1055" WIDTH="79" HEIGHT="27" WC="0.44" CONTENT="66/3,"/><SP WIDTH="17" VPOS="1055" HPOS="283"/>
							<String ID="string_215" HPOS="300" VPOS="1056" WIDTH="78" HEIGHT="19" WC="0.96" CONTENT="mantal"/><SP WIDTH="16" VPOS="1056" HPOS="378"/>
							<String ID="string_216" HPOS="394" VPOS="1055" WIDTH="74" HEIGHT="26" WC="0.96" CONTENT="skulle,"/><SP WIDTH="17" VPOS="1055" HPOS="468"/>
							<String ID="string_217" HPOS="485" VPOS="1055" WIDTH="53" HEIGHT="20" WC="0.93" CONTENT="efter"/><SP WIDTH="17" VPOS="1055" HPOS="538"/>
							<String ID="string_218" HPOS="555" VPOS="1055" WIDTH="116" HEIGHT="26" WC="0.96" CONTENT="beräkning"/><SP WIDTH="16" VPOS="1055" HPOS="671"/>
							<String ID="string_219" HPOS="687" VPOS="1055" WIDTH="23" HEIGHT="20" WC="0.96" CONTENT="af"/><SP WIDTH="14" VPOS="1055" HPOS="710"/>
							<String ID="string_220" HPOS="724" VPOS="1055" WIDTH="61" HEIGHT="20" WC="0.93" CONTENT="minst"/><SP WIDTH="13" VPOS="1055" HPOS="785"/>
							<String ID="string_221" HPOS="798" VPOS="1055" WIDTH="73" HEIGHT="25" WC="0.92" CONTENT="12,000"/><SP WIDTH="12" VPOS="1055" HPOS="871"/>
							<String ID="string_222" HPOS="883" VPOS="1058" WIDTH="73" HEIGHT="17" WC="0.92" CONTENT="tunne-"/>
						</TextLine>
						<TextLine ID="line_27" HPOS="204" VPOS="1089" WIDTH="752" HEIGHT="26">
							<String ID="string_223" HPOS="204" VPOS="1089" WIDTH="49" HEIGHT="20" WC="0.96" CONTENT="land"/><SP WIDTH="17" VPOS="1089" HPOS="253"/>
							<String ID="string_224" HPOS="270" VPOS="1089" WIDTH="21" HEIGHT="20" WC="0.96" CONTENT="åt"/><SP WIDTH="16" VPOS="1089" HPOS="291"/>
							<String ID="string_225" HPOS="307" VPOS="1089" WIDTH="71" HEIGHT="26" WC="0.95" CONTENT="hvarje"/><SP WIDTH="18" VPOS="1089" HPOS="378"/>
							<String ID="string_226" HPOS="396" VPOS="1089" WIDTH="83" HEIGHT="26" WC="0.93" CONTENT="mantal,"/><SP WIDTH="12" VPOS="1089" HPOS="479"/>
							<String ID="string_227" HPOS="491" VPOS="1089" WIDTH="49" HEIGHT="26" WC="0.91" CONTENT="ätgä"/><SP WIDTH="11" VPOS="1089" HPOS="540"/>
							<String ID="string_228" HPOS="551" VPOS="1089" WIDTH="97" HEIGHT="26" WC="0.93" CONTENT="omkring"/><SP WIDTH="12" VPOS="1089" HPOS="648"/>
							<String ID="string_229" HPOS="660" VPOS="1089" WIDTH="91" HEIGHT="26" WC="0.92" CONTENT="800,000"/><SP WIDTH="12" VPOS="1089" HPOS="751"/>
							<String ID="string_230" HPOS="763" VPOS="1089" WIDTH="121" HEIGHT="26" WC="0.92" CONTENT="tunneland,"/><SP WIDTH="13" VPOS="1089" HPOS="884"/>
							<String ID="string_231" HPOS="897" VPOS="1089" WIDTH="59" HEIGHT="20" WC="0.91" CONTENT="hvar-"/>
						</TextLine>
						<TextLine ID="line_28" HPOS="204" VPOS="1123" WIDTH="752" HEIGHT="26">
							<String ID="string_232" HPOS="204" VPOS="1123" WIDTH="31" HEIGHT="20" WC="0.96" CONTENT="till"/><SP WIDTH="20" VPOS="1123" HPOS="235"/>
							<String ID="string_233" HPOS="255" VPOS="1126" WIDTH="56" HEIGHT="17" WC="0.96" CONTENT="ännu"/><SP WIDTH="22" VPOS="1126" HPOS="311"/>
							<String ID="string_234" HPOS="333" VPOS="1123" WIDTH="64" HEIGHT="20" WC="0.93" CONTENT="borde"/><SP WIDTH="19" VPOS="1123" HPOS="397"/>
							<String ID="string_235" HPOS="416" VPOS="1123" WIDTH="73" HEIGHT="26" WC="0.91" CONTENT="läggas"/><SP WIDTH="23" VPOS="1123" HPOS="489"/>
							<String ID="string_236" HPOS="512" VPOS="1124" WIDTH="13" HEIGHT="19" WC="0.93" CONTENT="2"/><SP WIDTH="23" VPOS="1124" HPOS="525"/>
							<String ID="string_237" HPOS="548" VPOS="1124" WIDTH="12" HEIGHT="19" WC="0.87" CONTENT="&amp;"/><SP WIDTH="23" VPOS="1124" HPOS="560"/>
							<String ID="string_238" HPOS="583" VPOS="1124" WIDTH="90" HEIGHT="25" WC="0.90" CONTENT="300,000"/><SP WIDTH="19" VPOS="1124" HPOS="673"/>
							<String ID="string_239" HPOS="692" VPOS="1123" WIDTH="115" HEIGHT="20" WC="0.88" CONTENT="tunneland"/><SP WIDTH="20" VPOS="1123" HPOS="807"/>
							<String ID="string_240" HPOS="827" VPOS="1123" WIDTH="32" HEIGHT="20" WC="0.96" CONTENT="för"/><SP WIDTH="20" VPOS="1123" HPOS="859"/>
							<String ID="string_241" HPOS="879" VPOS="1123" WIDTH="26" HEIGHT="20" WC="0.96" CONTENT="de"/><SP WIDTH="22" VPOS="1123" HPOS="905"/>
							<String ID="string_242" HPOS="927" VPOS="1124" WIDTH="29" HEIGHT="19" WC="0.96" CONTENT="till"/>
						</TextLine>
						<TextLine ID="line_29" HPOS="204" VPOS="1157" WIDTH="752" HEIGHT="27">
							<String ID="string_243" HPOS="204" VPOS="1157" WIDTH="165" HEIGHT="26" WC="0.92" CONTENT="sjelfbestäende"/><SP WIDTH="18" VPOS="1157" HPOS="369"/>
							<String ID="string_244" HPOS="387" VPOS="1157" WIDTH="121" HEIGHT="26" WC="0.91" CONTENT="lägenheter"/><SP WIDTH="16" VPOS="1157" HPOS="508"/>
							<String ID="string_245" HPOS="524" VPOS="1158" WIDTH="141" HEIGHT="26" WC="0.89" CONTENT="öfvergäende"/><SP WIDTH="17" VPOS="1158" HPOS="665"/>
							<String ID="string_246" HPOS="682" VPOS="1157" WIDTH="123" HEIGHT="26" WC="0.90" CONTENT="nybyggen,"/><SP WIDTH="20" VPOS="1157" HPOS="805"/>
							<String ID="string_247" HPOS="825" VPOS="1157" WIDTH="84" HEIGHT="20" WC="0.92" CONTENT="komme"/><SP WIDTH="22" VPOS="1157" HPOS="909"/>
							<String ID="string_248" HPOS="931" VPOS="1158" WIDTH="25" HEIGHT="19" WC="0.96" CONTENT="de"/>
						</TextLine>
						<TextLine ID="line_30" HPOS="205" VPOS="1191" WIDTH="751" HEIGHT="27">
							<String ID="string_249" HPOS="205" VPOS="1192" WIDTH="86" HEIGHT="19" WC="0.92" CONTENT="Kronan"/><SP WIDTH="20" VPOS="1192" HPOS="291"/>
							<String ID="string_250" HPOS="311" VPOS="1191" WIDTH="127" HEIGHT="20" WC="0.90" CONTENT="tillfallande"/><SP WIDTH="19" VPOS="1191" HPOS="438"/>
							<String ID="string_251" HPOS="457" VPOS="1192" WIDTH="148" HEIGHT="26" WC="0.91" CONTENT="skogsmarker"/><SP WIDTH="19" VPOS="1192" HPOS="605"/>
							<String ID="string_252" HPOS="624" VPOS="1193" WIDTH="29" HEIGHT="18" WC="0.93" CONTENT="att"/><SP WIDTH="19" VPOS="1193" HPOS="653"/>
							<String ID="string_253" HPOS="672" VPOS="1191" WIDTH="78" HEIGHT="26" WC="0.92" CONTENT="belöpa"/><SP WIDTH="14" VPOS="1191" HPOS="750"/>
							<String ID="string_254" HPOS="764" VPOS="1192" WIDTH="32" HEIGHT="25" WC="0.96" CONTENT="sig"/><SP WIDTH="16" VPOS="1192" HPOS="796"/>
							<String ID="string_255" HPOS="812" VPOS="1191" WIDTH="31" HEIGHT="19" WC="0.96" CONTENT="till"/><SP WIDTH="16" VPOS="1191" HPOS="843"/>
							<String ID="string_256" HPOS="859" VPOS="1198" WIDTH="57" HEIGHT="13" WC="0.96" CONTENT="mera"/><SP WIDTH="14" VPOS="1198" HPOS="916"/>
							<String ID="string_257" HPOS="930" VPOS="1194" WIDTH="26" HEIGHT="17" WC="0.96" CONTENT="än"/>
						</TextLine>
						<TextLine ID="line_31" HPOS="205" VPOS="1225" WIDTH="751" HEIGHT="26">
							<String ID="string_258" HPOS="205" VPOS="1226" WIDTH="113" HEIGHT="25" WC="0.89" CONTENT="8,500,000"/><SP WIDTH="24" VPOS="1226" HPOS="318"/>
							<String ID="string_259" HPOS="342" VPOS="1226" WIDTH="121" HEIGHT="25" WC="0.89" CONTENT="tunneland,"/><SP WIDTH="20" VPOS="1226" HPOS="463"/>
							<String ID="string_260" HPOS="483" VPOS="1226" WIDTH="86" HEIGHT="19" WC="0.91" CONTENT="hvilken"/><SP WIDTH="24" VPOS="1226" HPOS="569"/>
							<String ID="string_261" HPOS="593" VPOS="1232" WIDTH="116" HEIGHT="19" WC="0.91" CONTENT="egomassa,"/><SP WIDTH="17" VPOS="1232" HPOS="709"/>
							<String ID="string_262" HPOS="726" VPOS="1226" WIDTH="61" HEIGHT="19" WC="0.93" CONTENT="äfven"/><SP WIDTH="25" VPOS="1226" HPOS="787"/>
							<String ID="string_263" HPOS="812" VPOS="1225" WIDTH="65" HEIGHT="20" WC="0.92" CONTENT="under"/><SP WIDTH="23" VPOS="1225" HPOS="877"/>
							<String ID="string_264" HPOS="900" VPOS="1228" WIDTH="56" HEIGHT="18" WC="0.92" CONTENT="anta-"/>
						</TextLine>
						<TextLine ID="line_32" HPOS="205" VPOS="1260" WIDTH="752" HEIGHT="27">
							<String ID="string_265" HPOS="205" VPOS="1260" WIDTH="71" HEIGHT="26" WC="0.95" CONTENT="gande"/><SP WIDTH="15" VPOS="1260" HPOS="276"/>
							<String ID="string_266" HPOS="291" VPOS="1260" WIDTH="23" HEIGHT="19" WC="0.93" CONTENT="af"/><SP WIDTH="14" VPOS="1260" HPOS="314"/>
							<String ID="string_267" HPOS="328" VPOS="1261" WIDTH="76" HEIGHT="18" WC="0.95" CONTENT="minsta"/><SP WIDTH="22" VPOS="1261" HPOS="404"/>
							<String ID="string_268" HPOS="426" VPOS="1260" WIDTH="85" HEIGHT="26" WC="0.93" CONTENT="möjliga"/><SP WIDTH="18" VPOS="1260" HPOS="511"/>
							<String ID="string_269" HPOS="529" VPOS="1260" WIDTH="123" HEIGHT="27" WC="0.92" CONTENT="afkastning"/><SP WIDTH="15" VPOS="1260" HPOS="652"/>
							<String ID="string_270" HPOS="667" VPOS="1261" WIDTH="5" HEIGHT="18" WC="0.96" CONTENT="i"/><SP WIDTH="18" VPOS="1261" HPOS="672"/>
							<String ID="string_271" HPOS="690" VPOS="1260" WIDTH="119" HEIGHT="25" WC="0.93" CONTENT="framtiden,"/><SP WIDTH="19" VPOS="1260" HPOS="809"/>
							<String ID="string_272" HPOS="828" VPOS="1263" WIDTH="129" HEIGHT="22" WC="0.92" CONTENT="represente-"/>
						</TextLine>
						<TextLine ID="line_33" HPOS="206" VPOS="1293" WIDTH="482" HEIGHT="27">
							<String ID="string_273" HPOS="206" VPOS="1301" WIDTH="33" HEIGHT="12" WC="0.93" CONTENT="rar"/><SP WIDTH="17" VPOS="1301" HPOS="239"/>
							<String ID="string_274" HPOS="256" VPOS="1296" WIDTH="28" HEIGHT="17" WC="0.96" CONTENT="ett"/><SP WIDTH="17" VPOS="1296" HPOS="284"/>
							<String ID="string_275" HPOS="301" VPOS="1294" WIDTH="63" HEIGHT="19" WC="0.96" CONTENT="värde"/><SP WIDTH="16" VPOS="1294" HPOS="364"/>
							<String ID="string_276" HPOS="380" VPOS="1293" WIDTH="22" HEIGHT="20" WC="0.93" CONTENT="af"/><SP WIDTH="15" VPOS="1293" HPOS="402"/>
							<String ID="string_277" HPOS="417" VPOS="1294" WIDTH="75" HEIGHT="25" WC="0.91" CONTENT="mänga"/><SP WIDTH="17" VPOS="1294" HPOS="492"/>
							<String ID="string_278" HPOS="509" VPOS="1294" WIDTH="96" HEIGHT="26" WC="0.96" CONTENT="miljoner"/><SP WIDTH="17" VPOS="1294" HPOS="605"/>
							<String ID="string_279" HPOS="622" VPOS="1294" WIDTH="66" HEIGHT="20" WC="0.96" CONTENT="mark."/>
						</TextLine>
					</TextBlock>
					<TextBlock ID="block_4" HPOS="206" VPOS="1328" WIDTH="752" HEIGHT="94">
						<TextLine ID="line_34" HPOS="275" VPOS="1328" WIDTH="683" HEIGHT="26">
							<String ID="string_280" HPOS="275" VPOS="1328" WIDTH="29" HEIGHT="19" WC="0.90" CONTENT="Pä"/><SP WIDTH="15" VPOS="1328" HPOS="304"/>
							<String ID="string_281" HPOS="319" VPOS="1328" WIDTH="66" HEIGHT="26" WC="0.96" CONTENT="grund"/><SP WIDTH="18" VPOS="1328" HPOS="385"/>
							<String ID="string_282" HPOS="403" VPOS="1328" WIDTH="23" HEIGHT="19" WC="0.96" CONTENT="af"/><SP WIDTH="18" VPOS="1328" HPOS="426"/>
							<String ID="string_283" HPOS="444" VPOS="1329" WIDTH="34" HEIGHT="19" WC="0.92" CONTENT="det"/><SP WIDTH="20" VPOS="1329" HPOS="478"/>
							<String ID="string_284" HPOS="498" VPOS="1328" WIDTH="152" HEIGHT="20" WC="0.92" CONTENT="ofvananförda"/><SP WIDTH="23" VPOS="1328" HPOS="650"/>
							<String ID="string_285" HPOS="673" VPOS="1328" WIDTH="31" HEIGHT="20" WC="0.91" CONTENT="fär"/><SP WIDTH="24" VPOS="1328" HPOS="704"/>
							<String ID="string_286" HPOS="728" VPOS="1328" WIDTH="101" HEIGHT="20" WC="0.91" CONTENT="utskottet"/><SP WIDTH="23" VPOS="1328" HPOS="829"/>
							<String ID="string_287" HPOS="852" VPOS="1329" WIDTH="106" HEIGHT="19" WC="0.96" CONTENT="vördsamt"/>
						</TextLine>
						<TextLine ID="line_35" HPOS="206" VPOS="1362" WIDTH="751" HEIGHT="26">
							<String ID="string_288" HPOS="206" VPOS="1362" WIDTH="107" HEIGHT="26" WC="0.96" CONTENT="tillstyrka"/><SP WIDTH="15" VPOS="1362" HPOS="313"/>
							<String ID="string_289" HPOS="328" VPOS="1365" WIDTH="30" HEIGHT="16" WC="0.93" CONTENT="att"/><SP WIDTH="15" VPOS="1365" HPOS="358"/>
							<String ID="string_290" HPOS="373" VPOS="1362" WIDTH="118" HEIGHT="20" WC="0.91" CONTENT="Ständerna"/><SP WIDTH="23" VPOS="1362" HPOS="491"/>
							<String ID="string_291" HPOS="514" VPOS="1362" WIDTH="63" HEIGHT="20" WC="0.96" CONTENT="måtte"/><SP WIDTH="22" VPOS="1362" HPOS="577"/>
							<String ID="string_292" HPOS="599" VPOS="1363" WIDTH="33" HEIGHT="19" WC="0.97" CONTENT="vid"/><SP WIDTH="20" VPOS="1363" HPOS="632"/>
							<String ID="string_293" HPOS="652" VPOS="1363" WIDTH="35" HEIGHT="18" WC="0.93" CONTENT="sitt"/><SP WIDTH="17" VPOS="1363" HPOS="687"/>
							<String ID="string_294" HPOS="704" VPOS="1362" WIDTH="58" HEIGHT="19" WC="0.95" CONTENT="bifall"/><SP WIDTH="16" VPOS="1362" HPOS="762"/>
							<String ID="string_295" HPOS="778" VPOS="1362" WIDTH="30" HEIGHT="19" WC="0.93" CONTENT="till"/><SP WIDTH="18" VPOS="1362" HPOS="808"/>
							<String ID="string_296" HPOS="826" VPOS="1363" WIDTH="131" HEIGHT="20" WC="0.92" CONTENT="knektekon-"/>
						</TextLine>
						<TextLine ID="line_36" HPOS="206" VPOS="1396" WIDTH="532" HEIGHT="26">
							<String ID="string_297" HPOS="206" VPOS="1397" WIDTH="96" HEIGHT="20" WC="0.91" CONTENT="traktens"/><SP WIDTH="16" VPOS="1397" HPOS="302"/>
							<String ID="string_298" HPOS="318" VPOS="1396" WIDTH="148" HEIGHT="26" WC="0.91" CONTENT="upphäfvande"/><SP WIDTH="17" VPOS="1396" HPOS="466"/>
							<String ID="string_299" HPOS="483" VPOS="1397" WIDTH="52" HEIGHT="19" WC="0.92" CONTENT="fästa"/><SP WIDTH="16" VPOS="1397" HPOS="535"/>
							<String ID="string_300" HPOS="551" VPOS="1396" WIDTH="93" HEIGHT="26" WC="0.93" CONTENT="följande"/><SP WIDTH="16" VPOS="1396" HPOS="644"/>
							<String ID="string_301" HPOS="660" VPOS="1396" WIDTH="78" HEIGHT="19" WC="0.92" CONTENT="vilkor:"/>
						</TextLine>
					</TextBlock>
					<TextBlock ID="block_5" HPOS="276" VPOS="1429" WIDTH="684" HEIGHT="63">
						<TextLine ID="line_37" HPOS="344" VPOS="1429" WIDTH="616" HEIGHT="28">
							<String ID="string_302" HPOS="344" VPOS="1431" WIDTH="33" HEIGHT="19" WC="0.96" CONTENT="att"/><SP WIDTH="20" VPOS="1431" HPOS="377"/>
							<String ID="string_303" HPOS="397" VPOS="1430" WIDTH="3" HEIGHT="19" WC="0.95" CONTENT="i"/><SP WIDTH="16" VPOS="1430" HPOS="400"/>
							<String ID="string_304" HPOS="416" VPOS="1429" WIDTH="118" HEIGHT="26" WC="0.92" CONTENT="Kuusamo,"/><SP WIDTH="21" VPOS="1429" HPOS="534"/>
							<String ID="string_305" HPOS="555" VPOS="1429" WIDTH="126" HEIGHT="21" WC="0.92" CONTENT="Kemiträsk"/><SP WIDTH="21" VPOS="1429" HPOS="681"/>
							<String ID="string_306" HPOS="702" VPOS="1429" WIDTH="36" HEIGHT="21" WC="0.96" CONTENT="och"/><SP WIDTH="17" VPOS="1429" HPOS="738"/>
							<String ID="string_307" HPOS="755" VPOS="1429" WIDTH="133" HEIGHT="28" WC="0.93" CONTENT="Kuolajärvi"/><SP WIDTH="15" VPOS="1429" HPOS="888"/>
							<String ID="string_308" HPOS="903" VPOS="1430" WIDTH="57" HEIGHT="21" WC="0.93" CONTENT="sock-"/>
						</TextLine>
						<TextLine ID="line_38" HPOS="276" VPOS="1463" WIDTH="683" HEIGHT="29">
							<String ID="string_309" HPOS="276" VPOS="1471" WIDTH="41" HEIGHT="14" WC="0.91" CONTENT="nar"/><SP WIDTH="15" VPOS="1471" HPOS="317"/>
							<String ID="string_310" HPOS="332" VPOS="1463" WIDTH="229" HEIGHT="28" WC="0.88" CONTENT="öfverloppsjordarne"/><SP WIDTH="24" VPOS="1463" HPOS="561"/>
							<String ID="string_311" HPOS="585" VPOS="1464" WIDTH="121" HEIGHT="20" WC="0.88" CONTENT="tillsvidare"/><SP WIDTH="21" VPOS="1464" HPOS="706"/>
							<String ID="string_312" HPOS="727" VPOS="1463" WIDTH="88" HEIGHT="27" WC="0.91" CONTENT="afrösas"/><SP WIDTH="18" VPOS="1463" HPOS="815"/>
							<String ID="string_313" HPOS="833" VPOS="1464" WIDTH="76" HEIGHT="21" WC="0.93" CONTENT="endast"/><SP WIDTH="14" VPOS="1464" HPOS="909"/>
							<String ID="string_314" HPOS="923" VPOS="1472" WIDTH="36" HEIGHT="20" WC="0.93" CONTENT="ge-"/>
						</TextLine>
					</TextBlock>
				</ComposedBlock>
			</PrintSpace>
		</Page>
	</Layout>
</alto>
