1070 1786
209 144 23 17 40

176 207 161 26 ifrågavarande
352 207 100 26 intresse;
467 207 40 20 och
523 214 43 13 som
587 207 34 20 det
637 207 49 23 icke
702 214 37 13 ens
756 207 75 20 blifver
846 207 82 27 möjligt

176 243 32 18 att
223 241 125 20 derutinnan
365 241 102 20 fastställa
483 242 64 26 några
562 242 77 26 påbud,
656 242 74 20 hvilka
745 248 49 13 vore
810 241 118 20 ändamåls-

178 275 72 26 enliga
266 275 39 20 och
321 275 125 26 tillämpliga
462 276 31 19 för
509 276 40 19 alla
561 276 81 20 landets
655 276 131 26 vattendrag,
798 276 62 19 hafva
871 275 59 20 Stän-

179 310 65 19 derna
255 309 102 26 derjemte
371 312 49 17 trott
432 310 31 26 sig
481 310 50 20 böra
547 310 84 20 förorda
646 310 100 26 speciella
760 310 172 26 ordningsreglor

179 344 32 19 för
226 343 124 27 flottningen
367 344 6 19 i
390 344 25 19 de
431 344 104 20 särskilda
550 344 160 26 vattendragen.

249 377 78 20 Vidare
342 380 23 17 är
379 378 35 19 det
426 378 127 20 Ständernas
564 378 54 26 åsigt
629 380 29 18 att
670 362 157 42 författningen
832 384 33 14 om
879 378 52 20 flott-

181 412 57 26 ning,
254 411 61 20 hvars
330 412 94 19 innehåll
440 412 113 26 lämpligen
571 412 67 20 skulle
655 412 80 20 kunnat
750 412 49 26 ingå
810 413 28 19 uti
849 412 84 26 Nådiga

183 446 158 26 Förordningen
364 446 110 26 angående
498 446 184 26 vattenledningar
705 447 39 19 och
769 446 123 20 vattenverk
913 447 23 19 af

182 480 39 20 den
238 480 26 20 23
282 480 54 20 Mars
358 480 52 20 1868
430 480 39 20 och
489 480 37 20 der
547 480 56 20 bilda
626 482 30 18 ett
678 480 85 20 särskilt
786 480 86 27 kapitel,
897 480 37 20 bör

183 520 50 14 vara
255 514 87 20 sålunda
365 514 162 20 sammanfattad
551 517 29 17 att
603 514 68 26 begge
694 514 175 27 författningarne
894 514 40 20 till-

184 554 105 14 sammans
313 548 33 20 må
369 548 72 20 kunna
463 554 60 14 anses
548 548 56 20 bilda
623 550 30 18 ett
668 548 44 20 helt
729 548 31 20 för
778 548 38 27 sig,
847 548 88 20 Derföre

184 583 76 19 blifver
283 583 35 19 det
341 583 61 19 äfven
427 589 25 13 en
476 583 160 25 nödvändighet
656 585 31 17 att
710 582 92 20 undvika
825 589 25 13 en
870 585 65 17 större

185 616 163 26 omständlighet
374 616 52 20 eller
452 616 125 26 detaljering
601 616 23 20 af
645 616 99 26 frågorne
768 619 25 16 än
821 616 47 25 den,
891 622 44 14 som

185 650 162 20 förekommer
336 646 14 35 i
368 651 37 19 sist
427 651 65 26 sagde
514 650 130 26 författning.
679 650 29 20 Af
724 656 79 14 samma
821 650 62 20 orsak
903 656 32 20 sy-

187 690 36 14 nes
248 684 36 20 det
306 684 40 20 ock
370 684 96 26 lämpligt
488 686 30 18 att
540 684 48 20 icke
611 690 94 20 upprepa
732 684 79 20 sådana
838 684 98 26 stadgan-

186 718 48 26 den,
252 724 45 14 som
317 718 37 20 der
373 718 64 20 redan
460 718 65 20 finnas
541 718 105 26 återgifna
661 718 39 20 och
716 721 36 17 äro
768 718 125 26 tillämpliga
911 718 27 26 på

186 752 162 26 ifrågavarande
374 752 205 25 rättsförhållanden,
602 752 54 20 helst
680 752 35 20 det
734 752 6 20 i
760 752 115 20 allmänhet
898 752 39 19 för-

187 786 72 20 svårar
283 786 158 26 bekantskapen
465 786 46 20 med
534 786 39 20 och
597 787 92 25 insigten
714 786 28 20 uti
766 788 28 18 ett
817 786 121 26 lagsystem,

188 827 34 13 om
238 822 143 24 rättsnormer,
397 820 72 20 hvilka
485 823 35 17 äro
536 820 39 20 och
592 820 50 20 böra
662 826 50 14 vara
728 826 157 20 gemensamma
908 819 31 19 för

189 855 51 19 flere
260 855 58 20 olika
336 855 154 25 förhållanden,
510 854 64 20 blifva
593 854 26 26 på
646 854 68 20 skilda
733 854 74 20 ställen
829 853 110 26 återgifna,

190 889 99 26 vanligen
306 890 5 18 i
328 889 57 20 olika
408 889 150 26 sammanhang
581 889 38 19 och
643 888 45 19 ofta
707 888 80 26 jemväl
803 888 7 19 i
826 887 114 20 afvikande

190 923 93 26 ordalag.
318 923 53 25 Den,
394 929 44 14 som
462 923 100 20 behöfver
585 922 95 26 tillämpa
703 921 150 26 författningen
877 921 63 26 angå-

190 957 54 20 ende
264 957 103 26 flottning,
384 957 41 19 kan
442 957 6 19 i
464 957 71 26 hvarje
556 956 100 20 händelse
674 955 48 21 icke
742 955 92 20 undvara
853 961 25 13 en
896 957 44 17 när-

192 998 56 13 mare
265 991 121 20 kännedom
405 997 33 14 om
457 990 164 27 stadgandena
610 986 12 35 i
638 990 150 25 författningen
808 995 33 14 om
862 991 78 17 vatten-

191 1025 118 27 ledningar.

260 1059 9 20 I
285 1059 151 26 sammanhang
459 1059 46 20 med
529 1059 35 19 det
587 1058 146 26 nyssanförda,
756 1063 51 14 anse
826 1057 117 20 Ständerna

193 1094 32 25 sig
242 1094 50 19 böra
308 1093 110 20 framhålla
434 1099 25 14 en
475 1093 88 19 särskild
574 1093 29 19 uti
618 1092 159 26 propositionen
789 1091 154 20 förekomman-

194 1127 26 20 de
236 1127 52 20 brist
304 1127 26 27 på
346 1127 180 26 samstämmighet
542 1127 47 19 med
605 1126 40 20 den
662 1125 120 26 åberopade
793 1125 150 25 författningen

194 1161 22 20 af
230 1161 23 20 år
268 1161 62 20 1868.
361 1161 34 20 Uti
411 1163 10 22 $
437 1161 23 20 21
480 1167 61 13 mom.
558 1161 11 19 3
585 1160 94 26 föreslås,
696 1162 30 17 att
741 1160 48 25 den,
803 1166 43 13 som
863 1159 83 20 erhållit

194 1196 100 20 tillåtelse
309 1198 30 17 att
354 1196 77 19 inrätta
446 1202 25 12 en
488 1194 87 26 flottled,
591 1194 47 20 icke
660 1200 50 13 vore
730 1194 77 26 pligtig
823 1192 30 20 att
868 1200 75 19 genom

194 1230 183 26 skyddsanstalter
393 1229 129 20 förekomma
537 1228 77 20 skador
630 1228 12 19 å
658 1228 80 19 sådana
754 1227 131 25 vattenverk,
901 1234 43 13 som

195 1264 48 19 icke
260 1264 68 20 blifvit
344 1264 46 19 med
407 1263 142 26 vederbörligt
565 1262 92 20 tillstånd
674 1261 99 27 anlagda.
803 1262 32 19 Då
848 1262 53 19 1868
913 1261 33 20 års

196 1298 123 25 förordning
335 1298 5 19 i
358 1298 55 19 vissa
428 1297 35 20 fall
479 1297 77 20 tillåter
572 1297 130 26 anläggning
719 1295 22 20 af
756 1295 124 20 vattenverk
897 1297 48 18 utan

196 1332 69 19 vilkor
281 1338 33 13 om
330 1332 128 25 föregående
478 1337 37 20 syn
537 1331 39 19 och
594 1330 85 20 särskilt
699 1329 100 26 tillstånd,
816 1329 23 20 så
854 1329 42 20 kan
913 1329 35 20 det

197 1366 33 19 väl
246 1366 48 19 icke
310 1365 85 20 komma
409 1366 7 19 i
432 1365 64 26 fråga,
512 1367 31 17 att
558 1365 61 19 dessa
637 1363 147 26 inrättningar,
800 1363 73 20 hvilka
889 1363 57 26 lagli-

196 1407 42 19 gen
254 1400 129 25 tillkommit,
400 1399 63 20 ehuru
483 1399 58 20 detta
559 1399 48 20 icke
627 1398 55 20 skett
698 1398 28 26 på
741 1397 66 27 grund
824 1397 23 20 af
861 1397 87 26 specielt

197 1434 101 25 tillstånd,
314 1437 54 17 samt
383 1434 61 19 deras
459 1440 70 20 egare,
545 1433 71 20 hvilka
633 1433 55 19 velat
705 1432 27 26 på
742 1434 29 17 ett
782 1431 69 27 lofligt
861 1433 42 18 sätt
913 1438 34 13 an-

197 1469 70 19 vända
282 1469 39 20 och
337 1468 65 26 draga
418 1469 59 25 nytta
491 1468 23 19 af
528 1467 32 20 sin
577 1466 136 26 tillhörighet,
730 1465 67 20 skulle
814 1472 44 13 mer
873 1468 26 17 än
913 1472 35 13 an-
