1070 1786
798 148 34 17 395

194 210 37 27 lig,
249 209 49 22 söke
319 209 166 27 befälhafvaren
503 211 33 19 att
555 209 69 20 sådan
646 209 85 21 erhålla
750 210 38 20 och
805 210 61 27 godt-

193 245 51 26 göre
259 243 41 21 den
314 243 98 28 skäligen
428 242 55 28 efter
501 243 210 27 öfverenskommelse
726 243 51 20 eller
793 243 73 21 doma-

194 284 49 14 rens
255 277 113 27 pröfning.

262 306 34 25 Är
306 310 69 26 faran
388 311 24 20 så
422 310 93 21 hotande
526 313 32 19 att
569 311 26 20 de
605 311 20 27 ej
636 310 75 21 kunna
722 311 33 27 på
765 310 101 28 fartyget

194 346 140 26 qvarstanna,
351 344 52 21 böra
419 344 26 21 de
459 347 55 18 utan
529 345 105 27 dröjsmål
650 345 70 27 draga
729 344 92 29 försorg
833 352 33 13 om

194 378 104 28 bergning
313 378 30 27 af
348 378 81 28 fartyg
447 378 38 21 och
505 379 42 20 last
565 381 56 18 samt
636 378 74 21 dertill
725 379 67 27 nödig
807 378 59 28 hjelp

194 412 52 21 söka
262 412 38 21 och
314 412 109 27 anskaffa.

362 458 31 27 $$
409 458 115 21 160—163
539 458 155 27 oförändrade.

489 509 16 27 $
520 510 48 20 164.

263 549 134 28 Bergarelön
416 548 61 21 bör
465 544 16 37 i
495 549 124 26 allmänhet,
638 549 28 21 dä
686 548 105 22 särskildt
806 549 60 27 aftal

195 584 73 20 derom
286 585 21 25 ej
323 583 61 25 skett,
403 584 52 26 utgä
469 583 58 27 frän
545 583 35 21 det
597 583 111 21 räddades
725 583 66 21 värde
811 583 56 27 efter

196 618 83 27 afdrag
294 617 29 28 af
334 618 25 20 de
374 617 116 21 kostnader
505 617 105 28 bergaren
620 617 50 27 fått
678 616 40 28 för
728 618 138 27 egendomens

196 652 184 27 tillvaratagande
400 650 127 22 vidkännas.
560 651 77 27 Hafva
658 651 151 27 befälhafvare
828 652 38 20 och

196 686 122 27 besättning
334 686 32 20 uti
382 685 131 28 bergningen
529 686 97 26 deltagit,
642 685 38 21 bör
696 686 71 20 denna
783 686 34 20 lön
833 686 32 26 ef-

196 722 33 18 ter
240 718 108 28 pröfning
364 718 126 21 bestämmas
502 718 35 21 till
551 719 67 20 minst
634 725 24 14 en
674 718 62 27 tolfte
752 718 37 21 och
805 718 61 28 högst

196 760 26 13 en
237 754 62 26 sjette
314 753 40 24 del,
365 759 46 14 men
423 752 29 20 dä
463 752 132 28 bergningen
605 752 55 21 skett
675 754 53 18 utan
745 752 63 21 deras
822 759 44 14 om-

196 793 50 21 sorg
261 786 38 21 och
314 786 134 24 medverkan,
467 786 35 20 till
517 787 67 20 minst
599 793 25 13 en
639 786 63 27 sjette
716 786 38 21 och
768 786 62 28 högst
841 793 26 13 en

197 821 69 27 tredje
282 821 35 20 del
332 820 30 27 af
372 820 66 28 sagde
454 820 131 27 behållning.
615 820 54 20 Kan
684 820 34 20 det
732 820 87 27 styrkas
835 822 32 18 att

197 854 115 28 bergarens
318 854 58 28 fara
387 854 52 21 eller
450 854 102 20 använda
565 854 63 20 möda
644 854 38 20 och
697 854 97 20 omtanke
809 854 58 20 varit

196 890 76 23 större,
288 890 28 19 än
338 891 32 18 att
389 888 62 21 dessa
473 888 75 20 kunna
571 894 62 14 anses
654 888 94 20 sälunda
769 887 99 28 skäligen

196 922 139 27 godtgjorda,
351 922 34 20 mä
404 923 70 19 större
493 921 126 28 bergarelön
638 921 54 27 efter
709 921 158 28 omständighe-

198 959 62 18 terna
274 955 110 25 beräknas,
396 955 52 20 dock
462 955 47 20 icke
524 955 9 20 i
547 955 67 28 nägot
624 955 48 27 fall
687 955 84 27 utöfver
787 955 80 21 behäll-

198 990 80 27 ningen
293 989 30 28 af
333 989 35 22 det
383 989 103 21 räddade.

366 1035 30 27 $$
411 1035 118 22 165—172
543 1034 153 28 oförändrade.

493 1087 15 26 $
524 1087 49 20 173.

266 1125 99 21 Deremot
380 1131 50 14 vare
439 1125 116 27 förbjudet
571 1127 32 19 att
613 1125 108 27 försäkra
732 1125 135 28 befälhafva-

198 1167 34 14 res
256 1160 35 20 lön
313 1159 38 21 och
374 1159 93 27 kaplake
486 1162 56 18 samt
561 1159 132 22 besättnings
711 1159 60 28 hyra,
788 1167 79 14 annor-

200 1193 68 21 lunda
283 1195 28 19 än
326 1193 8 20 i
348 1193 31 27 $$
394 1194 42 19 184
452 1192 38 21 och
506 1194 42 19 185
564 1195 67 25 säges.
692 1193 177 28 krigsförnöden-

198 1227 60 21 heter
272 1227 37 20 och
324 1226 115 28 lifsmedel,
456 1226 73 21 hvilka
545 1226 89 21 tillhöra
648 1227 52 21 eller
710 1230 38 18 äro
760 1227 109 22 bestämda

199 1264 33 19 att
242 1261 67 27 föras
324 1261 35 20 till
375 1260 84 21 landets
469 1259 134 28 förklarade
612 1261 80 27 fiende,
698 1261 43 27 får
751 1261 44 21 icke
806 1264 63 25 tagas

195 1295 137 28 försäkring,
349 1294 37 21 och
401 1295 21 26 ej
438 1294 67 21 heller
519 1295 36 20 må
569 1295 70 20 sådan
655 1295 69 21 slutas
740 1296 14 19 å
764 1295 104 28 föremål,

200 1330 64 21 hvars
284 1329 48 21 hela
351 1328 64 21 värde
434 1328 77 27 häftar
520 1327 42 28 för
578 1328 142 27 bodmerilån;
735 1336 46 14 men
796 1331 27 19 är
839 1330 31 20 lå-

200 1367 35 18 net
256 1364 89 23 mindre,
366 1363 43 20 kan
428 1362 40 21 den
487 1362 179 29 öfverskjutande
680 1363 61 20 delen
756 1363 29 28 af
795 1364 75 20 värdet

196 1398 126 27 försäkras.

371 1441 31 28 $$
417 1442 114 21 174—190
547 1441 156 26 oförändrade.
