1070 1786
121 845 54 28 652.

63 1151 28 29 SS
112 1153 63 20 53-56.

215 135 36 18 486

181 197 111 26 framstält,
315 197 38 20 och
370 203 44 14 som
431 197 34 20 vid
488 195 139 21 redaktionen
650 195 57 20 såväl
724 196 23 20 af
760 197 65 26 sagde
848 203 44 14 som
914 196 22 20 af

181 232 27 19 46
225 233 11 23 $
252 232 66 26 gjorts
334 231 105 27 gällande,
456 233 29 17 att
501 230 107 26 nemligen
624 230 136 27 Magistraten
775 230 49 21 icke
839 231 92 20 omedel-

182 266 46 20 bart
244 266 70 20 skulle
333 265 121 20 handhafva
472 264 160 27 verkställighet
648 265 39 19 och
703 265 136 26 förvaltning,
860 265 74 20 hvilka

182 300 98 20 deremot
301 300 66 20 under
390 300 147 26 Magistratens
559 298 101 20 inseende
679 299 69 19 skulle
769 299 118 20 tillkomma
907 299 25 20 de

183 334 32 20 för
235 334 105 20 särskilda
359 333 98 20 ändamål
476 332 88 20 tillsatta
579 332 107 26 styrelser,
702 332 103 20 nämnder
821 333 52 19 eller
888 339 45 20 per-

183 374 70 19 soner,
270 368 38 19 har
323 367 102 20 utskottet
440 367 61 19 äfven
518 367 6 19 i
541 367 24 19 51
583 368 10 22 $
608 366 30 20 till
655 366 216 21 drätselkammarens
881 366 51 26 ålig-

184 402 85 27 ganden
290 402 84 19 hänfört
392 400 157 27 förvaltningen
565 400 23 20 af
602 400 73 20 staden
691 400 127 21 tillhörande
834 401 99 27 fastighe-

184 439 38 17 ter.
253 436 64 20 Detta
327 436 59 20 torde
398 436 63 20 äfven
476 436 45 19 från
538 435 41 20 den
595 435 108 26 synpunkt
717 435 72 20 kunna
804 436 130 26 godkännas,

184 472 30 19 att
230 470 156 27 förvaltningen
406 470 24 20 af
443 470 28 20 all
487 470 84 20 stadens
592 469 102 27 egendom
711 469 32 20 för
759 470 67 20 bättre
845 470 90 26 ordning

184 505 41 20 och
245 504 53 20 reda
318 504 38 20 bör
376 511 51 13 vara
450 504 37 20 hos
503 511 25 13 en
546 504 124 26 myndighet
687 503 93 21 förenad.
810 504 9 19 I
835 504 101 26 förslaget

186 540 78 19 saknas
285 539 105 20 dessutom
406 541 30 17 ett
451 538 125 26 uttryckligt
595 538 124 26 stadgande,
735 538 22 20 af
774 538 61 20 hvem
851 538 85 20 stadens

187 574 126 26 fastigheter
335 573 60 20 skola
410 573 106 25 förvaltas,
536 573 99 20 ehuruväl
655 573 114 26 ordalagen
785 573 5 19 i
811 573 26 19 46
853 575 10 22 $
886 575 51 24 göra

187 607 37 20 det
235 607 114 26 sannolikt,
365 609 30 18 att
410 607 70 20 denna
495 607 128 26 förvaltning
638 607 53 19 varit
706 606 74 20 afsedd
794 608 31 19 att
835 607 100 19 handhaf-

187 648 37 13 vas
240 642 24 19 af
277 642 145 26 Magistraten.

256 676 42 19 För
313 676 26 19 de
358 678 96 18 närmare
474 676 185 26 bestämningarna
674 682 33 13 om
724 675 213 20 drätselkammarens

187 709 137 21 verksamhet
347 710 120 20 förutsätter
487 711 23 19 51
528 712 10 22 $
559 712 30 18 ett
607 709 98 20 särskildt
728 710 209 26 drätselreglemente

187 744 32 19 för
241 744 73 26 hvarje
329 744 53 20 stad.
411 744 10 20 I
436 744 100 20 afseende
557 744 13 20 å
585 744 135 26 uppgörande
744 744 38 20 och
805 744 90 26 ändring
916 744 23 20 af

187 777 76 21 sådant
277 778 131 26 reglemente
424 779 37 19 har
477 778 100 20 utskottet
593 780 67 18 ansett
676 779 32 25 sig
723 778 51 20 böra
785 778 76 20 föreslå
873 778 64 27 några

188 812 159 26 förtydligande
367 812 82 27 tillägg,
473 812 73 20 hvilka
566 812 46 20 icke
628 812 59 20 torde
704 812 89 20 behöfva
809 812 68 27 någon
895 820 41 13 mo-

192 846 98 26 tivering.
320 840 28 26 Åt
364 847 217 26 drätselreglementet
600 846 140 20 öfverlemnas
759 846 61 20 äfven
837 849 30 17 att
882 847 57 27 gifva

187 880 132 20 föreskrifter
338 887 34 13 om
392 881 155 19 ledamöternes
563 881 6 18 i
585 880 200 20 drätselkammaren
805 881 64 23 antal,
885 882 52 25 tjen-

188 914 63 20 stetid
268 921 26 13 m.
312 921 26 12 m.
369 915 26 19 52
412 917 9 21 $
438 915 83 26 stadgar
537 915 6 20 i
559 915 58 20 detta
632 915 101 19 afseende
749 915 80 23 endast,
845 917 30 17 att
891 915 47 19 dess

187 948 125 26 ledamöter,
335 949 74 20 liksom
432 949 68 27 öfriga
515 949 101 20 nämnder
632 949 38 19 och
688 949 132 26 bestyrelser,
836 949 62 20 skola
909 952 30 17 ut-

188 989 33 14 ses
240 983 24 20 af
280 983 191 26 stadsfullmäktige
493 984 58 25 eller,
570 983 37 20 der
628 984 18 25 ej
663 983 78 20 sädane
762 983 74 25 finnas,
856 983 23 20 af
892 983 45 20 räd-

189 1017 135 26 husstämma,
340 1020 54 17 samt
409 1019 30 18 att
455 1018 31 19 för
501 1017 108 20 valbarhet
625 1017 30 20 till
671 1017 92 20 ledamot
780 1017 6 20 i
801 1017 136 20 drätselkam-

189 1058 72 13 maren
278 1052 105 20 erfordras
398 1059 81 13 samma
493 1051 168 27 gvalifikationer
672 1058 43 13 som
734 1051 31 20 för
775 1053 30 18 att
816 1051 72 20 kunna
896 1052 42 19 väl-

185 1087 34 25 jas
236 1086 32 19 till
284 1085 186 28 stadsfullmäktig.
500 1086 66 20 Dessa
586 1085 156 26 bestämningar
760 1092 62 13 anser
838 1086 101 19 utskottet

190 1120 51 20 böra
257 1120 131 27 godkännas.

262 1155 82 20 53—56
360 1156 22 23 $$
402 1155 104 26 uppställa
521 1155 26 20 de
563 1154 97 27 grunder,
676 1154 68 27 enligt
759 1154 72 20 hvilka
847 1154 92 20 kommu-

188 1194 53 13 nens
258 1188 136 20 medlemmar
409 1189 61 19 skola
485 1189 69 19 lemna
569 1189 75 25 bidrag
659 1189 31 19 till
703 1188 139 20 kommunens
854 1195 84 19 gemen-

189 1228 81 14 samma
293 1222 70 21 behof.
394 1222 71 21 Såsom
486 1223 76 20 allmän
584 1222 80 27 princip
684 1222 119 26 fastställes,
820 1224 30 19 att
866 1223 74 26 hvarje

188 1256 92 20 medlem
300 1257 22 19 af
339 1256 127 20 kommunen
487 1257 51 20 skall
560 1257 86 26 erlägga
667 1256 109 27 utskylder
797 1257 30 19 till
844 1257 73 20 staden
933 1258 7 19 i

189 1290 133 20 förhållande
340 1291 31 19 till
386 1291 46 20 sina
447 1291 123 20 inkomster.
600 1291 9 19 I
624 1290 102 20 utskottet
742 1291 36 19 har
794 1291 61 26 fråga
865 1291 75 20 väckts

187 1331 34 13 om
242 1324 217 21 kommunalskattens
475 1325 116 27 utgörande
607 1325 52 20 efter
675 1325 25 19 de
716 1325 97 26 grunder,
829 1331 44 14 som
885 1325 57 26 gälla

188 1359 32 19 för
231 1359 139 26 erläggandet
381 1359 23 20 af
417 1359 118 26 bevillning
550 1359 31 19 till
597 1359 107 20 allmänna
718 1359 157 20 statsändamål.
893 1359 46 20 Men

187 1393 45 20 dels
252 1393 41 20 den
318 1399 68 14 ovana
406 1393 34 20 vid
463 1393 58 20 detta
542 1393 187 26 beskattningssätt
750 1399 43 14 som
809 1396 56 17 ännu
881 1394 6 19 i
904 1395 36 18 all-

188 1427 87 20 mänhet
290 1427 7 19 i
312 1427 46 19 vårt
378 1427 48 20 land
447 1430 22 17 är
492 1427 100 26 rådande,
616 1427 40 20 och
676 1433 43 14 som
742 1427 111 22 måhända,
873 1427 26 20 då
914 1435 26 12 en

192 1462 65 19 större
276 1464 88 24 procent
383 1461 23 21 af
423 1461 40 20 den
483 1467 52 14 rena
553 1461 119 20 inkomsten
692 1463 26 17 än
738 1467 43 14 som
798 1467 27 13 nu
841 1461 6 20 i
863 1461 77 21 allmän
