1070 1786
791 134 35 17 313

108 203 63 20 synes
187 196 75 27 nödigt
276 198 31 17 att
323 195 29 20 till
374 199 5 21 $
398 196 37 19 159
451 196 50 26 foga
516 195 65 26 något
591 195 116 26 stadgande
718 203 32 12 om
765 197 93 20 undsätt-

110 231 88 26 ningens
215 230 53 20 både
284 230 127 26 påkallande
427 230 38 19 och
481 229 153 26 godtgörande.

178 264 26 27 T)
228 264 130 25 Stadgandet
373 264 7 19 i
398 263 38 20 164
452 265 11 22 $
478 263 111 26 angående
612 263 121 26 bergarelön
750 267 27 23 är,
793 265 65 20 ehuru

107 297 114 20 afvikande
236 298 6 18 i
258 297 95 26 detaljer,
376 297 107 26 grundadt
498 297 28 25 pä
541 297 40 19 den
606 297 29 19 uti
660 297 51 20 1667
736 298 32 19 års
791 299 68 26 sjölag

110 331 106 27 nedlagda
235 331 88 26 princip.
354 331 117 25 Bergarens
490 330 35 20 lön
547 330 125 20 bestämmes
691 333 29 17 att
740 332 49 26 utgå
812 333 46 19 med

110 372 26 12 en
153 365 41 19 viss
210 364 63 20 andel
289 364 23 20 af
325 364 35 20 det
376 364 103 26 bergades
495 364 70 26 värde,
587 364 25 20 de
632 364 32 20 för
683 365 174 27 räddningsarbe-

110 400 30 18 tet
155 398 83 26 utgifna
252 398 113 20 kostnader
382 398 44 20 deri
441 398 132 26 inbegripna,
591 405 47 13 men
650 400 56 18 emot
717 399 57 20 detta
785 399 73 21 beräk-

111 433 104 25 ningssätt
234 432 42 20 kan
297 432 46 20 med
362 432 45 19 skäl
427 432 118 25 anmärkas,
561 434 30 17 att
607 432 148 26 godtgörelsen
771 433 26 20 då
811 434 49 20 icke

111 466 58 20 alltid
195 466 39 20 blir
256 466 128 26 tillbörligen
408 466 173 26 proportionerad
597 466 53 20 efter
669 467 51 19 hans
740 468 61 20 möda
820 468 39 20 och

109 507 91 19 omsorg.
230 500 9 20 1
255 502 30 18 ett
300 500 36 20 fall
352 500 40 19 kan
410 500 34 19 det
459 500 69 20 hända
545 502 30 18 att
591 500 25 20 de
632 500 120 27 kostnader,
768 502 40 20 han
825 502 32 20 för

111 535 142 26 bergningens
272 534 55 20 skull
346 534 89 26 nödgats
451 534 86 26 utgifva,
554 534 98 27 medtaga
667 535 48 20 hela
731 536 68 25 lönen,
816 543 41 14 me-

111 569 40 20 dan
168 569 71 20 denna
254 569 96 20 deremot
364 575 26 13 en
406 575 69 13 annan
491 569 57 26 gång
563 568 42 20 kan
624 569 112 21 oafkortad
753 571 63 20 blifva
831 578 26 13 en

112 602 122 26 behållning
249 603 7 19 i
272 602 52 20 hans
340 601 62 21 hand.

179 636 168 20 Förhållandena
366 636 34 19 vid
420 635 103 27 bergning
538 636 6 19 i
561 636 120 26 allmänhet,
700 638 39 20 och
754 640 103 25 synnerli-

111 677 41 19 gen
169 671 34 19 vid
218 670 185 26 tillvaratagandet
418 670 22 19 af
454 670 133 26 förolyckadt
602 670 44 20 helt
661 671 68 27 fartyg
745 673 45 20 med
807 674 52 19 eller

113 706 48 18 utan
181 704 46 26 last,
247 704 64 20 hafva
326 704 6 19 i
349 704 130 19 närvarande
502 704 29 19 tid
555 704 97 26 gestaltat
675 706 32 26 sig
728 707 132 21 annorlunda

111 741 26 17 än
153 738 26 20 de
198 744 51 14 voro
268 738 23 19 år
312 738 60 26 1667,
391 738 73 19 såvida
486 738 83 20 derföre
590 745 26 13 nu
635 738 107 28 begagnas
761 741 98 20 särskilta

113 773 31 19 för
160 772 121 20 ändamålet
297 772 75 20 enkom
389 772 104 20 inrättade
509 772 90 26 redskap
615 773 39 19 och
670 773 109 26 farkoster,
790 775 69 21 såsom

113 806 192 26 dykareapparater
321 806 39 20 och
377 806 184 26 bogserångbåtar,
578 806 72 20 hvilka
663 810 36 17 äro
715 808 31 19 för
762 808 97 27 bergnin-

112 847 52 20 gens
180 840 80 20 snabba
276 840 39 20 och
330 840 94 26 lyckliga
440 840 77 27 utgång
533 840 171 28 oundgängligen
720 843 84 26 nödiga,
820 844 39 19 och

113 876 32 18 för
161 874 72 20 hvilka
248 874 48 20 icke
312 875 65 19 sällan
394 874 95 27 betydlig
500 875 49 26 lega
559 875 53 19 eller
622 882 68 13 annan
704 876 88 20 likartad
804 877 55 20 kost-

113 909 40 19 nad
171 908 30 20 till
217 909 67 25 tredje
304 915 46 13 man
370 909 96 19 kommer
485 911 30 17 att
533 909 81 20 drabba
629 909 109 26 bergaren.
767 911 36 19 Ett
817 914 42 17 sär-

113 943 104 26 skiljande
233 943 23 19 af
269 943 144 26 ersättningen
433 943 31 19 för
482 943 115 26 utgifterna
616 943 34 20 vid
670 943 129 28 bergningen
820 945 39 20 och

113 977 63 19 lönen
196 976 52 20 eller
267 976 87 19 arvodet
375 976 31 19 för
427 976 122 20 densamma
564 979 23 17 är
602 977 7 19 i
624 977 51 26 följd
691 977 62 20 häraf
765 979 22 19 sä
804 986 55 19 myc-

113 1010 36 19 ket
165 1016 57 13 mera
238 1008 185 28 nödvändigt
382 1004 39 39 och
435 1010 23 19 af
467 1011 208 26 omständigheterna
689 1011 114 28 påkalladt,
814 1019 44 14 som

113 1044 70 25 praxis
204 1044 34 19 vid
259 1044 137 26 uppgörande
414 1044 24 19 af
454 1044 114 25 räkningar
586 1045 59 19 öfver
664 1045 196 29 bergningsföretag

113 1078 64 19 redan
201 1078 63 19 infört
283 1080 30 17 ett
331 1078 23 19 så
374 1078 117 20 beskaffadt
513 1078 146 26 särskiljande,
682 1079 81 20 hvilket
781 1081 80 25 jemväl

113 1112 73 19 länder
201 1111 31 20 till
248 1112 41 25 god
311 1111 101 26 öfversigt
434 1112 38 19 och
495 1114 43 17 stor
560 1112 80 20 lättnad
660 1113 31 19 för
710 1113 98 21 domaren
825 1115 34 20 vid

113 1145 98 27 pröfning
226 1145 22 20 af
262 1145 72 20 tvister
349 1151 32 14 om
399 1145 132 26 bergarelön.

182 1179 107 19 Utskottet
307 1185 61 13 anser
389 1179 82 19 derföre
489 1182 30 16 att
536 1179 151 26 bergarelönen
705 1181 36 19 bör
758 1181 103 21 beräknas

113 1214 53 19 efter
181 1213 36 19 det
232 1213 102 19 räddades
351 1213 69 23 värde,
437 1213 63 19 sedan
517 1213 92 19 derifrån
626 1214 100 27 afdragits
742 1215 54 20 hvad
813 1216 46 20 ber-

114 1253 64 20 garen
195 1247 31 20 för
242 1247 120 20 ändamålet
378 1247 89 26 utgifvit.
497 1247 112 26 Sjelffallet
624 1251 22 16 är
662 1248 35 20 det
707 1249 32 19 för
750 1249 69 27 öfrigt,
830 1253 31 18 att

114 1281 63 20 lönen
193 1281 5 19 i
216 1281 64 19 sådan
297 1281 100 20 händelse
414 1281 125 20 bestämmes
555 1283 30 18 att
600 1282 50 26 utgå
666 1282 44 20 med
728 1283 81 20 mindre
824 1291 36 13 an-

114 1315 33 20 del
170 1315 24 19 af
211 1314 149 27 behållningen
384 1318 25 16 än
434 1315 47 25 den,
504 1322 43 13 som
571 1316 6 19 i
600 1315 82 27 Nådiga
704 1318 157 25 propositionen

114 1349 116 26 uppgifves.

182 1382 29 27 U)
234 1382 34 20 Uti
289 1383 38 19 195
346 1385 10 22 $
373 1383 126 20 bestämmes
517 1385 29 18 att
565 1384 144 25 ersättningen
728 1384 33 20 till
781 1385 79 21 försäk-

113 1417 140 26 ringsgifvare
276 1416 60 25 skall,
353 1416 27 20 då
402 1416 119 26 försäkring
544 1416 90 27 återgår,
658 1417 104 21 beräknas
783 1419 30 20 till
834 1426 26 13 en

115 1450 114 26 fjerdedels
244 1452 88 24 procent
346 1451 24 19 af
382 1450 233 27 försäkringssumman.
645 1451 48 20 Men
714 1451 57 21 detta
787 1453 74 20 beräk-
