1070 1786
240 142 34 17 220

207 205 41 20 nad
264 205 52 20 eller
332 212 75 19 genom
424 205 47 20 dess
488 205 79 26 försorg
584 205 66 19 blifva
666 205 172 24 hemförskaffad,
849 206 108 19 äfvensom

206 240 6 19 i
229 239 146 26 sjukdomsfall
395 239 31 19 till
446 239 49 20 vård
519 239 65 19 under
607 239 61 25 högst
692 245 25 14 en
743 239 86 20 månads
853 239 106 20 vistelse
950 235 13 34 i

207 273 55 20 land.

276 307 34 19 Uti
329 307 41 19 alla
390 307 25 19 de
434 306 42 26 fall,
495 306 26 20 då
542 313 46 13 resa
607 306 94 20 inställes
721 307 52 19 eller
790 307 168 20 befälhafvarens

208 341 140 26 tjenstgöring
367 341 80 26 upphör
467 341 30 19 till
518 341 49 25 följe
583 341 22 19 af
619 341 85 19 redares
728 341 66 19 beslut
810 341 51 19 eller
877 347 81 19 annars,

207 378 49 17 utan
280 377 30 17 att
333 375 168 19 befälhafvarens
524 382 53 18 egen
601 375 68 25 skuld,
693 376 100 25 sjöskada
817 376 50 19 eller
890 382 67 12 annan

206 409 78 27 olycka
301 409 67 19 dertill
385 409 110 25 föranledt,
511 409 53 19 skall
582 410 39 18 han
638 409 40 19 ock
696 409 64 20 blifva
776 410 31 19 för
825 409 66 20 brutet
908 409 49 19 kon-

207 444 56 19 trakt
277 443 111 26 godtgjord
406 443 45 19 med
468 443 22 19 så
506 443 91 26 mycket,
613 450 45 12 som
675 444 6 18 i
698 445 9 22 $
724 444 26 19 56
767 444 133 20 bestämmes.

552 508 9 21 S
578 506 32 19 56.

276 546 42 19 Har
334 545 143 20 befälhafvare
495 545 67 19 blifvit
578 545 78 19 utrikes
672 545 54 19 ifrån
743 546 89 26 tjensten
849 546 62 25 skild,
926 546 33 18 må

208 581 39 18 han
270 580 47 19 ieke
338 581 36 18 der
394 580 67 19 väcka
479 580 90 25 anspråk
589 580 25 25 pä
634 580 116 26 ersättning
769 581 32 18 för
821 581 68 19 brutet
907 580 50 19 kon-

208 614 62 25 trakt,
291 616 46 17 utan
358 616 50 24 göre
427 614 55 19 talan
503 614 70 19 derom
595 614 52 19 efter
663 614 147 19 hemkomsten
827 616 56 18 emot
900 614 57 19 rede-

208 648 39 19 riet
268 648 113 26 anhängig,
406 648 42 19 ifall
473 648 39 19 han
537 648 68 19 dertill
626 654 60 13 anser
706 648 32 26 sig
755 648 96 26 befogad.
882 648 76 19 Finner

208 682 90 19 domstol
313 684 30 17 att
359 682 47 25 han,
423 682 83 19 hemma
526 682 51 19 eller
598 682 65 24 borta,
684 682 70 19 blifvit
772 682 120 26 entledigad
910 684 47 17 utan

208 716 70 25 skuld,
294 716 66 19 såsom
378 716 147 26 oskicklighet,
542 716 92 24 olydnad
652 716 52 19 eller
720 716 125 26 oredlighet,
857 722 48 13 vare
917 716 40 19 han

207 750 119 26 berättigad
345 752 35 23 att,
401 750 80 19 utöfver
502 749 135 27 betalningen
657 750 32 19 för
708 750 40 20 den
769 750 28 19 tid
822 750 39 20 han
885 751 72 25 tjenat,

208 784 64 20 blifva
293 786 62 18 ersatt
377 784 45 20 med
442 784 23 19 så
481 784 90 26 mycket,
589 790 43 13 som
649 784 6 18 i
672 784 132 20 förhållande
821 784 68 20 dertill
907 787 50 17 mot-

208 824 71 13 svarar
298 818 184 20 löneförmänerna
501 818 30 19 för
551 825 32 18 en,
605 818 39 25 två,
664 820 31 17 tre
716 818 50 19 eller
787 818 45 26 fyra
852 818 105 25 månader,

208 852 92 20 alltefter
318 858 43 14 som
383 852 51 19 hans
456 852 103 26 skiljande
579 851 93 20 inträffat
692 852 28 19 uti
737 852 61 19 hamn
816 852 55 19 inom
888 848 68 23 Öster-

207 887 53 25 sjön,
276 887 6 18 i
298 893 67 12 annan
387 886 109 26 europeisk
517 886 68 25 hamn,
607 888 55 17 utom
682 885 85 26 Europa
786 886 25 25 på
827 887 70 18 denna
912 886 45 19 sida

208 927 33 13 om
262 920 44 26 Cap
324 921 57 19 Horn
406 921 39 19 och
468 920 60 20 Goda
550 920 143 26 Hoppsudden
718 920 51 20 eller
793 920 79 19 bortom
897 919 60 20 dessa

206 957 62 17 orter.

277 988 76 26 Skiljes
377 989 141 19 befälhafvare
538 989 45 19 från
600 989 30 19 sin
651 988 116 26 befattning
783 988 22 19 af
819 988 61 26 giltig
896 987 61 20 orsak

208 1025 75 23 genom
305 1026 46 22 eget
372 1023 104 25 vållande,
497 1023 62 19 varde
580 1023 92 26 lagligen
693 1022 62 19 dömd
774 1022 31 19 till
826 1028 75 13 ansvar
918 1022 40 19 och

208 1056 190 27 skadeersättning.
437 1057 98 19 Beträdes
562 1057 39 19 han
626 1057 47 18 med
696 1056 119 25 oredlighet
838 1055 51 20 eller
912 1056 48 25 grof

208 1091 144 19 försummelse
372 1091 38 19 och
432 1091 98 24 vanvärd,
553 1091 60 19 hafve
634 1090 39 20 ock
694 1090 89 19 domstol
800 1089 58 20 makt
873 1091 30 18 att
918 1089 39 19 för-

208 1125 60 20 klara
285 1125 75 19 honom
377 1125 94 26 förlustig
488 1125 126 26 rättigheten
630 1128 30 16 att
676 1124 111 19 framdeles
804 1123 65 20 under
885 1123 72 26 längre

207 1160 51 20 eller
275 1159 83 20 kortare
376 1159 28 19 tid
420 1159 66 20 såsom
505 1159 143 19 befälhafvare
664 1158 114 20 användas.

503 1232 32 20 Om
549 1231 113 26 besättning.

552 1291 10 22 S
579 1289 32 19 57.

276 1329 31 20 Då
328 1329 119 24 besättning
466 1328 27 26 pä
511 1328 79 19 utrikes
606 1327 82 27 gående
705 1328 197 26 passagerarebätar
917 1328 39 19 och

207 1364 159 25 handelsfartyg
386 1363 23 19 af
426 1363 142 19 befälhafvare
588 1364 94 24 antages,
701 1362 60 19 skola
783 1362 42 20 alla
844 1362 112 27 betingade

207 1398 68 19 vilkor
291 1404 32 13 om
340 1397 90 19 enhvars
447 1397 51 25 hyra
514 1397 39 19 och
570 1397 117 25 befattning
700 1403 55 19 noga
767 1396 126 19 bestämmas
904 1399 53 16 samt

206 1431 72 20 aftalet
296 1431 7 19 i
321 1431 154 25 sjömanshuset
494 1431 83 25 pröfvas
597 1431 38 19 och
655 1437 76 19 genom
756 1430 145 26 sjömansrulla
922 1431 34 19 be-

206 1466 90 26 styrkas.
326 1465 86 19 Enhvar
427 1465 23 19 af
464 1465 124 25 manskapet
604 1471 48 13 vare
672 1465 39 19 ock
731 1464 119 26 berättigad
866 1466 30 17 att
911 1465 45 19 der-
