1070 1786
780 146 34 18 411

232 211 35 20 2:0
284 211 32 19 att
330 209 140 21 maskinister
485 209 38 20 och
537 209 73 20 eldare
626 209 13 20 å
654 208 115 28 ångbåtar,
785 209 8 20 i
807 209 42 20 lik-

165 243 34 21 het
221 243 47 21 med
290 243 105 27 manskap
415 243 15 20 å
446 241 175 29 handelsfartyg,
641 242 69 21 skulle
731 242 118 28 berättigas

165 279 33 19 att
217 277 47 21 låta
283 276 111 27 inskrifva
412 277 35 27 sig
461 277 9 20 i
485 276 136 26 sjömanshus
637 276 38 21 och
690 276 70 26 blifva
775 276 75 21 delak-

166 311 42 27 tige
222 310 31 27 af
264 310 25 21 de
304 310 47 21 med
366 309 163 28 inskrifningen
539 309 110 27 förenade
658 309 131 27 förmåner;

233 346 33 20 3:0
286 346 38 23 att,
343 344 47 20 med
406 343 186 21 underkännande
607 342 29 28 af
643 344 117 26 principen
775 350 33 14 om
823 350 27 15 en

160 378 42 27 för
224 378 49 21 hela
294 378 74 20 landet
388 384 121 21 gemensam
525 377 235 28 pensionsinrättning,
775 378 74 26 hvarje

165 412 137 28 sjömanshus
317 412 42 26 för
378 412 40 27 sig,
433 412 33 26 pä
481 413 44 19 sätt
539 412 9 20 i
563 411 40 21 den
618 411 89 28 Nädiga
718 412 132 27 propositio-

166 453 42 14 nen
224 446 105 27 föreslås,
350 446 64 20 borde
433 452 52 14 vara
502 445 131 28 berättigadt
648 448 32 18 att
690 446 100 26 förvalta
805 446 44 25 och,

166 481 71 20 säsom
255 481 93 26 pension
370 480 53 20 eller
443 479 113 29 tillfälligt
576 480 124 25 understöd,
716 480 74 21 utdela
805 480 46 21 det-

166 521 83 14 samma
266 514 162 20 tillkommande
443 513 122 26 inkomster,
582 515 54 19 enär
651 513 90 21 Ständet
755 513 44 21 icke
810 520 41 14 an-

166 550 41 19 sett
222 555 25 14 en
262 554 120 22 gemensam
397 548 124 27 inrättning
537 547 75 22 kunna
623 548 103 21 tillvinna
736 548 35 46 sig
782 547 69 28 erfor-

168 582 80 28 derligt
259 582 139 27 förtroende;
413 584 53 18 samt

236 617 34 20 4:0
290 618 32 19 att
337 617 10 19 i
360 616 26 21 de
400 615 54 28 fall,
471 616 29 20 dä
515 616 92 27 sjöman,
624 615 137 28 begagnande
775 616 34 28 sig
824 616 31 27 af

169 650 42 21 den
232 650 77 21 honom
323 650 9 20 i
347 651 13 19 9
374 650 16 28 $
405 649 112 29 medgifna
539 652 52 24 rätt,
610 649 44 21 icke
674 650 50 21 låtit
742 649 109 28 inskrifva

168 684 34 28 sig
217 684 9 20 i
240 683 142 29 sjömanshus,
398 684 41 20 den
453 684 25 20 sä
492 684 88 21 kallade
586 683 265 28 förhyrningsprocenten

169 718 64 21 borde
248 718 94 27 tillfalla
353 718 154 28 fattigkassan
517 718 9 20 i
537 718 40 20 den
593 717 106 26 kommun,
716 718 34 20 till
765 717 86 21 hvilken

169 752 61 28 dylik
244 752 84 28 sjöman
343 752 116 28 rätteligen
474 751 67 21 hörde
556 751 39 21 och
609 758 45 14 som
664 752 8 20 i
682 752 46 20 alla
740 751 48 28 fall
802 758 49 14 vore

164 786 128 28 förpligtad
308 788 33 19 att
356 792 34 15 om
405 786 77 21 honom
498 788 53 26 taga
565 786 67 28 nödig
647 786 60 26 vård,
722 786 69 21 sedan
806 785 45 22 han

170 820 73 28 blifvit
258 820 126 28 oförmögen
399 822 33 19 att
446 820 59 28 sjelf
515 820 34 28 sig
559 820 108 28 försörja.

170 872 137 27 Helsingfors,
324 872 41 20 den
383 872 26 20 10
424 872 48 20 Juni
491 872 60 20 1872.

170 924 101 20 Finlands
287 923 89 21 Ständer
391 923 120 21 framhärda
526 925 40 19 etc.
