1070 1786
825 153 23 17 79

132 216 124 27 upprättade
281 216 234 19 knektekontrakterne
538 216 64 19 ”böra
625 222 54 20 noga
701 216 120 20 efterlefvas
844 217 39 20 och

130 251 104 25 iakttagas
250 250 54 19 intill
321 250 47 19 dess
384 250 76 26 Kongl.
477 250 58 25 Maj:t
550 250 39 19 och
606 248 117 22 Ständerna
739 251 74 25 nödigt
827 250 58 20 finna

120 285 80 25 "någon
216 284 89 26 ändring
326 284 124 19 derutinnan
467 284 99 19 samfäldt
581 286 30 17 att
626 284 72 24 göra”,
714 284 23 19 sä
753 285 58 19 torde
829 285 54 19 deri-

130 324 75 20 genom
226 318 48 20 icke
293 324 24 13 en
338 318 75 25 positiv
437 318 100 28 rättighet
552 318 21 19 ät
589 318 25 19 de
638 318 54 19 båda
716 318 168 20 Statsmakterna

131 359 49 13 vara
196 352 154 26 uttryekeligen
368 352 119 26 medgifven
505 352 30 19 till
553 352 148 26 upphäfvande
717 352 23 20 af
754 352 60 20 dessa
830 352 51 20 kon-

131 386 85 24 trakter,
234 386 86 19 emedan
338 392 25 13 en
382 386 128 26 befogenhet
530 386 30 19 till
581 386 89 26 ändring
686 386 23 19 af
723 388 28 18 ett
768 386 115 20 bestående

132 420 183 20 rättsförhållande
331 420 115 26 ingalunda
465 422 103 24 otvunget
584 420 120 20 förutsätter
719 421 40 19 den
775 421 109 26 lagenliga

133 454 91 26 makten,
241 456 29 18 att
286 454 130 26 undanrödja
432 456 29 18 ett
477 454 95 24 sådant.
588 454 78 20 Härvid
691 454 39 20 kan
756 462 45 12 man
827 456 56 19 dess-

131 491 57 17 utom
214 495 79 19 ogerna
316 488 115 26 underlåta,
452 490 29 18 att
501 488 53 20 fästa
575 489 101 25 tillbörlig
699 489 186 26 uppmärksamhet

132 522 56 26 derå,
216 525 29 17 alt
275 530 27 12 nu
330 525 92 17 närmast
444 522 169 26 ifrågavarande,
637 523 86 19 likasom
748 523 41 19 alla
816 524 69 26 öfriga

133 556 203 21 knektekontrakter
352 557 6 19 i
380 557 78 23 landet,
481 556 73 21 hvilka
575 559 73 24 utgöra
664 557 184 26 grundelementer
864 558 23 19 af

133 592 46 18 vårt
194 591 180 26 indelningsverk,
392 591 67 19 blifvit
475 591 64 26 enligt
558 591 70 20 lokala
645 591 156 20 bestämmelser
816 592 67 19 öfver-

132 626 118 19 enskomna
265 626 37 19 och
319 625 117 27 uppgjorda
455 625 90 19 emellan
565 625 70 20 Staten
658 625 38 20 och
714 626 26 19 de
755 625 70 21 skilda
841 633 42 13 me-

134 660 130 26 nigheterna.
295 659 29 20 Af
338 659 75 20 sådant
428 659 44 20 skäl
490 659 65 20 borde
571 659 61 19 äfven
650 666 78 12 samma
741 660 143 26 menigheters

134 694 93 20 hörande
244 700 32 13 om
293 694 34 19 det
344 694 131 26 lämpligaste
491 696 63 17 sättet
569 693 24 20 af
607 700 26 12 nu
644 694 5 19 i
662 694 107 20 Utskottet
785 694 98 20 förhand-

134 728 54 25 lade,
212 723 65 25 under
301 728 91 19 nämnda
414 727 180 26 omständigheter
616 728 110 19 tillkomne
751 728 134 20 kontrakters

134 762 95 26 rättsliga
249 762 147 26 upphäfvande
416 768 49 13 vara
485 762 23 19 af
525 762 76 25 nöden,
617 762 38 20 och
672 762 23 19 så
710 762 87 26 mycket
812 763 73 25 hellre,

134 796 30 20 till
181 796 113 26 ömsesidig
311 796 75 19 båtnad
403 796 31 19 för
450 796 58 19 såväl
524 792 67 24 staten
608 802 44 14 som
669 796 111 26 allmogen,
793 796 51 20 böra
855 799 30 17 ut-

135 831 55 19 föras
209 837 43 13 som
270 831 25 19 de
312 830 32 20 vid
361 830 97 20 ärendets
474 830 129 26 behandling
619 830 37 20 här
670 830 106 27 förelagde
797 831 87 20 sockne-

135 864 244 26 stämmoprotokollerne
395 864 47 20 icke
458 864 163 26 tillkännagifva
639 865 68 25 någon
730 865 83 20 absolut
836 865 47 20 obe-

137 899 107 26 nägenhet
259 899 37 19 hos
313 898 158 20 vederbörande
487 899 186 26 jorddisponenter
689 899 29 19 till
735 899 84 26 frågans
835 902 49 17 vän-

137 933 42 26 liga
202 933 129 26 uppgörelse.
368 933 47 20 Med
439 933 66 19 fästad
529 933 80 26 hänsyn
626 933 12 19 &
654 933 72 26 sjelfva
740 933 146 27 'rättsfrågans

135 967 158 26 ofvanantydda
311 967 101 26 tolkning,
433 967 85 20 hvilken
539 967 6 19 i
566 967 130 20 närvarande
712 967 35 20 fall
761 968 78 25 jemväl
857 968 28 19 lå-

136 1004 30 17 ter
187 1001 73 20 förena
282 1001 32 26 sig
337 1001 47 20 med
409 1001 136 26 billighetens
569 1001 48 28 föga
640 1001 98 26 afvisliga
761 1001 125 27 fordringar,

137 1035 63 20 borde
217 1035 46 20 med
280 1035 96 20 ärendets
392 1035 85 26 slutliga
492 1035 115 26 afgörande
622 1035 88 20 sålunda
722 1035 48 20 bero
781 1036 105 20 intilldess

136 1076 25 13 en
178 1069 23 20 af
215 1069 53 20 båda
292 1069 166 20 Statsmakterna
481 1069 142 26 bemyndigad
648 1069 136 20 kommission
807 1070 28 26 på
855 1073 32 17 ort

136 1104 38 19 och
192 1103 59 20 ställe
267 1103 89 26 vidtagit
372 1104 64 25 nödig
452 1103 158 27 undersökning
622 1110 33 13 om
669 1103 137 20 förevarande
823 1110 62 19 egen-

137 1137 91 27 domliga
252 1137 144 20 förhållanden
416 1138 38 19 och
473 1137 109 20 derstädes
601 1138 101 19 inhemtat
718 1137 117 20 kännedom
853 1145 33 12 om

138 1172 25 19 de
179 1171 105 20 särskilda
301 1171 74 25 vilkor,
392 1178 43 13 som
452 1172 41 19 den
513 1172 119 26 föreslagna
654 1172 139 26 uppgörelsen
816 1171 71 20 kunde

137 1206 90 26 påkalla.

205 1241 41 19 För
270 1241 62 25 öfrigt
355 1241 66 25 torde,
438 1240 46 20 med
505 1241 115 25 anledning
640 1240 44 24 af
674 1236 14 34 $
700 1240 12 19 2
728 1240 6 19 i
750 1240 82 26 Nådiga
848 1240 39 20 för-

139 1275 75 19 säkran
232 1275 38 19 och
287 1275 146 19 stadfästelsen
450 1275 12 19 å
477 1275 93 19 svenska
585 1274 38 19 och
640 1274 68 19 finska
722 1274 116 26 allmogens
854 1274 34 19 fri-

139 1309 38 20 och
193 1309 124 26 rättigheter
332 1309 23 19 af
369 1309 40 20 den
422 1309 26 19 23
461 1309 100 20 Februari
579 1309 60 25 1789,
655 1308 39 20 den
711 1314 76 20 genom
803 1308 84 20 Utskot-

138 1345 39 18 tets
198 1343 106 26 pluralitet
327 1345 92 24 antagna
441 1343 100 26 åtgärden
558 1349 33 13 om
609 1342 124 20 förevordne
756 1342 130 20 knektekon-

139 1377 89 20 trakters
252 1377 154 26 upphäfvande,
432 1377 49 20 böra
504 1377 122 26 hänskjutas
650 1376 30 19 till
704 1376 34 19 det
758 1376 131 20 hedervärda

138 1411 165 20 bondeståndets
326 1411 118 20 kännedom
467 1411 64 19 innan
549 1411 40 20 den
606 1411 29 19 till
653 1410 49 27 laga
717 1410 54 19 kraft
787 1410 38 20 och
843 1417 44 13 ver-

138 1446 40 19 kan
196 1445 40 20 kan
254 1445 136 20 förekomma.
