1070 1786
792 147 35 19 475

115 211 39 20 dan
172 211 26 26 pä
217 217 79 14 samma
317 211 56 26 gång
389 210 26 19 de
439 211 80 20 mindre
544 211 134 20 bemedlades
701 213 66 18 röster
790 210 71 20 blefve

113 245 58 26 långt
186 245 52 20 ifrån
255 244 161 27 betydelselösa.

182 279 159 25 Propositionen
361 278 118 21 innehåller
493 279 7 19 i
517 278 93 26 följande
626 281 10 21 $
652 285 26 14 en
696 279 120 26 egentligen
830 279 31 19 till

116 313 68 19 denna
200 314 10 23 $
225 312 93 20 hörande
338 312 139 26 bestämning,
496 314 31 18 att
543 312 69 26 ingen,
632 319 49 13 vare
702 313 35 26 sig
754 313 31 19 för
807 319 54 20 egen

116 347 34 19 del
161 347 51 19 eller
223 346 12 20 å
246 352 80 14 annans
341 349 87 24 vägnar,
444 346 33 20 må
493 346 47 20 föra
555 347 55 19 talan
628 346 31 20 för
674 349 66 17 större
756 347 56 19 antal
829 349 32 17 rö-

116 382 48 24 ster,
175 384 26 16 än
213 387 43 13 som
268 387 71 13 svarar
355 382 43 18 mot
414 387 24 13 en
455 381 108 19 tiondedel
579 381 22 19 af
615 381 26 20 de
651 381 35 19 vid
702 383 100 17 stämman
816 383 46 17 när-

116 416 103 19 varandes
234 415 158 26 sammanlagda
407 415 91 20 röstetal.
531 415 90 19 Härmed
637 415 85 26 åsyftas,
734 414 68 20 såsom
815 422 47 12 man

116 449 38 19 lätt
164 450 62 25 inser,
242 451 30 17 att
287 449 63 19 vinna
365 451 30 17 ett
410 448 109 20 korrektiv
536 451 43 17 mot
595 455 24 13 en
631 449 27 26 på
670 449 20 19 få
701 449 79 20 händer
791 449 69 26 hopad

117 483 70 19 alltför
206 483 57 20 stark
281 483 155 26 röstöfvervigt.
466 483 49 19 Men
535 484 55 18 rätta
611 483 78 20 medlet
709 483 94 19 häremot
818 483 45 19 är
852 479 14 35 i

117 518 111 19 utskottets
244 517 63 20 tanke
322 516 49 20 icke
386 518 30 18 att
430 519 51 24 göra
500 523 26 13 en
546 523 86 19 persons
651 517 86 20 röstetal
758 517 105 20 beroende

117 552 24 19 af
149 552 96 26 slumpen
261 552 51 19 eller
322 551 42 20 låta
374 551 115 20 detsamma
504 552 89 25 variera,
609 552 136 20 allteftersom
761 554 102 18 stämman

118 589 23 16 är
154 593 43 13 mer
209 586 51 20 eller
276 586 80 19 mindre
372 585 72 20 talrikt
459 586 82 20 besökt.
571 586 107 20 Utskottet
694 586 65 20 håller
774 588 89 17 tvärtom

119 620 51 26 före,
193 622 30 18 att
245 620 72 26 hvarje
340 619 90 21 medlem
446 620 23 19 af
482 620 127 20 kommunen
629 620 37 20 bör
690 620 104 20 bestämdt
816 622 49 17 veta

119 654 81 20 hvilket
217 654 84 20 röstetal
318 654 40 20 han
375 654 94 26 innehar,
486 660 47 14 men
550 656 29 18 att
595 654 12 20 å
621 654 66 20 andra
702 654 60 20 sidan
777 655 87 19 rösteta-

119 688 29 20 let
168 688 36 20 bör
222 694 51 14 vara
296 688 80 26 sådant,
398 690 30 18 att
444 688 35 20 det
499 688 93 20 hvarken
609 691 23 17 är
648 688 149 20 dominerande
814 688 51 20 eller

119 722 157 26 betydelselöst.
307 722 39 20 Om
369 722 116 20 röstskalan
509 725 22 17 är
551 722 23 20 så
593 722 97 26 inrättad,
710 722 22 20 så
750 722 54 20 skall
824 722 41 20 den

119 756 159 26 otvifvelaktigt
292 756 64 20 blifva
368 762 26 14 en
406 762 72 20 sporre
494 756 32 20 för
539 756 137 20 kommunens
688 756 137 20 medlemmar
836 758 30 18 att

120 790 82 20 bevaka
212 790 32 20 sin
253 790 70 20 talan
322 786 13 34 i
334 790 139 20 kommunens
487 790 181 26 angelägenheter
679 790 39 20 och
727 793 50 23 göra
785 790 31 20 sin
826 792 41 18 rätt

121 824 105 26 gällande,
242 826 48 18 utan
307 824 27 20 all
351 824 86 20 bitanke
452 826 30 18 att
497 824 94 26 slumpen
608 824 53 20 skall
677 824 85 20 komma
777 824 48 20 dem
835 824 31 20 till

119 859 64 26 hjelp.
213 858 107 21 Utskottet
330 858 88 20 föreslår
426 858 89 26 derföre,
526 860 30 18 att
565 866 26 12 nu
607 859 159 26 ifrågavarande
777 859 89 19 bestäm-

121 893 49 26 ning
184 893 62 20 måtte
258 893 56 26 utgå.
343 893 48 19 Men
402 893 46 19 med
460 893 100 19 afseende
569 893 57 26 derå,
641 895 30 17 att
680 893 118 19 röstskalan
808 892 58 20 kom-

122 933 43 13 mer
176 929 30 17 att
216 927 56 26 gälla
285 926 53 20 både
353 927 31 19 för
403 929 65 17 större
484 927 39 19 och
539 927 81 20 mindre
636 927 70 20 städer
724 927 38 19 och
772 928 53 18 mest
836 926 31 20 för

121 961 26 19 de
156 961 135 25 sistnämnde,
303 967 43 13 som
364 961 99 26 möjligen
477 961 86 20 komma
577 963 30 17 att
617 961 73 20 utöfva
699 961 27 19 all
736 960 131 21 beslutande-

121 997 41 17 rätt
177 995 34 19 vid
228 995 76 19 allmän
320 995 173 26 rådhusstämma,
506 1001 61 14 anser
578 995 31 26 sig
620 995 101 20 utskottet
733 995 50 20 böra
792 995 77 20 föreslå

121 1035 26 14 en
156 1029 124 26 ytterligare
290 1029 142 26 begränsning
440 1029 22 20 af
468 1029 36 20 det
513 1029 75 26 högsta
596 1029 115 21 röstetalet.
727 1029 93 20 Emedan
833 1029 36 20 det

122 1063 37 20 lätt
175 1063 40 20 kan
231 1063 89 25 inträffa,
332 1065 30 18 att
372 1065 30 18 ett
415 1064 113 19 maximum
540 1064 23 19 af
569 1063 102 27 tjugufem
683 1066 66 17 röster
759 1064 7 19 i
777 1063 26 20 de
816 1063 52 20 min-

122 1097 36 20 dre
178 1097 98 20 städerne
297 1097 38 20 blir
358 1097 197 26 predominerande,
575 1098 37 19 har
629 1098 100 19 utskottet
745 1098 68 25 tillagt
828 1097 40 20 den

121 1131 123 26 ytterligare
260 1131 139 26 bestämning,
414 1133 30 18 att
458 1132 76 26 högsta
548 1132 108 19 röstetalet
671 1132 7 19 i
693 1132 63 26 ingen
768 1131 101 20 händelse

122 1164 32 20 får
165 1165 114 26 öfverstiga
290 1172 25 13 en
329 1165 150 20 femtiondedel
491 1165 23 20 af
524 1165 138 20 kommunens
678 1166 48 19 hela
740 1165 129 26 röstbelopp.

121 1198 9 19 I
155 1198 26 20 de
196 1198 77 26 städer,
293 1199 37 19 der
348 1199 36 20 det
402 1200 159 26 sammanlagda
582 1200 107 19 röstetalet
706 1200 37 26 går
759 1199 30 19 till
808 1199 61 25 1,250

121 1234 67 18 röster
203 1232 52 20 eller
265 1233 125 24 derutöfver,
401 1234 37 19 har
450 1235 69 19 denna
535 1234 133 27 bestämning
678 1234 64 27 ingen
754 1233 116 26 betydelse,

122 1273 48 13 men
186 1267 7 19 i
208 1267 72 20 städer
296 1268 46 19 med
362 1269 81 19 mindre
462 1269 85 19 röstetal
568 1269 76 19 blifver
663 1268 39 19 den
722 1268 23 19 af
761 1270 42 17 stor
819 1268 50 26 vigt.

122 1301 42 19 Der
180 1301 48 19 hela
248 1301 143 27 röstbeloppet
406 1304 14 17 t.
437 1309 33 14 ex.
487 1305 22 17 är
527 1302 54 20 1000
599 1304 74 24 röster,
692 1304 62 24 utgör
769 1301 35 20 det
819 1301 50 26 hög-

123 1336 31 18 sta
169 1335 109 20 röstetalet
293 1335 31 20 för
339 1342 25 13 en
381 1343 75 19 person
473 1337 26 19 20
515 1338 67 18 röster
597 1342 19 15 o.
633 1343 15 12 s.
665 1343 19 13 v.

188 1369 167 21 Verksamheten
376 1370 32 19 för
427 1370 127 20 kommunen
570 1373 23 17 är
608 1369 69 20 tillika
692 1376 24 13 en
737 1369 136 20 verksamhet
887 1366 14 28 &
913 1367 27 20 13.

123 1407 31 20 för
170 1409 74 17 etaten.
275 1405 30 20 De
321 1405 105 26 uppgifter
442 1411 44 13 som
503 1404 84 20 tillhöra
603 1404 128 20 kommunen
747 1407 36 16 äro
794 1404 77 19 honom

123 1443 23 18 af
159 1441 67 19 staten
247 1439 129 26 uppdragna.
406 1439 162 26 Deltagandet
565 1434 16 35 i
585 1439 139 20 kommunens
744 1438 127 26 angelägen-

124 1475 58 20 heter
205 1475 37 19 bör
257 1473 53 19 ifrån
334 1473 70 20 denna
424 1472 108 26 synpunkt
552 1473 83 19 utöfvas
653 1472 23 20 af
692 1473 26 19 de
739 1471 133 27 berättigade
