1070 1786
817 135 33 18 371

136 197 24 20 af
172 199 98 24 experter
285 196 100 21 tillkallas
400 196 40 19 och
457 198 94 23 närvara,
563 195 35 19 för
613 197 30 18 att
654 195 97 20 meddela
762 196 121 25 upplysnin-

137 237 37 21 gar
189 231 109 26 angäende
314 230 153 25 förhällanden,
483 230 31 19 för
530 229 82 20 hvilkas
628 231 54 18 rätta
692 229 155 20 bedömmande
858 236 26 13 en

137 265 89 20 särskild
245 264 157 21 sakkännedom
419 263 7 20 i
442 263 121 26 sjöärender
579 266 22 17 är
618 263 98 26 behöflig.
746 263 102 26 Exempel
865 263 22 20 af

137 305 26 13 en
178 299 60 25 dylik
253 298 117 25 anordning
386 297 76 19 saknas
477 297 48 19 icke
536 297 6 19 i
554 297 81 19 landets
650 297 151 25 rättsväsende,
812 297 27 19 dä
849 297 36 19 det

139 332 61 20 bland
220 334 65 18 annat
305 332 66 19 finnes
386 330 141 26 föreskrifvet,
543 332 30 18 att
588 330 144 26 landtmätare,
752 337 131 20 agronomer,

138 366 118 25 bergsmän,
282 365 185 26 forsttjenstemän,
491 364 149 26 byggmästare
663 364 52 20 eller
737 364 65 20 andra
825 364 60 20 skola

138 402 88 17 närvara
248 399 35 19 vid
305 398 191 27 egodelningsrätts
516 398 175 26 sammanträden,
710 398 115 26 husesyner
845 399 38 19 och

138 433 65 19 andra
218 433 44 19 dels
275 432 109 26 judiciella
399 432 45 20 dels
459 432 168 20 administrativa
642 432 156 27 förrättningar.

205 467 10 19 I
230 467 58 19 detta
303 466 53 26 syfte
373 466 63 20 hafva
451 466 119 20 Ständerna
585 466 54 26 förty
656 466 75 20 ändrat
746 466 65 20 första
821 473 62 13 mom.

138 500 7 19 i
160 500 64 26 sagde
240 502 17 22 $.

207 534 47 20 Med
273 534 99 20 afseende
388 534 12 18 ä
416 533 54 19 hvad
490 533 156 20 ofvannämnda
664 534 82 26 Nädiga
762 534 123 27 förordning

138 568 23 19 af
178 568 39 20 den
235 569 25 19 27
277 568 58 26 April
354 567 52 20 1868
422 567 7 19 i
444 569 72 18 ämnet
531 567 91 26 stadgar,
638 567 62 20 hafva
715 567 118 22 Ständerna
848 575 35 13 an-

139 603 52 25 tagit
206 608 26 14 en
248 601 78 20 ändrad
344 601 82 26 lydelse
441 600 31 20 för
488 600 111 27 förslagets
614 601 41 19 240
671 603 16 22 $.

206 635 104 26 Slutligen
326 635 63 19 hafva
405 634 124 26 Ständerna,
545 635 47 19 med
609 635 133 27 tillämpning
757 636 22 19 af
792 636 41 20 den
847 636 37 19 all-

141 672 75 17 männa
232 669 137 26 grundsatsen
386 674 33 14 om
436 670 63 18 rätter
515 668 90 20 domstol
615 669 7 19 i
634 669 104 26 brottmål,
750 670 87 20 sålunda
847 673 36 16 än-

139 704 47 19 drat
205 704 40 19 245
266 705 17 23 $,
299 705 29 17 att
343 703 65 19 orden
424 702 49 20 ”der
489 702 40 20 han
546 703 61 26 eljest
621 703 111 20 anträffas”
748 704 79 26 utbytts
843 706 42 18 mot

139 738 74 19 orden:
230 737 36 20 der
283 738 90 25 fartyget
387 740 23 16 är
425 737 88 20 hemma.

208 772 97 19 Förutom
321 771 25 20 de
362 770 91 27 tryckfel
463 771 7 19 i
481 771 27 19 de
523 770 29 20 till
565 770 117 21 Ständerna
693 772 96 20 utdelade
801 772 84 26 tryckta

141 806 134 25 exemplaren
298 805 22 20 af
338 804 183 20 meromförmälda
540 805 120 27 lagförslag,
682 806 85 20 hvarom
785 806 100 20 särskildt

139 839 71 26 tryckt
224 839 83 26 uppgift
322 838 68 20 tillika
405 838 136 20 meddelades
557 838 123 25 Ständerna,
696 839 62 20 hafva
773 840 34 20 vid
823 842 62 18 ären-

140 873 44 19 dets
208 873 115 25 beredning
346 872 37 20 hos
403 871 119 21 Ständerna
540 872 107 26 åtskilliga
662 873 65 20 andra
744 874 89 25 tryckfel
849 880 35 13 an-

140 907 78 19 märkts
241 906 30 19 till
292 905 89 20 rättelse.
412 906 66 19 Dessa
497 905 98 26 tryckfel,
613 906 23 19 så
655 906 43 20 vidt
714 907 25 20 de
755 907 131 20 förekomma

139 940 6 19 i
161 942 29 23 $$,
209 946 44 13 som
272 939 23 20 af
311 939 118 20 Ständerna
447 939 81 20 kunnat
549 942 88 24 antagas
657 940 144 26 oförändrade,
818 941 68 20 tillåta

139 973 32 26 sig
194 973 117 20 Ständerna
332 975 30 18 att
385 973 37 20 här
444 973 91 24 anmäla,
551 974 66 25 jemte
636 973 98 20 anhållan
754 976 29 17 att
799 975 26 19 de
841 975 44 19 före

139 1007 161 26 ifrågavarande
322 1007 44 26 lags
389 1007 125 20 utfärdande
534 1007 65 20 varda
617 1007 114 27 behörigen
751 1009 88 26 rättade,
860 1009 26 26 på

139 1043 41 18 sätt
196 1041 36 20 här
248 1041 67 26 följer,
332 1041 118 26 nemligen:

263 1245 41 19 205
318 1246 11 22 $
368 1259 8 10 ,
416 1243 126 27 ”årgärder?
567 1259 5 4 .
603 1259 4 4 .
632 1259 10 10 »
678 1244 97 27 åtgärder

264 1279 40 19 214
320 1280 10 22 S
368 1293 10 10 »
416 1277 113 20 ”förlorat?
632 1293 9 10 n
678 1278 101 21 förloradt

264 1312 66 23 2285
368 1327 9 10 »
416 1311 55 20 Vati”
500 1326 1 5 .
533 1326 4 5 .
568 1326 5 5 .
603 1326 5 5 .
632 1326 10 11 »
677 1313 31 18 att

174 1348 54 17 samt
243 1346 5 19 i
266 1345 66 24 2308
370 1360 9 10 ,
419 1345 150 26 ”uppgifvits.
629 1360 9 10 n»
656 1341 9 34 =
676 1345 93 26 utgifvits

207 1379 30 19 Pä
258 1379 67 26 grund
349 1379 22 19 af
393 1378 77 20 hvadi
486 1378 37 20 det
541 1378 128 27 föregäende
687 1379 85 26 anförts,
792 1379 20 20 fä
827 1379 59 20 Stän-

140 1413 72 25 derna,
228 1419 44 13 som
288 1412 48 20 icke
348 1414 68 18 ansett
427 1412 74 25 nödigt
511 1412 44 19 atti
564 1413 36 19 det
610 1412 92 26 följande
712 1413 68 20 införa
790 1413 96 26 lydelsen

140 1446 23 19 af
176 1447 26 19 de
218 1448 28 24 SS,
263 1446 72 20 hvilka
349 1445 105 27 godkänts
470 1448 50 17 utan
536 1446 96 26 ändring,
647 1447 6 18 i
669 1447 169 26 underdänighet
851 1454 36 14 an-

240 1075 6 20 i
291 1076 37 23 98
344 1075 59 20 ordet
418 1075 79 20 ”fästa?
527 1090 5 5 .
562 1089 5 6 .
588 1071 11 32 .
618 1075 41 20 till:
675 1075 62 20 fästat

241 1110 6 19 i
279 1109 50 24 34$
369 1124 9 10 ,
417 1109 116 20 ”Förän?.
629 1124 9 11 »
675 1109 78 20 Förrän

240 1144 6 19 i
265 1144 64 23 144
321 1138 15 34 $
368 1158 8 10 ,
416 1143 103 20 enskilt?
564 1157 4 5 .
600 1158 4 4 .
628 1158 10 10 »,
675 1143 92 20 enskildt

241 1177 87 23 11858
367 1192 9 10 ,
416 1176 83 20 ”dro?.
531 1191 4 5 .
565 1191 4 5 .
601 1191 5 5 .
631 1191 9 11 »
677 1177 40 19 den

238 1211 7 19 i
263 1210 64 24 189$
366 1225 10 10 ,
415 1209 114 27 Ytidigrre”
566 1225 4 4 .
601 1224 5 5 .
631 1225 9 11 »
677 1210 91 27 tidigare

240 1245 7 19 i

241 1279 6 19 i

240 1312 7 19 i
