1070 1786
233 149 35 18 366

244 207 3 3 *
270 211 66 20 Ordet
354 211 185 20 ”befälhafvaren?
555 211 62 19 hafva
632 211 124 26 Ständerna,
772 211 68 21 såsom
851 212 97 20 öfverflö-

200 246 52 26 digt,
268 245 94 20 uteslutit
377 252 23 13 ur
415 246 66 19 första
497 247 68 18 satsen
582 245 6 19 i
605 245 25 19 88
646 247 17 22 $.

268 280 61 19 Det
324 274 15 36 i
348 281 8 18 1
375 286 62 13 mom.
460 279 23 20 af
497 279 26 20 92
542 281 10 21 $
569 279 172 20 förekommande
764 279 125 27 stadgandet
911 286 35 13 an-

199 314 83 26 gående
299 313 123 26 liggedagar
438 313 37 19 har
491 314 58 24 synts
565 312 117 20 Ständerna
698 312 50 20 böra
763 314 6 18 i
786 313 65 26 några
867 314 79 19 afseen-

200 347 41 20 den
258 346 186 26 förfullständigas,
459 346 90 20 emedan
566 346 35 20 det
616 353 75 13 annars
707 346 70 21 kunde
800 347 35 20 vid
858 348 88 25 tillämp-

199 381 79 26 ningen
303 380 65 20 blifva
384 380 56 20 olika
456 380 123 26 uppfattadt.
609 380 40 20 Det
664 380 37 20 bör
717 380 47 20 icke
783 381 77 20 räknas
882 383 64 18 emot-

200 417 87 24 tagaren
304 415 30 19 till
350 414 46 25 last,
412 421 33 13 om
461 414 76 26 godset
555 414 18 26 ej
590 414 68 20 blifvit
673 415 6 19 i
696 414 87 26 behörig
806 416 89 25 ordning
918 415 28 20 af-

200 448 100 20 lemnadt.
337 448 100 20 Deremot
453 449 72 19 härrör
541 448 83 20 hindret
647 448 44 20 från
708 449 98 26 fartyget,
821 449 44 20 ifall
883 449 63 20 befäl-

199 482 102 20 hafvaren
324 482 69 26 någon
416 482 28 20 tid
469 482 93 26 afbryter
584 482 149 26 inlastningen,
752 483 51 19 eller
823 483 124 20 verkställer

200 517 41 19 den
259 516 47 20 med
322 516 24 20 så
361 516 49 20 liten
432 516 149 26 arbetsstyrka,
597 518 29 18 att
642 516 48 20 hela
704 516 65 20 lasten
790 517 47 20 icke
852 517 42 20 kan
911 524 35 13 un-

200 551 37 20 der
260 550 27 21 de
310 550 108 20 bestämda
441 550 151 26 liggedagarne
614 550 88 27 intagas.
740 550 57 21 Huru
821 553 28 18 ett
872 551 74 20 hinder

199 585 23 19 af
236 585 129 19 sistnämnda
385 584 146 20 beskaffenhet
553 584 52 19 skall
625 584 121 20 bedömmas
767 585 40 19 och
823 585 20 19 få
859 585 88 19 inverka

200 619 26 26 på
241 618 128 27 liggetidens
392 618 144 26 förlängande,
553 618 36 19 bör
612 618 64 20 också
699 621 95 17 närmare
814 619 130 19 bestämmas.

199 654 31 18 De
246 652 138 26 synpunkter,
402 652 71 19 hvilka
492 655 35 16 äro
543 652 87 19 afsedda
645 652 6 19 i
668 652 38 20 och
723 658 76 21 genom
819 653 26 19 de
861 653 83 19 ändrin-

200 693 43 19 gar,
260 692 44 14 som
327 686 23 20 af
364 686 119 20 Ständerna
506 685 99 26 vidtagits
620 686 5 18 i
642 686 118 19 änberörda
776 688 17 24 $,
809 686 62 20 hafva
887 686 57 20 Stän-

200 721 66 20 derna
282 720 86 20 härmed
385 720 47 20 bort
447 719 116 20 framhålla.

267 754 69 20 Jemte
359 754 35 19 det
416 753 123 25 Ständerna,
562 753 26 26 på
610 753 67 26 grund
700 753 24 19 af
740 754 53 19 hvad
815 754 6 19 i
838 754 35 20 det
891 754 52 20 före-

199 788 83 26 gående
305 788 78 19 anförts
406 794 33 13 om
460 787 26 19 80
502 789 16 23 $,
534 787 7 19 i
557 787 26 19 98
599 789 10 21 S
626 787 68 26 utbytt
714 788 59 19 ordet
793 788 152 26 ”styckegods”

199 824 42 18 mot
262 822 116 26 uttrycket:
400 821 58 26 gods,
480 820 62 20 hafva
561 820 115 20 Ständerna
692 821 6 19 i
715 828 79 13 samma
809 824 10 22 $
834 822 63 20 insatt
913 829 30 13 or-

200 857 44 19 det:
268 855 90 27 anspråk
374 856 6 18 i
396 855 73 19 stället
491 855 31 19 för
545 854 35 20 det
597 855 6 19 i
622 854 102 27 förslaget
746 855 123 27 begagnade
885 856 60 20 ordet

198 890 90 25 ”talan”,
305 889 87 20 emedan
410 888 137 20 nästnämnda
563 888 136 26 uttryckssätt
715 888 69 21 kunde
801 890 58 25 gifva
873 890 70 19 anled-

199 924 50 25 ning
272 923 31 20 till
326 923 40 20 den
390 922 139 27 uppfattning,
549 924 30 17 att
599 922 125 26 rättigheten
745 923 30 19 till
796 923 40 20 den
852 923 92 20 aftalade

199 957 82 20 frakten
298 958 28 19 uti
342 957 146 26 ifrågakomna
503 956 35 19 fall
554 956 47 20 icke
616 956 71 20 kunde
699 957 88 20 bevaras
798 957 46 20 med
857 958 88 26 mindre,

199 995 26 16 än
241 993 31 18 att
286 991 54 19 talan
358 991 70 20 derom
440 991 6 19 i
458 990 163 27 rättegångsväg
637 991 84 26 gjordes
732 991 105 26 anhängig
850 991 43 20 före
905 992 39 19 far-

198 1027 70 24 tygets
285 1025 74 20 afresa.

265 1059 45 20 Den
333 1058 89 26 ändring
445 1058 116 19 Ständerna
585 1058 88 27 vidtagit
693 1059 4 18 i
718 1059 99 20 afseende
839 1059 12 20 å
873 1060 38 19 103
928 1062 16 22 $,

199 1093 59 20 torde
276 1093 21 19 få
311 1099 61 13 anses
388 1092 101 20 innebära
504 1093 31 18 sin
551 1099 53 19 egen
622 1092 201 26 förklariugsgrund.

267 1127 56 20 Enär
341 1127 35 19 det
392 1127 6 19 i
420 1127 6 19 2
443 1133 60 13 mom.
523 1127 24 18 af
565 1127 36 19 112
614 1128 10 22 $
636 1127 86 25 intagna
738 1127 125 26 stadgandet
873 1133 32 14 om
918 1128 26 19 de

199 1161 75 26 vilkor,
291 1161 117 20 hvarunder
424 1161 143 19 befälhafvare
583 1160 53 26 egde
652 1160 80 26 utgifva
746 1161 52 26 gods
815 1161 44 20 från
876 1162 69 26 fartyg

199 1196 5 18 i
221 1201 69 14 annan
307 1195 69 24 hamn,
392 1197 26 17 än
434 1194 214 26 bestämmelseorten,
660 1194 66 26 enligt
736 1194 127 21 Ständernas
874 1196 71 25 tanke,

199 1232 23 17 är
242 1228 142 26 öfverflödigt,
405 1230 54 18 samt
477 1228 35 20 det
531 1228 48 20 icke
596 1228 65 20 heller
677 1228 53 20 låter
746 1229 31 26 sig
793 1232 51 24 göra
859 1232 30 17 att
901 1227 45 22 alla

200 1263 22 20 af
236 1263 156 20 befälhafvaren
410 1262 108 20 utfärdade
535 1262 186 20 konnässementer
737 1263 72 20 dervid
827 1264 30 19 till
869 1265 76 19 honom

198 1297 125 24 återställas,
339 1296 63 19 hafva
417 1295 117 20 Ständerna
550 1296 92 21 uteslutit
659 1297 89 20 nämnda
764 1303 61 14 mom.

268 1330 77 20 Vidare
368 1330 63 19 hafva
454 1329 124 26 Ständerna,
601 1330 31 19 till
656 1331 159 26 förebyggande
839 1332 60 19 deraf
916 1335 29 17 att

196 1364 114 20 kostnader
325 1364 12 19 å
353 1364 108 26 fraktgods
481 1364 68 19 skulle
569 1364 71 19 kunna
656 1364 82 26 påföras
755 1365 99 27 fartyget,
870 1367 75 18 ändrat

198 1398 147 26 ordalydelsen
361 1398 7 19 i
384 1399 12 18 4
413 1404 62 13 mom.
490 1397 23 20 af
527 1404 79 13 samma
621 1399 17 22 $.

267 1431 46 20 Med
336 1431 26 20 de
385 1431 119 26 ändringar,
525 1438 43 13 som
589 1431 118 21 Ständerna
723 1433 108 26 vidtagit
827 1427 12 36 i
850 1434 36 19 121
905 1435 39 19 och
