1070 1786
816 131 33 17 311

133 191 157 21 befälhafvaren
314 191 46 20 icke
384 191 58 20 alltid
466 191 41 20 kan
533 192 102 20 innebära
657 193 48 25 laga
725 193 57 20 bevis
803 193 80 26 derom,

133 232 46 13 men
196 225 27 20 då
239 225 75 26 godset
328 229 23 16 är
367 225 116 26 underpant
502 226 32 19 för
554 225 84 20 frakten
658 226 39 19 och
717 226 47 20 icke
784 226 99 20 behöfver

134 260 110 24 utlemnas,
260 259 69 20 förrän
346 261 29 18 ett
391 261 64 18 annat
471 259 108 26 exemplar
595 259 23 20 af
631 259 185 21 konnässementet
829 260 54 20 före-

133 296 37 22 tes,
187 293 41 19 kan
245 293 40 19 den
302 293 77 26 nödiga
395 293 138 25 utredningen
550 299 34 13 om
601 293 82 20 frakten
700 294 87 19 sålunda
802 294 81 20 vinnas.

134 326 32 20 Då
181 326 73 26 hvarje
271 326 151 26 befälhafvare,
438 328 47 18 utan
502 328 31 18 att
549 326 68 27 någon
630 327 107 19 föreskrift
748 327 70 20 derom
830 328 53 19 före-

135 360 95 20 kommer
248 360 6 20 i
274 360 41 26 lag,
334 360 40 20 kan
395 360 70 20 fordra
483 360 139 20 omförmälda
642 361 133 25 underskrift,
795 362 38 19 har
853 364 29 17 ut-

134 394 78 20 skottet
228 394 56 20 velat
300 394 76 20 föreslå
391 396 30 18 att
434 394 125 26 stadgandet
573 394 72 20 derom
662 395 64 19 måtte
741 402 22 12 ur
779 395 102 20 förberör-

135 428 27 20 da
178 430 9 22 $
204 428 106 26 uteslutas,
326 428 55 20 helst
396 428 216 20 konnässementerne
628 429 6 19 i
650 428 36 20 det
701 428 108 27 praktiska
823 428 60 20 lifvet

135 462 98 26 vanligen
250 462 48 19 icke
313 465 35 17 äro
364 462 99 20 försedda
479 462 47 20 med
543 469 25 13 en
585 462 66 26 dylik.

201 496 26 24 P)
243 496 127 19 Invecklade
386 496 205 26 rättsförhållanden,
603 496 72 20 hvilka
688 496 38 20 lätt
736 496 70 21 kunna
817 497 65 20 blifva

136 530 84 26 tvistiga
238 530 39 19 och
298 529 84 26 påkalla
397 536 25 13 en
439 530 94 26 långsam
555 530 256 27 rättegångsbehandling,
827 538 56 19 egna

135 564 32 26 sig
186 563 48 20 icke
253 564 31 19 för
304 564 97 26 sjölifvet.
435 564 47 19 Man
502 564 63 20 söker
584 564 83 21 derföre
687 564 34 21 vid
740 564 71 27 hvarje
831 566 52 19 aftal

134 598 23 19 så
177 597 85 27 mycket
280 604 43 13 som
345 598 80 26 möjligt
448 598 97 19 förenkla
567 598 85 20 dermed
676 599 207 26 sammanhängande

136 631 94 27 detaljer,
248 631 67 20 vilkor
330 632 40 19 och
386 631 109 20 förbehåll.
526 632 41 19 För
583 634 29 18 att
628 632 128 20 beträffande
767 633 116 26 inlastning

135 665 71 27 afböja
229 665 161 27 förvecklingar,
414 667 86 18 utsättas
523 665 32 20 för
577 666 47 20 dess
648 666 154 20 verkställande
827 667 56 19 vissa

135 700 129 26 liggedagar.
295 699 37 20 Om
354 699 134 20 befraktaren
509 700 22 19 af
549 699 94 27 förskyld
660 700 51 20 eller
726 700 107 26 oförskyld
850 706 32 14 or-

136 733 37 20 sak
188 734 125 19 försummar
336 734 69 19 denna
427 733 36 25 tid,
485 734 42 19 kan
548 734 41 19 han
609 734 119 20 derutöfver
746 734 31 20 för
792 734 90 20 särskild

136 767 107 26 betalning
262 767 81 26 åtnjuta
362 767 56 20 vissa
436 767 190 27 öfverliggedagar,
646 768 38 19 och
703 768 44 19 ifall
762 768 41 19 han
819 768 62 20 äfven

136 802 91 19 försitter
247 801 54 26 dem,
320 808 50 19 eger
388 801 158 20 befälhafvaren
566 804 48 17 utan
636 802 137 20 förminskadt
791 802 92 26 anspråk

136 835 26 27 på
177 835 57 20 frakt
252 836 87 19 anträda
357 842 59 13 resan
436 836 47 19 med
502 838 65 17 större
588 836 52 20 eller
659 836 79 20 mindre
754 836 35 19 del
804 835 21 20 af
841 836 40 20 den

136 869 121 20 tillämnade
277 869 73 25 lasten,
370 869 52 20 eller
441 869 39 19 ock
501 869 62 20 häfva
583 870 73 20 aftalet
676 870 38 20 och
732 869 92 26 uppbära
839 870 46 20 half

136 903 62 20 frakt.
228 903 42 20 Der
286 903 44 19 åter
345 903 75 19 hinder
436 903 31 19 för
482 903 144 26 inlastningen
644 903 72 20 härrör
734 903 44 19 från
795 905 86 18 emotta-

136 943 72 20 garen,
223 937 56 19 löses
297 936 73 27 frågan
389 937 94 25 sålunda,
499 939 31 17 att
546 937 71 26 hvarje
636 937 126 20 försummad
779 937 41 26 dag
835 937 48 20 icke

136 973 59 24 tages
210 971 8 18 i
233 970 117 27 beräkning
371 971 27 19 uti
419 971 40 19 den
476 971 91 25 löpande
584 971 190 26 inlastningstiden.
805 971 78 20 Derom

136 1004 117 20 innehåller
272 1004 35 20 det
327 1004 63 20 första
410 1006 115 18 momentet
540 1005 23 19 af
577 1005 26 19 92
618 1007 10 22 $
645 1005 39 19 den
700 1004 78 26 nödiga
794 1004 88 20 bestäm-

136 1040 86 25 ningen,
241 1044 47 13 men
307 1038 57 20 detta
383 1038 117 27 stadgande
519 1045 64 20 synes
602 1039 50 19 böra
667 1039 6 19 i
689 1038 65 26 några
769 1037 114 20 afseenden

138 1079 56 13 mera
218 1071 111 26 detaljeras
348 1072 40 19 och
404 1075 95 17 närmare
524 1072 109 26 förklaras,
653 1072 87 20 emedan
758 1072 35 19 det
808 1078 76 13 annars

137 1106 69 19 kunde
230 1105 34 20 vid
287 1105 159 26 tillämpningen
470 1106 66 19 blifva
558 1106 58 20 olika
638 1106 122 26 uppfattadt.
791 1106 40 19 Det
847 1106 37 19 bör

136 1140 48 20 icke
202 1139 77 20 räknas
299 1141 143 24 emottagaren
458 1139 30 20 till
505 1139 46 25 last,
567 1146 33 13 om
616 1140 75 26 godset
706 1140 19 25 ej
742 1139 69 20 blifvit
825 1140 6 19 i
848 1139 35 20 be-

137 1175 59 25 hörig
220 1173 88 26 ordning
330 1173 120 20 aflemnadt.
480 1173 10 19 I
509 1173 66 20 andra
597 1174 36 19 fall
656 1173 84 27 uppstår
760 1175 29 18 ett
809 1173 75 20 hinder

136 1208 44 20 från
197 1208 99 25 fartyget,
311 1207 26 19 då
354 1207 157 20 befälhafvaren
531 1207 69 27 någon
620 1207 29 20 tid
664 1207 95 26 afbryter
774 1207 109 20 inlastnin-

137 1249 48 20 gen,
202 1241 52 20 eller
270 1241 27 20 då
312 1241 40 19 han
368 1241 125 20 verkställer
509 1241 41 20 den
571 1241 46 20 med
634 1241 22 20 så
671 1241 50 20 liten
740 1241 145 26 arbetsstyrka

137 1278 29 17 att
182 1275 48 20 hela
244 1275 66 20 lasten
329 1275 66 20 under
418 1275 25 19 de
467 1275 109 20 bestämda
597 1275 153 26 liggedagarne
771 1275 48 20 icke
842 1275 42 20 kan

138 1309 64 20 blifva
217 1310 92 25 intagen.
339 1309 41 19 Det
400 1309 37 19 bör
456 1311 95 18 närmare
572 1309 132 26 bestämmas,
726 1309 51 19 huru
793 1311 29 17 ett
837 1309 46 20 hin-

137 1344 37 20 der
189 1344 23 19 af
225 1343 128 20 sistnämnda
372 1343 147 20 beskaffenhet
537 1343 54 20 skall
610 1343 103 20 beräknas
736 1343 39 20 och
796 1343 89 20 inverka

137 1378 26 26 på
178 1377 127 27 liggetidens
320 1377 145 26 förlängande.
495 1377 42 20 Till
553 1377 50 26 följd
620 1377 23 20 af
656 1377 36 20 allt
707 1377 58 20 detta
780 1383 61 14 anser
853 1380 30 17 ut-

137 1412 78 19 skottet
230 1413 30 18 ett
275 1411 133 20 förklarande
419 1411 75 26 tillägg
505 1411 31 20 till
551 1411 138 20 förenämnda
703 1411 116 26 stadgande
835 1417 50 14 vara

135 1445 23 20 af
172 1445 78 20 nöden.
