1070 1786
206 144 35 18 568

172 207 146 26 fullmäktiges
334 207 51 20 eller
400 205 177 21 rädhusstämmas
594 205 74 21 beslut.
699 202 145 24 Öfverhufvad
861 205 62 20 hafva

174 241 119 20 Ständerna
311 241 95 26 godkänt
421 240 26 20 de
463 240 7 19 i
485 239 61 20 dessa
568 241 22 23 $$
614 240 92 20 uttalade
728 240 114 27 principer,
855 240 67 26 jemte

173 275 36 20 det
225 275 119 20 Ständerna
364 274 69 20 funnit
448 280 25 13 en
493 273 112 20 förändrad
622 273 80 26 lydelse
719 274 31 19 för
765 274 84 20 78—80
865 276 22 22 $$
903 274 23 19 af

174 309 78 25 nöden,
268 308 45 20 dels
328 308 6 19 i
356 308 62 26 afsigt
434 309 31 17 att
484 307 85 26 antyda,
585 307 6 19 i
607 307 73 20 hvilka
695 307 36 20 fall
756 307 75 20 besvär
854 307 70 20 kunna

174 349 40 20 ega
230 349 53 19 rum,
300 342 44 20 dels
360 341 65 20 också
440 341 31 20 för
489 341 134 20 undvikande
639 342 23 19 af
675 341 119 27 otydlighet
810 341 39 20 och
866 342 57 19 miss-

174 376 102 20 förstånd.
311 375 103 21 BSärskildt
428 375 63 20 hafva
511 375 123 25 Ständerna,
654 375 68 19 såsom
739 375 65 20 redan
821 376 34 19 vid
871 376 26 19 40
914 378 9 21 $

174 410 116 26 anmärkts,
307 410 74 20 saknat
396 416 26 13 en
438 410 33 19 för
486 410 42 19 alla
543 409 37 19 fall
595 409 118 26 likformigt
736 409 81 20 fixerad
841 409 83 26 termin,

175 444 27 20 då
219 444 144 20 besväranden
387 444 54 19 skall
457 450 61 13 anses
534 443 63 20 hafva
612 443 84 20 erhållit
712 443 34 20 del
762 444 23 20 af
798 444 36 20 det
849 444 75 25 beslut,

176 478 59 20 hvari
253 478 41 20 han
310 478 62 20 söker
388 478 96 26 ändring.
514 477 32 20 Då
561 477 117 21 Ständerna
693 478 7 18 i
716 478 69 20 denna
801 478 33 20 del
851 478 73 20 omfat-

176 514 30 18 tat
221 512 41 20 den
279 512 61 26 åsigt,
356 514 30 18 att
401 511 74 21 sådant
491 512 54 19 skall
561 518 61 13 anses
638 512 63 19 hafva
716 512 56 20 skett
788 512 40 20 den
840 512 48 27 dag,
899 512 27 20 då

177 547 92 20 beslutet
286 547 8 19 i
315 546 220 21 öfverensstämmelse
556 546 46 20 med
622 546 27 20 22
667 546 40 20 och
728 546 25 20 40
777 548 20 23 $$
821 546 103 27 offentlig-

176 581 74 26 gjorts,
266 581 63 19 hafva
345 580 118 20 Ständerna
476 580 79 25 jemväl
571 580 6 19 i
593 580 74 19 sådant
682 580 55 26 syfte
753 581 75 19 ändrat
844 581 25 19 78
885 583 16 21 $.

245 615 73 20 Redan
337 615 6 19 i
364 615 36 19 det
420 614 127 26 föregående
571 614 61 19 hafva
656 612 119 22 Ständerna
797 614 74 20 uttalat
890 615 36 19 sitt

177 649 156 27 godkännande
354 649 23 19 af
395 648 39 20 den
456 648 7 19 i
482 648 156 26 propositionen
662 647 126 21 framhållna
808 649 118 26 grundsats,

178 686 30 17 att
227 684 26 19 de
272 683 105 20 särskilda
399 682 128 27 bestyrelser
550 682 39 20 och
608 682 136 26 direktioner,
767 690 44 13 som
835 684 45 19 dels
899 684 27 26 på

177 717 68 27 grund
268 717 24 20 af
314 717 106 20 allmänna
443 716 154 26 förordningar,
620 716 44 20 dels
683 717 6 19 i
710 716 50 26 följd
784 717 23 19 af
827 718 99 25 speciella

178 752 85 26 stadgar
284 752 30 19 för
332 758 26 12 en
375 751 51 19 eller
442 757 68 13 annan
530 750 52 25 stad,
601 750 121 20 handhafva
740 751 107 27 åtskilliga
865 752 22 19 af
901 752 25 20 de

183 785 187 27 angelägenheter,
394 790 43 14 som
463 790 75 21 genom
558 784 70 20 denna
649 784 124 28 förordning
792 786 85 20 komma
898 788 30 18 att

180 819 85 20 tillhöra
280 820 41 19 den
342 825 157 21 gemensamma
520 818 291 28 kommunalförvaltningens
834 820 92 26 område,

179 854 61 20 skola
256 854 34 19 vid
307 854 25 19 de
348 854 32 19 för
395 853 48 19 dem
459 853 110 20 bestämda
583 852 122 20 funktioner
721 854 90 25 qvarstå,
833 854 31 19 till
881 854 47 20 dess

179 890 31 17 att
221 888 26 19 de
263 887 153 26 förändringar,
432 893 43 14 som
491 887 71 19 kunna
578 887 68 19 finnas
662 887 101 26 nödiga,
754 883 12 35 i
778 888 88 26 behörig
882 888 46 19 ord-

181 922 51 26 ning
251 921 181 26 tillvägabringas.
463 921 46 20 Men
526 921 118 19 Ständerna
662 927 50 14 anse
734 921 69 20 denna
817 922 111 26 grundsats

180 955 63 20 äfven
264 955 50 20 böra
329 955 7 19 i
352 955 75 26 sjelfva
444 955 150 26 förordningen
615 955 20 20 få
654 957 30 18 ett
701 955 83 26 uttryck
807 956 40 19 och
867 956 62 20 hafva

181 989 55 26 förty
253 989 111 26 angående
380 989 58 20 detta
456 991 61 18 ämne
536 989 63 19 infört
614 995 25 14 en
660 996 27 19 ny
706 991 10 22 $
737 990 100 19 nästefter
856 990 72 20 försla-

180 1025 46 24 gets
243 1024 24 19 81
286 1025 19 22 $.

249 1057 70 20 Jemte
338 1057 36 20 det
396 1056 119 21 Ständerna
531 1057 55 19 velat
602 1057 62 20 hafva
684 1057 167 21 bestämmandet
869 1059 22 19 af
905 1059 22 19 ti-

182 1091 48 26 den,
254 1094 38 17 när
315 1091 70 20 denna
408 1091 123 26 författning
556 1091 53 20 skall
636 1091 59 20 träda
710 1092 6 19 i
733 1092 142 27 verksamhet,
898 1093 30 20 till

181 1125 79 20 Eders
282 1125 151 27 Kejserliga
455 1126 134 25 Majestäts
607 1126 55 26 höga
683 1126 116 26 afgörande
819 1127 110 20 öfverlem-

182 1160 57 25 nadt,
256 1160 63 20 hafva
334 1159 118 20 Ständerna
467 1159 68 20 funnit
551 1159 34 20 det
602 1166 50 13 vara
660 1160 32 19 för
703 1161 107 19 städernes
827 1161 59 20 bästa
897 1161 32 20 väl

183 1194 72 25 sörjdt,
272 1193 26 20 då
313 1193 35 20 det
368 1193 78 20 tillåtes
465 1193 160 20 Guvernörerne
645 1196 30 17 att
693 1194 82 20 utöfver
795 1195 39 19 den
855 1196 75 19 termin

184 1228 31 19 för
231 1228 70 19 denna
317 1228 134 26 förordnings
466 1228 119 26 införande,
600 1234 44 13 som
661 1228 95 20 kommer
767 1231 30 18 att
811 1229 119 27 fastställas,

184 1262 78 26 bevilja
278 1264 29 18 ett
321 1262 83 20 rådrum
420 1262 24 20 af
457 1262 61 26 högst
533 1264 31 17 tre
579 1262 32 25 år;
628 1262 98 20 bvarföre
742 1263 117 20 Ständerna
872 1264 6 19 i
889 1264 41 19 allo

184 1296 96 27 godkänt
302 1297 55 19 förra
378 1303 61 13 mom.
459 1297 22 19 af
502 1297 27 19 82
549 1299 10 22 $
575 1297 6 19 i
602 1297 106 26 förslaget.
746 1297 101 20 Deremot
870 1299 62 20 hafva

184 1331 120 20 Ständerna
327 1331 47 20 icke
397 1331 82 20 kunnat
496 1333 78 24 antaga
593 1337 74 14 senare
692 1338 60 13 mom.
775 1333 23 18 af
816 1339 79 14 samma
914 1335 16 24 $,

185 1365 83 19 hvilket
291 1365 76 20 tillåter
388 1365 157 20 stadskommun
566 1367 30 18 att
615 1365 117 20 tillsvidare
753 1366 106 21 bibehålla
879 1368 53 19 förut

185 1399 102 26 stadgade
311 1399 91 26 grunder
421 1399 31 20 för
471 1399 177 26 stadsutskylders
668 1400 136 26 erläggande.
844 1401 32 20 Då
891 1402 40 20 den

186 1440 42 19 nya
239 1433 195 26 kommunallagens
446 1433 109 26 betydelse
563 1434 44 25 just
617 1434 68 26 ligger
696 1434 52 26 deri,
758 1436 31 17 att
799 1435 40 19 den
851 1435 79 20 åhvälf-

186 1474 36 13 ver
238 1467 42 20 alla
296 1467 98 20 invånare
406 1467 6 20 i
424 1468 73 19 staden
513 1467 179 27 skattskyldighet
708 1469 31 18 till
755 1469 127 20 kommunen
894 1471 38 19 och
