1070 1786
221 149 22 18 26

187 212 134 26 benägenhet
339 214 30 17 att
387 212 6 19 i
413 212 65 20 saken
498 212 51 27 ingå
569 212 49 20 aftal
638 213 27 25 på
682 212 83 27 skäliga
787 213 98 26 grunder,
907 214 30 19 för

186 248 30 18 att
232 246 122 27 derigenom
371 246 71 27 undgå
457 246 115 27 omgångar
588 247 38 19 och
643 246 162 27 förvecklingar.

258 279 108 21 Utskottet
385 280 37 20 har
442 287 26 12 nu
487 280 48 20 sökt
556 280 98 20 utveckla
669 280 66 26 några
750 281 23 19 af
786 281 26 19 de
828 281 108 26 grundsat-

188 320 39 19 ser,
244 313 73 20 hvilka
332 313 67 27 enligt
415 313 110 20 utskottets
547 314 63 20 tanke
630 314 50 20 böra
695 314 51 26 ingå
762 314 27 20 uti
807 314 40 20 den
863 314 73 26 ifråga-

186 348 94 19 varande
302 348 159 26 författningen.
491 348 82 19 Texten
597 348 70 20 dertill
690 348 53 20 skall
763 348 6 19 i
788 348 35 20 det
845 348 92 26 följande

186 381 120 27 ätergifvas.
337 382 45 19 Den
402 381 70 20 alltför
492 382 85 26 knappa
597 382 35 25 tid,
650 382 111 19 hvaröfver
779 382 100 20 utskottet
895 382 42 20 haft

186 417 30 18 att
232 415 31 19 för
278 415 120 20 ändamälet
418 415 89 27 förfoga,
526 415 70 20 kunde
616 415 124 27 visserligen
757 416 55 26 gälla
827 415 69 29 säsom
911 422 25 13 en

186 449 115 27 tillräcklig
316 449 67 27 grund
400 449 31 20 för
446 451 30 18 att
492 449 29 20 till
538 449 120 27 Höglofliga
674 449 117 20 Ständerna
806 449 48 20 icke
871 450 65 19 öfver-

186 483 70 20 lemna
271 483 107 26 förslaget,
394 490 43 13 som
454 483 41 20 kan
511 483 104 20 innesluta
638 483 80 25 brister,
743 483 72 20 hvilka
837 483 57 20 tiden
918 484 18 25 ei

186 517 72 20 tillåtit
272 519 30 18 att
318 517 116 26 upptäcka;
455 523 46 13 men
518 517 27 20 då
560 524 25 13 en
605 517 149 27 rättsordning,
772 524 33 13 om
822 517 40 20 ock
878 518 58 19 ofull:

186 551 88 27 komlig,
296 552 37 19 bör
350 551 121 27 föredragas
494 551 85 20 framför
595 551 35 20 det
646 554 51 17 nära
717 558 41 19 nog
777 552 95 19 rättslösa
896 551 39 20 till-

186 585 69 25 stånd,
271 592 43 13 som
331 586 6 18 i
353 585 101 20 afseende
464 585 13 19 å
492 585 97 26 flottning
604 585 23 19 af
640 585 128 26 skogsalster
780 592 26 12 nu
820 592 51 20 eger
886 593 50 17 rum,

187 619 37 19 bar
240 619 101 20 utskottet
356 621 69 17 ansett
440 619 36 19 det
491 619 106 19 allmänna
612 619 98 19 intresset
730 619 84 26 påkalla
830 621 29 17 ett
874 621 63 17 annat

186 653 127 20 förfarande.
344 653 32 20 Då
391 653 118 19 Ständerna
524 653 86 19 härnäst
628 653 160 24 sammanträda,
805 653 59 19 torde
880 653 56 19 Hans

186 687 119 27 Kejserliga
324 688 96 25 Majestät
436 687 5 19 i
457 686 70 20 Nåder
546 686 114 20 framställa
679 693 27 21 ny
727 687 128 26 proposition
872 687 6 19 i
894 690 42 16 äm-

186 723 41 23 net,
244 721 87 20 hvilken
356 721 40 19 kan
420 720 67 20 tillåta
508 720 47 20 icke
579 720 89 20 allenast
686 722 30 18 att
731 720 94 26 afhjelpa
847 720 91 20 nämnda

186 755 82 26 brister,
287 758 48 17 utan
352 756 61 18 äfven
430 757 30 17 att
476 754 140 27 tillgodogöra
631 754 27 20 all
675 754 40 20 den
732 754 126 26 erfarenhet,
875 755 60 19 som
922 750 16 36 i

186 789 66 20 saken
269 789 117 20 emellertid
402 788 80 20 kunnat
498 788 80 20 vinnas.

256 822 69 20 Jemte
345 823 35 20 det
399 822 101 20 utskottet
515 823 6 19 i
537 822 64 27 öfrigt
620 825 68 17 ansett
708 822 31 26 sig
757 822 47 20 icke
821 822 71 20 kunna
907 823 29 19 af-

185 856 59 28 gifva
261 856 64 27 något
338 857 101 26 yttrande
455 856 110 27 angående
580 856 27 20 de
622 857 6 19 i
644 856 83 27 Nådiga
737 857 157 26 propositionen
906 857 30 19 in-

184 893 66 24 tagna
265 891 167 19 administrativa
451 890 189 26 bestämningarne,
660 897 33 13 om
715 890 82 20 hvilkas
818 890 117 20 ändamäls-

184 924 96 26 enlighet
303 924 103 20 härintills
422 924 22 19 så
460 925 59 26 ringa
541 924 120 20 erfarenhet
686 925 91 25 vunnits,
800 925 39 19 och
863 924 73 20 hvilka

184 959 107 19 dessutom
307 961 36 17 äro
360 958 104 20 beroende
480 958 23 20 af
516 965 25 13 en
558 965 67 13 annan
643 958 47 26 plan
708 961 25 17 än
746 958 47 25 den,
811 958 79 27 hvarpå
906 961 28 16 ut-

185 992 90 20 skottets
292 992 133 21 betänkande
440 995 23 17 är
479 992 72 27 bygdt,
567 992 30 20 får
613 992 101 20 utskottet
735 993 47 19 med
801 992 135 27 åberopande

184 1027 24 19 af
220 1027 32 19 sin
272 1026 110 21 ofvanföre
404 1027 74 26 gjorda
500 1026 153 26 framställning
676 1026 106 20 vördsamt
805 1025 82 26 föreslå,
907 1027 29 19 att

185 1061 123 26 Höglofliga
323 1060 118 21 Ständerna
456 1060 64 20 måtte
536 1061 31 19 för
582 1061 31 19 sin
630 1060 34 20 del
680 1059 113 27 godkänna
809 1060 38 20 och
859 1062 77 24 antaga

184 1095 105 26 följande
279 1091 12 35 :

259 1157 137 32 Förordning
417 1155 113 33 angäende
549 1157 100 31 flottning
668 1157 26 24 af
710 1157 149 31 skogsalster.

569 1224 14 27 $
599 1225 19 20 1.

320 1264 15 21 I
348 1265 66 27 sjöar,
430 1263 75 28 elfvar,
521 1265 121 24 strömmar,
660 1265 46 24 åar,
723 1264 57 21 sund
797 1264 53 21 eller
865 1264 70 21 andra

251 1299 114 27 naturliga
382 1298 134 27 vattendrag,
535 1298 40 20 der
589 1298 107 27 flottning
717 1297 43 22 kan
783 1297 42 26 ske,
845 1298 36 21 må
901 1304 34 14 en-

250 1333 61 24 hvar,
327 1333 69 20 under
412 1332 141 27 iakttagande
569 1331 29 28 af
604 1331 176 28 föreskrifterna
793 1333 6 19 i
807 1332 72 21 denna
885 1332 51 27 för-

251 1367 95 27 ordning
361 1366 118 21 verkställa
489 1366 107 27 flottning
611 1365 29 28 af
651 1365 138 28 skogsalster.

320 1399 231 28 Flottningsmanskap
567 1402 26 18 är
609 1399 132 28 berättigadt
756 1402 38 22 att,
813 1399 28 21 då
857 1400 78 21 sådant

251 1436 27 19 är
288 1434 41 27 för
339 1434 135 27 flottningen
489 1434 141 27 nödvändigt,
646 1434 90 21 beträda
751 1434 52 20 eller
813 1433 48 21 med
871 1434 63 26 flott-

250 1468 55 28 gods
328 1468 65 27 lägga
416 1468 35 20 till
473 1467 36 21 vid
531 1467 133 21 stränderna
683 1467 30 27 af
722 1467 89 27 flottled
826 1470 56 18 samt
898 1468 38 21 der
