1070 1786
219 145 35 18 576

254 215 36 18 ten
313 213 115 25 tillkänna,
450 213 13 20 å
481 212 85 21 hvilken
589 213 43 27 dag
654 213 38 21 och
714 213 71 21 timme
807 213 36 21 det
864 213 75 20 dervid

248 246 71 28 förda
337 247 112 27 protokoll
467 247 93 21 kommer
580 249 33 18 att
627 247 61 27 inför
703 247 146 28 Magistraten
864 247 75 26 offent-

254 281 58 27 ligen
330 281 106 27 justeras.
465 281 82 21 Annan
562 281 89 21 kallelse
667 281 35 21 till
713 281 140 27 justeringen
869 281 70 27 erfor-

253 314 53 22 dras
322 315 27 27 ej.

565 366 16 27 $
594 368 36 20 23.

322 404 55 26 Den,
399 412 46 14 som
459 406 9 20 i
483 405 124 27 afgörande
626 405 30 27 af
670 408 30 18 ett
714 406 36 20 vid
763 405 175 21 rådhusstämma

253 439 123 28 handlagdt
396 439 78 21 ärende
490 440 97 27 deltagit,
603 446 50 14 vare
668 440 125 27 berättigad
807 442 33 18 att
854 441 83 26 genast,

252 474 54 20 eller
330 474 40 20 sist
392 474 36 20 vid
437 474 138 27 justeringen
597 474 31 26 af
642 474 139 27 protokollet,
805 473 131 21 reservation

253 510 55 18 emot
323 508 34 20 det
368 507 91 27 fattade
474 507 88 21 beslutet
577 506 93 29 afgifva.

525 583 14 21 3
555 582 112 28 Kapitlet.

482 634 31 21 Om
528 634 178 26 stadsfullmäktige.

561 691 16 28 $
591 692 35 21 24.

322 732 90 20 Antalet
432 731 29 27 af
471 731 200 27 stadsfullmäktige
694 731 123 21 bestämmes
835 731 36 21 vid
886 731 50 20 råd-

254 766 134 21 husstämma
403 765 56 27 efter
470 765 159 28 folkmängden
643 765 102 26 sålunda,
761 767 33 19 att

282 800 50 21 stad
346 800 49 20 med
408 800 58 21 2000
481 800 104 20 invånare
601 799 53 21 eller
668 799 109 21 derunder
791 801 60 19 utser

671 834 67 20 minst
754 834 28 20 12
797 833 62 27 högst
873 834 34 20 30.

286 863 65 32 Öfver
366 869 58 20 2000
439 868 35 20 till
489 867 38 21 och
541 867 47 21 med
603 868 77 25 10,000
701 868 11 12 ?
751 869 28 19 21
819 868 11 12 ”»
873 868 35 20 40.

311 903 11 12 ”»
366 903 76 24 0,000
499 902 12 12 »
599 902 81 25 20,000
701 902 12 12 »
749 902 28 20 31
819 902 12 12 ”
874 902 33 21 50.

311 936 11 12 ”
365 936 289 25 20000
473 923 17 43 .
511 923 49 43 «ss
578 923 52 43 ss
648 923 20 43 +
702 936 11 12 »
747 936 29 20 41
819 936 11 12 ”
873 936 36 20 60.

563 993 14 26 $
591 993 37 21 25.

326 1032 42 22 Vid
391 1031 130 28 behandling
537 1031 30 28 af
573 1031 83 28 frägor
671 1038 34 15 om
720 1032 22 27 a)
758 1032 65 27 inköp
835 1032 42 27 för
892 1035 45 19 sta-

255 1068 42 20 den
316 1067 30 27 af
352 1065 117 28 fastighet,
483 1066 54 21 eller
551 1065 37 22 ock
599 1065 139 28 försäljning
754 1067 51 20 eller
823 1066 73 29 utbyte
911 1067 30 27 af

254 1101 76 22 staden
345 1099 99 28 tillhörig
454 1099 51 28 fast
523 1100 106 27 egendom,
640 1100 47 21 med
702 1100 113 28 undantag
831 1100 30 27 af
871 1101 66 27 bygg-

254 1135 140 24 nadstomter,
419 1134 24 27 b)
458 1136 47 25 nytt
521 1133 97 28 företag,
636 1133 147 28 erfordrande
805 1134 83 21 allmän
903 1138 35 18 ut-

256 1169 106 27 taxering,
382 1168 53 21 eller
450 1169 21 25 c)
489 1168 140 27 upptagande
648 1168 30 26 af
692 1169 38 20 län
742 1167 39 27 för
795 1168 88 21 stadens
904 1176 36 20 ge-

254 1209 131 15 mensamma
404 1201 68 27 behof
482 1202 31 26 pä
533 1202 76 27 längre
631 1202 33 20 tid
684 1204 29 18 än
728 1202 35 20 två
779 1202 32 25 är,
828 1202 37 21 bör
880 1203 35 20 det
930 1203 8 20 i

253 1239 30 20 24
304 1238 15 27 $
340 1237 111 21 bestämda
470 1236 82 21 antalet
567 1235 29 28 af
605 1235 202 28 stadsfullmäktige
822 1236 51 21 ökas
889 1237 47 20 med

254 1271 86 28 hälften
358 1271 58 24 eller,
436 1277 33 14 om
488 1271 59 20 detta
571 1270 32 21 tal
617 1270 20 27 ej
652 1272 26 19 är
688 1270 77 27 jemnt,
781 1271 49 20 med
845 1271 34 20 det
894 1278 45 13 som

254 1308 28 19 är
296 1307 100 19 närmast
411 1304 106 28 deröfver.

563 1361 16 27 $
593 1362 36 21 26.

323 1402 45 21 För
382 1402 36 21 val
433 1401 30 27 af
477 1401 201 27 stadsfullmäktige
700 1401 43 20 kan
765 1401 52 21 stad
831 1402 85 22 indelas
931 1404 9 20 i

254 1437 128 24 valkretsar,
398 1435 79 25 hvilka,
485 1436 32 27 pä
531 1435 72 21 derom
618 1435 31 26 af
660 1435 145 27 Magistraten
821 1437 118 27 uppgjordt

250 1471 96 28 förslag,
370 1470 126 21 bestämmas
518 1469 30 27 af
565 1469 207 27 stadsfullmäktige,
796 1470 39 20 der
856 1472 84 20 sädane
