1070 1786
202 140 35 18 508

549 199 15 27 $
579 200 33 20 49.

312 239 39 21 Om
376 239 157 28 Magistratens
559 240 204 27 sammansättning,
791 240 131 27 äligganden

238 273 40 22 och
295 274 104 26 göromäl,
414 274 9 20 i
438 273 48 21 dess
505 273 105 27 egenskap
626 273 29 27 af
666 273 99 28 offentlig
785 274 139 27 embetsmyn-

239 307 74 28 dighet
331 309 57 19 samt
406 307 91 21 domstol
512 308 9 19 i
535 306 163 28 hushällnings-
713 307 37 21 och
767 308 156 27 ordningsmäl,

238 341 113 27 äfvensom
370 341 111 27 angående
505 341 137 21 tillsättande
661 341 30 27 af
706 341 71 27 öfrige
797 342 126 26 tjenstemän

238 375 39 21 och
297 375 91 27 betjente
401 374 41 28 för
460 374 87 21 stadens
567 374 38 21 och
620 375 40 20 den
678 374 139 21 kommunala
827 374 97 27 förvalt-

239 410 92 26 ningens
342 408 68 28 behof
415 409 58 27 gälle
489 408 57 21 hvad
561 408 72 21 derom
648 408 106 21 särskildt
769 410 26 19 är
810 408 112 28 stadgadt.

549 466 15 27 $
579 466 33 21 50.

310 505 16 21 I
338 505 56 26 stad,
417 506 38 20 der
477 504 119 28 Magistrat
611 505 19 27 ej
644 504 82 28 finnes,
748 504 62 21 skola
829 505 48 21 alla
899 505 25 20 de

240 540 140 27 äligganden,
396 539 73 21 hvilka
482 539 92 21 nämnde
584 538 125 29 myndighet
720 539 67 27 enligt
797 539 72 20 denna
874 538 51 28 för-

240 574 95 27 ordning
353 573 45 26 fätt
416 575 34 26 sig
470 573 139 27 uppdragna,
632 573 90 21 tillhöra
742 573 40 21 den
796 573 42 27 för
853 573 70 21 sädan

240 608 50 20 stad
305 608 106 20 särskildt
426 608 95 20 tillsatta
536 607 95 27 styrelse.

514 682 15 21 5
544 681 111 27 Kapitlet.

475 733 31 20 Om
521 733 76 20 stadens
612 733 79 20 drätsel.

552 795 15 27 $
581 796 35 20 51.

313 841 15 21 I
340 841 76 27 hvarje
438 841 49 21 stad
509 840 57 21 skall
584 840 78 27 finnas
681 847 25 14 en
726 840 198 27 drätselkammare,

242 876 86 20 hvilken
334 875 114 27 förvaltar
463 875 24 20 de
502 875 75 20 staden
594 874 132 21 tillhörande
736 874 139 28 fastigheter,
891 874 35 29 äf-

241 916 85 14 vensom
348 909 48 20 dess
414 909 205 27 penningeväsende,
643 908 86 27 uppbär
744 909 47 20 dess
809 909 117 21 inkomster

242 944 38 21 och
300 943 128 21 verkställer
446 943 111 27 behörigen
573 943 97 20 beslutna
686 942 169 28 utbetalningar,
871 947 55 17 samt

242 978 103 27 derjemte
360 977 128 27 ombesörjer
503 977 26 20 de
544 977 114 20 allmänna
672 977 103 27 uppdrag
786 977 43 26 för
838 978 88 21 stadens

244 1012 102 27 räkning,
365 1018 51 19 som,
437 1011 66 27 enligt
523 1011 35 20 det
569 1010 41 27 för
628 1011 207 21 drätselkammaren
855 1011 72 28 utfär-

245 1046 57 21 dade
317 1045 133 27 reglemente,
467 1045 34 20 till
516 1045 47 20 dess
579 1045 123 27 befattning
718 1044 59 21 höra.

313 1079 95 27 Förslag
424 1079 34 20 till
469 1079 126 27 reglemente
601 1078 41 27 för
652 1078 208 22 drätselkammaren
871 1079 57 21 skall

242 1115 117 26 upprättas
379 1113 31 26 af
425 1113 144 27 Magistraten
588 1113 36 20 och
646 1113 144 26 öfverlemnas
806 1113 35 21 till
857 1114 71 20 stads-

238 1147 156 28 fullmäktiges
412 1147 57 24 eller,
491 1147 38 20 der
547 1147 83 20 sådane
648 1147 20 27 ej
678 1147 84 26 finnas,
779 1147 83 21 allmän
877 1148 51 20 råd-

244 1182 144 20 husstämmas
404 1181 135 27 granskning
554 1181 39 20 och
607 1181 168 27 godkännande,
791 1184 56 18 samt
859 1181 69 28 deref-

244 1219 32 18 ter
290 1222 76 21 genom
386 1214 139 21 Guvernören
541 1215 34 20 till
592 1214 104 21 Senatens
711 1214 117 22 Ekonomie
842 1215 86 28 Depar-

244 1252 88 19 tements
344 1249 111 28 pröfning
471 1249 36 20 och
517 1248 147 28 fastställelse
679 1249 111 20 insändas.

316 1283 15 21 I
343 1283 57 25 stad,
424 1283 37 20 der
483 1283 159 27 vederbörligen
660 1283 121 26 faststäldt
802 1284 127 27 reglemente

240 1318 42 27 för
293 1317 192 21 drätselkammare
497 1317 66 20 redan
575 1317 75 27 finnes,
665 1317 34 20 må
716 1317 76 20 dervid
807 1317 123 22 tillsvidare

240 1351 116 28 förblifoa,
376 1351 72 20 såvidt
463 1351 34 20 det
512 1351 47 20 med
575 1351 25 20 de
614 1351 9 20 i
638 1351 70 20 denna
719 1350 136 29 förordning
871 1353 59 20 stad-

244 1386 56 27 gade
313 1385 97 28 grunder
421 1387 27 18 är
455 1385 116 27 förenligt.
601 1385 124 26 Erfordras
741 1385 72 20 deruti
827 1385 101 28 ändring,

245 1421 35 20 må
302 1419 70 21 sådan
395 1419 74 20 kunna
491 1419 36 22 ske
542 1419 8 20 i
565 1419 42 20 den
622 1419 102 27 ordning,
744 1425 44 14 som
806 1419 41 20 här
863 1419 66 27 ofvan

242 1454 42 27 för
300 1455 47 26 nytt
362 1453 137 28 reglementes
515 1453 148 27 upprättande
678 1454 28 19 är
721 1453 100 26 stadgad.
