1070 1786
238 152 24 17 92

207 215 46 20 dets
274 215 223 26 elementarläroverk,
513 221 50 13 anse
579 215 117 19 Ständerne
712 215 39 19 den
769 215 120 27 föreslagna
905 216 51 19 läro-

207 250 111 24 anstalten,
342 249 68 20 såvidt
433 249 122 20 densamma
575 249 53 19 hade
648 249 30 19 till
702 249 96 20 ändamål
815 251 30 19 att
862 249 95 27 bibringa

207 283 107 20 blifvande
336 283 101 20 klockare
460 283 38 19 och
519 283 117 26 organister
656 283 65 26 insigt
736 284 6 18 i
758 284 65 19 andra
843 284 113 25 kunskaps-

206 318 90 25 stycken
316 320 26 16 än
360 317 66 19 musik
443 317 38 19 och
499 316 57 27 sång,
572 316 48 20 icke
637 323 48 13 vara
700 317 23 19 af
738 317 99 20 behofvet
852 316 104 27 påkallad.

207 352 100 18 Deremot
327 351 63 19 hafva
409 351 115 19 Ständerne
545 351 32 19 väl
599 351 66 19 funnit
682 351 61 26 högst
760 351 106 26 behöfligt,
883 354 30 17 att
927 352 29 18 åt-

206 386 77 26 gärder
307 386 95 26 vidtoges
425 386 31 18 för
479 385 159 26 kyrkosångens
660 385 90 26 höjande
771 386 38 19 och
827 386 129 25 förädlande,

206 422 54 17 samt
276 422 28 17 att
321 419 83 20 tillfälle
420 419 54 26 förty
492 419 64 20 borde
574 419 86 20 beredas
677 420 25 19 de
721 426 105 19 personer,
843 426 44 13 som
904 426 53 20 egna

206 454 32 26 sig
259 453 21 19 åt
296 453 100 20 klockare
412 453 51 20 eller
479 453 166 26 organistkallet,
662 456 30 17 att
709 454 62 19 vinna
787 454 64 26 nödig
868 454 88 19 musika-

208 487 39 20 lisk
268 487 130 25 utbildning;
415 494 45 13 men
477 488 88 19 emedan
581 494 26 13 en
623 487 123 20 läroanstalt
762 488 45 19 med
824 488 57 20 detta
896 488 60 26 syfte,

207 521 67 27 enligt
296 522 128 19 Ständernas
444 521 60 27 åsigt,
520 521 48 20 icke
584 528 49 20 eger
650 522 39 19 den
706 522 131 26 gemeuskap
854 522 46 19 med
917 522 39 19 den

207 555 108 20 allmänna
331 555 176 27 folkbildningen,
523 558 30 17 att
568 556 68 19 dertill
653 556 138 26 erforderliga
808 556 66 20 medel
893 556 64 19 borde

207 596 77 20 genom
301 589 117 27 bevillning
434 590 180 26 sammanbringas
626 592 52 17 samt
690 590 35 19 det
733 591 153 25 jemförelsevis
897 591 60 25 ringa

207 624 115 26 årsanslag,
344 630 44 13 som
413 624 31 19 för
463 624 50 19 slikt
532 624 97 19 ändamål
650 624 40 19 kan
708 630 50 13 vara
774 624 107 26 behöfligt,
897 624 59 19 torde

208 658 72 19 kunna
294 658 7 19 i
317 658 152 27 sammanhang
485 658 45 20 med
547 658 67 26 öfriga
630 658 84 26 utgifter
731 658 31 19 för
777 658 147 20 klerecistaten
937 658 22 18 af

207 692 106 20 allmänna
334 692 119 20 statsmedel
472 692 108 23 bestridas,
598 692 61 20 hafva
674 692 117 20 Ständerne
808 692 149 26 underdånigst

207 728 69 18 ansett
292 727 31 25 sig
339 726 47 20 icke
404 726 50 20 böra
469 728 75 25 antaga
559 727 39 19 den
616 727 77 26 nådiga
709 727 164 26 propositionen.

278 772 98 19 Finlands
393 771 88 20 Ständer
498 772 118 20 framhärda
631 775 39 17 etc.

277 816 139 27 Helsingfors,
432 818 40 20 den
489 818 11 19 6
517 818 59 25 April
595 819 59 21 1872.
