1070 1786
825 139 33 18 577

188 205 84 27 finnas,
287 212 48 14 men
350 205 62 28 eljest
427 205 31 27 af
468 205 139 21 kommunens
621 205 182 30 röstberättigade
821 208 56 21 med-

194 239 89 22 lemmar
294 239 37 21 vid
340 239 185 22 rädhusstämma.
561 239 68 22 Valen
639 239 130 22 verkställas
778 241 37 21 vid
824 242 54 21 räd-

193 273 139 26 husstämma,
344 281 33 14 om
386 274 26 21 de
426 273 63 22 skola
503 273 37 22 ske
555 274 115 26 samfäldt,
686 281 48 14 men
749 275 38 21 der
801 276 75 21 staden

192 310 27 18 är
234 308 88 21 indelad
336 308 9 20 i
360 307 129 27 valkretsar,
513 308 67 27 enligt
595 308 37 20 vid
646 308 70 21 sådan
731 310 92 20 stämma
839 316 39 14 an-

193 344 70 26 tagen,
279 342 29 27 af
321 341 138 22 Guvernören
469 341 120 28 fastställd
604 342 100 28 ordning.

501 405 15 27 $
530 406 37 20 27.

266 444 205 28 Stadsfullmäktige
489 445 72 27 väljas
584 444 67 21 bland
669 444 138 22 kommunens
822 447 55 20 röst-

193 480 133 27 berättigade
347 481 59 24 män,
429 479 67 27 enligt
518 479 41 21 den
579 479 125 27 röstgrund,
720 486 45 14 som
781 480 8 20 i
804 480 72 21 denna

187 514 137 28 förordning
338 516 26 18 är
378 513 101 28 stadgad.
514 512 142 22 Valbarheten
672 520 50 14 vare
732 514 20 27 ej
762 514 115 21 inskränkt

192 548 59 21 inom
266 548 100 21 valkrets.

499 611 15 27 $
528 612 37 20 28.

266 651 45 21 Till
329 650 189 28 stadsfullmäktig
536 651 36 20 må
587 651 20 28 ej
621 650 73 28 väljas
709 650 48 27 den,
772 658 45 14 som
831 651 46 21 icke

192 686 94 26 uppnått
302 685 106 28 tjugufem
424 685 36 21 års
476 685 72 26 ålder;
569 685 20 27 ej
604 685 46 26 den,
666 691 45 15 som
725 686 35 20 sin
776 686 101 27 egendom

193 720 35 20 till
242 719 130 28 borgenärer
394 719 87 28 afträdt
503 718 39 22 och
561 718 52 26 icke,
626 719 32 27 pä
672 720 44 20 sätt
732 720 37 26 lag
779 719 97 28 förmår,

192 754 66 26 gitter
280 754 46 20 visa
348 756 34 18 att
403 753 45 21 han
465 752 58 28 från
545 753 64 21 deras
628 752 57 28 kraf
695 755 26 19 är
731 753 49 27 fri;
795 754 20 27 ej
829 754 48 25 den,

192 794 45 15 som
254 787 41 28 för
314 788 78 27 nesligt
413 787 56 21 brott
483 789 28 19 är
526 787 99 21 tilltalad
640 787 52 21 eller
706 788 69 20 under
785 788 93 27 framti-

193 822 41 20 den
249 822 77 26 ställd;
346 822 38 20 och
400 822 19 26 ej
434 821 67 21 heller
516 821 46 25 den,
578 828 45 14 som
637 828 74 22 genom
726 822 103 21 domstols
845 822 33 21 be-

192 856 44 21 slut
254 856 127 28 förklarats
404 856 90 28 ovärdig
516 858 33 19 att
571 855 61 28 inför
650 858 60 19 rätta
719 855 56 29 föra
791 863 86 15 annans

193 890 68 21 talan.

503 947 16 27 $
533 948 36 21 29.

265 987 119 26 Guvernör,
394 986 215 27 Landssekreterare,
618 986 207 28 Landskamrerare,
834 988 45 21 vice

194 1021 216 26 Landssekreterare,
424 1021 43 21 vice
481 1020 207 27 Landskamrerare,
703 1022 176 28 magistratsper-

193 1063 69 18 soner,
282 1057 129 26 tjenstemän
431 1055 37 22 och
486 1055 91 28 betjente
594 1055 36 22 vid
644 1055 119 28 Magistrat
782 1056 37 21 och
834 1057 44 21 Po-

194 1090 142 26 liskammare,
353 1090 83 21 allmän
452 1089 110 28 äklagare,
578 1089 112 28 äfvensom
705 1090 127 27 tjenstemän
839 1091 39 21 och

194 1125 98 27 betjente,
315 1124 111 21 anställde
448 1124 36 21 vid
506 1123 89 22 stadens
616 1123 93 22 drätsel-
731 1124 53 21 eller
805 1125 73 20 andra

193 1159 47 21 dess
250 1158 142 28 förvaltande
407 1157 50 22 verk
472 1157 37 22 och
520 1157 43 28 för
577 1158 35 21 sin
627 1157 123 29 befattning
762 1159 50 20 redo
820 1158 59 29 skyl-

193 1193 55 28 dige,
264 1194 38 20 äro
317 1192 45 22 icke
377 1192 91 22 valbara
484 1192 36 21 till
534 1191 205 29 stadsfullmäktige.

503 1255 15 28 $
533 1257 34 20 30.

264 1296 54 25 Den,
340 1302 46 15 som
409 1294 73 28 blifvit
502 1295 35 21 till
555 1295 187 28 stadsfullmäktig
760 1295 57 26 vald,
833 1295 44 22 kan

193 1331 81 28 afsäga
296 1330 33 27 sig
352 1329 129 28 uppdraget,
504 1335 34 15 om
552 1329 45 21 han
611 1329 45 21 icke
671 1331 27 19 är
712 1329 8 20 i
734 1329 77 21 staden
826 1330 53 21 eller

192 1365 58 21 inom
266 1365 47 20 dess
333 1363 87 22 område
440 1363 89 26 boende;
549 1370 34 14 om
600 1363 44 21 han
665 1363 56 27 efter
735 1363 144 29 tjenstgöring

192 1399 9 20 i
209 1398 106 29 egenskap
324 1397 30 28 af
358 1397 191 28 stadsfullmäktig
560 1397 68 21 under
643 1397 27 21 de
684 1399 32 19 tre
730 1396 148 29 sistförflutna

192 1433 54 21 åren
268 1435 27 18 är
308 1433 9 20 i
332 1432 92 27 ordning
450 1433 32 19 att
501 1431 102 28 derifrån
622 1431 66 28 afgå;
708 1431 52 22 eller
781 1438 34 15 om
833 1431 45 22 han

192 1467 94 27 uppnått
301 1466 67 22 sextio
384 1466 38 21 års
437 1465 67 22 ålder.

764 1505 3 2 +
785 1499 22 18 87
