1070 1786
217 140 34 18 202

184 205 31 18 för
235 203 51 20 slikt
302 202 165 27 rymningsbrott
482 203 6 18 i
504 202 77 26 Kongl.
605 202 150 27 förordningen
781 203 39 20 den
845 204 25 19 26
893 203 41 20 No-

184 238 87 20 vember
289 238 50 19 1761
358 237 100 26 stadgade
473 237 74 19 urbota
557 237 61 19 straff
628 237 37 19 och
678 237 127 20 detsammas
816 237 119 20 ersättande

184 273 47 20 med
248 274 65 18 annat
329 271 87 20 mildare
432 278 81 13 ansvar.

252 306 10 19 I
278 306 114 25 anledning
409 305 60 19 häraf
478 305 43 24 har,
533 304 67 26 enligt
615 304 67 20 Hans
698 304 144 28 Kejserliga
859 306 75 26 Maje-

184 343 63 17 stäts
264 339 123 26 befallning,
404 339 47 19 icke
467 339 88 19 allenast
571 345 25 13 en
613 338 83 20 Komité
719 340 53 18 varit
789 340 145 20 tillförordnad

184 375 32 19 för
232 376 31 18 att
284 373 94 20 utarbeta
402 373 34 19 det
451 373 22 19 af
487 372 118 20 Ständerna
627 372 79 20 äskade
730 373 101 26 förslaget
853 374 30 19 till
908 380 26 20 ny

184 408 76 26 sjölag,
276 410 48 17 utan
341 407 39 19 ock
397 406 21 20 åt
433 406 96 20 bemälde
548 406 84 19 Komité
652 406 149 20 öfverlemnats
820 410 29 16 att
867 408 69 19 tillika

184 443 116 25 öfverväga
318 442 40 19 den
378 441 23 19 af
418 440 176 26 Borgareståndet
610 440 5 19 i
632 440 74 20 anförd
722 440 64 20 måtto
802 442 77 19 väckta
895 442 38 19 frå-

184 483 41 20 gan
242 482 33 13 om
292 475 88 25 ändring
397 475 5 19 i
421 475 50 19 1761
490 474 31 20 års
539 474 133 26 förordning;
694 474 50 20 derå
763 475 103 26 Komitén,
882 475 7 19 i
905 476 29 18 af-

184 510 78 20 seende
274 509 12 19 å
297 509 131 25 fullgörande
444 509 22 19 af
479 509 35 19 sitt
529 508 103 26 uppdrag,
646 509 66 25 jemte
729 509 130 26 underdänig
873 509 61 19 skrif-

185 544 56 20 velse
258 544 22 19 af
294 544 39 18 den
354 544 22 18 16
393 542 116 20 December
535 542 52 20 1865
611 542 113 20 inkommit
746 543 46 19 med
814 544 18 25 ej
854 544 80 18 mindre

184 582 31 16 tre
236 579 22 19 af
276 577 95 20 Komitén
397 577 119 19 utarbetade
541 577 85 25 förslag,
650 577 105 25 nämligen
772 577 31 20 till
819 577 67 26 sjölag
902 578 32 19 för

184 612 203 20 Storfurstendömet
402 610 95 25 Finland,
515 611 29 18 till
562 610 134 26 matordning
712 611 26 25 på
755 610 67 20 finska
838 611 95 20 handels-

184 647 69 25 fartyg
270 646 38 19 och
324 645 31 19 till
373 644 121 26 förordning
514 650 33 14 om
569 644 165 26 sjömanshusen,
754 647 25 17 än
800 645 64 19 skildt
882 652 51 12 sam-

184 680 129 20 manfattade
337 679 89 19 motiver
444 679 31 19 för
494 679 105 25 förslagen
620 679 30 19 till
666 678 68 26 sjölag
750 679 38 19 och
804 679 130 20 sistnämnda

184 714 130 25 förordning.
344 712 31 20 Af
392 712 61 20 dessa
473 712 76 25 förslag
569 712 118 20 innehåller
707 713 35 19 det
762 713 30 19 till
808 714 66 25 sjölag
890 714 44 18 dels

183 748 137 26 stadganden,
336 753 44 13 som
396 746 47 20 icke
457 746 71 19 kunna
539 749 48 16 utan
600 746 128 20 Ständernas
743 747 127 19 medverkan
887 748 46 18 åvä-

184 782 114 26 gabringas
310 781 38 19 och
361 780 71 20 ibland
444 780 45 20 dem
502 780 27 19 uti
539 782 10 22 S
559 781 25 19 66
596 780 193 27 straffbestämning
799 782 31 18 för
843 782 91 24 sjömans

184 816 99 25 rymning
300 822 22 12 ur
341 815 97 25 tjensten,
457 814 44 20 dels
521 814 137 24 föreskrifter,
678 814 82 20 hvilkas
778 815 124 20 utfärdande
922 816 12 18 &

184 849 66 20 Hans
266 848 144 26 Kejserliga
425 848 116 25 Majestät
556 848 69 20 allena
640 849 131 25 ankommer,
787 849 109 19 hvaremot
908 850 25 18 de

183 884 35 19 två
234 883 88 19 sednare
338 882 104 25 förslagen
459 882 43 19 helt
518 882 39 19 och
574 882 64 19 hållet
654 882 50 19 falla
719 882 56 19 inom
795 884 138 18 nästnämnda

184 916 236 27 lagstiftningsområde,
438 922 45 13 men
499 915 54 20 dock
570 917 79 18 ansetts
665 915 31 20 stå
711 916 7 19 i
734 916 39 19 den
791 919 95 17 närmare
897 923 34 19 ge-

185 951 101 25 menskap
310 950 46 19 med
380 949 93 26 sjölagen
498 953 53 16 samt
570 949 88 20 omfatta
673 949 70 26 frågor
759 949 22 20 af
795 950 22 19 så
833 953 42 16 stor
891 951 43 25 vigt

183 985 31 19 för
230 985 106 26 sjöfarten,
353 986 30 17 att
398 983 127 20 Ständernas
541 983 54 26 åsigt
610 984 61 19 äfven
692 983 109 26 angående
818 984 60 19 dessa
894 985 38 19 frå-

182 1026 38 19 gor
237 1019 63 20 borde
316 1018 110 19 inhemtas.

250 1053 58 19 Efter
323 1052 35 19 det
369 1052 113 25 yttranden
491 1051 58 20 öfver
559 1051 138 20 omförmälda
709 1052 116 19 emellertid
843 1053 6 18 i
866 1053 67 26 tryck,

183 1087 31 20 till
230 1086 153 21 allmänhetens
399 1085 127 26 kännedom,
538 1086 81 25 utgifna
635 1086 76 26 förslag
727 1086 112 20 inhemtats
855 1087 22 19 af
891 1090 41 16 sär-

183 1121 69 20 skilda
268 1119 133 21 embetsverk
420 1121 38 18 och
480 1119 154 26 myndigheter,
654 1119 172 21 föreståndarene
846 1121 31 19 för
892 1121 40 26 sjö-

184 1155 125 20 manshusen
326 1154 38 19 och
382 1153 234 26 navigationsskolorna
632 1153 108 20 äfvensom
752 1154 180 26 skeppsrederier-

184 1195 26 13 na
225 1189 6 19 i
249 1188 80 19 landets
345 1187 76 25 städer,
438 1187 61 19 hafva
513 1193 80 13 samma
608 1187 78 26 förslag
699 1188 67 25 jemte
778 1188 25 19 de
815 1191 56 17 emot
885 1189 47 19 dem

182 1223 102 20 inkomna
306 1221 171 26 anmärkningar,
501 1221 111 20 hvaröfver
636 1221 37 20 allt
697 1222 65 19 Hans
789 1222 143 27 Kejserliga

183 1257 132 26 Majestäts
335 1255 64 20 Senat
420 1255 30 20 för
471 1255 88 19 Finland
577 1255 79 26 jemväl
674 1255 100 20 aflemnat
792 1257 140 26 underdånigt

183 1291 113 25 utlåtande,
320 1290 77 25 utgjort
420 1289 86 19 föremål
531 1289 30 20 för
582 1289 70 20 Hans
676 1289 155 27 Kejserliga
853 1291 79 26 Maje-

182 1328 65 17 stäts
263 1327 95 16 närmare
375 1323 140 26 granskning;
531 1323 39 19 och
587 1323 37 19 har
642 1323 66 20 Hans
725 1323 143 27 Kejserliga
884 1325 46 20 Ma-

180 1360 79 25 jestät
274 1358 34 19 vid
324 1358 70 19 denna
408 1357 105 26 pröfning,
529 1363 44 14 som
589 1357 55 20 dock
660 1358 19 25 ej
696 1357 74 20 hunnit
781 1357 37 20 ske
830 1358 43 19 före
885 1359 46 19 sist-

182 1393 70 20 hållna
268 1392 108 25 landtdag,
391 1391 156 26 godkännande
564 1391 117 26 förslagens
697 1391 162 26 hufvudsakliga
873 1392 58 20 inne-

181 1427 49 25 håll,
246 1426 64 20 likväl
328 1426 45 19 låtit
394 1425 107 26 åtskilliga
522 1425 81 20 mindre
622 1425 133 26 väsendtliga
774 1425 58 20 delar
847 1427 23 18 af
883 1427 47 19 dem

180 1461 93 26 undergå
288 1460 68 26 någon
373 1459 152 26 omarbetning.
