1070 1786
226 135 35 20 430

192 198 60 26 gifna
273 197 32 20 för
326 197 57 20 olika
404 197 123 20 kommuner
547 197 6 19 i
572 197 50 20 flere
643 198 99 19 afseende
759 198 118 20 olikartade
894 198 52 20 före-

193 232 94 20 skrifter.
318 231 178 20 Vederbörandes
516 231 87 20 sålunda
626 231 109 21 bestämda
754 232 120 20 funktioner
889 235 35 17 äro
940 233 6 18 i

194 266 103 26 förslaget
317 265 122 20 bibehållna
454 265 30 19 till
502 265 47 20 dess
565 267 30 18 att
610 265 26 20 de
652 265 152 26 förändringar,
820 273 44 13 som
877 267 70 19 kunna

195 300 68 20 finnas
279 299 86 26 nödiga,
381 299 6 19 i
404 299 88 26 behörig
509 299 90 26 ordning
614 299 180 27 tillvägabringas.

263 334 32 20 De
312 333 163 27 bestämningar,
491 340 44 13 som
552 334 6 18 i
575 333 101 26 förslaget
691 334 78 19 influtit
784 334 110 26 angående
906 336 39 17 stä-

194 369 77 19 dernas
292 367 138 26 drätselverk,
449 367 69 26 åsyfta
533 367 126 20 detsammas
675 368 126 25 afskiljande
818 368 45 19 från
880 368 64 27 Magi-

194 404 91 18 stratens
304 401 136 20 omedelbara
460 401 134 26 förvaltning,
614 402 37 19 der
671 402 75 19 sådant
765 402 48 19 icke
830 402 63 19 redan
910 403 36 23 egt

194 443 53 13 rum.
278 436 40 19 Det
337 438 23 16 är
380 439 48 15 utan
450 435 72 19 tvifvel
543 438 53 17 mest
616 436 99 25 förenligt
736 436 47 19 med
799 436 41 26 god
857 435 89 25 ordning

194 470 40 20 och
255 469 99 20 säkerhet
372 471 54 17 samt
446 469 166 26 ändamålsenlig
632 470 100 25 kontroll,
754 471 37 23 att,
812 472 37 16 när
871 470 22 18 så
908 469 37 19 ske

195 504 50 25 kan,
262 503 167 27 utanordningen
446 504 24 19 af
479 504 84 26 utgifter
575 504 38 20 och
625 504 75 25 sjelfva
711 504 159 25 utbetalningen
879 504 66 26 jemte

196 538 150 26 upprättandet
368 537 24 20 af
414 538 139 26 erforderliga
575 538 143 26 räkenskaper
738 538 97 20 deröfver
855 538 90 19 fördelas

195 573 27 26 på
243 572 59 20 olika
320 578 110 19 personer;
453 572 39 19 och
512 579 24 12 en
557 572 65 19 sådan
637 572 119 25 fördelning
772 575 23 16 är
810 573 6 18 i
832 572 115 26 synnerhet

196 608 23 19 af
236 607 45 25 vigt
302 606 28 19 uti
350 607 65 18 större
436 606 75 22 städer,
529 606 36 19 der
580 606 282 26 förvaltningskostnaderna
878 606 69 26 uppgå

197 641 30 19 till
247 640 109 26 betydliga
371 646 98 13 summor.
499 640 29 19 På
544 640 61 20 dessa
620 640 44 20 skäl
682 642 101 24 upptager
794 640 101 26 förslaget
905 639 39 20 den

196 674 115 26 föreskrift,
334 676 30 17 att
387 674 6 19 i
418 674 71 26 hvarje
508 674 44 20 stad
586 674 52 20 skall
660 674 66 20 finnas
748 674 88 19 särskild
859 674 84 19 drätsel-

198 710 116 24 kammare,
330 708 32 19 för
378 708 93 26 hvilken,
487 708 31 20 till
534 708 138 20 efterrättelse
688 708 34 20 vid
739 708 162 26 förvaltningen,
918 710 29 18 ett

198 744 132 26 reglemente
346 742 38 20 bör
400 745 105 23 uppgöras
521 743 39 19 och
577 743 113 25 behörigen
707 743 120 19 fastställas.

267 778 40 19 För
328 779 30 17 att
377 777 94 26 afhjelpa
489 777 155 19 ofvannämnda
660 777 66 20 behof
738 777 23 19 af
774 784 26 12 en
816 777 129 19 kommunal-

197 812 77 26 stadga
293 811 31 19 för
343 810 98 20 städerne
461 811 37 19 har
513 811 69 19 Hans
598 811 149 26 Kejserliga
763 811 130 26 Majestät,
911 818 34 12 un-

198 847 36 19 der
246 844 103 21 förbehåll
362 847 30 17 att
402 845 177 26 Borgareståndet
590 845 115 27 medgifver
717 846 25 18 de
754 845 29 19 uti
795 846 10 18 3
819 847 9 22 $
839 845 23 19 af
871 845 75 26 Kongl.

197 879 120 21 Försäkran
343 879 31 18 för
398 878 151 27 borgerskapet
572 879 38 19 och
634 879 97 19 städerne
748 880 39 18 den
804 880 26 19 23
846 879 100 19 Februari

200 914 53 19 1789
270 912 140 21 omförmälda
421 913 251 26 privilegii-rättigheters
683 913 145 26 utsträckning
839 913 31 19 till
881 913 65 20 stads-

198 949 164 19 kommunernes
386 947 41 19 alla
450 947 155 27 skattskyldige
629 948 142 25 medlemmar,
795 948 85 19 hvarom
905 950 41 17 sär-

198 982 54 19 skild
276 981 68 25 Nådig
368 981 129 26 proposition
518 982 95 19 kommer
632 984 30 17 att
679 982 118 19 Ständerna
822 982 124 26 föreläggas,

199 1016 57 19 velat
278 1015 30 19 till
325 1015 128 20 Ständernas
469 1016 187 27 grundlagsenliga
673 1016 128 26 behandling
817 1015 130 20 öfverlemna

200 1051 36 19 det
252 1049 185 27 ofvanäberopade
453 1051 106 26 förslaget,
576 1051 23 19 så
614 1050 103 27 lydande:

232 1124 176 30 Förordning
426 1123 114 32 angående
559 1124 259 31 kommunalförvaltning
836 1125 6 23 i
862 1125 56 24 stad.

503 1192 10 22 1
530 1191 113 30 Kapitlet.

324 1249 30 20 Om
370 1247 151 22 stadskommuns
537 1249 122 20 medlemmar
674 1249 36 20 och
725 1249 98 26 egendom,

552 1309 10 21 $
580 1307 17 19 1.

271 1357 77 26 Hvarje
369 1357 52 26 stad,
443 1357 46 19 med
507 1357 103 20 dernnder
626 1357 94 26 lydande
735 1357 92 25 område,
843 1359 60 24 utgör
919 1358 31 19 för

202 1393 32 26 sig
250 1399 26 12 en
293 1391 88 20 särskild
398 1391 108 26 kommun,
522 1392 62 19 hvars
600 1391 138 20 medlemmar
754 1397 39 20 ega
809 1393 36 24 att,
856 1391 56 20 inom
924 1391 26 20 de

201 1429 88 24 gränser
305 1425 33 26 lag
354 1425 101 26 utstakar,
473 1425 64 20 vårda
552 1427 46 18 sina
613 1431 157 21 gemensamma
786 1425 109 26 ordnings-
911 1426 38 19 och

202 1460 333 26 hushållningsangelägenheter,
559 1460 69 19 såvidt
646 1460 108 19 desamma
772 1460 26 25 ej,
819 1459 66 26 enligt
906 1460 42 26 gäl-
