1070 1786
233 167 34 18 132

200 228 92 27 ändring
306 228 22 20 af
344 227 147 27 inredningen,
511 227 104 25 inrymma
632 225 55 20 helst
705 233 25 12 en
751 226 33 20 del
801 226 23 20 af
837 226 41 21 den
894 228 56 18 stora

200 263 79 26 mängd
300 261 139 27 sinnessjuke,
461 261 73 20 hvilka
556 267 27 12 nu
608 259 135 28 beklagligen
767 263 35 17 äro
826 261 124 26 utestängda

200 297 46 19 från
263 296 137 26 möjligheten
416 297 31 18 att
462 295 79 19 erhålla
557 294 74 26 tjenlig
646 294 129 20 omvårdnad
795 295 39 19 och
850 295 31 19 för
897 295 51 19 hvil-

200 330 29 20 ka
244 330 62 20 äfven
322 330 6 19 i
345 329 117 25 framtiden,
479 335 32 13 om
528 328 47 20 icke
590 327 106 27 budgeten
712 327 55 21 skall
783 328 31 20 för
834 330 61 25 tungt
915 328 33 20 be-

200 364 72 25 lastas,
288 364 39 19 slik
347 363 50 20 vård
417 363 60 20 torde
497 362 70 20 kunna
582 362 6 19 i
604 362 64 26 nödig
691 362 147 26 utsträckning
862 362 86 20 beredas

200 398 76 20 endast
294 404 76 20 genom
390 396 182 28 tillgodogörande
588 396 21 20 af
624 396 40 20 alla
680 396 25 20 de
722 398 94 24 utvägar,
835 402 44 14 som
896 397 6 18 i
917 396 31 20 så-

200 432 51 20 dant
266 432 99 20 afseende
381 432 101 26 möjligen
498 430 31 20 stå
545 430 30 20 till
591 430 59 25 buds,
666 430 37 20 har
716 430 101 20 utskottet
833 432 68 18 ansett
916 431 32 25 sig

198 466 79 27 jemväl
294 466 20 20 åt
330 466 69 20 denna
414 466 45 19 sida
475 465 22 19 af
511 464 72 27 frågan
600 464 50 20 böra
666 471 54 19 egna
734 464 89 20 särskild
836 465 110 26 uppmärk-

199 501 89 19 samhet.
318 500 78 20 Dervid
419 500 38 20 har
479 499 37 20 hos
539 498 101 20 utskottet
655 498 6 20 i
676 498 159 26 öfvervägande
853 499 95 26 kommit,

199 537 31 17 att
245 535 25 19 de
287 534 31 20 för
338 536 30 18 ett
386 534 133 20 forstinstitut
538 534 57 19 inom
613 533 63 19 Evois
696 532 120 27 kronopark
838 534 5 18 i
863 533 84 26 Lampis

199 569 79 20 socken
290 569 103 26 uppförda
402 568 123 27 byggnader
535 567 64 20 under
610 574 26 13 en
647 567 51 26 följd
714 567 23 19 af
751 567 22 20 år
789 567 50 20 stått
854 567 92 27 obegag-

199 604 62 25 nade,
277 603 97 20 hvarföre
390 602 69 20 denna
474 602 115 26 inrättning
609 603 59 24 synts
683 600 102 20 utskottet
800 601 47 20 med
864 602 80 19 afseen-

199 638 26 20 de
241 638 102 25 derjemte
354 637 12 19 å
378 636 22 20 så
410 636 34 20 väl
456 635 161 27 byggnadernes
633 635 92 26 omfång,
736 641 43 13 som
791 636 92 25 platsens
899 642 47 13 cen-

198 672 54 19 trala
266 671 47 26 läge
328 671 27 26 pä
370 670 48 20 ieke
434 670 69 20 alltför
522 670 57 26 långt
597 669 81 20 afständ
698 669 44 19 från
760 670 96 25 jernväg,
875 670 71 20 kunna

198 705 47 20 med
254 705 154 26 jemförelsevis
420 704 60 26 ringa
489 704 89 20 kostnad
589 704 132 26 organiseras
733 704 30 19 till
775 710 25 13 en
811 704 6 18 i
829 704 41 19 allo
882 704 63 26 lämp-

198 739 29 26 lig
244 739 39 20 och
304 739 126 19 åtminstone
453 738 32 20 för
503 738 26 20 de
548 738 107 26 sydligare
678 738 86 20 delarne
783 738 22 19 af
819 738 72 19 landet
905 738 40 19 till-

198 773 91 26 räckligt
307 773 77 26 rymlig
405 772 128 20 vårdanstalt
552 772 31 19 för
602 772 101 19 kroniska
721 772 139 26 sinnessjuke,
877 772 68 20 derest

197 807 78 27 Nädigt
290 807 92 20 tillstånd
399 807 31 19 till
447 806 46 20 dess
509 806 139 20 användande
664 806 68 19 dertill
752 806 69 20 kunde
841 807 103 19 utverkas.

197 842 48 19 Men
262 848 44 13 som
322 841 56 19 Hans
400 840 117 26 Kejserliga
536 840 102 26 Majestät,
658 840 66 26 enligt
744 840 101 20 utskottet
861 841 83 19 medde-

196 876 36 19 lad
248 875 152 20 underrättelse
417 875 40 19 den
473 874 48 24 (12)
537 874 26 20 24
579 874 54 19 Mars
651 874 50 19 1871
719 874 5 19 i
736 874 70 20 Nåder
822 874 67 20 täckts
905 875 39 19 för-

197 909 72 26 ordna,
292 910 30 18 att
345 908 91 19 nämnda
459 907 132 20 forstinstitut
605 910 26 17 än
648 907 72 20 vidare
744 907 52 20 skall
822 908 123 26 bibehållas,

196 943 38 20 har
250 943 101 19 utskottet
374 942 89 26 nödgats
485 941 118 26 öfvergifva
624 941 69 20 denna
713 941 70 20 tanke.
814 942 41 19 Vid
871 942 74 20 sådant

196 976 132 20 förhållande
344 976 59 19 torde
420 976 41 25 det,
477 975 20 20 så
515 975 60 20 framt
591 975 161 27 ifrågavarande
765 977 78 24 system
856 976 6 19 i
874 976 71 20 landet

196 1009 54 20 skall
266 1010 85 25 införas,
369 1010 64 19 blifva
444 1010 135 25 nödvändigt,
588 1012 29 17 att
628 1010 32 19 för
669 1009 25 20 de
704 1009 100 20 kroniska
813 1010 131 26 sinnessjuke

195 1043 27 27 på
246 1051 25 12 en
295 1044 68 20 dertill
387 1044 88 26 lämplig
497 1044 54 26 plats
574 1044 97 26 uppföres
691 1050 27 13 en
738 1043 62 20 enkel
817 1044 128 20 vårdanstalt

195 1078 52 20 eller
260 1079 52 26 asyl,
324 1078 87 20 hvilken
425 1078 64 20 borde
504 1079 86 19 inrättas
601 1078 23 20 så
635 1080 29 18 att
674 1078 123 20 densamma
814 1081 49 17 utan
879 1081 65 18 större

195 1112 115 20 kostnader
330 1112 41 20 kan
393 1113 53 19 efter
467 1112 64 20 behof
545 1112 102 27 utvidgas.
679 1112 44 20 Och
741 1113 36 18 har
792 1113 102 19 utskottet
909 1120 34 13 an-

195 1148 41 18 sett
251 1147 32 26 sig
299 1146 51 20 böra
365 1146 105 26 tillstyrka
485 1148 29 18 ett
530 1146 201 27 bevillningsanslag
746 1147 23 19 af
782 1147 91 25 250,000
885 1147 58 20 mark

194 1180 7 18 i
217 1182 30 17 ett
263 1181 31 18 för
309 1180 43 26 allt,
368 1182 36 24 att,
420 1180 63 20 sedan
500 1180 124 26 erforderlig
639 1181 49 25 plan
705 1180 68 20 blifvit
789 1181 22 19 af
826 1181 118 19 förenämn-

195 1214 26 20 de
237 1214 80 20 komité
336 1214 110 27 uppgjord,
465 1214 105 20 användas
587 1214 30 20 till
633 1214 143 27 anläggandet
795 1214 23 20 af
834 1221 25 14 en
879 1215 63 20 sådau

194 1248 46 26 asyl
257 1249 7 18 i
280 1248 36 20 det
330 1248 86 27 omfång
432 1249 29 19 till
478 1255 24 13 en
519 1249 78 26 början,
609 1255 43 14 som
664 1249 66 26 sagde
742 1255 80 13 summa
834 1249 40 19 kan
887 1249 54 20 med-

193 1283 65 25 gifva.
289 1283 39 19 Vid
346 1283 167 20 bestämmandet
528 1283 23 20 af
565 1283 69 20 denna
652 1289 92 14 summas
765 1283 75 26 belopp
861 1284 36 19 har
913 1286 29 17 ut-

193 1316 79 20 skottet
288 1317 50 26 tagit
352 1317 82 26 hänsyn
451 1317 74 26 dertill,
542 1319 29 18 att
590 1317 142 20 kostnaderna
752 1317 31 20 för
803 1319 30 18 ett
848 1318 6 19 i
870 1318 72 19 staden

192 1350 124 20 Hernösand
332 1351 7 19 i
355 1351 159 26 Konungariket
536 1351 87 26 Sverige
642 1351 22 20 år
682 1352 54 19 1862
760 1352 97 26 uppfördt
877 1355 65 18 större

192 1384 98 27 hospital,
315 1385 116 19 beräknadt
455 1385 29 20 för
507 1385 25 20 36
556 1385 94 27 obotliga
668 1386 40 19 och
725 1386 25 19 40
766 1386 81 27 botliga
863 1387 78 20 sinnes-

192 1418 61 26 sjuke
268 1420 52 18 samt
336 1418 129 26 erbjudande
481 1426 25 13 en
523 1419 76 26 mängd
615 1419 190 27 beqvämligheter,
825 1421 72 19 hvilka
913 1422 27 18 uti

192 1458 25 13 en
234 1452 46 26 asyl
296 1451 31 20 för
342 1459 101 19 personer
461 1453 83 20 lidande
561 1453 22 20 af
597 1453 86 20 kronisk
704 1454 169 25 sinnessjukdom
894 1455 47 20 icke

192 1492 50 14 vore
259 1486 145 27 erforderliga,
420 1487 67 26 enligt
502 1487 90 27 ”Bidrag
608 1487 30 20 till
655 1487 99 27 Sveriges
775 1488 91 20 officiela
885 1490 55 19 stali-
