1070 1786
230 141 34 19 546

196 206 68 19 derna
272 211 51 14 vara
333 203 41 21 den
386 203 144 27 lämpligaste;
545 203 91 21 hvarhos
647 204 124 26 Ständerna,
784 205 31 20 till
826 203 119 22 åstadkom-

197 239 77 20 mande
285 239 23 20 af
317 240 66 18 större
399 237 112 26 tydlighet,
523 237 37 20 här
571 238 69 26 tillagt
656 238 167 27 bestämningen,
839 241 30 17 att
881 238 64 26 sagda

196 273 58 21 siffra
270 272 52 21 skall
334 273 82 19 hemtas
428 271 45 20 från
488 271 188 27 mantalslängden.
707 272 36 20 Att
756 273 127 19 beslutet
854 267 34 35 att
894 278 49 20 upp-

196 308 66 25 draga
281 313 25 13 en
326 306 57 20 stads
407 305 164 20 beslutanderätt
590 305 22 20 åt
630 306 191 26 stadsfullmäktige
844 306 52 20 eller
915 307 29 18 att

196 340 108 27 upphäfva
318 342 30 18 ett
364 340 71 19 derom
452 339 55 20 förut
521 339 76 20 fattadt
613 340 68 20 beslut
698 340 36 20 bör
746 340 67 26 stödja
828 340 32 26 sig
876 340 27 26 på
918 346 25 14 en

197 374 121 27 betydande
342 374 111 25 majoritet,
478 373 57 20 finna
559 374 119 20 Ständerna
695 374 40 20 ock
756 374 188 20 öfverensstämma

197 408 48 20 med
262 408 41 26 god
315 407 96 27 ordning.
441 407 74 20 Likväl
531 407 56 21 hålla
598 408 118 20 Ständerna
728 408 51 25 före,
791 410 28 18 att
831 408 113 26 tillräcklig

196 442 84 27 garanti
290 442 64 20 redan
367 441 68 27 ligger
446 442 51 25 deri,
508 444 30 18 att
552 442 35 20 två
598 442 127 26 tredjedelar
736 442 22 20 af
767 442 35 20 det
813 442 131 20 närvarande

196 476 109 21 röstetalet
320 479 36 17 äro
372 482 34 14 om
419 475 90 21 beslutet
524 482 60 20 ense;
599 476 7 20 i
617 476 51 26 följd
679 476 76 20 hvaraf
763 476 39 20 och
814 476 27 20 då
853 476 89 20 bestäm-

197 511 79 27 ningen
293 510 79 26 derom,
383 512 31 18 att
424 508 80 22 hälften
515 510 24 20 af
547 510 139 20 kommunens
698 511 49 19 hela
757 511 122 26 röstbelopp
890 511 53 19 skall

196 552 51 13 vara
264 544 34 20 vid
314 547 103 17 stämman
433 544 167 27 representerad,
610 545 7 19 i
629 544 25 21 de
667 545 59 20 flesta
741 545 35 19 fall
792 545 71 19 kunde
879 546 63 25 omöj-

196 579 84 27 liggöra
305 579 72 25 hvarje
397 578 79 20 besluts
494 579 101 25 fattande,
614 579 119 20 Ständerna
756 579 45 19 från
821 581 10 22 $
852 579 92 19 uteslutit

196 612 138 21 nästberörde
351 612 140 26 bestämning.

265 647 103 26 Slutligen
380 646 63 20 hafva
458 645 117 21 Ständerna
586 648 68 18 ansett
664 647 32 26 sig
713 646 50 20 böra
779 647 75 26 bringa
870 647 26 19 de
912 653 30 13 se-

197 688 51 14 nare
257 683 22 23 $$
287 681 7 19 i
303 680 57 20 detta
371 680 79 27 kapitel
458 681 7 19 i
474 688 25 12 en
511 680 123 27 lämpligare
645 681 39 19 och
696 681 126 27 naturligare
834 681 109 26 ordnings-

196 716 59 26 följd.
286 715 58 19 Efter
356 714 35 21 det
402 715 25 20 de
443 715 96 26 grunder,
556 715 27 26 på
598 715 72 20 hvilka
686 722 100 19 personer
801 715 60 20 skola
876 716 66 19 såsom

196 750 137 20 medlemmar
348 749 23 19 af
384 748 128 21 kommunen
528 755 67 20 anses,
612 749 68 20 blifvit
696 749 115 26 faststälde,
827 750 50 25 följa
893 750 51 20 såle-

197 784 37 20 des
250 783 146 27 stadgandena
411 790 33 13 om
456 784 61 19 dessa
529 784 146 20 medlemmars
690 784 101 26 rättighet
801 786 31 17 att
843 784 85 26 deltaga
938 784 6 20 i

196 818 140 20 kommunens
352 817 171 27 beslutanderätt,
539 818 64 20 sedan
618 818 185 26 bestämningarne
815 824 32 14 om
860 818 84 20 stadens

197 852 103 27 egendom
317 852 40 20 och
373 852 47 20 dess
432 854 40 18 rätt
480 854 30 18 att
523 852 94 20 beskatta
626 853 46 19 sina
681 852 143 27 medlemmar,
833 855 54 17 samt
895 853 49 19 slut-

197 887 57 26 ligen
268 886 243 26 undantagsstadgandet
519 886 6 19 i
533 886 99 20 afseende
642 886 12 19 å
662 886 26 20 de
698 886 135 20 kommunala
844 887 99 26 rättighe-

197 923 32 18 ter
238 921 40 20 och
288 920 147 27 förpligtelser,
441 927 44 13 som
495 920 49 20 bero
553 920 24 20 af
583 920 103 27 grundlag
696 920 38 20 och
744 921 201 26 ståndsprivilegier.

266 954 88 21 Andra
373 954 121 27 kapitlet,
515 955 151 26 innefattande,
687 955 65 19 sedan
768 955 11 20 5
796 955 39 20 och
853 955 11 20 6
881 957 21 22 $$
918 955 26 26 på

196 989 64 20 ofvan
276 989 88 20 anförda
379 988 46 20 skäl
441 989 32 19 till
486 990 8 18 1
508 989 89 26 kapitlet
612 989 129 26 uppflyttats,
758 989 69 20 7—23
843 991 28 24 $$,
889 989 54 20 med-

196 1024 59 19 delar
271 1026 95 17 närmare
378 1023 156 26 bestämningar
544 1029 32 14 om
588 1023 166 20 rådhusstämma
766 1023 38 20 och
816 1023 129 20 förfarandet

197 1057 81 20 dervid.
307 1057 190 20 Rådhusstämman
511 1057 97 20 omfattar
619 1057 85 20 stadens
720 1057 97 26 samtlige
833 1057 110 20 röstberät-

197 1091 70 27 tigade
287 1091 107 20 invånare.
424 1091 118 20 Ständerna
561 1091 56 20 finna
633 1091 34 20 det
688 1091 83 20 derföre
790 1091 7 20 i
818 1091 42 20 allo
880 1091 63 26 lämp-

197 1126 45 26 ligt,
257 1128 30 17 att
302 1126 47 19 dess
365 1125 169 20 sammanträden
551 1125 66 20 hällas
632 1125 123 26 offentligen
772 1125 12 20 &
799 1125 100 20 rädhuset
909 1132 35 13 un-

198 1160 38 19 der
255 1159 180 26 ordförandeskap
452 1159 22 20 af
487 1160 164 26 borgmästaren,
667 1159 68 20 säsom
752 1159 50 20 chef
816 1159 31 20 för
863 1160 83 20 stadens

196 1194 97 26 styrelse,
309 1194 51 20 eller
376 1192 23 21 af
412 1194 42 19 den
470 1194 51 20 hans
537 1194 60 20 ställe
612 1194 128 24 företräder;
755 1193 98 20 hvarföre
865 1194 11 19 7
888 1196 9 22 $
909 1200 34 13 an-

197 1229 64 26 tagits
277 1228 132 20 oförändrad.

266 1262 38 19 Att
318 1262 197 20 stadskommunens
535 1262 165 20 beslutanderätt
719 1262 40 19 kan
777 1261 82 20 utöfvas
877 1263 66 19 antin-

197 1303 41 20 gen
250 1296 23 19 af
282 1296 168 20 rädhusstämma
465 1296 52 21 eller
533 1297 23 19 af
569 1297 197 26 stadsfullmäktige,
782 1299 54 16 samt
851 1299 38 16 när
904 1297 39 19 den

197 1337 41 13 ena
248 1329 52 21 eller
311 1330 40 20 den
368 1330 66 20 andra
449 1330 81 20 formen
547 1331 31 19 för
595 1331 77 20 besluts
688 1331 93 19 fattande
797 1330 54 19 skall
867 1333 77 17 använ-

198 1365 44 25 das,
262 1367 24 17 är
305 1364 64 20 redan
386 1364 6 19 i
408 1365 12 19 5
437 1365 40 19 och
492 1365 11 19 6
520 1367 21 22 $$
558 1365 105 25 stadgadt.
692 1365 36 19 Ett
747 1364 124 27 ytterligare
895 1371 49 20 upp-

198 1398 92 27 repande
311 1398 22 20 af
346 1405 80 13 samma
440 1399 44 25 sak,
500 1399 75 20 sådant
591 1399 115 20 detsamma
722 1399 5 19 i
744 1399 12 19 8
772 1401 9 22 $
798 1398 147 27 förekommer,

197 1439 51 14 anse
264 1432 116 20 Ständerna
396 1433 94 26 onödigt,
506 1433 39 20 och
561 1433 63 20 hafva
639 1433 83 20 derföre
735 1433 94 19 uteslutit
843 1433 103 26 sistsagde

197 1469 17 22 8.
245 1467 48 20 Men
311 1467 63 20 äfven
389 1467 7 19 i
412 1467 26 20 de
457 1467 76 25 städer,
554 1467 37 20 der
610 1467 194 20 beslutanderätten
825 1469 22 17 är
863 1467 22 20 ät
900 1467 45 20 full-
