1070 1786
806 139 33 16 115

124 198 40 25 väl,
186 200 30 17 att
238 198 69 25 slutlig
330 200 38 17 stat
392 199 32 18 för
448 199 163 20 blindanstalten
628 200 5 19 i
650 200 82 25 Kuopio
752 201 69 20 kunde
838 202 33 19 vid

125 231 69 20 denna
209 231 100 27 landtdag
324 235 112 23 uppgöras,
448 239 47 13 men
512 233 89 20 emedan
617 233 110 26 anstalten,
743 234 26 26 på
785 237 41 18 sätt
842 243 29 12 re-

125 265 39 20 dan
182 268 22 17 är
220 266 91 24 nämndt,
327 267 35 25 egt
378 265 86 20 bestånd
485 266 52 20 blott
556 269 29 17 ett
605 267 22 19 år
646 267 38 20 och
701 268 64 26 nödig
780 269 91 20 erfaren-

125 299 35 20 het
176 299 31 20 för
222 302 30 17 ett
267 299 69 20 säkert
356 299 132 20 bedömande
507 300 23 20 af
549 300 47 20 dess
612 300 102 21 behofver
732 302 138 20 öfverhufvud

124 336 53 16 samt
193 334 116 19 kostnaden
326 334 30 18 för
371 340 27 13 en
414 334 106 19 successiv
536 334 124 27 utvidgning
672 335 61 20 deraf
742 336 82 20 således
835 339 36 17 än-

125 374 27 13 nu
167 368 48 19 icke
239 368 79 19 kunnat
340 368 80 25 vinnas,
444 368 62 20 hafva
529 368 117 20 Ständerna
662 369 30 20 för
707 370 33 20 sin
755 370 32 20 del
804 373 69 17 ansett

125 404 29 17 att
170 402 46 20 med
233 404 77 17 statens
326 402 109 20 definitiva
451 402 144 20 fastställande
611 403 64 20 borde
691 404 60 19 anstå
765 404 31 20 till
813 407 59 17 nästa

124 436 101 26 landtdag
240 436 39 20 och
295 438 29 17 att
340 436 103 20 anstalten
462 437 119 19 emellertid
601 436 67 21 skulle
688 437 97 20 förblifva
803 439 68 25 provi-

104 463 3 4 *
125 470 66 19 sorisk
207 472 54 17 samt
276 470 107 20 efterhand
402 470 96 27 utvidgas
514 471 89 19 sålunda
618 473 30 18 att
663 471 43 20 deri
724 472 83 26 intoges
826 472 44 20 från

126 504 71 26 början
218 504 22 20 af
258 504 173 21 nästkommande
452 505 23 19 år
493 505 56 19 ända
569 505 32 19 till
617 506 26 19 20
659 506 39 19 och
714 506 120 26 påföljande
850 508 23 18 år

125 538 31 20 till
173 538 26 20 30
214 540 54 18 samt
283 538 22 20 år
327 539 52 19 1875
396 538 30 20 till
446 539 27 19 40
492 539 77 25 elever,
591 540 46 19 med
659 540 80 20 hvilket
759 540 112 26 elevantal,

125 572 67 20 såsom
209 573 66 25 enligt
290 571 128 22 Ständernas
431 573 63 20 tauke
506 573 125 27 tillräckligt
648 576 52 17 stort
720 574 31 19 för
766 575 105 19 vinnande

124 606 21 20 af
161 606 62 26 nödig
239 606 119 20 erfarenhet
372 613 33 13 om
422 604 182 28 organisationens
623 607 128 26 lämplighet,
767 608 104 20 anstalten

125 640 66 20 skulle
208 640 95 21 fortsätta
317 640 30 20 sin
367 640 135 20 verksamhet
517 641 79 25 jemväl
616 641 64 20 under
696 641 48 20 åren
763 643 52 19 1876
832 642 38 20 och

126 675 59 19 1877.

191 709 41 20 Vid
256 708 128 27 granskning
407 708 58 20 såväl
488 709 23 19 af
532 709 39 19 den
596 712 46 23 stat,
666 716 42 13 som
730 713 22 17 är
771 711 98 26 vidfogad

124 742 81 26 Nådiga
227 743 137 25 reglementet
383 742 31 20 för
435 743 164 20 blindanstalten
620 744 28 19 uti
667 743 89 27 Kuopio,
771 750 43 14 som
831 745 39 19 ock

124 776 23 20 af
160 776 26 20 de
202 777 6 19 i
224 777 40 19 den
280 776 80 26 Nådiga
376 777 157 25 propositionen
554 777 121 26 förslagsvis
694 777 118 21 beräknade
828 778 43 20 års-

124 810 118 26 afgifterne,
258 811 37 19 har
311 810 34 20 det
360 813 60 23 synts
442 810 117 20 Ständerna
583 811 81 26 möjligt
686 814 30 17 att
738 815 47 16 utan
807 812 63 26 något

125 851 46 13 men
188 845 31 19 för
235 845 141 25 inrättniugen
397 844 116 20 förminska
532 844 141 20 kostnaderne
691 846 31 19 för
742 846 129 20 densamma.

124 879 72 26 Enligt
212 879 87 19 berörde
315 880 40 17 stat
370 878 66 19 skulle
454 878 30 19 för
501 878 76 19 vården
599 879 38 19 och
656 879 177 26 undervisningen
850 880 23 19 af

124 913 29 19 tio
170 913 71 19 blinda
256 913 49 19 barn
322 912 114 19 erfordras:
453 918 25 14 en
496 912 100 25 direktor,
610 919 26 12 en
652 913 74 25 lärare,
742 919 25 13 en
783 913 87 20 lärarin-

125 953 32 18 na,
174 953 25 13 en
216 946 93 25 vårdare,
318 953 26 12 en
361 946 133 25 vårdarinna,
511 953 25 13 en
554 946 142 20 verkmästare
712 949 53 17 samt
776 953 25 14 en
814 947 55 19 kost-

124 980 105 20 hållerska
245 980 37 20 och
300 987 24 12 en
345 980 55 26 piga,
419 979 143 20 hvarförutom
586 983 55 16 ännu
664 981 92 19 arvoden
779 981 32 19 för
834 987 35 13 un-

123 1014 122 26 dervisning
256 1014 6 19 i
274 1014 50 25 sång
340 1014 38 19 och
400 1014 122 26 gymnastik
533 1016 54 17 samt
603 1014 31 19 för
650 1014 80 19 biträde
746 1014 33 19 vid
797 1014 72 19 bokfö-

123 1049 47 26 ring
186 1048 67 19 finnas
269 1048 107 26 uppförda.
406 1047 83 20 Statens
499 1044 130 23 slutsumma
644 1047 79 27 uppgår
742 1048 81 19 derföre
840 1049 30 19 till

126 1083 73 24 16,755
216 1081 65 24 mark,
298 1081 84 20 hvartill
397 1084 55 17 ännu
467 1081 97 20 kommer
583 1082 65 25 hyran
665 1082 31 19 för
710 1082 115 19 anstaltens
840 1083 29 19 lo-

124 1115 34 20 kal
174 1118 54 17 samt
243 1115 131 26 hyresmedel
390 1115 52 20 eller
458 1115 73 20 bostad
548 1115 31 20 för
595 1115 155 20 ofvannämnda
763 1117 106 25 personal,

125 1149 34 20 vid
176 1149 80 20 hvilket
272 1149 128 20 förhållande
420 1149 60 20 alltså
496 1149 79 20 enhvar
590 1149 22 20 af
626 1149 114 20 anstaltens
756 1150 28 19 tio
799 1149 71 20 elever

123 1183 79 27 årligen
222 1183 71 20 kostar
310 1184 59 24 1,800
384 1184 13 18 &
414 1183 60 25 1,900
495 1183 66 19 mark.
592 1183 77 19 Härvid
690 1183 37 19 bör
747 1183 122 26 visserligen

124 1217 117 26 bemärkas,
256 1219 30 18 att
301 1222 77 14 samma
394 1216 75 20 lärare-
486 1216 39 21 och
541 1216 187 27 värdarepersonal
739 1219 79 18 ansetts
830 1217 39 19 till-

124 1251 80 26 räeklig
220 1251 61 20 äfven
298 1251 26 20 dä
339 1251 126 20 elevantalet
481 1251 59 26 stigit
555 1251 31 19 till
603 1250 57 27 tjugu
672 1251 38 19 och
722 1253 30 18 att
762 1251 51 20 först
824 1251 45 20 der-

122 1285 59 26 efter,
198 1285 52 20 eller
266 1288 37 17 när
323 1285 26 19 30
369 1285 94 20 alumner
487 1285 68 20 blifvit
577 1285 92 26 intagna,
686 1291 25 14 en
734 1285 113 26 tillökning
863 1285 6 20 i

123 1319 175 20 lärarekrafterna
313 1319 52 19 skall
382 1325 40 20 ega
437 1326 51 13 rum.

191 1354 47 19 Men
258 1353 94 26 emedan,
372 1353 68 26 enligt
458 1353 128 20 Ständernas
607 1352 139 27 uppfattning,
763 1352 106 20 undervis-

124 1388 77 25 ningen
220 1387 6 19 i
246 1387 76 26 slöjder
342 1387 38 19 och
402 1387 144 20 handarbeten
565 1387 34 19 vid
620 1386 74 20 skolan
715 1386 63 19 borde
798 1387 72 26 intaga

121 1424 31 17 ett
167 1421 140 20 framstäende
321 1427 52 19 rum,
384 1420 58 21 torde
461 1421 41 20 den
521 1420 155 20 intellektuella
692 1420 177 27 undervisningen

122 1456 19 25 ej
158 1455 71 20 kunna
244 1455 78 20 erhålla
338 1455 35 19 det
390 1455 93 26 omfång,
499 1457 30 18 att
545 1455 39 20 den
601 1454 47 20 icke
664 1453 67 20 skulle
748 1454 122 20 medhinnas
