1070 1786
236 142 23 17 76

202 206 78 19 komne
297 205 133 20 kontrakters
445 205 155 26 upphäfvande.
630 205 40 26 Jag
690 211 62 14 anser
772 206 106 26 nemligen
895 205 58 20 Stän-

202 241 72 24 derne,
298 240 64 20 sedan
379 240 25 19 de
422 240 123 25 rättigheter
561 239 38 20 och
620 239 153 27 skyldigheter,
789 240 72 19 hvilka
876 247 76 20 genom

201 273 233 21 knektekontrakterne
448 274 111 25 betingats,
577 273 68 20 blifvit
667 273 4 20 å
688 276 58 17 ömse
762 274 56 19 sidor
834 274 117 20 undanröd-

198 308 58 26 jade,
272 308 129 26 rättvisligen
424 307 48 20 icke
496 307 49 20 böra
565 307 30 19 till
616 307 40 19 den
673 314 41 13 ena
729 307 165 20 kontrahentens
912 308 39 19 för-

201 343 47 19 män
266 342 104 26 uppställa
385 342 74 24 vilkor,
479 348 44 13 som
547 342 31 18 för
601 341 40 19 den
665 342 66 19 andra
755 341 64 20 blifva
834 342 67 24 svära,
916 348 34 13 om

200 376 48 20 icke
265 376 101 26 omöjliga
381 378 30 17 att
426 376 102 26 uppfylla,
544 376 64 19 ehuru
622 376 38 26 jag
675 376 62 19 äfven
755 376 30 18 för
797 376 41 19 min
851 376 40 25 del,
905 376 46 20 med

200 410 101 20 afseende
317 410 11 20 &
348 410 41 20 den
413 412 56 17 stora
491 410 44 26 vigt
557 410 39 20 och
620 410 116 26 betydelse,
758 410 26 19 de
805 410 22 19 af
845 410 107 20 Utskottet

201 444 126 20 framhällna
342 444 181 26 omständigheter
543 444 89 19 rörande
648 444 19 26 ej
685 444 80 20 mindre
785 445 167 19 tunnelandtalet

198 480 47 25 jord
270 479 32 20 för
324 478 72 26 hvarje
417 478 85 25 mantal,
522 480 26 17 än
568 478 170 20 innevänarenes
755 478 5 19 i
782 478 60 20 dessa
863 478 89 20 socknar

200 514 42 18 rätt
260 512 30 20 till
311 512 93 25 renbete,
418 513 53 25 jagt,
487 512 102 26 djurfäng,
605 512 53 20 fiske
674 512 39 20 och
729 512 11 20 &
756 512 194 26 öfverloppsjorden

201 547 129 20 verkställda
351 546 150 27 ängsodlingar
526 549 53 17 samt
602 547 116 26 ersättning
742 546 30 20 för
796 546 91 27 odlings-
911 548 39 19 och

200 581 228 26 byggnadskostnader
442 581 21 19 ät
479 581 78 19 sädane
577 581 131 26 nybyggare,
730 581 73 19 hvilka
817 581 30 19 till
864 581 50 25 följe
930 582 23 18 af

199 616 135 25 afvittringen
354 615 63 19 blifva
433 614 44 20 frän
494 615 44 19 sine
555 615 123 25 lägenheter
694 615 91 26 afhyste,
797 622 40 18 ega
848 615 31 19 för
890 616 62 19 dessa

200 650 97 25 nordliga
319 649 86 25 trakter,
429 648 116 26 tillstyrker
567 651 30 17 att
619 648 117 28 Ständerne
760 649 49 19 ville
832 649 37 20 hos
892 650 57 19 Hans

199 684 119 26 Kejserliga
336 684 97 25 Majestät
453 684 5 18 i
476 683 166 26 underdänighet
665 683 67 20 säsom
758 678 191 32 önskningsmäl

200 718 84 24 föreslä,

336 753 32 19 att
384 751 36 20 vid
435 750 142 28 afvittringen
601 751 81 28 skäligt
706 751 103 27 afseende
831 752 65 20 måtte
911 751 40 27 fä-

267 788 45 18 stas
337 786 4 19 å
360 784 118 26 Kuusamo,
502 784 126 22 Kemiträsk
650 785 38 21 och
713 784 130 28 Kuolajärvi
865 786 87 20 sockne-

267 822 61 18 mäns
344 818 97 28 anspråk
456 819 55 21 hvad
526 819 106 27 beträffar
648 819 96 27 beloppet
760 819 30 27 af
801 819 35 21 det
847 820 47 20 dem
906 820 45 20 till-

262 853 106 27 fallande
388 854 159 23 tunnelandtal,
567 853 79 21 hvilket
664 854 42 26 för
724 854 75 26 hvarje
814 854 85 20 mantal
913 861 39 14 an-

267 894 33 14 ses
315 888 51 27 böra
382 888 73 27 uppgå
471 888 35 19 till
521 888 98 26 omkring
628 889 78 24 12,000
715 888 126 24 tunneland,
852 891 56 18 samt
919 891 33 18 att

267 921 169 21 socknemännen
456 921 74 20 dervid
549 921 66 27 blefve
631 921 120 21 bibehållne
769 922 36 20 vid
821 922 131 27 rättigheten

268 956 35 20 till
318 955 89 25 renbete,
420 956 31 27 på
466 957 44 19 sätt
521 955 150 27 härförinnan
682 956 62 27 öfligt
755 956 63 25 varit,
829 959 56 18 samt
892 958 58 27 jagt,

266 989 108 28 djurfång
394 989 38 21 och
447 989 56 28 fiske
522 990 13 19 å
553 990 41 20 den
612 989 122 27 afvittrade
752 990 200 27 kronoöfverlopps-

262 1025 88 26 jorden,
366 1024 109 27 äfvensom
490 1024 37 20 vid
543 1024 141 27 nyttjorätten
701 1025 35 20 till
747 1024 112 21 derstädes
869 1025 30 24 af
905 1025 46 21 dem

267 1057 136 29 upprödjade
421 1060 77 25 ängar,
517 1057 112 21 hvarutom
643 1058 49 27 full
711 1059 121 27 ersättning
850 1058 40 28 för
913 1060 38 20 od-

267 1093 67 26 lings-
350 1092 38 21 och
403 1091 231 28 byggnadskostnader
650 1092 64 21 borde
731 1092 149 27 tillförsäkras
891 1093 60 21 inne-

267 1127 91 26 hafvare
374 1126 30 27 af
415 1126 82 21 sådane
513 1126 110 28 nybyggen
640 1127 37 20 och
693 1129 55 24 torp,
764 1126 73 21 hvilka
849 1127 36 21 till
891 1127 60 28 följe

266 1161 31 27 af
313 1161 143 26 afvittringen
475 1160 82 21 komma
575 1163 33 18 att
622 1160 57 27 från
701 1161 50 20 sina
771 1161 123 27 lägenheter
915 1162 36 27 af

267 1195 70 28 hysas.

268 1231 86 19 Dermot
370 1236 61 13 anser
444 1230 37 26 jag
497 1229 117 20 Utskottets
634 1230 102 20 förbehåll
754 1232 29 18 att
798 1230 89 21 särskild
901 1232 47 25 jord

200 1265 36 19 bör
252 1265 90 19 tilldelas
358 1264 42 19 alla
416 1263 113 26 nybyggen
547 1264 38 19 och
603 1267 51 23 torp,
671 1265 72 19 hvilka
759 1265 70 19 kunna
845 1265 31 20 till
893 1265 56 26 sjelf-

199 1299 114 20 bestående
335 1298 123 26 lägenheter
478 1298 127 24 förvandlas,
624 1299 48 19 icke
690 1305 50 13 vara
761 1299 23 19 af
798 1299 39 20 den
855 1300 50 25 vigt,
921 1302 29 17 att

199 1333 117 20 detsamma
339 1331 99 20 särskildt
461 1332 100 25 förtjenar
585 1335 28 16 att
638 1333 23 19 af
682 1333 117 20 Ständerne
824 1334 126 26 framhållas,

198 1370 51 17 enär
265 1367 170 19 kolonisationen
458 1367 23 18 af
499 1366 61 19 dessa
579 1367 79 19 trakter
673 1367 44 20 lika
736 1367 86 26 mycket
838 1369 68 26 ligger
922 1371 28 18 uti

198 1401 146 26 Regeringens
360 1406 43 13 som
421 1400 28 19 uti
465 1396 126 37 Ständernes
610 1401 94 25 intresse,
724 1403 54 18 samt
794 1402 40 19 den
851 1403 98 27 föreslag-

198 1442 27 13 na
240 1434 279 26 ersättningsskyldigheten
540 1441 42 20 nog
598 1435 58 19 torde
674 1435 109 20 motverka
799 1438 30 17 ett
843 1437 106 20 öfverhöf-

198 1476 42 13 van
255 1471 52 17 stort
322 1468 124 26 afhysande,
468 1469 115 25 hvarjemte
606 1469 117 20 Utskottets
747 1469 78 27 förslag
845 1477 32 13 om
895 1472 55 20 vissa
