1070 1786
803 137 33 17 297

119 201 67 26 gäller
202 207 25 14 en
244 201 76 19 allmän
338 201 42 25 lag,
399 206 43 13 som
463 200 146 26 förnämligast
625 200 37 19 bör
678 207 49 12 vara
741 200 84 26 lämpad
841 201 29 19 ef-

120 238 31 17 ter
167 235 35 20 det
217 234 109 27 praktiska
341 234 71 19 lifvets
428 234 69 25 behof,
514 234 59 19 torde
589 233 64 20 saken
669 234 45 19 från
731 234 53 19 finsk
800 234 69 19 stånd-

120 269 67 26 punkt
203 269 37 19 lätt
256 275 49 13 vara
320 268 82 26 afgjord
422 267 31 20 till
474 267 81 20 förmån
573 267 31 20 för
620 268 40 19 den
676 274 73 13 senare
765 267 105 26 metoden,

121 302 54 20 helst
190 302 42 20 alla
247 302 51 19 våra
312 302 89 26 tidigare
418 302 58 25 lagar
493 301 69 19 blifvit
576 301 109 26 grundade
701 302 26 26 på
742 302 128 19 densamma.

119 336 32 20 En
168 336 121 26 nödvändig
309 336 49 25 följd
378 335 61 20 deraf
458 338 23 16 är
496 335 35 19 det
547 335 48 20 icke
612 335 66 20 heller
693 338 29 17 att
737 336 35 19 det
787 336 83 20 teoreti-

121 370 38 20 ska
175 370 173 25 sammanhanget
365 369 65 20 måste
447 369 26 26 gå
490 369 107 19 förloradt.
622 369 31 19 En
668 369 94 27 praktisk
774 369 34 27 lag
819 376 50 20 upp-

121 404 85 26 fyller
200 398 12 36 i
225 404 57 20 detta
304 403 99 20 afseende
426 404 32 18 sin
483 402 153 26 bestämmelse,
660 410 32 13 om
713 404 25 19 de
757 404 114 20 teoretiska

121 438 121 26 grunderna
257 438 71 19 kunna
344 440 48 17 utan
409 438 110 26 synnerlig
535 438 107 26 svårighet
658 438 61 20 derur
734 438 112 20 framletas.

189 472 45 20 Den
250 472 83 26 Nådiga
352 472 157 26 propositionen
529 471 98 20 omfattar
647 472 73 19 inalles
736 474 75 18 tretton
828 475 41 17 sär-

121 506 69 20 skilda
214 506 137 26 afdelningar,
370 506 40 19 och
426 505 79 20 enhvar
521 505 23 19 af
562 505 46 19 dem
632 506 110 19 afhandlar
764 506 106 26 lagbuden

121 540 111 27 angående
256 540 67 27 någon
339 540 23 19 af
376 539 25 20 de
418 545 100 20 personer
541 538 52 20 eller
616 539 64 26 något
698 540 23 19 af
734 540 26 20 de
776 540 94 26 föremål,

122 581 44 13 som
182 575 7 19 i
205 574 133 26 sjöväsendet
354 574 63 19 hafva
432 580 25 13 en
474 573 141 20 framstående
632 569 115 31 betydelse,
763 574 52 20 eller
830 574 40 20 ock

121 608 206 25 rättsförhällanden,
338 614 43 13 som
394 608 6 19 i
413 607 117 26 väsentliga
546 607 58 20 delar
618 610 36 17 äro
672 608 84 26 byggda
771 608 27 26 på
813 608 58 20 olika

121 642 92 27 grunder
236 642 52 20 eller
312 642 104 19 utmärkta
437 648 76 19 genom
538 648 25 13 en
587 641 89 20 särskild
699 642 105 20 karakter.
835 642 35 20 Uti

122 676 72 26 hvarje
210 676 107 26 afdelning
337 676 63 19 hafva
418 678 90 17 ämnena
528 676 69 19 blifvit
615 676 107 20 fördelade
737 677 52 19 efter
805 676 64 20 sådan

122 710 56 26 plan,
190 712 30 18 att
230 710 227 26 lagbestämningarne,
471 709 69 20 såvidt
556 710 35 19 det
608 710 52 19 varit
675 710 83 27 görligt,
775 711 50 26 följa
840 712 29 18 ef-

122 747 31 17 ter
169 744 118 20 hvarandra
303 745 5 19 i
324 744 40 20 den
381 744 90 26 ordning
486 744 50 19 aftal
553 744 39 19 och
609 744 123 26 handlingar
747 745 6 19 i
769 746 100 24 sjömans-

121 778 64 27 yrket
200 778 98 20 utveckla
313 779 31 25 sig
360 778 39 20 och
416 778 114 20 efterträda
546 778 123 20 hvarandra.
700 778 76 27 Hvarje
792 779 78 27 lagbud

123 814 37 19 bör
175 812 109 27 uttryckas
299 813 6 19 i
320 812 61 20 korta
397 812 38 20 och
452 812 186 26 sammanträngda
654 813 92 26 ordalag,
757 813 26 25 på
795 814 35 19 det
840 816 30 17 att

123 847 60 27 lagen
207 853 75 20 genom
306 847 31 19 sin
361 846 136 26 vidlyftighet
517 847 18 25 ej
553 846 33 20 må
602 846 64 20 blifva
682 847 132 27 otillgänglig
830 848 39 19 och

122 881 32 20 för
169 883 31 17 att
215 888 79 13 samma
309 880 135 26 vidlyftighet
459 880 47 19 med
523 880 70 20 dertill
610 881 92 19 hörande
714 882 156 26 upprepningar

123 915 18 26 ej
158 915 34 19 må
208 915 65 19 blifva
288 921 25 13 en
330 914 73 26 möjlig
419 913 60 20 orsak
497 914 77 25 dertill,
586 916 29 18 att
629 915 135 26 motsägande
781 915 88 20 bestäm-

123 949 75 26 ningar
214 949 97 26 insmyga
328 949 32 26 sig
376 949 6 19 i
398 949 116 26 lagtexten.
546 948 30 20 Då
596 949 116 20 emellertid
736 949 68 20 denna
827 956 42 13 om-

123 983 126 26 ständighet,
269 983 123 26 isynnerhet
412 983 31 19 för
463 983 41 19 den
521 983 5 18 i
544 983 137 26 lagväsendet
697 984 79 19 mindre
793 984 76 20 bevan-

124 1018 70 25 drade,
212 1017 64 20 måste
294 1017 94 20 medföra
403 1023 25 14 en
446 1017 41 19 viss
505 1017 107 26 svårighet
627 1020 30 17 att
672 1020 38 17 rätt
727 1018 94 26 uppfatta
831 1019 38 20 och

123 1053 45 18 lära
186 1051 70 20 känna
276 1051 72 26 lagens
368 1051 47 25 bud,
436 1057 61 14 anser
514 1051 100 20 utskottet
629 1053 30 18 att
674 1051 137 27 olägenheten
828 1053 42 19 kan

123 1087 6 18 i
146 1085 68 26 någon
231 1085 51 26 grad
299 1085 92 20 minskas
407 1085 51 20 eller
473 1085 114 26 godtgöras
603 1092 75 20 genom
695 1087 90 20 nämnda
795 1087 75 20 anord-

123 1120 56 26 ning.
210 1119 42 20 När
268 1120 122 25 sjömannen
407 1120 66 19 finner
489 1119 121 20 rättsbuden
630 1120 124 21 utvecklade
770 1121 6 19 i
793 1127 78 14 samma

123 1154 119 20 successiva
261 1153 89 26 ordning
370 1160 44 13 som
434 1153 51 20 hans
505 1159 53 20 egen
579 1153 139 27 verksamhet,
742 1155 65 20 måste
830 1155 40 20 han

124 1188 47 20 med
187 1190 65 17 större
270 1187 74 19 lätthet
360 1187 70 19 kunna
446 1187 79 20 bereda
538 1188 32 26 sig
585 1194 25 13 en
626 1188 96 27 åskådlig
739 1189 132 27 uppfattning

123 1222 22 19 af
158 1221 26 20 de
200 1221 98 27 anspråk,
314 1221 72 20 hvilka
404 1221 62 26 lagen
483 1221 71 20 ställer
570 1221 27 26 på
612 1222 84 26 honom,
712 1222 108 21 hvarutom
837 1224 34 20 det

124 1256 75 19 blifver
215 1256 31 19 för
262 1255 75 20 honom
355 1255 108 27 möjligare
479 1258 31 17 att
525 1256 72 25 hvarje
612 1256 56 27 gång
683 1257 6 19 i
706 1257 59 26 lagen
777 1258 94 26 uppsöka

124 1290 25 19 de
165 1289 131 26 stadganden
312 1289 41 20 han
369 1289 27 20 då
410 1289 103 20 behöfver
529 1289 102 27 rådfråga.

191 1324 40 19 För
250 1325 29 18 att
297 1323 122 27 ytterligare
438 1323 121 27 förtydliga,
575 1324 51 19 huru
642 1325 92 19 nämnda
748 1325 48 26 plan
813 1326 6 19 i
836 1326 34 20 de-

123 1358 35 26 talj
176 1357 68 20 blifvit
263 1357 114 26 tillämpad,
394 1357 71 20 kunna
480 1357 51 21 flere
547 1359 97 25 exempel
660 1359 89 20 anföras.
779 1360 34 19 Uti
830 1360 40 20 den

123 1393 65 19 första
210 1391 134 27 afdelningen
367 1398 33 13 om
424 1392 69 26 fartyg
517 1392 132 20 förekomma
671 1393 137 27 stadganden,
827 1401 44 14 som

123 1427 63 20 hafva
204 1433 25 13 en
248 1426 176 26 grundläggande
441 1426 108 26 betydelse
564 1427 7 18 i
587 1427 100 20 afseende
704 1427 11 20 &
731 1428 56 20 detta
802 1431 68 18 ämne.

121 1461 35 20 Uti
176 1466 80 14 samma
279 1459 73 26 stycke
375 1460 54 19 hade
452 1460 55 26 plats
530 1461 61 19 äfven
614 1461 81 20 kunnat
717 1462 115 26 inrymmas
852 1463 21 20 åt
