1070 1786
797 144 33 19 189

115 209 30 20 ler
160 210 44 19 före
220 211 30 18 att
266 209 39 20 den
322 209 64 20 redan
403 208 128 20 undersökta
551 208 149 27 sträckningen
717 208 90 20 emellan
824 208 38 19 Ta-

115 244 97 19 vastehus
228 244 39 19 och
284 243 142 20 Tammerfors
442 246 22 16 är
477 243 31 19 för
519 249 25 13 en
554 242 230 27 jernvägsförbindelse
800 242 62 19 emel-

115 278 32 19 lan
164 278 61 19 dessa
240 280 56 17 orter
311 277 126 26 lämpligast.

626 309 22 21 C.
664 309 130 21 Ehrnrooth.

318 424 165 20 Sammansatta
493 424 74 20 Stats-
578 423 35 21 och
623 423 240 21 Ekonomiutskottets

250 458 126 20 skrifvelse
391 458 42 20 med
446 458 73 26 förslag
533 458 30 20 till
579 457 182 27 sammanjemkning
775 458 22 19 af
809 458 53 20 Stän-

250 492 68 20 dernas
337 492 53 20 olika
410 492 62 20 beslut
487 492 6 20 i
509 492 67 26 frägan
596 498 29 14 om
645 492 109 25 rigtningen
773 492 20 20 af
806 493 57 19 stam-

250 526 61 20 banor
325 526 30 20 vid
368 526 230 26 jernvägsanläggningar
612 526 6 20 i
634 526 83 20 Finland.

182 589 41 20 Vid
239 590 150 25 föredragning
404 589 23 19 af
440 591 149 17 sammansatta
608 589 63 19 Stats-
692 589 38 19 och
749 589 112 19 Ekonomi-

114 622 110 20 utskottets
240 623 40 20 den
298 624 24 19 20
339 623 91 19 förlidna
445 623 40 26 Maj
502 623 59 26 gifna
577 622 133 20 betänkande
725 623 6 19 i
748 622 114 26 anledning

113 657 24 19 af
147 657 57 20 Hans
224 657 118 27 Kejserliga
360 657 107 26 Majestäts
482 656 83 27 Nädiga
580 657 129 26 proposition
725 663 33 13 om
774 657 89 26 riginin-

115 697 39 20 gen
170 691 23 20 af
206 691 121 20 stambanor
347 691 33 19 vid
399 691 256 26 jernvägsanläggningar
670 691 5 19 i
692 691 88 20 Finland
800 691 63 19 hafva

115 725 136 26 Högvördiga
273 725 79 19 Preste-
370 724 38 20 och
425 724 137 20 Hedervärda
587 725 159 19 Bondeständen
769 725 94 26 godkänt

115 760 115 19 detsamma
249 760 7 19 i
272 759 47 19 dess
340 759 77 24 helhet,
439 759 108 19 hvaremot
566 758 120 27 Höglofliga
709 759 153 26 Ridderskapet

114 793 38 20 och
168 793 68 20 Adeln
254 796 53 17 samt
325 792 113 26 Vällofliga
456 792 178 27 Borgareständet
653 793 44 19 deri
716 794 55 25 gjort
787 793 74 26 följan-

114 828 25 20 de
155 828 152 25 förändringar,
325 827 116 26 nemligen:

181 861 121 27 Höglofliga
317 860 154 26 Ridderskapet
487 861 125 19 och*Adeln
630 862 36 18 har
681 861 128 20 beträffande
821 862 39 19 den

114 896 28 19 uti
159 896 40 19 6:te
216 902 61 13 mom.
294 895 126 20 omnämnda
436 894 164 20 österbottniska
616 895 67 20 banan
700 895 44 20 från
756 895 105 20 Tammer-

114 930 40 19 fors
171 929 30 20 till
217 929 106 26 Uleåborg
339 929 39 19 och
394 929 131 19 Nikolaistad
543 929 100 26 förordat,
659 931 29 18 att
703 929 159 20 instrumentala

114 963 181 26 undersökningar
303 963 66 19 skulle
379 963 98 19 anställas
488 963 48 19 icke
547 963 87 20 allenast
647 964 29 19 uti
687 963 39 20 den
736 964 23 19 af
765 964 96 26 Ingeniö-

113 1004 36 13 ren
159 997 55 20 Knut
222 997 90 26 Pipping
323 997 120 26 föreslagna
454 997 93 26 rigtning
558 1000 49 17 utan
618 997 61 20 äfven
692 998 28 19 uti
730 998 39 19 den
782 998 78 19 sträck-

114 1031 50 26 ning
173 1027 168 30 Öfverstyrelsen
356 1031 32 18 för
400 1033 49 23 väg-
458 1031 39 19 och
511 1031 304 20 vattenkommunikationerne
827 1032 34 25 på-

113 1065 68 26 yrkat,
197 1065 32 19 för
245 1065 79 19 hvilket
340 1065 97 19 ändamål
448 1065 39 19 den
500 1066 29 18 uti
545 1071 61 14 mom.
614 1060 10 35 5
642 1065 30 20 till
683 1065 53 20 slika
748 1066 113 19 undersök-

114 1099 83 26 ningars
218 1099 130 20 anställande
368 1101 107 24 upptagna
494 1105 81 14 summa
593 1099 23 20 af
632 1099 90 26 200,000
743 1100 57 19 mark
821 1100 38 19 för-

113 1133 55 26 höjts
183 1133 32 20 till
231 1133 89 26 225,000
336 1132 66 26 mark,
418 1133 39 19 och

180 1167 114 26 Vällofliga
313 1167 176 25 Borgareståndet
508 1167 37 20 har
565 1169 74 23 ansett,
663 1170 29 17 att
712 1168 59 19 ordet
788 1168 71 20 ”Lem-

113 1201 59 27 pälä”
189 1202 6 18 i
215 1201 81 19 första
315 1203 115 17 momentet
446 1200 64 20 borde
529 1201 83 26 utbytas
636 1204 43 17 mot
700 1202 110 25 ”Wiiala”,
830 1202 30 19 till

113 1235 81 20 hvilket
212 1235 96 20 hemman
326 1236 117 26 jernvägen
460 1238 22 17 är
498 1235 118 27 föreslagen
637 1239 30 16 att
687 1236 63 25 ledas,
771 1237 88 19 emedan

112 1269 126 20 tvifvelsmål
254 1272 75 23 yppats
345 1269 72 20 derom
434 1269 103 20 huruvida
552 1270 90 19 nämnde
658 1270 98 20 hemman
770 1273 22 17 är
804 1271 55 19 belä-

112 1306 35 24 get
161 1303 57 20 inom
241 1303 99 26 Lempälä
366 1303 50 20 eller
440 1303 73 20 Akkas
536 1303 77 20 socken
637 1306 53 17 samt
708 1304 40 20 den
764 1305 97 19 använda

112 1338 121 19 lokutionen
257 1337 81 20 således
354 1338 6 19 i
380 1344 75 13 senare
479 1338 114 19 händelsen
617 1344 50 14 vore
691 1339 86 26 origtig;
800 1339 60 20 hvar-

109 1373 65 24 jemte
184 1371 97 20 bemälda
289 1371 63 20 Stånd
362 1371 6 20 i
378 1371 23 20 så
410 1372 64 19 måtto
483 1372 75 19 ändrat
574 1372 91 26 tredje,
677 1373 76 25 sjette
768 1373 38 19 och
824 1373 34 19 ni-

113 1406 63 20 onde
193 1406 160 19 momenterna
347 1401 11 34 i
369 1405 116 20 Utskottets
499 1406 139 25 betänkande,
654 1409 30 17 att
694 1407 65 20 orden
770 1407 89 20 ”mellan

109 1441 87 25 Päijäne
212 1440 39 19 och
267 1439 96 20 Saimen”
380 1440 5 19 i
402 1440 82 26 tredje
501 1447 62 13 mom.
581 1440 63 20 borde
663 1441 87 20 insättas
768 1442 6 19 i
791 1441 70 21 stället

110 1474 31 19 för
158 1474 64 19 orden
242 1473 88 27 ”genom
351 1473 154 27 Pieksämäki”,
525 1477 50 17 enär
593 1475 86 19 berörde
697 1475 53 20 bana
765 1476 6 19 i
787 1477 72 26 hvarje
