1070 1786
243 146 34 18 106

209 211 37 20 ord
267 210 68 21 hållen
356 210 117 27 antydning
491 216 33 14 om
545 209 184 26 nödvändigheten
751 211 30 18 att
795 209 45 20 deri
855 213 51 24 göra
922 210 32 20 be-

209 247 116 26 sparingar,
340 247 30 18 ett
385 245 80 26 tillägg,
481 245 80 19 hvilket
576 245 31 19 för
622 244 40 19 den
682 244 133 20 förvaltande
831 245 123 26 myndighe-

209 283 35 17 ten
262 280 64 19 måste
341 280 63 19 alstra
420 279 91 20 ovisshet
521 279 26 26 på
558 278 72 20 hvilka
645 280 70 24 poster
732 279 135 25 besparingar
883 282 71 23 egent-

209 315 56 26 ligen
282 314 50 20 böra
348 313 162 20 åstadkommas.
539 313 42 19 Vid
598 313 39 20 den
654 312 131 27 granskning
799 314 5 18 i
817 313 70 26 detalj,
903 313 51 19 hvil-

209 349 41 19 ken
264 349 38 25 jag
317 348 30 20 till
364 348 49 25 följe
430 348 60 19 häraf
505 349 69 18 ansett
592 349 73 23 staten,
685 347 67 20 sådan
768 347 39 20 den
824 348 31 19 för
871 348 26 20 40
913 348 41 20 ele-

209 390 37 12 ver
262 386 22 16 är
300 382 124 27 föreslagen,
441 382 50 19 böra
507 382 142 26 underkastas,
664 388 65 20 synas
743 382 92 26 följande
846 382 107 20 förminsk-

211 418 75 26 ningar
301 418 70 19 kunna
386 423 40 20 ega
440 424 53 12 rum:

276 458 25 14 en
317 452 65 19 andre
397 451 74 26 lärare,
487 450 46 20 med
549 450 92 26 aflöning
656 450 22 20 af
687 451 63 25 2,600
766 450 65 26 mark,
846 451 108 25 uteslutes;

276 486 119 26 aflöningen
414 485 32 20 för
465 485 64 19 andra
551 485 120 19 lärarinnan
696 485 107 20 nedsättes
825 486 44 19 från
895 486 59 25 1,200

210 520 29 20 till
258 520 60 24 1,000
334 520 69 24 mark;

276 553 178 21 kosthållerskans
470 553 100 20 kontanta
585 554 34 19 lön
636 553 94 21 minskas
749 554 44 20 från
810 554 41 20 400
867 555 31 20 till
914 555 40 20 300

210 589 71 25 mark
271 585 14 34 ;

276 624 6 19 i
298 623 69 20 stället
382 623 31 19 för
429 625 30 17 tre
476 623 59 26 pigor
549 625 87 24 antagas
653 622 51 20 blott
721 622 46 25 två;

276 657 120 27 aflöningen
416 657 31 20 för
466 658 34 19 två
519 657 142 20 verkmästare
677 657 94 20 minskas
787 657 44 20 från
849 658 59 25 1,800
925 658 29 20 till

212 692 59 26 1,200
288 692 40 26 mk,
344 694 50 17 enär
410 692 31 19 för
461 692 68 19 denna
548 691 150 27 undervisning
719 691 47 20 icke
786 692 59 20 torde
865 692 89 20 behöfva

210 727 34 19 vid
261 726 141 26 inrättningen
422 726 77 26 stadigt
517 726 64 19 fästas
601 732 43 13 mer
659 728 25 17 än
701 732 26 13 en
744 732 81 20 person,
846 729 48 17 utan
913 727 40 19 till-

209 761 51 20 fälle
277 760 62 20 borde
355 760 112 20 förefinnas
483 762 29 18 att
527 760 104 19 dessutom
648 762 41 17 mot
704 760 86 26 arvode,
807 761 51 19 efter
869 761 85 25 ackord,

209 795 70 19 härtill
298 795 3 19 i
317 794 47 20 män
380 794 24 20 af
418 794 64 20 behof
495 794 64 20 anlita
574 794 6 20 i
596 794 72 20 staden
686 794 95 20 vistande
801 794 153 22 handtverkare

209 830 53 19 eller
277 829 64 19 andra
356 828 147 27 slöjdkunnige
519 828 105 26 arbetare:

277 863 115 20 kostnaden
411 864 31 18 för
461 863 149 26 undervisning
625 863 7 19 i
647 863 122 27 gymnastik
789 864 105 20 nedsättes
910 864 44 20 från

210 898 40 19 350
267 897 30 20 till
313 898 40 19 300
370 897 70 26 mark;

277 932 30 19 till
328 932 149 25 undervisning
493 932 6 19 i
515 931 51 26 säng
587 931 38 20 och
644 931 68 20 musik
732 931 68 20 ansläs
827 932 40 20 600
894 932 34 19 mk
949 934 6 17 i

210 966 70 20 stället
296 966 30 19 för
342 966 93 27 begärda
450 966 40 19 800
507 965 68 26 mark;

277 1001 31 19 för
323 1001 124 20 läkarevärd
463 1001 38 19 och
517 1000 132 27 operationer
665 1002 102 25 upptager
783 1002 67 18 staten
863 1001 39 20 400
914 1001 41 25 mk,

210 1042 47 13 men
275 1035 68 20 denna
362 1035 68 27 utgift,
450 1035 89 20 medicin
559 1035 137 26 inberäknad,
713 1035 39 20 bör
767 1035 70 20 kunna
854 1035 101 20 bestridas

211 1070 45 20 med
274 1070 40 19 300
330 1070 70 25 mark;

277 1104 32 19 till
326 1104 159 26 undervisnings
501 1103 133 27 hjelpmedel,
645 1106 118 24 apparater,
775 1103 77 20 böcker
863 1104 38 20 och
914 1111 40 13 mu-

210 1139 86 19 sikalier
311 1139 69 19 ansläs
396 1139 40 19 600
454 1138 33 19 mk
503 1139 6 18 i
525 1138 68 19 stället
609 1138 31 19 för
656 1138 40 20 750
712 1138 71 25 mark;

276 1173 264 25 tryekningskostnaderne
569 1172 105 20 nedsättas
702 1173 46 19 från
776 1173 59 25 1,000
861 1173 29 19 till
916 1174 40 19 200

211 1208 65 23 mark,
292 1207 53 20 helst
361 1206 87 27 utgiften
466 1207 31 19 för
512 1206 138 26 uppsättande
665 1206 23 20 af
701 1206 93 26 tryckeri
805 1208 18 25 ej
837 1208 36 19 bör
885 1208 71 20 vidare

210 1242 142 25 återkomma;

277 1277 169 25 kosthållningen
467 1276 31 20 för
520 1277 11 19 6
550 1282 99 20 personer
668 1276 22 19 af
708 1276 137 26 betjeningen
869 1276 39 20 och
931 1277 25 18 40

211 1311 77 26 elever,
305 1311 105 20 beräknad
432 1311 6 18 i
457 1313 67 18 staten
541 1311 12 19 &
568 1310 41 20 200
624 1310 42 25 mk,
683 1310 37 20 bör
737 1310 70 19 kunna
830 1310 31 19 väl
883 1310 71 20 bestri-

211 1346 37 19 das
264 1345 48 20 med
330 1345 38 20 180
384 1345 58 20 mark
458 1345 31 19 för
505 1345 88 24 enhvar;

278 1380 99 26 anslagen
394 1379 31 20 för
441 1379 39 20 ved
496 1380 37 19 och
550 1379 39 26 ljus
603 1381 53 18 samt
666 1379 32 20 för
709 1379 82 20 diverse
803 1379 91 27 utgifter,
906 1386 50 19 upp-

211 1418 70 23 tagne,
298 1415 34 19 det
348 1415 55 19 förra
418 1414 31 19 till
468 1415 59 24 1,450
545 1414 38 19 och
600 1414 34 20 det
650 1420 74 13 senare
742 1413 31 20 till
793 1413 40 20 400
850 1413 41 26 mk,
908 1414 48 19 ned-

211 1452 64 17 sättas
291 1449 30 20 till
337 1455 54 20 resp.
410 1449 59 25 1,200
485 1449 38 20 och
539 1449 40 20 270
596 1448 64 20 mark.
