1070 1786
248 143 23 17 14

561 207 10 22 $
590 206 30 19 19.

285 245 80 21 Flottas
386 245 109 27 samtidigt
509 245 7 20 i
532 247 30 18 ett
579 245 125 26 vattendrag
719 244 50 24 flere
785 245 104 26 tillhörigt
903 245 66 26 virke,

215 279 55 20 skall
293 286 25 13 en
342 279 53 20 hvar
414 279 23 20 af
453 283 90 23 egarene
563 279 43 20 låta
626 279 118 20 verkställa
760 278 125 27 flottningen
902 279 22 20 så
940 281 29 18 att

214 313 43 23 han
273 313 122 27 derigenom
412 313 47 20 icke
475 312 155 21 åstadkommer
646 312 33 21 för
694 319 69 13 annan
774 312 136 27 virkesegare
921 312 46 20 hin-

216 347 37 20 der
274 347 51 20 eller
345 347 114 28 olägenhet
474 354 43 13 som
533 347 96 27 skäligen
646 346 42 21 kan
704 346 111 21 undvikas.
846 346 121 21 Uraktlåtes

214 381 76 21 sådant
305 382 40 20 och
361 382 61 20 timar
438 381 65 21 skada
517 381 52 21 eller
585 381 105 27 uppehåll,
706 387 50 13 vare
771 380 40 21 den
824 380 142 27 virkesegare,

214 421 45 14 som
280 415 76 20 sådant
371 415 71 26 vållat,
457 415 98 21 förfallen
571 415 32 20 till
619 416 41 19 vite
677 415 46 19 från
739 414 112 20 etthundra
866 414 31 20 till
914 416 51 18 ettu-

214 456 37 13 sen
275 449 59 20 mark
354 450 40 19 och
414 452 77 18 ersätte
506 449 28 20 all
550 449 72 21 skada.
653 449 92 20 Hindras
760 448 161 27 flottningsgods
937 450 30 18 att

214 483 142 20 framkomma
372 483 122 27 derigenom
510 485 30 18 att
555 483 70 27 dylikt
640 484 60 26 gods,
716 483 103 27 tillhörigt
834 489 77 20 annan,
927 482 38 27 lig-

214 523 38 21 ger
275 517 103 20 nedanför
393 518 6 19 i
415 517 114 26 flottleden,
553 518 39 19 och
617 517 104 27 fördröjes
740 516 125 28 flottningen
885 516 23 20 af
921 516 45 20 sist-

214 551 91 20 nämnde
327 551 53 26 gods
400 553 47 18 utan
469 551 113 28 tvingande
602 551 53 26 skäl,
671 558 51 21 eger
738 550 157 21 vederbörande
911 551 54 20 läns-

214 591 47 14 man
279 585 51 20 eller
344 585 116 27 Magistrat,
476 586 27 26 på
517 586 96 19 anmälan
630 586 23 19 af
666 585 48 25 den,
730 585 61 20 hvars
802 579 163 32 flottningsgods

213 618 90 21 sålunda
322 619 130 27 uppehålles,
472 619 52 20 efter
544 619 66 20 skedd
628 619 157 26 undersökning
801 625 34 13 om
852 618 111 20 förhållan-

214 652 42 26 det,
272 652 43 20 låta
330 653 152 20 frambefordra
497 653 34 20 det
547 653 171 27 flottningsgods,
734 659 43 13 som
789 652 120 20 förorsakar
919 652 44 20 hin-

214 686 52 26 dret,
283 687 23 19 så
321 686 59 27 långt
396 687 69 20 utmed
481 686 116 26 flottleden,
613 693 44 13 som
674 690 23 16 är
713 686 72 26 nödigt
801 686 32 20 för
848 688 29 18 att
889 686 34 20 det
934 686 29 20 ef-

213 720 127 26 terföljande
356 720 183 27 flottningsgodset
555 720 34 20 må
604 720 71 20 kunna
691 720 140 20 obehindradt
846 720 117 20 förbiföras.

213 754 123 20 Kostnaden
353 754 70 20 härför
440 754 89 20 drabbar
545 761 76 20 egaren
638 754 23 20 af
673 755 35 19 det
720 754 57 26 gods,
789 760 44 14 som
845 754 63 20 vållat
919 754 44 19 hin-

214 788 56 26 dret;
290 788 39 20 och
351 788 41 26 må,
407 789 6 19 i
429 788 35 20 fall
483 788 122 20 densamma
620 788 48 20 icke
683 790 75 25 genast
773 788 22 20 af
808 788 76 20 honom
901 790 63 18 ersät-

214 824 31 18 tes
268 822 53 20 eller
344 822 98 20 säkerliet
465 822 31 20 för
516 822 47 20 dess
584 822 104 27 gäldande
704 822 79 26 ställes,
798 822 23 20 så
836 824 43 18 stor
894 822 33 20 del
944 822 22 19 af

213 852 82 31 godset,
318 863 44 13 som
381 856 6 20 i
408 856 64 20 värde
495 858 114 18 motsvarar
631 856 154 26 ersättningens
809 855 83 27 belopp,
915 855 47 20 med

214 890 99 26 qvarstad
330 890 101 26 beläggas
446 890 39 20 och
501 890 102 27 försäljas.

282 924 77 20 Kunna
380 923 67 27 några
466 924 90 20 fördelar
576 924 74 20 vinnas
669 924 31 20 för
716 923 97 27 samtlige
829 919 135 30 virkesegare

213 958 124 26 derigenom
361 959 30 18 att
410 958 123 27 flottningen
554 958 23 20 af
594 958 37 20 allt
647 958 60 20 virke
723 958 7 19 i
746 963 78 14 samma
839 957 124 27 vattendrag

214 991 124 21 verkställes
362 992 30 19 för
415 991 60 28 deras
497 998 157 20 gemensamma
674 992 97 26 räkning,
791 998 40 20 ega
849 991 27 20 de
891 991 70 20 derom

212 1025 193 26 öfverenskomma;
421 1025 86 20 hvarvid
519 1026 26 20 de
556 1025 69 20 vilkor
636 1025 50 22 böra
699 1027 119 26 noggrannt
828 1025 135 26 bestämmas,

214 1065 46 14 som
276 1060 35 19 vid
327 1059 92 21 arbetets
434 1059 109 21 utförande
559 1059 60 21 skola
633 1059 112 28 iakttagas.

559 1124 10 22 S
585 1122 33 20 20.

282 1161 33 20 Då
330 1161 66 24 virke,
413 1168 43 13 som
473 1161 68 20 flottas
557 1161 32 20 för
604 1168 123 20 gemensam
743 1161 90 27 räkning
849 1161 53 20 eller
917 1161 46 20 blif-

213 1195 31 20 vit
267 1190 204 31 sammanblandadt,
493 1195 54 20 skall
569 1195 102 20 aflemnas
691 1195 28 27 på
738 1195 69 20 skilda
825 1195 86 27 platser,
926 1195 38 21 bör

214 1229 36 20 det
270 1229 27 27 på
313 1229 101 27 lämpliga
430 1229 72 20 ställen
519 1229 95 26 åtskiljas
630 1229 39 20 och
686 1229 51 22 flere
753 1229 110 27 delegares
878 1230 86 19 andelar

214 1263 28 27 på
264 1270 26 13 en
311 1263 57 27 gång
388 1265 89 25 uttagas,
493 1263 69 20 såvidt
577 1263 69 27 någon
662 1270 121 20 gemensam
799 1263 68 20 fördel
883 1264 80 26 derige-

213 1303 49 14 nom
286 1297 40 20 kan
350 1297 94 20 beredas.
475 1297 74 20 Kunna
571 1297 98 27 delegare
689 1297 48 20 icke
757 1297 72 20 förena
844 1297 32 27 sig
891 1297 71 20 härom

213 1331 40 20 och
274 1331 37 20 har
331 1331 88 20 särskild
439 1331 214 20 öfverenskommelse
668 1331 7 20 i
691 1333 58 18 detta
764 1331 100 20 afseende
880 1332 19 25 ej
915 1331 47 20 blif-

212 1363 32 22 vit
263 1365 115 27 ingången,
398 1371 50 21 eger
469 1365 136 20 Guvernören
620 1365 28 27 på
663 1365 120 26 ansökning
798 1365 75 26 pröfva
888 1365 75 20 förhål-

213 1399 74 20 landet
302 1399 38 20 och
357 1399 116 20 bestämma
487 1399 51 20 huru
553 1399 125 20 derutinnan
694 1399 54 20 skall
764 1399 94 20 förfaras.
