1070 1786
143 347 49 28 $19,

141 381 13 27 $
168 382 27 20 21.

240 150 34 17 478

206 212 102 27 gistraten
331 215 31 17 att
384 213 79 20 bereda
487 213 106 20 ärendena
616 213 30 20 för
668 213 189 21 rädhusstämman.
896 215 61 20 Detta

209 247 117 26 stadgande
342 247 59 20 torde
418 247 49 20 böra
482 247 130 26 godkännas.
863 245 3 3 |

274 281 9 19 I
299 281 101 19 utskottet
416 281 61 19 hafva
493 281 58 20 olika
567 282 109 26 meningar
692 284 83 24 yppats,
791 283 102 19 huruvida
913 290 42 13 om-

209 315 96 26 röstning
324 314 38 20 bör
378 314 37 20 ske
431 317 64 24 öppet
509 315 52 20 eller
577 315 46 20 med
639 316 69 20 slutna
724 316 75 20 sedlar.
830 317 125 25 Propositio-

210 355 40 13 nen
269 348 97 20 omfattar
381 349 7 19 i
404 348 115 20 allmänhet
534 350 6 18 i
557 349 25 20 19
598 352 10 22 $
624 350 40 19 den
680 350 57 20 förra
755 350 89 26 åsigten,
861 357 46 13 men
924 351 31 19 til-

212 383 53 20 låter
287 383 65 19 likväl
370 384 6 18 i
392 384 25 19 21
436 386 16 23 $,
468 386 30 17 att
513 384 33 19 val
562 384 48 19 sker
634 384 47 20 med
698 385 67 19 slutna
781 385 76 26 sedlar,
873 385 37 19 der
926 384 30 20 så-

212 418 50 19 dant
284 418 76 19 valsätt
383 418 68 20 äskas.
481 418 40 20 För
537 418 130 26 omröstning
688 418 46 20 med
754 418 68 20 slutna
837 418 68 20 sedlar
920 424 36 13 an-

208 452 56 19 föres
282 452 129 26 visserligen,
428 454 30 18 att
473 452 71 26 hvarje
560 452 99 20 röstande
675 452 123 26 derigenom
815 454 63 18 sättes
894 453 6 18 i
916 452 40 19 till-

210 486 49 20 fälle
275 488 30 18 att
321 486 47 19 med
384 488 66 18 större
466 486 62 20 frihet
543 486 39 20 och
599 486 120 20 oberoende
735 489 51 24 göra
801 487 31 19 sin
850 487 54 25 åsigt
914 487 42 26 gäl-

210 520 69 20 lande.
309 520 47 19 Men
372 520 13 19 &
400 520 65 20 andra
485 520 58 20 sidan
565 520 38 20 bör
618 520 35 20 det
668 520 48 20 icke
732 520 95 26 förbises,
844 522 29 18 att
889 520 66 20 sluten

210 554 138 27 omröstning,
364 554 123 26 isynnerhet
502 554 7 20 i
524 556 66 18 större
613 554 152 27 församlingar,
783 561 37 20 ger
844 561 25 14 en
886 555 70 19 alltför

208 589 90 25 beqväm
322 589 127 19 täckmantel
465 589 21 19 åt
501 595 25 13 en
548 589 206 25 karakterssvaghet,
773 596 43 12 som
832 592 23 16 är
871 589 87 26 ovärdig

210 622 48 26 den,
280 628 44 14 som
345 622 31 20 för
391 622 56 20 talan
463 622 6 20 i
486 622 109 26 offentliga
610 622 185 26 angelägenheter.
826 623 131 19 Kommunen

210 659 23 17 är
248 656 62 20 äfven
326 663 27 13 en
370 656 119 26 plantskola
505 656 31 20 för
551 656 86 26 politisk
653 656 102 27 bildning.
786 657 57 19 Huru
859 657 36 19 vill
911 664 46 12 man

211 690 41 26 väl,
264 692 29 18 att
309 690 39 20 den
365 696 44 14 som
426 690 6 20 i
449 690 138 20 kommunens
600 690 155 26 jemförelsevis
771 691 44 20 små
831 691 126 26 angelägen-

210 725 61 20 heter
286 724 74 20 tvekar
375 726 30 18 att
420 727 64 24 öppet
499 725 65 19 uttala
579 725 32 19 sin
628 725 92 27 mening,
736 725 52 20 skall
807 726 54 26 våga
877 725 80 20 oförbe-

211 758 98 20 hållsamt
332 758 115 20 framställa
467 759 39 19 och
530 759 31 19 stä
580 758 31 20 till
632 765 58 14 svars
706 759 31 20 för
753 760 30 19 sin
800 759 159 27 öfverstygelse,

211 793 27 19 då
254 792 36 20 det
304 792 67 27 gäller
387 792 180 20 fäderneslandets
583 793 32 19 väl
636 793 51 19 eller
703 800 31 13 ve.
765 793 41 20 Vid
822 794 33 19 val
871 794 42 19 kan
925 794 35 19 det

211 827 67 20 finnas
298 827 64 26 något
391 827 46 19 skäl
458 827 31 19 för
507 827 68 20 sluten
595 828 130 26 omröstning
746 828 75 26 deruti,
837 830 31 17 att
882 834 26 13 en
924 834 35 13 na-

210 862 65 26 turlig
290 861 152 27 finkänslighet
461 861 40 20 kan
518 862 56 19 finna
597 862 35 19 det
650 861 129 27 obehagligt
795 864 30 18 att
844 862 65 20 uttala
927 862 32 26 sig

213 902 33 13 om
266 902 26 13 en
315 895 63 20 oftast
399 895 131 20 närvarande
550 901 83 20 person.
670 895 30 20 På
723 896 60 20 dessa
805 896 46 19 skäl
873 895 86 20 föreslår

213 929 102 20 utskottet
330 931 30 18 att
377 929 24 20 19
418 929 39 20 och
473 930 22 19 21
515 931 22 23 $$
553 929 63 20 måtte
633 931 93 25 antagas.
754 925 7 35 =
777 941 6 3 -

282 964 10 19 I
307 964 25 19 de
348 963 69 27 öfriga
432 965 22 22 $$
469 963 38 20 har
522 963 102 20 utskottet
639 963 47 20 icke
703 964 67 20 funnit
786 964 45 20 skäl
843 966 30 18 att
883 964 78 20 föreslå

215 998 65 27 några
296 998 120 26 ändringar,

144 1040 12 20 3
167 1028 46 42 Kap.
284 1032 90 26 Tredje
392 1032 108 26 kapitlet
518 1031 119 20 innehåller
657 1035 97 17 närmare
774 1032 130 20 föreskrifter
927 1039 33 13 om

145 1174 54 28 s.

162 1414 14 29 $
186 1414 29 20 25.

215 1066 191 27 stadsfullmäktige
426 1066 39 20 och
485 1066 60 20 deras
561 1066 141 20 verksamhet.
733 1066 37 20 Att
785 1067 79 20 antalet
879 1067 23 19 af
915 1067 46 19 full-

215 1101 93 26 mäktige
327 1100 38 20 bör
380 1100 32 20 stä
427 1100 7 19 i
450 1100 130 20 förhällande
600 1100 30 19 till
646 1100 84 20 stadens
753 1100 129 27 folkmängd,
903 1101 58 19 torde

215 1141 51 14 vara
277 1135 111 26 sjelffallet.
420 1133 105 21 Utskottet
541 1134 37 20 har
594 1134 82 20 derföre
693 1134 30 20 till
739 1135 157 25 godkännande
908 1135 52 19 före-

215 1169 63 26 slagit
294 1169 24 20 de
334 1169 6 19 i
358 1169 25 19 24
400 1170 10 22 $
426 1168 110 26 uppstälda
555 1168 165 20 minimiantalen
737 1168 22 20 af
772 1168 190 26 stadsfullmäktige

216 1202 35 20 vid
270 1202 56 20 olika
345 1202 131 26 folkmängd.
506 1202 101 19 Deremot
627 1208 60 13 anser
703 1202 100 20 utskottet
819 1204 65 18 större
900 1202 63 20 frihet

216 1237 73 20 kunna
312 1237 80 20 lemnas
416 1236 209 20 stadskommunerne
641 1238 30 18 att
686 1237 53 19 efter
754 1237 209 26 omständigheterna

216 1271 116 20 bestämma
348 1271 32 26 sig
396 1271 62 19 äfven
474 1271 31 19 för
521 1273 29 17 ett
565 1271 65 26 högre
646 1271 58 20 antal
720 1271 133 26 fullmäktige
867 1273 27 17 än
911 1271 52 20 deti

216 1307 10 22 $
238 1305 126 26 föreslagna.
394 1304 31 20 Af
438 1304 64 20 sådan
519 1305 115 26 anledning
649 1305 37 19 har
702 1305 100 20 utskottet
817 1305 109 26 föreslagit
937 1311 25 14 en

216 1339 120 26 förhöjning
358 1339 23 20 af
398 1339 203 26 stadsfullmäktiges
624 1339 144 20 maximiantal
784 1339 7 19 i
807 1339 72 26 hvarje
901 1339 23 20 af
938 1339 25 20 de

216 1373 112 28 uppstälda
343 1373 146 26 kategorierna
506 1373 47 20 med
570 1374 29 18 ett
612 1373 54 25 jemt
681 1373 66 20 tiotal.

285 1408 26 19 25
328 1409 10 22 $
354 1407 84 26 stadgar
453 1409 30 18 att
498 1407 35 19 vid
553 1407 129 26 behandling
702 1407 22 19 af
738 1407 55 20 vissa
808 1407 81 26 vigtiga
904 1410 58 17 ären-

218 1442 39 20 den
274 1441 201 26 stadsfullmäktiges
494 1441 56 20 antal
571 1441 52 20 skall
640 1441 52 19 ökas
711 1441 47 20 med
774 1441 87 20 hälften.
891 1441 72 20 Såsom

218 1476 80 20 sådana
315 1475 69 27 frågor
404 1478 88 17 nämnas
507 1477 24 23 a)
546 1475 65 26 inköp
627 1475 32 19 för
674 1475 73 19 staden
763 1475 24 19 af
799 1475 100 26 fastighet
914 1476 51 19 eller
