1070 1786
228 155 34 17 302

196 217 53 20 söka
265 217 40 20 den
322 218 129 26 dispaschör,
467 225 43 13 som
527 219 51 19 först
593 218 54 20 skall
668 220 29 19 uti
714 220 60 20 dessa
790 221 39 19 mål
847 221 100 27 handläg-

196 258 27 20 ga
239 252 40 19 och
294 251 74 20 utreda
384 252 52 19 hans
452 252 43 19 sak.
527 252 38 19 Om
585 252 126 26 dispaschen
732 255 63 18 sedan
812 257 55 18 ännu
882 257 64 24 ytter-

194 285 67 27 ligare
284 285 96 20 kommer
403 288 30 17 att
456 286 137 20 underkastas
616 287 102 20 domstols
741 288 104 26 pröfning,
865 289 83 19 hvilket

194 319 48 20 icke
258 319 70 20 alltför
343 319 44 20 ofta
403 320 58 19 torde
477 320 44 25 ske,
537 323 22 16 är
575 320 36 20 det
626 322 48 18 utan
695 322 72 19 tvifvel
785 322 31 20 för
831 324 73 24 parten
920 329 25 13 en

195 353 67 20 fördel
278 355 30 17 att
323 353 66 32 saken
405 353 76 19 blifver
502 354 104 26 handlagd
622 354 24 19 af
658 361 25 13 en
701 355 130 27 myndighet,
848 362 44 14 som
909 356 37 20 har

195 389 65 18 större
277 386 137 20 erfarenhet
407 382 12 36 i
427 386 78 21 sådana
521 388 63 19 oftast
599 388 93 20 särdeles
709 389 124 21 invecklade
850 390 94 20 ärender.

195 421 75 20 Denna
286 420 120 20 erfarenhet
425 420 40 20 kan
483 421 46 20 icke
545 421 91 20 utbildas
653 422 33 20 vid
704 422 141 21 domstolarne
860 424 27 26 på
903 424 41 19 lan-

195 455 41 25 det,
253 455 40 19 och
313 455 40 19 den
377 454 70 20 kunde
471 455 59 19 äfven
556 455 64 20 blifva
644 456 110 26 obetydlig
769 457 6 19 i
791 457 104 26 städerna,
912 464 32 13 om

195 496 47 12 man
260 488 67 20 skulle
345 488 26 26 på
387 491 29 17 ett
431 491 66 17 större
513 489 56 19 antal
585 490 114 19 domstolar
715 490 82 26 splittra
812 492 39 19 och
866 492 80 19 fördela

195 521 65 28 sägde
277 523 78 19 tvister.
387 523 39 19 Det
442 523 65 20 måste
523 523 107 20 betraktas
646 524 68 20 såsom
732 531 25 13 en
774 525 66 20 fördel
858 526 31 19 för
904 526 42 19 alla

194 559 31 18 att
241 556 69 20 målen
326 557 40 20 och
382 557 121 26 derigenom
519 558 62 19 äfven
601 558 148 21 erfarenheten
771 559 64 20 blifva
849 560 28 26 på
892 560 52 19 före-

195 591 89 20 nämndt
299 593 39 17 sätt
354 591 6 19 i
378 591 41 19 viss
443 591 46 19 mån
513 591 173 21 koncentrerade.
719 593 29 19 Af
767 593 123 27 fremlingar
909 594 37 19 har

196 625 36 20 det
247 625 43 19 ofta
305 625 70 19 blifvit
390 624 97 20 anmärkt
505 627 30 17 att
553 625 40 20 den
612 626 77 20 Finska
704 626 162 27 lagskipningen
883 628 6 18 i
905 628 39 25 sjö-

195 658 94 20 rättsmål
313 658 47 20 icke
385 658 96 26 erbjuder
503 659 64 26 några
587 660 61 18 säkra
671 661 112 25 garantier,
800 661 87 19 emedan
904 661 39 19 den

196 692 129 20 handhafves
341 692 23 20 af
382 692 83 26 vanliga
488 693 62 19 civila
575 693 119 26 domstolar,
718 694 40 20 och
779 694 62 20 äfven
862 695 82 19 derföre

194 727 42 19 kan
256 727 34 19 det
309 726 47 20 icke
376 733 60 13 anses
458 726 123 20 välbetänkt
595 729 30 17 att
640 728 123 26 ytterligare
779 728 70 20 lemna
865 736 42 12 rum
924 729 20 19 åt

194 761 152 26 utländningen
363 760 31 20 för
410 760 40 20 den
467 760 94 26 tydning,
577 763 30 17 att
622 761 72 26 hvarje
713 762 148 20 kretsdomstol
877 764 6 18 i
900 763 43 19 lan-

195 795 36 19 det
246 801 61 13 anses
322 794 124 26 kompetent
461 796 30 18 att
506 794 120 27 bandlägga
642 795 62 20 äfven
717 796 25 20 de
754 796 91 20 svåraste
862 799 82 18 arterna

194 829 21 19 af
230 828 132 27 sjörättsmål.

265 862 10 20 I
290 862 100 20 afseende
406 862 12 20 å
434 862 39 20 den
489 862 143 27 likställighet,
651 869 43 13 som
714 864 101 20 utskottet
835 871 49 19 nyss
904 865 40 19 för-

194 897 68 26 ordat,
278 897 71 19 kunna
364 896 117 20 emellertid
498 896 65 27 några
578 897 127 20 tvifvelsmål
722 898 131 20 framställas.
879 899 65 20 Dessa

195 931 63 20 hafva
277 931 125 26 visserligen
422 931 75 19 endast
515 937 25 13 en
561 931 142 26 öfvergående
724 932 114 26 betydelse,
855 939 46 13 men
918 933 26 19 de

196 965 50 20 böra
262 965 82 20 derföre
361 964 47 20 icke
425 965 94 20 förbises.
550 964 68 21 Sedan
636 965 39 20 den
692 965 120 27 åberopade
827 966 116 20 förordnin-

195 1007 41 19 gen
252 1000 22 19 af
288 999 22 20 år
327 999 53 20 1863
396 999 101 20 utsträckt
515 999 91 20 vilkoret
625 1006 33 13 om
678 1001 146 19 examineradt
843 1001 54 19 befäl
914 1001 28 20 äf-

194 1041 40 12 ven
251 1034 30 19 till
299 1033 212 26 landtmannafartyg,
527 1033 37 20 har
584 1033 35 20 det
638 1036 78 17 ansetts
735 1035 72 26 nödigt
822 1037 30 17 att
867 1041 75 20 genom

194 1067 120 27 åberopade
332 1061 167 33 kungörelserna
517 1067 22 20 af
557 1067 48 20 åren
628 1068 52 19 1866
702 1069 40 19 och
767 1069 51 19 1868
841 1068 28 27 på
890 1069 52 20 före-

195 1102 87 20 nämndt
298 1104 40 17 sätt
352 1101 102 20 återkalla
474 1102 69 19 denna
562 1102 138 26 bestämning.
734 1103 65 19 Häraf
812 1102 70 20 kunde
898 1103 45 19 dra-

194 1143 38 20 gas
248 1137 39 19 den
304 1136 83 20 slutsats
403 1138 30 17 att
448 1136 159 20 förhållandena
622 1139 54 17 ännu
693 1137 47 19 icke"
758 1132 48 24 vore
821 1137 123 26 tillräckligt

194 1170 127 20 utvecklade
342 1170 31 19 för
392 1177 24 12 en
436 1170 73 26 åtgärd
529 1170 23 19 af
568 1170 139 20 omförmälda
723 1170 152 21 beskaffenhet.
905 1171 37 19 Om

194 1204 23 20 så
236 1207 30 23 är,
284 1210 68 16 anser
364 1203 103 21 utskottet
485 1204 154 26 förmedlingen
660 1204 50 20 böra
728 1204 174 27 tillvägabringas
917 1204 27 26 pä

195 1241 31 18 ett
240 1233 64 25 annat
318 1240 46 24 sätt,
381 1238 88 20 sålunda
484 1240 30 18 att
529 1238 40 20 den
586 1240 40 18 rätt
642 1240 30 18 att
688 1239 97 19 meddela
801 1238 96 20 enskilda
912 1239 30 19 in-

180 1268 97 24 "divider
292 1272 86 26 dispens
397 1272 44 19 från
461 1272 149 27 skyldigheten
629 1275 30 17 att
674 1273 84 26 aflägga
773 1272 54 27 prof,
843 1279 43 13 som
904 1273 39 19 till-

194 1307 96 20 kommer
305 1306 111 26 styrelsen,
432 1306 66 20 skulle
515 1307 30 19 till
561 1313 26 13 en
604 1307 72 25 början
694 1307 46 19 med
757 1313 25 13 en
799 1307 52 19 efter
867 1307 75 19 förhäl-

194 1341 92 20 landena
304 1340 95 27 afpassad
420 1340 127 20 moderation
569 1340 111 27 tillämpas,
699 1341 106 19 hvarefter
825 1340 69 20 denna
913 1343 29 17 ut-

194 1378 40 23 väg
250 1375 6 19 i
272 1374 110 20 framtiden
403 1374 55 26 finge
477 1374 131 26 smäningom
628 1374 88 21 förfalla.
748 1375 127 26 Derigenom
891 1375 51 20 kun-

194 1409 26 20 de
236 1415 26 14 en
279 1408 82 27 verklig
377 1408 116 27 öfvergäng
509 1411 96 23 emotses,
622 1408 27 20 dä
664 1409 95 19 deremot
769 1410 30 17 ett
811 1410 70 18 nästan
899 1409 42 19 oin-

193 1443 89 20 skränkt
298 1442 87 20 allmänt
400 1442 147 27 medgifvande
568 1449 33 13 om
618 1442 106 27 undantag
740 1443 5 18 i
762 1442 65 26 sagde
844 1442 98 21 afseende

193 1477 31 19 för
245 1476 218 26 landtmannafartygs
489 1477 143 19 befälhafvare
658 1476 68 20 skulle
752 1475 126 20 åtminstone
904 1476 38 20 för-
