1070 1786
831 148 21 17 87

137 211 45 19 med
200 210 297 20 folkskolelärareseminariet
509 211 4 18 i
525 210 124 26 Jyväskylä,
666 211 38 19 och
721 211 37 19 har
769 211 57 19 Hans
839 212 46 25 Kej-

135 245 79 26 serliga
232 245 102 25 Majestät,
350 244 64 19 sedan
432 241 169 29 Öfverstyrelsen
618 245 31 18 för
665 245 149 20 skolväsendet
825 246 6 19 i
843 246 43 19 lan-

135 279 36 19 det
191 279 28 19 uti
235 278 113 20 affordradt
363 279 98 25 yttrande
476 279 6 18 i
499 281 71 17 ämnet
586 278 90 26 afstyrkt
692 279 89 19 nämude
798 279 88 20 anstalts

136 312 96 26 förening
249 312 46 20 med
311 312 304 26 folkskolelärareseminariet,
632 312 5 20 i
654 312 114 26 anledning
784 313 23 19 af
816 313 70 20 denna

133 347 89 26 petition
244 349 53 17 samt
320 346 45 19 ined
388 346 100 20 afseende
511 346 57 26 derä,
589 348 29 18 att
637 353 25 13 en
684 346 58 26 dylik
762 346 122 21 läroanstalt

135 381 53 19 hade
204 383 50 17 nära
270 380 128 26 gemenskap
415 380 47 19 med
478 380 41 19 den
535 380 106 20 allmänna
653 380 231 27 folkundervisningen,

134 415 30 19 till
190 415 60 19 hvars
275 414 128 20 bekostande
423 414 81 20 landets
525 414 89 20 Ständer
632 414 64 27 ätagit
712 415 32 26 sig
760 414 124 28 bevillning,

135 449 28 19 uti
185 449 40 19 den
246 448 76 27 nädiga
341 448 156 26 propositionen
515 449 139 19 öfverlemnat
669 449 31 19 till
716 449 117 21 Ständerne
849 450 36 20 hu-

136 483 74 20 ruvida
230 484 25 18 de
276 483 47 19 ville
342 482 58 20 anslå
416 482 66 20 medel
499 482 32 20 för
547 490 24 12 en
589 482 63 20 sådan
668 483 84 25 anstalt,
768 483 61 20 hvars
846 484 39 20 för-

136 520 31 17 sta
186 517 164 20 iständsättande
368 517 112 19 beräknats
497 517 60 19 kosta
573 518 61 24 6,000
652 517 57 20 mark
726 518 38 19 och
781 524 44 14 som
837 519 6 19 i
855 518 31 20 år-

135 552 38 26 ligt
194 552 108 19 underhäll
322 551 66 20 skulle
408 551 93 20 erfordra
520 551 72 26 12,000
609 551 66 26 mark,
691 554 54 17 samt
760 554 30 17 att
805 552 6 20 i
828 552 58 21 detta

135 586 36 19 fall
186 589 57 23 yttra
258 586 32 25 sig
305 585 109 26 angående
431 585 40 19 den
487 588 39 22 ort,
543 585 31 19 dit
589 585 116 20 Ständerne
718 586 30 19 för
760 587 31 18 sin
803 587 34 19 del
849 593 36 13 an-

135 620 50 26 säge
200 620 143 26 inrättningen
361 619 119 26 lämpligast
496 619 71 19 kunna
583 619 111 27 förläggas.

204 654 29 19 Ur
249 654 35 19 det
295 653 143 26 underdäniga
450 653 113 26 utlätande,
576 653 144 25 Domkapitlet
732 654 6 19 i
750 647 47 27 Äbo
808 655 6 19 i
827 658 58 16 ären-

136 688 35 20 det
186 688 90 26 afgifvit,
293 687 90 26 framgår
398 689 29 17 att
443 687 140 20 klockarenes
599 688 55 19 antal
666 688 6 19 i
685 688 70 20 landet
771 691 60 23 utgör
843 695 42 13 om-

136 722 62 26 kring
218 723 47 24 500,
284 722 39 19 och
342 721 66 26 enligt
424 721 38 19 den
480 721 127 25 erfarenhet,
624 728 42 14 som
684 722 33 19 vid
735 722 150 20 Ecklesiastik-

136 759 79 17 statens
238 756 63 19 enke-
325 756 38 19 och
388 755 129 26 pupillkassa
537 756 53 19 hade
608 756 88 25 vunnits,
712 756 61 20 skola
788 756 99 26 omkring

139 790 24 20 12
179 791 12 18 å
208 791 24 19 15
256 790 71 26 hvarje
350 790 22 19 år
394 790 46 19 med
459 789 69 20 döden
545 790 73 26 afgätt,
633 790 6 19 i
656 790 50 26 följd
723 790 75 20 hvaraf
812 790 74 20 ätmin-

136 828 59 16 stone
222 824 129 20 sistnämnda
373 824 56 20 antal
453 824 181 24 kloekareelever,
658 824 229 26 organist-kandidater

136 859 143 25 oberäknade,
295 858 80 26 ärligen
392 858 69 19 kunde
473 857 95 27 päräkna
579 858 127 26 anställning
717 858 5 20 i
735 858 76 20 landet.
830 858 57 20 Jem-

137 893 39 19 likt
198 893 40 20 267
254 895 10 22 $
280 893 6 19 i
303 892 130 26 kyrkolagen
458 894 23 17 är
505 892 34 19 det
559 892 75 19 minsta
655 892 50 19 mått
724 892 23 19 af
761 892 127 26 kunskaper,

137 934 45 13 som
199 927 80 20 fordras
295 927 23 19 af
327 926 93 19 sökande
432 926 30 19 till
475 925 189 26 klockaretjenster
676 926 5 19 i
693 926 72 20 landet
777 926 112 19 inskränkt

136 962 32 19 till
186 961 58 26 redig
260 961 147 25 innanläsning
424 960 5 19 i
447 960 48 22 bok,
511 960 62 19 säker
589 960 37 19 och
645 959 66 27 tydlig
726 960 98 25 handstil,
837 960 51 20 kän-

137 996 75 19 nedom
229 995 6 19 i
251 994 155 20 räknekonsten
430 993 22 20 af
474 994 62 19 minst
559 994 26 19 de
607 994 45 25 fyra
674 993 62 20 enkla
752 993 135 20 räknesätten

135 1032 55 17 samt
205 1029 40 20 den
262 1029 63 26 insigt
335 1029 6 18 i
353 1027 207 26 kristendomsläran,
577 1034 42 13 som
637 1027 103 20 erfordras
755 1027 32 20 för
801 1030 30 17 att
842 1027 44 20 deri

137 1064 21 19 ät
174 1064 115 25 allmogens
306 1063 50 19 barn
372 1062 72 19 kunna
459 1061 98 20 meddela
573 1061 39 20 den
625 1061 63 20 första
700 1061 188 26 undervisningen:

137 1098 40 19 och
193 1104 43 13 som
253 1097 97 25 samtliga
365 1096 61 19 dessa
441 1099 75 16 ämuen
534 1095 65 27 ingå
591 1091 10 38 i
612 1095 76 30 kursen
705 1095 33 20 vid
755 1095 81 20 landets
853 1096 34 19 hö-

137 1139 37 20 gre
191 1131 122 25 folkskolor,
328 1130 22 20 sä
368 1129 62 20 borde
447 1130 96 25 kunskap
559 1130 6 19 i
583 1129 107 20 desamma
703 1130 78 25 jemväl
798 1129 88 20 kunna
873 1125 17 38 i

138 1166 88 19 berörde
242 1165 71 20 skolor
329 1165 113 24 inhemtas;
459 1164 116 25 hvarjemte
591 1163 93 20 sökande
698 1163 30 20 till
740 1163 79 20 sädane
831 1163 57 20 kloc-

138 1199 136 26 karesysslor,
298 1205 42 13 som
361 1204 61 13 anses
442 1198 95 19 erfordra
557 1204 26 12 en
600 1197 65 26 högre
680 1197 52 25 grad
749 1197 22 19 af
785 1196 103 26 bildning,

138 1235 49 19 än
179 1226 12 34 i
208 1233 118 20 folkskolan
350 1232 80 24 vinnes,
454 1231 113 20 framdeles
590 1231 88 20 likasom
703 1230 102 20 härintills
829 1230 59 19 torde

138 1268 73 19 kunna
229 1267 35 20 vid
280 1267 80 20 landets
376 1265 215 20 elementarläroverk
608 1265 105 20 förvärfva
728 1265 32 26 sig
776 1264 27 20 de
819 1264 69 20 dertill

140 1302 78 26 nödiga
233 1301 155 25 kunskaperne.

208 1336 30 19 Af
258 1335 68 20 denna
346 1334 61 20 orsak
428 1340 61 13 anser
506 1333 106 20 Utskottet
628 1333 30 19 för
674 1333 31 19 sin
722 1333 34 19 del
772 1332 69 27 nägon
857 1332 32 19 sä-

139 1371 41 19 dan
201 1369 127 25 läroanstalt,
349 1375 43 13 som
413 1368 72 26 afsäge
501 1367 88 26 specielt
605 1367 109 20 klockare-
731 1367 39 19 och
786 1367 104 26 organist-

140 1405 81 20 elevers
238 1403 150 26 undervisning
400 1402 80 26 jemväl
491 1402 7 19 i
509 1402 107 19 allmänna
628 1401 204 26 kunskapsstycken,
842 1400 47 20 icke

141 1445 49 13 vara
206 1439 22 18 af
241 1437 98 20 behofvet
356 1436 105 26 päkallad,
473 1436 108 19 hvaremot
592 1435 34 20 det
638 1441 62 20 synes
711 1434 107 20 Utskottet
828 1434 63 27 högst

141 1471 137 26 nödvändigt,
298 1473 28 17 att
346 1470 97 26 ätgärder
463 1470 96 26 vidtagas
576 1470 31 19 för
622 1469 159 26 kyrkosängens
798 1468 91 26 höjande
