1070 1786
224 151 36 18 462

192 214 57 19 vissa
272 213 137 20 kommunala
430 213 149 26 inrättningar,
597 213 23 19 så
638 212 48 20 sker
710 213 134 26 naturligtvis
867 219 75 20 genom

194 249 71 19 denna
285 247 121 26 författning
425 247 48 20 icke
493 247 70 26 någon
583 247 89 26 ändring
691 247 6 19 i
713 247 41 19 den
769 247 65 26 sagde
850 247 38 20 hus
903 247 39 20 och

193 282 125 26 byggnader
337 281 89 26 tillagda
447 281 97 19 befrielse
563 281 45 19 från
628 281 151 25 inqvartering.
809 281 50 19 Icke
876 281 66 19 heller

192 316 74 20 kunna
277 316 26 19 de
314 315 134 27 gårdsegare,
459 320 43 14 som
515 314 27 20 då
554 314 69 20 denna
634 314 124 26 förordning
773 314 69 20 träder
857 314 7 20 i
881 314 59 20 verk-

192 350 82 20 samhet
285 350 57 25 njuta
353 349 99 19 befrielse
463 348 44 20 från
524 348 142 26 inqvartering
681 348 27 26 på
723 348 67 26 grund
807 349 22 19 af
842 349 100 25 uppfördt

192 384 95 26 stenhus,
302 383 28 27 gå
344 384 123 19 densamma
482 382 114 26 förlustige,
612 382 89 20 emedan
718 382 70 20 denna
804 383 98 20 befrielse
918 386 23 16 är

192 418 48 20 dem
252 418 32 20 för
294 418 73 25 hvarje
378 417 99 19 särskildt
488 416 35 20 fall
535 416 140 20 tillförsäkrad
692 422 76 20 genom
785 419 30 17 ett
830 417 23 19 af
867 417 73 19 offent-

192 453 30 26 lig
238 451 208 26 embetsmyndighet
460 451 105 19 utfärdadt
581 450 125 26 frihetsbref,
718 450 107 20 hvarutom
843 451 34 19 det
893 451 47 19 icke

192 486 67 20 heller
275 492 49 13 vore
341 485 69 26 billigt
424 486 32 19 att
474 485 105 26 upphäfva
597 487 30 17 ett
642 484 99 26 fastighet
757 484 114 26 åtföljande
887 485 52 20 real-

192 520 142 26 privilegium.
360 520 98 19 Deremot
476 525 61 13 anser
553 518 106 25 utskottet,
671 521 31 17 att
717 519 140 20 meddelande
873 519 22 20 af
909 519 30 19 så-

194 554 123 21 beskaffade
332 553 123 20 frihetsbref
468 553 48 20 icke
532 553 71 20 vidare
624 553 37 20 bör
676 552 160 27 ifrägakomma.
867 550 73 29 Öfriga

192 589 64 19 ofvan
277 588 137 26 uppräknade
434 587 39 20 och
489 587 66 20 andra
571 587 98 26 möjligen
687 587 133 20 existerande
837 588 102 20 likartade

192 622 112 21 befrielser
314 622 45 19 från
374 622 144 26 ingvartering
534 621 85 20 komma
634 621 66 27 enligt
716 622 111 19 utskottets
842 622 54 26 åsigt
911 624 29 18 att

192 663 77 20 genom
287 656 69 20 denna
372 656 123 26 förordning
510 655 122 26 upphäfvas.

261 690 134 20 Beträffande
418 690 63 19 sedan
505 690 26 19 de
550 690 23 19 af
591 689 99 26 förslaget
710 690 109 26 uppstälda
835 690 105 26 principer

192 725 31 19 för
240 724 122 20 utöfvandet
378 724 23 20 af
414 724 196 20 stadskommunens
622 724 170 26 beslutanderätt,
803 724 23 20 sä
837 730 60 14 anser
909 727 29 17 ut-

191 759 80 20 skottet
288 759 106 19 desamma
409 758 7 19 i
432 758 41 20 allo
490 758 50 20 böra
554 758 130 25 godkännas.
713 758 152 20 Erfarenheten
882 758 57 20 såväl

191 794 6 18 i
214 795 50 25 eget
278 792 48 20 land
343 798 44 14 som
402 792 6 19 i
420 792 65 20 andra
500 792 79 25 länder,
591 792 71 19 hvilka
678 798 25 13 en
720 792 72 26 längre
809 792 29 20 tid
854 792 84 26 åtnjutit

192 834 26 13 en
238 827 81 19 ordnad
340 826 258 26 kommunalförvaltning,
619 826 143 26 ådagalägger
781 826 110 26 tillfyllest,
911 830 29 17 att

192 864 66 17 större
275 860 153 27 församlingar,
441 862 55 18 utom
509 860 34 20 det
559 862 30 18 att
603 860 94 26 slumpen
710 860 42 20 ofta
763 860 59 27 afgör
833 861 22 19 af
868 861 71 19 hvilka

192 895 26 20 de
235 894 97 26 besökas,
348 894 48 20 icke
414 897 36 16 äro
470 895 82 25 egnade
572 896 30 18 att
617 894 120 20 handhafva
752 894 107 20 allmänna
875 901 62 20 ange-

191 929 97 26 lägenter
311 929 46 19 med
381 929 35 19 det
439 929 48 26 lugn
509 929 40 20 och
568 929 39 19 den
627 929 71 26 insigt,
718 935 44 13 som
781 931 22 16 är
822 929 23 19 af
863 929 75 20 nöden.

193 963 104 20 Behofvet
311 963 23 19 af
348 969 25 13 en
390 963 167 25 representation
573 963 32 19 för
620 963 98 19 städerne
735 969 75 20 genom
823 963 61 20 valda
896 969 42 14 om-

192 997 42 20 bud
246 997 52 20 eller
309 997 190 26 stadsfullmäktige
511 997 58 20 torde
581 997 83 20 derföre
676 1003 49 14 vara
740 997 88 20 allmänt
843 997 96 20 erkändt.

192 1031 41 20 Det
248 1031 72 26 hvarje
337 1031 89 19 medlem
442 1031 23 19 af
476 1030 126 21 kommunen
613 1031 160 20 tillkommande
785 1031 117 26 inflytande
913 1031 27 27 på

192 1066 48 19 dess
257 1065 179 26 angelägenheter
452 1065 137 20 tillförsäkras
605 1065 75 20 honom
697 1071 76 20 genom
790 1065 51 20 hans
854 1066 84 25 valrätt;

192 1099 40 20 och
248 1099 75 20 endast
338 1099 32 20 för
385 1099 130 20 anställande
531 1099 23 20 af
567 1099 34 20 val
616 1101 36 18 äro
664 1101 56 18 stora
730 1099 147 27 församlingar
887 1100 51 19 läm-

191 1133 63 26 pade.
285 1133 45 20 Den
346 1133 65 26 insigt
426 1133 38 20 och
481 1139 60 20 vana,
553 1139 44 14 som
614 1133 189 26 stadsfullmäktige
819 1141 76 19 genom
912 1141 25 13 en

191 1167 75 26 längre
283 1167 39 20 tids
338 1167 111 20 oafbruten
465 1167 161 26 sysselsättning
642 1167 47 20 med
704 1167 139 20 kommunens
854 1169 84 25 angelä-

192 1201 103 26 genheter
311 1200 65 20 måste
392 1201 112 26 förvärfva,
516 1201 53 19 helst
586 1208 46 12 man
650 1201 33 19 väl
700 1201 31 19 får
742 1203 83 25 antaga,
836 1204 31 18 att
882 1202 57 20 valet

192 1236 62 20 faller
270 1235 26 26 på
312 1236 138 19 kommunens
467 1238 53 17 mest
535 1235 141 20 framstående
694 1236 141 26 medlemmar,
847 1237 38 20 och
897 1237 39 20 den

192 1269 115 20 moraliska
317 1269 142 27 ansvarighet,
471 1270 60 19 deras
544 1270 108 26 egenskap
668 1270 22 19 af
704 1270 169 20 förtroendemän
890 1271 46 20 dem

191 1304 95 27 ålägger,
305 1303 57 27 gifva
381 1311 26 12 en
427 1304 49 20 vida
496 1307 66 17 större
585 1305 82 26 garanti
690 1304 32 20 för
740 1305 137 20 välbetänkta
903 1306 34 20 be-

191 1339 47 25 slut,
258 1341 26 17 än
307 1345 25 13 en
357 1338 77 20 allmän
456 1338 165 20 rådhusstämma
644 1339 41 19 kan
710 1338 93 27 erbjuda.
835 1339 8 19 I
867 1341 71 20 städer

191 1373 47 19 med
262 1372 82 26 ringare
363 1372 122 27 folkmängd
505 1372 40 20 kan
566 1373 191 20 beslutanderätten
774 1373 99 26 möjligen
891 1375 45 20 med

191 1406 69 27 någon
282 1406 109 27 framgång
412 1407 81 19 utöfvas
509 1407 34 19 vid
559 1406 172 26 rådhusstämma,
748 1413 46 13 men
811 1407 62 20 äfven
890 1409 46 19 dem

190 1441 83 20 lemnar
284 1440 101 27 förslaget
396 1443 63 24 öppet
469 1443 30 18 att
510 1441 108 26 uppdraga
628 1441 193 20 beslutanderätten
836 1441 21 20 åt
872 1443 64 20 stads-

191 1476 139 26 fullmäktige.
