1070 1786
801 137 34 18 125

119 201 57 20 mark
192 201 7 19 i
215 201 87 26 dygnet.
333 199 59 20 Dock
416 205 45 14 som
484 199 71 20 denna
577 199 89 19 kostnad
683 199 31 20 för
729 200 84 26 ringare
828 201 39 19 och

119 235 81 20 mindre
221 234 123 21 bemedlade
364 233 130 24 kommuner,
517 232 72 20 hvilka
605 232 11 20 å
632 232 143 21 kuranstalten
793 234 74 19 under-

118 269 59 20 hållit
193 269 69 26 någon
283 267 119 26 sinnessjuk
423 267 90 20 medlem
530 267 66 19 under
612 273 25 13 en
654 267 72 26 längre
742 267 50 26 följd
809 268 22 19 af
845 268 23 19 år

117 302 51 20 eller
184 302 40 20 ock
240 302 80 26 nödgas
336 301 107 27 samtidigt
458 300 125 20 underhålla
599 300 50 20 flere
665 300 66 26 sjuke,
745 301 40 19 kan
802 302 65 20 blifva

117 336 70 20 alltför
203 336 122 26 tryckande,
350 335 46 26 och,
419 335 89 20 emedan
533 334 137 26 upplåtandet
692 335 23 19 af
736 335 103 26 friplatser
855 336 12 20 &

117 370 112 26 sjukhusen
246 370 6 19 i
269 370 49 19 flere
342 369 134 20 hänseenden
494 369 53 19 visat
567 369 33 26 sig
618 369 116 26 olämpligt,
750 376 62 20 synes
829 370 37 26 dy-

117 404 43 20 lika
182 404 124 20 kommuner
329 404 51 19 böra
403 403 80 19 lemnas
502 402 65 27 något
582 403 63 26 årligt
661 402 73 28 bidrag
750 404 68 20 dertill
835 404 32 20 för

118 438 39 20 den
174 438 30 20 tid
220 437 115 26 sinnesjuk,
352 437 60 19 hvars
429 436 110 20 underhåll
556 436 127 20 kommunen
699 437 64 20 redan
779 438 7 19 i
802 440 30 18 tre
843 438 24 20 år

117 472 103 25 bekostat,
245 472 119 20 derutöfver
387 471 37 20 har
450 471 65 20 behof
532 473 30 17 att
577 470 13 20 å
605 471 103 20 anstalten
732 474 133 24 qvarstanna,

117 506 50 19 eller
183 506 27 20 då
226 506 98 20 kommun
344 505 104 20 nödsakas
464 505 27 26 på
506 512 26 13 en
548 505 56 26 gång
620 506 107 19 derstädes
743 506 123 20 underhålla

118 540 49 20 flere
188 540 66 26 sjuke,
274 540 81 19 hvilket
378 539 119 25 understöd,
514 539 26 26 på
556 539 72 20 derom
646 540 36 19 hos
698 540 89 20 Senaten
803 540 60 27 gjord

117 574 94 20 ansökan
235 574 38 20 och
297 573 53 20 efter
373 574 98 25 pröfning
486 574 6 19 i
509 573 72 26 hvarje
601 573 99 20 särskildt
715 574 42 26 fall,
773 575 56 25 finge
844 575 23 20 af

117 608 91 20 Senaten
231 608 31 20 till
286 608 98 26 beloppet
412 607 131 20 bestämmas.
574 608 40 19 För
635 608 57 19 detta
712 608 97 20 ändamål
825 608 39 20 och

117 642 32 26 då,
166 642 126 20 åtminstone
307 642 29 19 till
354 648 24 13 en
396 642 79 26 början,
491 642 48 20 icke
557 642 41 19 kan
615 642 45 19 med
678 641 78 20 visshet
770 644 95 24 antagas,

116 678 30 17 att
161 676 97 26 samtlige
278 675 125 27 sjukplatser
423 678 36 17 äro
478 676 46 20 året
543 682 32 13 om
593 678 111 24 upptagne,
721 678 53 18 samt
790 676 74 20 under-

116 710 172 20 hållskostnaden
304 716 75 20 genom
396 710 65 19 andra
475 710 106 26 tillfälliga
595 710 139 26 anledningar
749 710 41 19 kan
807 710 58 25 ökas,

117 744 74 20 blifver
207 745 31 19 till
254 744 34 20 det
309 744 108 20 ofvanföre
437 746 107 24 upptagna
563 744 131 26 årsanslaget
708 744 32 20 för
754 744 109 20 inrättnin-

115 785 51 19 gens
186 778 108 20 underhåll
312 780 29 18 ett
356 777 88 20 tillskott
465 777 108 27 behöfligt,
593 778 79 19 hvilket
693 778 120 26 förslagsvis
829 778 34 20 be-

115 812 85 20 räknats
216 812 31 20 till
265 812 73 26 10,000
355 811 66 26 mark,
437 812 6 18 i
460 811 51 26 följd
527 811 77 20 hvaraf
620 812 157 26 sammanlagda
796 812 67 19 ansla-

114 848 37 24 get
166 846 30 20 till
212 846 115 20 anstaltens
351 844 108 21 underhåll
483 845 85 20 komme
591 847 29 18 att
643 846 69 26 uppgå
734 846 31 20 till
787 846 77 25 37,000

115 880 59 20 mark
190 886 33 13 om
240 880 51 19 året.

183 914 9 19 I
212 913 100 20 händelse
336 913 118 20 Ständerna
474 913 78 26 bevilja
567 913 26 20 de
610 913 135 27 erforderlige
762 913 100 27 anslagen

115 947 30 20 till
161 947 119 20 inrättande
300 947 38 20 och
359 947 111 20 underhåll
486 947 23 20 af
522 947 162 26 ifrågavarande
699 947 117 20 kuranstalt
831 947 32 20 för

114 982 140 26 sinnessjuke,
270 982 35 19 vill
324 981 58 20 Hans
406 981 117 26 Kejserliga
547 981 97 26 Majestät
660 981 42 20 låta
717 983 44 18 utse
776 981 87 26 lämplig

115 1016 53 26 plats
184 1016 32 19 för
231 1016 122 20 densamma
368 1015 39 20 och
423 1015 107 20 anbefalla
545 1015 92 20 arbetets
652 1015 110 20 utförande
773 1015 53 20 efter
837 1022 25 13 en

113 1051 24 19 af
156 1050 133 26 sakkunnige
313 1052 47 17 män
384 1049 101 26 uppgjord
508 1055 49 20 plan
574 1052 54 17 samt
644 1050 84 26 vidtaga
744 1049 25 20 de
785 1049 32 20 för
832 1049 30 20 in-

114 1085 131 26 rättningens
264 1084 127 20 försättande
407 1084 6 19 i
430 1083 135 20 verksamhet
579 1084 6 19 i
602 1083 62 27 öfrigt
681 1083 137 27 erforderliga
833 1083 28 20 åt-

113 1119 88 25 gärder;
217 1118 39 20 och
273 1118 83 19 komme
372 1117 171 20 öfverinseendet
559 1117 59 20 öfver
634 1117 151 26 kuranstalten,
797 1117 64 20 sedan

114 1152 122 20 densamma
251 1151 23 20 så
289 1151 117 20 fortskridit
421 1153 30 18 att
466 1152 41 19 den
527 1158 37 13 kan
581 1151 30 20 till
628 1152 70 25 sjukes
713 1151 149 27 emottagande

113 1189 87 23 öppnas,
216 1188 30 17 att
266 1185 128 20 handhafvas
410 1185 23 20 af
446 1185 26 20 de
492 1185 154 26 myndigheter,
667 1186 72 19 hvilka
758 1185 102 26 styrelsen

113 1220 22 19 af
149 1222 77 17 statens
249 1219 140 27 inrättningar
405 1219 31 20 för
452 1218 143 27 sinnessjukes
611 1219 50 20 vård
678 1220 38 19 och
732 1218 129 27 behandling

112 1254 31 19 för
160 1253 131 20 närvarande
307 1256 22 17 är
348 1253 129 26 anförtrodd,
497 1253 23 20 så
538 1253 64 26 länge
626 1253 39 20 och
687 1254 54 19 intill
764 1253 47 20 dess
835 1259 25 14 en

113 1287 122 26 förändring
258 1287 125 20 härutinnan
407 1287 41 20 kan
472 1287 66 20 blifva
556 1287 131 26 genomförd.
717 1288 106 25 Derjemte
839 1290 22 17 är

113 1321 35 20 det
166 1321 57 20 Hans
246 1321 118 26 Kejserliga
386 1321 107 26 Majestäts
509 1322 50 25 vilja
575 1324 31 18 att
620 1322 89 19 särskild
725 1321 136 26 redovisning

112 1355 59 19 öfver
187 1355 25 19 de
229 1355 72 26 anslag
317 1355 117 20 Ständerna
454 1356 77 25 bevilja
546 1356 33 19 till
595 1356 154 19 kuranstaltens
765 1355 95 26 uppbyg-

113 1389 70 26 gande
198 1389 39 20 och
254 1389 108 20 underhåll
378 1389 53 20 skall
452 1389 117 21 Ständerna
583 1390 7 19 i
606 1391 66 19 sinom
689 1390 29 19 tid
734 1389 126 26 föreläggas.
