1070 1786
211 157 35 18 494

192 219 69 20 skulle
281 226 40 20 ega
343 221 30 18 att
391 219 129 20 underställa
539 219 78 26 förslag
638 219 67 20 dertill
723 220 148 19 Guvernörens
887 219 53 26 pröf-

192 255 58 26 ning,
266 260 45 13 som
330 253 45 21 ifall
395 253 40 20 han
452 253 63 20 funne
531 253 175 26 förändringarna
721 254 19 25 ej
756 254 31 19 stå
803 254 6 19 i
825 254 51 19 strid
893 253 47 20 med

191 288 26 20 de
233 288 7 19 i
256 288 152 26 författningen
429 288 110 26 uppstälda
557 288 142 26 grundsatser,
720 288 67 19 skulle
808 294 49 13 vara
872 288 67 20 berät-

191 322 58 26 tigad
266 324 31 17 att
312 322 108 19 desamma
440 322 107 20 stadfästa.
577 322 48 20 Men
645 324 56 18 utom
718 322 35 20 det
768 322 172 26 principvidriga,

192 362 45 14 som
258 355 68 27 ligger
345 356 53 26 deri,
416 358 30 17 att
461 362 26 14 en
507 356 153 20 administrativ
680 356 123 26 myndighet
819 356 67 19 skulle
902 362 40 19 ega

190 392 42 18 rätt
242 392 31 18 att
284 390 66 19 ändra
360 390 52 19 eller
428 390 91 20 förklara
535 396 26 14 en
577 390 22 20 af
612 390 83 26 Regent
710 390 40 20 och
765 390 89 20 Ständer
870 389 70 25 stiftad

192 424 42 26 lag,
254 430 63 14 anser
337 424 102 20 utskottet
458 424 109 26 derjemte,
587 426 29 18 att
634 424 145 26 stadgandena
794 424 7 19 i
817 424 69 20 denna
901 423 39 20 för-

192 458 91 25 ordning
299 458 71 20 lemna
385 458 210 20 stadskommunerne
610 458 124 26 tillräckligt
749 460 103 24 utrymme
867 459 30 18 att
912 457 28 20 ef-

192 494 32 18 ter
244 492 71 20 lokala
338 492 65 20 behof
420 492 67 20 ordna
505 492 46 20 sina
571 492 186 27 angelägenheter.
787 492 73 20 Säsom
876 491 64 20 redan

192 526 56 20 förut
263 526 28 26 på
310 526 105 20 särskilda
433 526 74 20 ställen
527 529 90 23 nämnts,
636 526 37 20 har
693 526 100 20 utskottet
809 526 80 26 jemväl
906 526 34 20 be-

192 560 72 21 mödat
286 560 32 27 sig
340 562 31 19 att
393 560 131 27 undanrödja
547 560 80 21 sådana
646 560 137 27 föreskrifter,
802 567 44 14 som
862 560 80 20 kunnat

192 601 62 14 anses
278 595 62 26 lägga
361 595 54 20 band
437 595 26 26 på
484 595 164 20 kommunernes
663 595 64 20 frihet
741 596 7 18 i
763 595 57 19 detta
835 595 105 19 afseende.

191 629 111 21 Utskottet
323 630 37 19 har
384 629 81 20 derföre
485 631 69 18 ansett
569 632 30 18 ett
614 630 115 25 stadgande
745 629 23 20 af
781 628 160 28 ifrågavarande

190 666 33 18 art
237 664 49 20 icke
304 664 49 20 böra
368 664 38 19 här
421 664 80 26 inflyta.

261 698 29 20 På
301 698 88 20 anförda
404 698 46 20 skäl
467 698 31 20 får
513 698 102 20 utskottet
631 698 106 20 vördsamt
752 698 83 26 föreslå,
847 698 36 20 det
894 696 48 21 ville

192 732 83 20 landets
295 732 119 26 Höglofliga
429 732 88 20 Ständer
533 733 32 20 för
580 733 31 19 sin
628 733 33 19 del
677 735 77 24 antaga
769 732 93 26 följande

280 808 139 30 Förordning
437 808 113 31 angående
568 808 262 31 kommunalförvaltning
848 808 7 24 i
874 808 56 24 stad.

529 872 10 20 1
555 870 110 28 Kapitlet.

504 916 31 20 Om
551 916 149 20 stadskommun.
712 925 4 4 +

575 973 16 27 $
606 975 19 18 1

328 1012 85 29 Hvarje
431 1013 56 26 stad,
505 1013 48 20 med
568 1013 109 20 derunder
693 1013 94 28 lydande
802 1013 93 25 område,
911 1016 33 18 ut-

260 1048 41 26 gör
306 1047 42 27 för
358 1047 34 27 sig
404 1053 25 14 en
444 1046 95 21 särskild
554 1046 106 25 kommun,
676 1046 66 21 hvars
757 1047 138 21 medlemmar
905 1054 39 21 ega

261 1083 39 23 att,
311 1082 9 19 i
330 1080 95 28 enlighet
434 1081 48 21 med
493 1081 70 20 denna
579 1081 43 27 lag,
638 1081 70 20 vårda
724 1081 49 21 sina
787 1088 157 21 gemensamma

262 1115 114 28 ordnings-
399 1115 37 21 och
460 1114 339 29 hushållningsangelägenheter,
819 1116 70 21 såvidt
908 1116 36 21 de-

260 1156 82 15 samma
364 1151 27 26 ej,
411 1149 67 28 enligt
496 1149 104 28 gällande
610 1149 175 28 författningar,
797 1150 33 27 på
845 1150 99 28 offentlig

261 1183 215 28 embetsmyndighets
491 1183 166 27 handläggning
673 1183 120 21 ankomma.

335 1217 39 22 Om
396 1216 131 29 behandling
549 1217 30 28 af
595 1216 101 29 kyrkliga
718 1218 179 27 angelägenheter
919 1220 26 19 är

261 1251 106 22 särskildt
382 1251 109 28 stadgadt.

576 1298 15 27 $
606 1299 22 20 2.

332 1333 74 21 Stads-
423 1332 38 21 och
477 1332 165 21 landskommun
657 1332 36 21 mä
704 1332 8 20 i
723 1332 118 21 allmänhet
850 1332 47 21 icke
906 1339 39 14 un-

262 1367 40 21 der
313 1373 121 22 gemensam
448 1365 261 28 kommunalförvaltning
719 1365 99 28 förenas.
849 1365 46 22 Der
906 1366 40 21 lik-

262 1402 36 21 väl
316 1408 25 14 en
358 1401 73 21 sädan
450 1400 155 29 gemensamhet
620 1401 8 20 i
643 1402 29 19 ett
688 1400 52 21 eller
760 1402 69 19 annat
843 1400 103 27 afseende

262 1443 49 21 eger
326 1436 52 21 eller
393 1442 63 14 anses
473 1435 51 21 böra
540 1442 39 21 ega
594 1441 54 18 rum,
664 1435 36 20 mä
714 1435 59 26 uppä
787 1434 159 22 vederbörande

262 1470 124 21 kommuner
400 1469 115 21 ankomma
525 1471 34 19 att
568 1469 48 21 med
626 1469 67 27 nödig
703 1469 118 27 utredning
836 1469 111 27 angäende
