1070 1786
217 145 23 17 84

185 207 135 27 åberopande
336 207 22 20 af
373 207 41 20 268
430 209 10 22 $
457 206 23 20 K.
496 207 21 19 L.
534 206 114 26 föreslagit,
664 209 30 16 att
710 207 26 20 de
752 207 34 19 vid
800 207 134 19 stiftsstäder-

186 249 36 13 nas
239 241 129 26 domkyrkor
384 241 95 20 anstälde
495 241 117 26 organister
628 241 38 19 och
683 241 100 20 klockare
801 241 62 19 måtte
877 241 55 26 äläg-

185 283 36 19 gas
246 276 104 19 handleda
370 273 165 27 ifrågavarande.
545 275 71 19 elever
632 275 6 18 i
655 274 67 19 musik
739 275 38 19 och
794 275 58 25 sång,
869 275 65 25 enligt

186 311 34 19 det
236 310 6 19 i
260 304 166 25 Presteständets
446 308 87 26 petition
550 308 130 21 framställda
695 315 96 19 program
810 309 31 19 för
857 308 77 26 treårig

186 345 48 19 kurs
256 344 28 19 uti
304 344 60 19 dessa
380 346 74 16 ämnen
471 345 55 17 emot
543 342 62 26 ärligt
620 342 78 20 arvode
714 343 22 19 af
752 342 60 26 1,000
828 342 57 20 mark
903 343 31 19 för

184 378 58 20 såväl
259 378 119 26 organisten
395 384 44 13 som
456 377 113 19 klockaren
586 378 53 18 samt
655 377 40 19 600
712 377 58 19 mark
788 376 30 20 till
835 376 52 26 hyra
903 377 30 19 för

185 412 56 20 iokal
258 412 38 20 och
313 412 82 19 diverse
411 411 91 25 utgifter,
518 411 37 19 allt
572 410 115 20 beräknadt
704 410 99 20 särskildt
820 410 30 20 för
862 410 70 26 hvarje

184 446 109 25 stiftsstad,
309 446 52 19 eller
377 445 137 19 tillsammans
531 445 60 24 7,800
605 444 56 20 mark
674 445 88 25 ärligen,
774 445 87 19 förutom
874 447 59 17 extra

184 480 72 26 anslag
273 480 31 19 till
319 480 65 25 inköp
400 480 22 18 af
438 480 79 18 mindre
533 479 66 26 orgel-
612 479 52 19 eller
676 479 191 25 orgelharmonium
880 482 53 16 samt

183 514 66 20 andra
265 513 137 20 musikaliska
417 514 153 18 instrumenter.

254 548 40 19 Vid
317 547 156 26 öfvervägande
493 547 23 20 af
534 547 52 20 hvad
608 547 86 20 sålunda
711 547 68 20 blifvit
794 547 83 20 anfördt
893 548 37 19 och

184 583 120 25 föreslaget,
321 582 37 19 har
378 581 66 19 Hans
464 581 144 26 Kejserliga
625 581 114 25 Majestät
757 582 4 18 i
778 581 69 19 Näder
864 582 65 19 funnit

183 619 30 17 att
228 616 65 20 sedan
310 615 155 20 Presteständet
481 616 33 18 vid
532 615 126 26 landtdagen
676 615 22 19 är
716 616 51 18 1867
783 616 108 19 framburit
902 616 29 18 of-

184 650 131 20 vanberörda
338 649 145 28 underdäniga
502 649 95 25 petition,
617 649 160 19 förhällandena
793 650 116 19 förändrats
926 650 4 19 i

182 685 24 19 sä
222 684 72 24 måtto,
310 686 29 17 att
354 684 48 19 icke
418 684 89 18 allenast
523 683 96 19 behofvet
636 684 21 18 af
670 682 159 21 folkskollärare
841 684 88 26 ständigt

181 719 100 23 tillvuxit,
299 720 47 17 utan
364 718 38 18 ock
420 717 109 19 elevernas
545 717 55 19 antal
617 717 38 19 och
673 717 104 20 lärarenes
791 718 93 26 göromål
897 718 32 19 vid

181 752 123 20 seminariet
318 752 6 19 i
340 752 118 25 Jyväskylä
481 758 84 12 numera
585 751 60 19 ökats
665 752 29 19 till
715 752 38 19 den
771 752 58 25 grad,
845 755 30 16 att
890 752 39 19 den

182 786 108 20 tilltänkta
318 785 110 20 klockare-
455 785 38 19 och
519 785 180 26 organistskolans
725 786 136 19 anordnande
888 793 42 13 me-

181 821 55 19 delst
256 820 124 26 utvidgning
399 820 23 18 af
436 819 89 19 nämnda
541 819 133 19 seminarium
691 819 51 20 eller
757 820 5 18 i
779 820 151 27 sammanhang

181 854 94 24 dermed,
295 854 66 26 enligt
381 853 54 19 hvad
457 853 96 19 Direktor
569 853 39 19 och
625 850 188 29 Öfverinspektorn
831 854 30 19 för
877 855 52 19 folk-

181 888 100 19 skolorna
297 890 53 17 samt
366 884 167 29 Öfverstyrelsen
551 888 31 19 för
593 888 149 19 skolväsendet
754 889 133 25 enstämmigt
899 890 29 18 in-

181 925 67 23 tygat,
265 923 18 25 ej
300 922 40 19 kan
358 921 26 26 pä
400 922 34 19 det
450 922 5 19 i
472 921 165 20 Presteständets
654 922 87 25 petition
759 922 118 26 föreslagna
890 926 38 16 sätt

180 956 177 26 ändamålsenligt
374 956 139 25 genomföras,
530 958 47 17 utan
596 955 62 20 borde
675 955 31 20 för
722 956 58 19 detta
795 956 96 20 ändamål
903 964 24 13 en

181 990 91 20 särskild
288 990 60 19 skola
364 990 86 19 inrättas
466 989 38 20 och
521 988 31 21 till
569 989 171 20 förekommande
756 990 23 19 af
790 993 65 17 större
868 991 60 26 utgif-

181 1027 31 17 (er
235 1024 66 19 förses
321 1023 47 20 med
388 1025 30 18 ett
433 1023 146 20 inskränktare
596 1024 54 19 antal
669 1024 66 19 lärare
752 1026 52 17 samt
821 1025 51 18 helst
889 1025 39 19 för-

182 1059 72 26 läggas
271 1058 31 19 till
318 1058 63 19 sädan
398 1058 52 24 stad,
466 1058 37 19 der
514 1058 64 25 högre
589 1058 213 19 elementarläroverk
815 1058 66 20 finnes
890 1060 38 19 och

181 1093 85 19 hvarest
288 1092 82 19 tillfälle
390 1098 50 13 vore
461 1091 114 20 förhanden
595 1094 28 17 att
640 1095 55 16 emot
711 1092 77 21 arvode
805 1092 80 20 erhålla
901 1093 27 20 lä-

181 1133 45 13 rare
238 1127 5 18 i
256 1126 124 19 hithörande
397 1125 237 26 undervisningsämnen
651 1126 109 20 äfvensom
771 1127 6 19 i
789 1127 74 19 musik.
884 1127 43 20 Och

180 1167 43 13 som
248 1160 121 19 ändamålet
388 1160 47 19 med
456 1159 159 26 ifrågavarande
635 1160 121 20 läroanstalt
771 1161 31 19 för
818 1161 110 20 klockares

180 1194 39 20 och
244 1194 126 26 organisters
392 1193 93 26 bildning
506 1193 36 20 har
561 1196 49 17 nära
625 1194 131 26 gemenskap
773 1195 46 19 med
836 1195 39 19 den
892 1196 36 18 all-

181 1230 76 17 männa
273 1227 231 26 folkundervisningen,
520 1228 29 19 till
563 1228 60 19 hvars
636 1228 130 20 bekostande
777 1228 82 21 landets
869 1229 59 20 Stän-

180 1262 37 19 der
233 1261 67 26 åtagit
314 1261 32 26 sig
363 1261 122 26 bevillning,
505 1262 36 19 har
561 1262 65 19 Hans
648 1263 144 26 Kejserliga
812 1263 114 26 Majestät

180 1296 5 19 i
201 1295 72 20 Nåder
296 1295 54 20 velat
374 1295 29 20 till
424 1295 117 21 Ständerna
560 1296 136 25 öfverlemna,
717 1297 103 19 huruvida
835 1298 26 19 de
878 1298 50 25 vilja

179 1329 60 20 anslå
260 1329 68 20 medel
348 1329 62 19 äfven
427 1330 31 19 för
474 1336 25 13 en
515 1330 58 25 dylik
590 1330 128 26 läroanstalt,
735 1331 31 18 för
782 1331 93 25 hvilken,
891 1339 35 12 en-

179 1364 39 25 ligt
241 1363 83 26 bilagde
346 1363 131 26 ungefärliga
501 1363 121 27 beräknving,
646 1364 68 19 skulle
737 1364 54 26 ätgä,
813 1365 29 19 till
865 1365 62 21 första

178 1397 177 20 iståndsättandet
370 1397 97 26 omkring
483 1397 61 26 6,000
561 1397 57 20 mark
635 1398 38 19 och
690 1398 32 19 till
738 1398 68 26 årliga
817 1399 109 20 underhål-

179 1431 29 20 let
236 1431 73 25 12,000
330 1431 66 26 mark,
416 1433 53 18 samt
489 1434 29 17 att
534 1433 4 18 i
555 1432 74 20 sådant
645 1432 35 19 fall
696 1434 58 24 yttra
769 1433 31 25 sig
816 1433 110 26 angående
