1070 1786
224 143 23 17 22

192 206 79 26 dragen
287 205 84 27 engång
388 205 68 20 blifvit
471 205 128 20 undersökta
614 205 39 20 och
669 205 42 20 alla
729 205 145 20 förhållanden
891 205 6 19 i
913 205 28 20 af-

192 239 80 21 seende
287 239 13 20 å
314 239 126 27 flottningen
456 239 115 27 reglerade.

262 273 35 21 Uti
313 273 35 21 det
363 280 74 13 senare
452 273 127 21 omnämnda
596 273 100 27 förslaget
712 273 61 27 ingår
789 273 35 20 det
835 273 68 20 såsom
914 275 30 18 ett

194 307 132 27 nödvändigt
344 307 40 20 och
403 307 137 27 oeftergifligt
555 307 69 20 vilkor
640 309 30 18 att
684 306 38 21 allt
737 304 60 22 virke
812 313 45 13 som
874 307 68 20 flottas

194 341 54 20 skall
265 341 94 20 anmälas
380 341 37 20 hos
435 338 135 30 föreningens
589 326 123 46 bestyr&lse,
733 340 38 20 och
789 341 31 19 för
835 343 30 17 att
881 340 63 27 päbu-

195 375 36 20 det
246 375 35 19 mä
296 375 71 20 kunna
385 375 150 27 upprätthållas
554 375 126 20 bestämmes
699 374 69 20 tillika
783 381 26 14 en
825 375 120 27 straffafgift

196 410 31 20 för
242 409 86 25 enhvar,
345 416 44 13 som
405 409 123 20 försummar
548 409 59 27 dylik
624 409 105 20 anmälan.
762 409 69 19 Ehuru
848 410 40 19 den
904 409 40 20 Nä-

196 443 49 27 diga
261 443 157 26 propositionen
435 443 46 20 icke
498 443 135 20 föreskrifver
650 443 68 26 nägon
734 442 120 27 skyldighet
870 446 29 17 att
915 444 31 19 till

196 477 99 26 flottning
313 477 85 20 anmäla
417 478 42 19 viss
477 477 93 20 bestämd
589 477 52 19 eller
659 476 99 27 specifikt
777 477 113 26 uppgifven
907 478 39 19 vir-

197 511 114 25 kesmassa,
328 511 88 20 emedan
433 511 74 20 sädant
521 511 48 20 icke
584 511 54 19 varit
653 511 53 20 efter
718 511 169 26 propositionens
899 512 47 25 plan

197 545 109 26 behöfligt,
329 544 24 20 sä
375 545 140 20 förekommer
538 544 64 20 likväl
619 545 28 19 uti
670 546 4 23 $
693 545 23 19 18
736 551 61 13 mom.
816 545 13 19 2
848 547 30 18 ett
900 545 46 20 med

198 579 93 20 nämnda
315 579 78 26 förslag
418 580 6 18 i
447 578 163 27 hufvudsakliga
634 579 58 19 delar
718 579 228 19 öfverensstämmande

198 613 122 26 stadgande,
341 613 58 20 hvari
422 613 35 20 det
476 613 126 20 bestämmes
617 614 30 18 att
662 612 67 24 virke,
750 618 44 14 som
813 612 48 20 icke
881 613 67 19 blifvit

199 647 29 19 till
246 646 98 27 flottning
363 647 100 26 anmäldt,
479 647 53 20 skall
548 647 6 19 i
571 647 55 19 vissa
641 647 36 19 fall
693 646 83 20 tillfalla
791 647 157 26 strandegaren.

199 680 138 20 Oberäknadt
360 681 40 19 den
424 681 189 26 omständigheten,
637 682 30 18 att
690 680 157 27 propositionen
872 681 77 19 saknar

199 717 96 17 närmare
318 714 131 20 föreskrifter
465 722 33 12 om
514 721 25 13 en
556 714 64 20 sädan
636 714 107 26 anmälan,
763 714 39 20 kan
824 715 72 20 härvid
913 722 34 13 an-

200 748 83 20 märkas
298 750 30 18 att
343 748 37 20 allt
396 748 34 20 vid
447 748 96 27 flottning
559 748 135 20 efterblefvet
710 748 59 20 virke
781 749 52 19 efter
843 749 106 20 allmänna

200 782 5 19 i
222 782 35 26 lag
273 782 39 20 och
328 782 146 27 författningar
489 782 105 26 nedlagda
610 782 144 26 rättsgrunder
770 783 53 19 helst
839 783 58 20 torde
913 784 36 19 bö-

200 822 23 14 ra
238 816 100 26 antingen
357 816 114 20 behandlas
487 816 66 20 säsom
576 816 105 26 hittegods
697 816 53 20 eller
765 819 58 24 tagas
840 818 5 18 i
862 820 42 17 mät
919 817 31 19 för

200 851 41 19 den
257 850 73 26 skada,
345 857 44 13 som
406 851 121 26 derigenom
544 851 80 19 kunnat
640 850 71 20 vällas.

270 885 70 19 Ehuru
357 886 36 19 det
408 886 5 18 i
430 887 10 22 $
456 886 25 19 25
498 885 124 19 framställes
645 884 69 20 såsom
738 885 85 25 generel
848 886 58 25 regel
922 888 30 17 att

203 919 65 25 böter,
285 919 73 20 hvilka
374 919 66 26 enligt
455 919 150 26 författningen
620 919 116 24 ädömmas,
752 918 60 20 skola
827 919 27 26 gä
870 919 30 19 till
912 921 39 17 tre-

202 953 74 20 skiftes
292 952 53 20 efter
360 953 77 20 allmän
454 953 41 26 lag,
511 952 66 21 finnes
593 952 64 20 likväl
675 953 29 19 uti
721 955 10 21 $
748 953 26 19 24
791 959 61 13 mom.
869 953 12 20 2
898 953 52 20 före-

202 987 90 20 skrifvet
306 989 30 18 att
352 987 79 20 hälften
442 987 23 20 af
473 987 37 20 der
521 987 109 20 bestämda
645 986 59 20 böter
720 986 60 20 skola
796 986 81 20 tillfalla
892 987 60 20 mäls-

202 1021 104 26 eganden.
337 1021 36 20 Uti
391 1023 10 22 $
418 1021 24 20 19
466 1023 86 18 utsättes
575 1023 29 18 ett
627 1021 43 20 vite
692 1021 23 19 af
737 1021 80 19 hundra
838 1021 31 20 till
893 1023 59 18 tusen

203 1055 59 19 mark
278 1055 31 19 för
325 1055 142 26 virkesegare,
491 1061 42 14 som
559 1055 33 20 vid
616 1055 98 26 flottning
737 1054 67 20 vällar
825 1055 74 20 hinder
914 1055 39 20 och

202 1089 114 26 olägenhet
331 1089 21 20 ät
368 1089 40 20 den
424 1089 72 24 andra,
517 1089 26 20 dä
559 1089 95 20 deremot
669 1091 9 22 $
694 1089 28 20 24
739 1095 62 13 mom.
817 1090 12 18 5
845 1089 106 20 föreskrif-

204 1129 36 13 ver
257 1123 59 20 böter
332 1123 45 20 frän
393 1123 72 20 femtio
481 1123 31 20 till
528 1123 124 20 femhundra
672 1123 58 20 mark
751 1123 31 19 för
797 1123 111 20 enahanda
924 1124 28 19 öf-

204 1157 134 26 verträdelse,
356 1157 114 20 bestäende
486 1157 44 20 deri
546 1159 30 18 att
591 1158 40 27 den
648 1163 40 14 ena
709 1157 150 26 virkesegaren
875 1157 23 20 af
912 1157 42 20 väl-

204 1191 62 19 lande
282 1191 52 20 eller
350 1191 76 26 uppsät
441 1194 37 24 gör
493 1191 82 27 förfäng
591 1192 51 19 eller
659 1191 75 19 hinder
750 1191 20 19 ät
787 1191 39 19 den
843 1191 72 19 andra.

272 1224 108 21 Utskottet
399 1226 36 19 har
454 1225 47 21 icke
520 1226 80 20 kunnat
619 1225 71 27 undgå
709 1227 32 18 att
760 1224 75 21 beröra
851 1231 26 13 nu
893 1225 61 20 fram-

203 1259 69 20 stälda
286 1259 148 20 förhällanden
453 1260 31 20 för
502 1261 30 19 att
547 1260 125 19 ätminstone
688 1265 77 21 genom
783 1259 65 26 nägra
863 1259 92 20 faktiska

204 1292 45 21 skäl
266 1293 136 27 understödja
424 1295 31 18 sin
479 1294 53 26 äsigt
554 1294 79 26 derom,
648 1296 31 17 att
694 1294 36 19 det
746 1293 31 20 till
793 1293 117 20 Ständerna
926 1299 27 13 nu

204 1327 160 21 öfverlemnade
379 1328 101 26 förslaget
495 1328 30 20 till
542 1328 123 27 författning
681 1327 49 21 icke
746 1327 40 20 kan
799 1329 48 18 utan
864 1333 26 14 en
907 1327 48 20 full-

204 1362 84 27 ständig
303 1361 147 27 omarbetning
465 1364 62 25 göras
542 1361 67 21 säsom
626 1362 34 26 lag
674 1361 106 27 gällande.
807 1361 74 20 Dertill
897 1361 58 20 kom-

205 1403 44 13 mer
264 1396 124 26 ytterligare
404 1398 29 17 att
449 1396 39 20 den
504 1396 83 26 Nädiga
603 1396 159 25 propositionen
778 1395 118 20 innehäller
911 1395 45 20 allt-

205 1430 32 19 för
252 1430 76 26 mänga
347 1429 190 28 reglementariska
555 1430 37 19 och
612 1429 132 27 detaljerade
766 1429 138 26 stadganden,
922 1430 35 20 hö-

205 1464 66 20 rande
287 1464 30 19 till
334 1464 41 20 den
392 1464 167 20 administrativa
575 1465 167 25 lagstiftningen.
773 1463 38 20 Om
825 1469 55 20 man,
889 1463 67 21 säsom
