1070 1786
210 136 22 17 56

178 199 92 26 406,544
292 199 64 20 mark.
369 200 26 19 84
415 199 62 26 penni
498 199 35 20 vid
549 199 13 20 9
578 199 40 20 fots
634 199 57 26 djup,
711 201 52 18 samt
779 199 31 20 för
826 199 40 20 den
882 199 46 20 sed-

179 239 50 14 nare
243 233 63 28 leden
323 233 12 20 å
350 234 92 25 416,022
457 233 59 20 mark
533 233 26 20 44
575 233 64 26 penni
656 233 31 20 för
698 234 10 18 7
722 233 45 25 fots,
784 233 39 20 och
838 234 89 26 777,489

180 267 59 20 mark
256 268 26 19 36
300 268 62 25 penni
378 267 32 20 för
425 268 11 19 9
454 267 39 20 fots
509 267 94 27 djuplek.

249 301 40 19 Vid
313 300 156 27 öfvervägande
489 300 23 20 af
529 300 54 20 hvad
605 300 25 20 de
651 300 104 20 anställda
777 301 151 20 undersöknin-

180 341 66 20 garne
262 335 89 20 sålunda
366 335 57 27 gifva
439 335 34 19 vid
489 334 90 26 handen,
596 334 36 20 har
648 334 66 20 Hans
730 335 144 27 Kejserliga
885 336 44 19 Ma-

178 370 90 25 jestät,
292 370 45 19 med
358 369 101 20 afseende
477 368 57 26 derå,
555 370 30 18 att
604 368 145 27 vattendjupet
764 369 6 19 i
785 370 46 26 sjön
847 370 83 19 Saimen

181 404 67 19 under
263 406 67 17 större
345 404 62 20 delen
422 404 23 19 af
459 403 172 27 seglationstiden
652 403 46 19 med
715 403 97 27 omkring
827 404 13 20 2
857 404 29 20 fot
901 404 30 19 öf-

182 438 119 26 verskjuter
320 438 65 26 sagde
406 438 41 26 sjös
467 437 141 21 observerade
624 437 68 26 lägsta
707 438 140 25 vattenstånd,
864 438 68 20 funnit

182 472 27 20 de
232 472 99 24 fördelar,
354 478 43 14 som
422 472 31 20 för
475 472 30 20 S:t
527 471 88 20 Michels
638 472 44 19 stad
706 472 39 19 och
768 472 164 26 kringliggande

183 506 81 20 trakter
283 506 69 20 skulle
372 506 89 20 beredas
480 512 76 20 genom
577 506 121 26 öppnandet
714 506 22 20 af
750 512 25 14 en
791 506 94 26 segelled
901 507 31 19 för

183 540 71 27 fartyg
273 546 32 14 om
326 540 55 20 ända
397 540 30 20 till
443 540 11 20 9
472 540 39 20 fots
527 540 56 26 djup,
601 540 146 19 motsvarande
763 540 169 20 dimensionerne

183 575 13 20 å
214 575 72 20 Saima
308 575 70 25 kanal,
401 575 71 19 kunna
491 575 30 19 till
542 574 164 26 väsendtligaste
727 574 33 19 del
780 575 73 19 vinnas
868 575 63 19 redan

184 616 77 19 genom
280 609 133 26 segelledens
434 608 135 26 fördjupning
588 608 31 19 till
635 608 10 19 7
664 608 29 20 fot
710 608 64 20 under
794 609 57 25 sjöns
866 608 68 27 lägsta

184 646 45 24 yta,
243 643 109 20 äfvensom
368 643 66 19 Hans
450 642 144 26 Kejserliga
609 642 125 26 Majestät,
754 642 129 20 beträffande
899 649 33 13 va-

184 677 30 20 let
228 677 91 20 emellan
336 676 201 21 ofvanomförmälde
554 676 35 19 två
603 676 69 25 linier,
687 678 68 18 ansett
770 676 93 20 farleden
875 677 59 19 öfver

186 711 188 26 Warkaantaipale
398 711 38 19 och
459 710 160 26 Kirkontaipale
645 712 37 18 näs
706 710 56 26 böra,
785 710 86 20 oaktadt
893 712 40 19 den

184 746 93 26 drygare
297 745 123 25 kostnaden,
439 744 122 26 föredragas
579 744 85 20 framför
682 744 41 20 den
744 745 107 20 nordöstra
869 745 64 20 linien

185 786 80 20 genom
280 779 203 20 Wääntämänsalmi
498 778 61 20 sund.
669 773 2 2 |
729 777 2 2 |

254 814 33 20 Då
305 814 114 26 angeläget
438 816 21 17 är
478 814 30 18 att
526 812 23 20 så
569 812 85 26 mycket
669 818 44 14 som
731 813 81 26 möjligt
827 813 52 20 söka
894 814 40 19 till-

184 848 110 27 godogöra
309 848 27 20 de
351 854 75 20 genom
444 846 126 28 byggnaden
586 846 23 20 af
622 846 70 20 Saima
712 846 61 20 kanal
791 848 88 19 afsedda
894 848 40 20 för-

186 882 58 20 delar
260 882 32 20 för
307 882 89 20 trafiken
412 882 13 19 å
440 882 94 19 Saimens
553 880 130 20 vidsträckta
704 881 124 26 vattendrag
847 882 40 19 och
903 882 31 19 så-

186 916 66 20 lunda
268 916 48 26 höja
332 915 118 20 välståndet
464 916 7 19 i
486 915 25 20 de
531 915 123 26 landsorter,
673 921 45 14 som
737 915 94 26 omgifva
845 915 89 20 detsam-

187 957 40 19 ma,
248 957 48 13 men
315 949 137 21 statsverkets
471 949 119 26 disponibla
609 949 113 26 tillgångar
740 950 19 25 ej
778 949 111 27 medgifvit
905 953 29 17 ut-

187 984 98 21 förandet
300 985 22 19 af
335 984 66 20 andra
416 984 85 19 arbeten
521 983 29 20 uti
569 983 161 26 ifrågavarande
748 983 74 26 farled,
843 987 24 16 än
885 991 49 20 upp-

187 1019 102 26 rensning
305 1019 22 20 af
339 1019 121 20 Juurisalmi
476 1018 51 19 sund
544 1018 5 19 i
567 1017 92 20 Kristina
676 1017 78 20 socken
773 1018 31 19 till
820 1018 40 20 den
877 1019 58 26 djup-

188 1053 42 26 lek,
245 1059 46 14 som
307 1053 133 20 motsvarade
456 1053 36 19 det
506 1052 31 19 för
553 1052 90 19 nämnde
654 1052 94 27 segelled
760 1052 73 27 nödigt
843 1053 93 20 ansedde

188 1087 58 26 djup,
269 1089 54 18 samt
345 1087 139 26 uppförandet
507 1086 59 20 öfver
585 1086 75 20 sundet
680 1086 24 20 af
719 1093 25 12 en
764 1086 77 26 lyftbro
861 1087 31 20 för
910 1094 26 13 en

188 1121 146 26 sammanlagd
352 1121 89 20 kostnad
457 1120 23 20 af
496 1120 72 25 15,900
586 1120 65 24 mark,
668 1120 35 19 vill
716 1120 65 20 Hans
792 1120 144 27 Kejserliga

187 1155 120 26 Majestät
322 1155 31 20 till
368 1155 118 20 Ständerna
501 1154 136 25 öfverlemna,
650 1154 101 20 huruvida
761 1154 48 20 icke
820 1155 117 20 Ständerna

187 1189 65 20 funne
272 1189 79 26 skäligt
366 1191 31 17 att
415 1189 30 19 till
466 1188 165 20 verkställandet
646 1189 22 18 af
685 1188 132 20 återstående
833 1189 103 20 kanalise-

188 1224 67 26 rings-
272 1224 39 20 och
326 1223 66 20 andra
408 1222 81 21 derföre
506 1222 77 27 nödige
599 1222 87 20 arbeten
702 1222 7 20 i
725 1223 65 26 sagde
801 1222 66 21 farled
879 1224 59 19 anslå

189 1258 92 26 400,122
296 1257 66 26 mark,
373 1260 30 17 att
414 1257 46 20 med
474 1257 89 25 133,374
575 1257 58 20 mark
644 1257 81 26 årligen
736 1257 6 19 i
754 1259 31 18 tre
795 1257 34 20 års
841 1257 29 20 tid
881 1257 56 26 utgå.

394 1291 73 26 Enligt
485 1291 66 20 Hans
569 1291 145 26 Kejserliga
728 1291 131 26 Majestäts
874 1291 63 20 Nådi-

326 1332 28 21 ga
370 1325 121 27 befallning,
506 1325 71 27 gifven
593 1325 6 19 i
615 1323 32 22 S:t
657 1325 132 26 Petersburg,
800 1325 40 20 den
855 1325 22 20 13
890 1326 48 25 (25)

326 1360 120 20 November
464 1359 59 20 1870.

463 1399 68 21 ALEX.
546 1399 120 20 ARMFELT.

644 1444 36 21 Ch.
696 1444 48 21 Em.
760 1444 121 21 Frosterus.
