1070 1786
805 150 32 16 257

116 220 108 21 förverkat
242 220 31 19 sin
294 217 125 26 bergarelön
439 216 39 19 och
500 221 49 14 vare
569 213 140 21 underkastad
726 213 61 20 straff
799 213 67 25 enligt

116 255 76 20 allmän
208 255 41 24 lag.

184 289 45 18 Den
245 287 75 19 krono-
337 285 52 20 eller
404 284 126 26 tullbetjent,
545 283 38 19 hos
597 282 85 20 hvilken
694 281 97 19 anmälan
803 281 62 25 skett,

119 322 95 20 meddele
238 320 150 26 ofördröjligen
415 317 152 20 underrättelse
590 323 31 13 om
646 315 74 27 fyndet
741 315 31 19 till
795 318 71 16 ortens

118 357 152 23 tullkammare,
291 353 86 20 hvilken
396 353 36 19 det
450 352 64 20 sedan
534 351 81 26 åligger
631 352 30 18 att
676 350 70 19 derom
762 349 30 19 till
809 349 56 19 Tull.

117 390 101 26 styrelsen
235 389 109 19 inberätta.

456 434 9 22 $
484 432 46 19 169.

188 475 80 19 Genom
285 472 163 26 Tullstyrelsens
466 471 81 25 försorg
566 471 53 19 skall
635 471 126 27 kungörelse
776 480 33 14 om
826 475 42 26 det,

121 516 43 13 som
188 508 68 20 blifvit
279 506 94 26 bergadt,
392 509 31 16 tre
443 505 80 26 gånger
541 505 79 19 införas
636 506 28 18 uti
681 506 81 20 landets
777 508 91 21 officiela

121 544 112 25 tidningar.
264 542 98 19 Kommer
378 546 77 20 egaren
471 540 57 19 inom
546 542 44 16 natt
606 540 38 19 och
661 540 29 24 år,
705 540 53 20 efter
769 542 34 19 det
814 542 52 20 kun-

122 577 95 27 görelsen
235 577 53 19 varit
302 576 7 19 i
325 575 133 25 tidningarne
474 573 86 20 sednast
575 573 75 26 införd,
667 575 38 19 och
721 575 54 20 visar
786 577 31 19 sin
829 580 40 17 rätt

122 613 52 18 samt
190 610 81 20 betalar
288 608 121 27 bergarelön
426 608 39 19 och
481 607 43 20 alla
535 607 52 20 efter
600 607 129 27 bergningen
740 610 74 25 gjorda
825 617 42 13 om-

122 645 119 24 kostnader,
257 646 48 24 tage
321 643 40 19 han
378 642 35 19 sitt
429 641 50 19 åter.
511 641 100 19 Kommer
627 642 40 19 han
683 642 46 20 icke
746 644 54 19 inom
818 644 49 20 den-

122 686 27 14 na
164 680 36 25 tid,
220 678 53 20 skall
298 676 122 26 bottenfynd
444 676 38 19 och
505 675 60 26 gods,
587 682 44 13 som
648 676 6 19 i
670 679 68 23 öppen
754 678 31 26 sjö
802 678 68 20 blifvit

121 713 118 25 anträffadt,
255 711 137 21 tillerkännas
409 710 109 26 bergaren,
531 716 47 12 men
590 710 123 20 strandvrak
724 712 83 20 tillfalla
818 712 50 20 Kro-

123 755 47 18 nan,
190 747 65 19 sedan
275 744 122 27 bergarelön
414 744 40 19 och
469 743 70 26 öfriga
555 743 113 20 kostnader
682 744 66 20 blifvit
762 746 107 26 afdragna.

191 781 44 19 Kan
252 780 18 26 ej
287 780 35 19 det
342 778 91 26 bergade
456 778 76 26 godset
555 780 48 17 utan
626 778 45 20 fara
693 778 31 20 för
746 780 124 26 försämring

123 816 74 19 vårdas
213 814 39 20 och
268 814 87 19 bevaras
372 812 66 20 under
454 812 23 19 så
492 812 50 24 lång
559 811 36 26 tid,
612 812 37 20 bör
664 812 32 20 det
709 819 75 20 genom
796 814 73 20 offent-

123 850 38 26 ligt
185 851 60 23 utrop
268 847 101 26 försäljas,
389 846 39 20 och
449 846 25 20 de
493 845 90 20 influtna
603 846 83 20 medlen
706 846 60 21 skola
780 847 7 19 i
803 848 67 20 länets

124 883 76 20 ränteri
216 882 112 19 nedsättas.

458 927 10 22 $
486 925 45 19 170.

194 967 42 20 Har
252 965 142 21 befälhafvare
410 964 65 20 under
491 970 47 13 resa
554 964 74 27 bergat
642 965 57 20 och
686 960 16 35 i
714 965 92 28 fartyget
821 973 50 20 upp-

126 1002 52 26 tagit
192 1001 59 26 gods,
268 1000 39 20 och
322 999 96 20 kommer
437 998 39 19 han
496 997 92 20 derefter
603 999 31 18 till
650 999 54 20 finsk
720 995 153 37 tullkammare,

127 1036 89 20 aflemne
239 1035 74 26 godset
332 1033 36 20 der
387 1033 31 19 för
436 1035 30 17 att
484 1039 78 19 egaren
578 1032 176 27 tillhandahållas,
769 1033 27 26 på
811 1035 62 19 sätt
861 1027 15 38 i

127 1072 9 22 8
156 1070 36 19 169
214 1069 130 19 bestämmes.
376 1067 93 25 Anlöper
488 1067 40 19 han
550 1066 50 20 först
619 1067 97 20 utländsk
735 1067 69 26 hamn,
823 1071 51 23 göre

127 1104 37 19 hos
180 1103 74 20 konsul
270 1102 51 20 eller
336 1107 68 14 annan
422 1101 124 26 myndighet
561 1101 91 26 bevislig
667 1102 97 19 anmälan
780 1109 33 12 om
828 1102 45 26 fyn-

128 1138 40 25 det,
185 1137 38 20 och
240 1137 77 19 förfare
336 1135 64 20 sedan
422 1135 86 19 dermed
524 1135 6 19 i
546 1135 82 19 samråd
645 1135 47 20 med
708 1135 81 27 konsul,
805 1136 68 20 såsom

129 1171 158 26 fördelaktigast
307 1173 21 16 är
344 1170 38 19 och
404 1169 208 25 omständigheterna
636 1169 74 26 tillåta;
733 1171 78 25 afgifve
834 1171 39 20 ock

127 1212 75 20 genom
227 1204 89 20 rederiet
339 1203 135 26 redovisning
500 1203 72 19 derom
596 1203 30 19 till
648 1204 158 26 Tullstyrelsen,
830 1211 44 13 som

129 1247 49 20 eger
198 1246 33 13 om
252 1239 73 26 fyndet
345 1237 83 20 utfärda
443 1237 134 26 kungörelse.
608 1238 143 26 Undandöljer
767 1239 52 19 eller
834 1239 41 19 för-

129 1274 96 25 skingrar
245 1272 156 21 befälhafvaren
422 1272 81 27 godset,
522 1278 49 14 vare
592 1272 92 27 straffad,
703 1272 67 20 såsom
787 1273 6 19 i
809 1275 10 21 $
838 1273 37 20 168

128 1311 66 24 säges.

395 1352 31 21 Om
441 1351 174 26 försäkringsaftal.

467 1406 10 21 S
495 1404 46 19 171.

198 1444 36 20 All
255 1444 54 25 slags
328 1443 102 26 egendom
451 1443 38 20 och
506 1443 74 26 fördel,
596 1449 44 14 som
657 1443 37 20 har
708 1444 171 26 penningevärde

132 1479 39 19 och
187 1478 31 19 till
233 1478 53 25 sjöss
302 1480 22 16 är
340 1477 141 19 underkastad
499 1477 69 26 någon
584 1477 51 26 fara,
647 1477 41 19 kan
705 1480 72 24 utgöra
793 1477 87 20 föremål

790 1510 22 17 17
