1070 1786
793 158 32 17 117

107 219 65 19 derna
185 219 79 26 jemväl
281 219 45 20 bort
341 219 66 20 uttala
422 219 32 26 sig
465 219 111 27 angående
592 220 39 20 den
647 220 105 20 allmänna
763 221 95 26 riktning

107 253 111 26 anstalten,
234 253 66 26 enligt
316 253 128 20 Ständernas
463 254 71 25 tanke,
551 254 67 20 skulle
634 254 84 20 erhålla.
749 255 31 19 De
796 255 61 19 flesta

107 287 78 25 elever,
201 287 72 19 hvilka
288 287 66 19 såsom
375 287 93 19 interner
488 287 86 20 komma
589 290 29 18 att
634 288 79 20 besöka
728 289 129 22 densamma,

108 321 49 26 utgå
173 328 23 12 ur
212 321 73 26 fattiga
300 321 54 25 hem,
366 321 37 19 der
420 322 25 19 de
460 321 48 20 icke
525 322 68 19 blifvit
610 322 67 19 vande
692 322 34 19 vid
744 322 66 26 några
822 322 34 20 be-

107 355 160 26 qvämligheter,
288 355 37 19 och
345 355 84 20 inträda
448 355 53 19 efter
520 356 31 19 sin
572 356 78 26 afgång
670 356 44 19 från
730 356 104 20 anstalten
850 357 7 19 i

108 389 59 19 flesta
183 389 34 19 fall
233 389 45 19 åter
294 389 5 19 i
317 389 73 26 dylika
407 389 54 25 hem,
477 392 48 17 utan
542 392 31 17 att
587 390 197 26 öfverhufvudtaget
794 390 63 20 hafva

107 422 80 20 kunnat
207 423 105 19 förvärfva
327 423 31 25 sig
375 423 114 26 tillräcklig
513 424 94 26 förmåga
630 426 30 17 att
682 424 75 25 sjelfva
779 424 78 20 bereda

99 457 40 26 -sig
154 458 30 18 ett
202 457 3 19 i
222 456 134 20 ekonomiskt
379 457 121 19 hänseende
523 457 126 20 säkerstäldt
670 458 28 19 lif.
728 458 41 20 Det
788 458 68 27 ligger

107 490 82 20 derföre
205 491 58 19 makt
282 490 54 26 uppå
356 493 36 20 att,
412 498 32 12 om
464 494 26 16 än
512 491 60 19 deras
592 492 123 19 lefnadssätt
729 492 7 19 i
751 493 103 19 austalten

107 524 132 26 naturligtvis
262 524 46 20 ieke
331 524 40 20 kan
393 524 64 20 blifva
477 525 117 20 detsamma
611 532 43 13 som
671 526 6 19 i
693 526 104 26 hemmen,
813 527 42 19 ele-

107 565 63 13 verne
188 558 63 20 likväl
268 558 71 26 vänjas
356 558 34 20 vid
405 560 98 26 yttersta,
511 559 99 20 enkelhet
626 559 39 20 och
681 560 106 26 tarflighet
801 562 54 18 samt

107 595 68 24 träget
190 593 78 19 arbete.

175 626 90 20 Härmed
289 627 174 25 sammanhänger
485 627 61 19 äfven
567 627 183 27 nödvändigheten
770 630 36 23 att,
823 628 30 19 sä-

106 667 45 13 som
168 661 62 19 redan
247 661 91 26 antydts,
359 661 179 26 undervisningen
555 660 30 20 fär
601 663 28 17 ett
645 661 6 19 i
667 662 118 26 möjligaste
808 662 47 19 män

107 694 103 26 praktiskt
226 695 55 26 syfte
297 695 30 19 till
343 695 122 19 utbildande
481 696 23 19 af
517 695 172 26 slöjdkunnighet
703 696 38 19 och
753 696 101 26 skicklig-

107 729 56 19 het
155 724 13 35 i
180 729 124 25 handiverk,
320 729 22 19 sä
360 731 31 17 att
409 729 25 19 de
455 728 72 21 blinda
548 729 63 20 blifva
627 730 5 18 i
649 730 81 19 tillfälle
753 732 30 17 att
802 730 53 20 efter

107 763 46 19 sina
168 763 63 26 anlag
247 763 39 19 och
302 763 31 19 sin
350 763 102 19 fallenhet
469 764 55 25 välja
539 763 36 20 det
586 764 31 19 för
628 764 79 19 enhvar
723 764 131 26 lämpligaste

105 796 61 26 yrke.
196 797 63 19 Detta
274 800 22 16 är
311 796 31 20 för
358 803 25 13 en
400 797 128 25 läroanstalt,
543 804 44 12 som
604 798 181 26 hufvudsakligast
796 798 58 20 kom-

107 837 44 13 mer
173 833 30 17 att
227 831 87 19 besökas
337 831 23 19 af
382 830 50 20 barn
455 831 128 19 tillhörande
605 831 40 20 den
669 831 55 20 klass
744 832 23 19 af
781 832 74 25 folket,

106 856 96 28 hvilken”
213 865 144 25 förnämligast
378 867 22 17 är
421 865 100 19 hänvisad
545 868 30 16 att
597 871 75 20 genom
695 865 45 20 sina
763 865 92 21 händers

105 899 73 19 arbete
194 899 67 19 skaffa
276 899 31 26 sig
322 899 36 19 sitt
368 899 34 19 Jifs
413 899 118 26 uppehälle,
547 899 24 19 af
583 899 23 19 sä
622 899 85 26 mycket
722 901 67 18 större
803 900 50 25 vigt,

106 939 45 13 som
167 933 26 19 de
209 933 72 19 blinda
296 932 106 27 svärligen
419 933 71 19 kunna
505 933 27 26 pä
547 939 68 13 annan
632 935 40 24 väg
688 933 67 20 skaffa
770 933 32 26 sig
818 936 35 17 nö-

107 967 36 26 dig
157 966 198 27 yrkesskicklighet.

175 1001 77 19 Vidare
276 1001 61 19 hafva
360 1000 117 20 Ständerna
499 1002 69 18 ansett
583 1001 32 26 sig
635 1001 50 19 böra
702 1001 111 20 framhälla
829 1008 25 13 en

106 1035 162 26 omständighet,
290 1035 78 24 hvaraf,
388 1034 66 26 enligt
473 1034 128 20 Ständernas
620 1035 61 26 äsigt,
701 1035 154 26 inrättningens

107 1068 110 27 framgäng
232 1071 23 17 är
271 1069 146 25 väsendtligen
438 1068 112 20 beroende.
581 1068 34 20 Uti
635 1068 148 27 reglementets
803 1069 25 19 30
844 1071 11 22 $

105 1102 85 25 stadgas
205 1104 31 17 att
251 1103 30 19 för
298 1102 77 26 boning
398 1102 40 19 och
454 1102 48 19 kost
518 1102 95 26 erlägges
633 1101 80 27 årligen
734 1102 31 20 för
781 1103 73 26 hvarje

106 1136 76 25 intern,
198 1136 62 19 hvars
276 1135 101 20 föräldrar
392 1138 36 17 äro
446 1136 81 19 mindre
543 1135 131 26 bemedlade,
688 1136 38 19 100
739 1136 59 19 mark
814 1137 40 19 och

106 1170 31 19 för
154 1170 57 24 barn,
232 1170 81 19 hvilket
332 1169 133 20 underhålles
481 1170 23 19 af
517 1169 69 27 någon
605 1169 110 20 kommuns
735 1170 120 26 fattigvård,

105 1204 24 19 så
145 1204 85 26 mycket
244 1210 44 14 som
304 1204 70 19 denna
390 1204 31 18 för
437 1204 84 19 barnets
537 1203 111 26 uppehälle
664 1204 38 19 och
723 1203 50 20 vård
793 1204 62 26 eljest

106 1238 64 19 måste
194 1239 92 25 erlägga,
302 1238 38 20 och
356 1240 31 17 att
406 1238 69 19 denna
497 1238 68 26 afgift,
588 1238 70 19 derest
677 1238 101 19 målsman
801 1238 52 20 eller

106 1272 99 19 kommun
229 1272 47 19 icke
300 1272 100 19 bekostar
423 1271 74 20 kläder
515 1272 22 19 åt
555 1272 47 19 elev
622 1272 34 19 vid
675 1272 111 25 anstalten,
802 1272 51 19 ökas

105 1306 32 19 för
153 1306 71 26 hvarje
240 1306 46 19 elev
303 1306 46 19 med
366 1306 26 19 50
410 1306 59 19 mark
487 1308 54 17 samt
559 1308 30 17 att
609 1305 51 20 barn
676 1305 30 20 till
723 1305 74 27 fattiga
813 1306 40 19 för-

105 1340 75 25 äldrar,
198 1340 72 19 hvilka
285 1341 18 24 ej
320 1340 51 19 höra
386 1340 30 19 till
433 1339 68 27 någon
519 1339 110 20 kommuns
645 1339 119 27 fattigvård,
779 1340 34 19 må
824 1340 29 19 ef-

105 1375 32 18 ter
152 1373 207 27 omständigheterna
382 1373 81 21 erhålla
485 1374 105 26 friplatser
610 1374 28 19 uti
658 1373 120 26 internatet,
799 1374 54 19 dock

104 1407 49 20 ieke
169 1408 81 19 utöfver
266 1408 78 19 hälften
360 1408 23 19 af
397 1408 35 19 det
448 1408 31 19 för
495 1407 103 20 anstalten
615 1407 107 20 bestämda
737 1407 48 20 hela
796 1408 57 20 elev-

105 1441 85 20 antalet.

172 1475 97 19 Nämnda
283 1475 96 27 årsafgift
394 1475 45 26 bör,
455 1476 68 26 enligt
540 1475 128 20 Ständernas
684 1475 70 25 tanke,
771 1475 82 19 nedsät-
