1070 1786
275 205 52 27 gods
338 205 104 27 fördelas
457 205 91 21 emellan
562 205 116 28 samteliga
692 204 135 29 virkesegare
841 206 9 20 i
865 206 34 21 det
910 205 51 27 för-

276 239 103 20 hållande
401 239 82 21 enhvar
501 239 29 28 af
543 240 46 20 dem
609 239 113 28 bevisligen
740 242 27 19 är
787 241 8 19 i
809 240 113 27 afsaknad
936 240 29 27 af

274 273 66 25 virke,
356 280 44 14 som
416 273 44 22 han
476 273 28 21 då
520 273 50 27 haft
585 273 69 21 under
664 274 108 27 flottning
783 275 8 19 i
804 274 156 27 vattendraget.

593 336 15 26 $
623 337 20 19 7.

344 375 88 21 Flottas
448 376 134 27 samtidigt
574 371 10 37 i
596 378 29 18 ett
640 376 129 27 vattendrag
786 376 51 23 fere
853 375 107 28 tillhörigt

278 409 63 25 virke,
356 409 58 21 skall
429 409 80 21 enhvar
524 410 31 26 af
566 409 46 21 dem
626 410 49 20 läta
690 409 119 21 verkställa
819 410 140 27 flottningen,

276 444 25 20 sä
312 446 32 18 att
357 443 45 21 han
415 444 122 27 derigenom
552 443 45 21 icke
612 444 159 20 ästadkommer
776 443 41 28 för
828 450 75 14 annan
918 444 42 20 vir-

277 477 100 28 kesegare
392 478 78 20 hinder
485 478 52 20 eller
553 478 119 27 olägenhet,
687 485 45 13 som
744 478 98 27 skäligen
853 478 44 21 kan
907 478 53 20 und-

276 512 66 20 vikas.
377 512 122 20 Uraktlätes
514 512 81 20 sådant
611 512 38 20 och
665 512 66 20 timar
745 512 68 20 skada
829 512 53 21 eller
894 518 67 21 uppe-

277 546 52 25 håll,
345 553 51 14 vare
412 546 41 21 den
468 546 140 27 virkesegare,
624 546 87 21 hvilken
726 546 81 21 sådant
821 546 76 26 vållat,
905 546 55 27 skyl-

277 581 37 27 dig
332 583 32 18 att
383 581 47 20 dem
448 581 113 27 godtgöra.
596 581 165 20 Vederbörande
777 580 184 28 polismyndighet

277 621 35 21 ege
328 614 38 20 ock
376 614 33 27 på
424 614 104 20 anmälan
545 614 38 21 och
599 614 54 28 efter
668 614 66 21 skedd
753 614 161 27 undersökning
930 621 31 13 om

272 648 156 27 förhållandet
449 648 70 21 lemna
543 649 41 20 den
607 648 89 21 lidande
712 651 81 25 parten
808 649 70 20 sådan
894 648 68 20 hand-

277 682 103 28 räkning,
394 689 44 14 som
447 682 41 28 för
504 682 144 28 betryggande
663 683 30 27 af
704 682 55 22 hans
773 684 46 19 vätt
828 683 73 27 finnes
918 683 44 27 lag-

278 717 57 27 ligen
351 716 98 28 befogad.

594 779 16 26 $
624 780 21 20 8.

346 819 56 25 Den,
421 825 42 14 som
481 818 100 27 förestår
601 819 53 20 eller
675 819 94 20 inrättat
787 819 70 20 sådan
867 819 95 27 fottled,

278 860 44 14 som
342 853 8 20 i
372 853 14 27 $
408 853 13 19 5
444 852 121 28 beskrifves,
584 859 50 14 vare
650 853 83 27 pligtig
753 855 32 18 att
804 853 105 28 godtgöra
932 853 31 20 all

278 887 76 25 skada,
375 893 43 14 som
438 886 42 21 kan
496 886 134 27 förorsakas
648 893 76 20 genom
742 886 55 21 hans
811 887 152 26 försummelse

278 923 33 18 att
326 921 61 20 hålla
407 920 25 21 de
448 920 41 27 för
503 920 135 27 flottningen
656 919 111 28 uppförda
785 921 178 26 inrättningarne

278 955 8 20 i
302 954 98 27 behörigt
414 954 72 21 stånd.
570 961 3 3 E

347 989 46 20 För
408 989 32 20 all
454 988 69 21 skada
543 988 52 20 eller
614 988 118 27 olägenhet,
752 995 44 14 som
811 989 103 26 inträffat
928 996 35 20 ge-

280 1029 48 14 nom
351 1022 160 28 virkesegarens
534 1022 51 21 eller
603 1022 257 28 flottninysmanskapets
878 1022 85 27 förväl-

280 1057 66 20 lande
362 1057 52 20 eller
428 1051 75 33 genom
519 1056 35 21 det
565 1056 95 27 flottade
679 1056 74 25 virket,
773 1063 51 14 vare
843 1057 120 27 virkesega-

279 1097 38 15 ren
333 1091 111 27 ansvarig.
557 1116 2 2 .

350 1125 48 27 Kga
410 1125 56 26 flere
481 1125 36 20 del
527 1125 8 20 i
545 1124 65 26 virke,
626 1131 44 14 som
681 1124 132 27 förorsakat
828 1125 75 25 skada,
918 1132 46 14 sva-

281 1166 22 14 re
318 1159 26 20 de
360 1159 46 20 alla
422 1159 51 20 eller
488 1159 40 20 den
543 1157 30 28 af
583 1158 52 26 dem,
651 1165 44 14 som
712 1159 95 27 tillgäng
823 1165 54 21 eger,
881 1159 42 26 för
933 1166 31 13 er-

280 1193 136 27 sättningens
431 1192 109 28 gäldande
557 1192 34 20 till
607 1192 47 26 den,
670 1199 45 14 som
730 1192 84 20 skadan
831 1192 56 21 lidit.

593 1255 16 26 $
624 1256 18 19 9.

351 1295 36 20 Då
397 1295 108 27 flottning
519 1294 50 21 sker
581 1295 32 26 pä
628 1295 85 20 sådana
729 1295 86 25 ställen,
825 1295 86 20 hvarest
916 1295 49 27 för-

282 1332 58 18 utses
356 1329 43 20 kan
416 1331 32 18 att
457 1328 226 27 flotininysmanskap
698 1329 68 20 måste
782 1328 89 21 beträda
883 1336 84 14 annans

277 1363 55 28 jord
348 1363 52 20 eller
418 1363 71 27 grund
507 1363 54 20 eller
579 1365 32 18 att
634 1363 69 20 skada
726 1362 43 21 kan
791 1363 80 27 uppstå
892 1370 74 21 genom

282 1398 35 20 det
328 1397 96 27 flottade
439 1397 74 24 virket,
531 1397 113 26 vare:den,
660 1403 44 14 som
714 1397 135 27 flottningen
861 1397 105 28 förestår,

282 1432 86 27 skyldig
392 1433 33 19 att
448 1431 71 20 derom
545 1431 130 20 underrätta
698 1431 158 20 vederbörande
880 1433 86 20 strand-

282 1473 62 21 egare
360 1465 103 27 antingen
481 1471 76 21 genom
575 1465 127 27 kungörelse
718 1465 8 20 i
741 1467 71 19 ortens
831 1465 69 27 kyrka
915 1467 52 20 eller
