1070 1786
798 153 32 17 223

118 215 114 20 fälhafvare
253 215 31 18 sin
305 216 40 17 rätt
363 217 30 17 att
408 214 100 20 bestraffa
523 215 52 20 eller
590 215 99 19 förhåller
704 215 39 19 han
755 214 110 27 oskäligen

119 249 146 25 besättningen
285 248 47 19 dess
353 248 114 26 tillbörliga
488 249 53 25 kost,
562 249 48 19 böte
630 249 44 19 från
692 249 37 19 och
747 249 44 19 med
809 249 57 25 tjugu

119 283 30 19 till
166 283 38 19 och
222 282 47 19 med
290 282 116 19 tvåhundra
422 282 65 19 mark.
518 283 100 19 Föröfvas
634 283 22 18 af
670 282 76 20 honom
763 286 56 16 emot
834 283 31 18 sin

120 316 118 26 besättning
254 316 48 26 grof
317 316 133 24 misshandel,
468 318 65 17 mätes
553 316 78 19 straffet
648 316 37 20 och
702 322 67 13 annan
787 316 78 26 påföljd

119 350 52 20 efter
187 350 77 20 allmän
280 349 40 26 lag.

464 397 9 21 s
491 395 32 19 63.

187 431 30 22 Är
240 435 90 25 sjömans
353 434 66 20 under
438 441 45 13 resa
504 434 111 27 begångna
632 435 54 19 brott
701 435 51 19 eller
768 435 99 20 förseelse

119 468 24 20 af
156 468 84 20 svårare
258 468 152 25 beskaffenhet,
426 475 39 19 ege
482 468 155 20 befälhafvaren
654 469 53 19 efter
722 470 145 19 hemkomsten

119 503 83 19 anmäla
218 503 64 19 saken
300 502 28 20 till
345 503 48 25 laga
409 502 41 20 åtal
466 503 55 19 inför
535 503 99 25 domstol;
650 503 38 19 och
701 503 60 20 hafve
772 504 95 19 emeller-

120 537 37 25 tid,
174 543 32 13 om
224 536 76 20 brottet
316 539 22 17 är
354 536 56 26 groft
421 537 37 19 och
470 536 125 20 säkerheten
608 537 85 19 ombord
706 544 75 12 annars
797 538 70 19 äfven-

121 575 63 22 tyras,
202 571 57 20 makt
274 573 30 17 att
319 571 56 19 hålla
391 571 40 20 den
452 571 109 26 brottslige
577 572 6 18 i
600 571 99 26 fängsligt
714 572 75 24 förvar,
804 571 65 20 intill-

121 605 46 19 dess
183 605 40 19 han
241 605 40 19 kan
298 604 139 20 öfverlemnas
455 605 28 19 till
501 605 158 20 vederbörande
674 606 122 25 myndighet
808 606 5 18 i
824 605 44 20 lan-

120 640 34 19 det
170 639 51 20 eller
237 639 73 19 konsul
328 639 85 19 utrikes.

466 698 9 21 S
492 696 32 19 64.

189 732 30 23 Är
235 736 79 25 sjöman
332 735 122 26 uppstudsig
470 738 43 17 mot
529 736 142 19 befälhafvare
687 736 38 20 och
742 739 74 23 vägrar
832 736 36 20 ho-

122 776 48 13 nom
187 769 85 26 lydnad,
294 769 80 20 straffes
394 770 45 19 med
458 770 59 19 böter
531 770 44 19 från
593 770 38 19 och
648 770 45 20 med
710 771 57 25 tjugu
783 770 31 19 till
831 770 38 20 och

122 804 46 19 med
186 803 124 20 femhundra
333 804 58 19 mark
416 804 51 19 eller
489 804 45 19 med
556 804 94 26 fängelse
665 804 44 19 från
726 804 39 19 och
782 804 44 19 med
844 810 24 13 en

122 837 31 19 till
170 838 37 18 och
226 838 45 18 med
288 844 37 12 sex
344 837 106 19 månader.
481 838 52 19 Sker
557 838 34 19 det
614 838 74 19 medan
713 838 91 26 fartyget
822 840 23 16 är
863 838 6 18 i

123 871 80 25 sjönöd,
220 871 50 19 eller
286 871 93 25 förföljes
395 871 23 19 af
432 871 75 25 fiende,
523 871 51 20 eller
590 871 26 26 på
632 874 60 17 annat
710 874 40 16 sätt
765 874 22 16 är
801 872 6 18 i
819 871 51 25 fara,

123 905 54 19 skall
193 905 39 19 den
250 905 107 25 brottslige
378 905 81 19 straffas
479 905 46 19 med
545 905 85 19 tukthus
649 905 44 19 från
714 905 39 19 och
773 905 46 19 med
836 905 35 19 två

124 939 100 19 månader
239 938 31 19 till
286 938 37 19 och
341 939 46 18 med
404 941 30 17 ett
450 938 28 19 år.

192 973 80 25 Vägras
295 975 92 22 styrman
413 972 85 26 lydnad,
522 972 26 19 då
571 973 40 18 han
632 973 47 19 icke
695 973 6 19 i
718 972 153 21 befälhafvares

123 1007 59 19 ställe
199 1009 28 21 är,
247 1013 49 12 vare
315 1006 81 19 straffet
412 1006 58 19 böter
486 1006 44 19 från
555 1007 38 18 och
614 1007 46 20 med
678 1007 27 19 tio
722 1007 30 19 till
768 1007 38 19 och
824 1007 46 19 med

124 1041 112 19 trehundra
253 1040 63 19 mark.

468 1093 9 22 $
494 1092 33 19 65.

191 1131 69 20 Sätter
281 1131 32 26 sig
332 1131 77 26 sjöfolk
432 1131 53 20 efter
507 1131 99 20 inbördes
630 1130 82 27 rådslag
736 1131 136 19 tillsammans

125 1165 39 20 och
181 1168 75 23 vägrar
271 1167 29 17 att
315 1165 50 26 lyda
381 1165 165 25 befälhafvaren,
562 1165 53 19 skall
634 1165 80 19 enhvar
729 1165 23 19 af
765 1165 26 19 de
808 1165 63 19 brott-

124 1199 52 26 slige
192 1199 94 19 dömmas
303 1198 29 20 till
349 1198 85 20 tukthus
450 1198 44 20 från
512 1199 38 19 och
567 1199 47 19 med
631 1198 35 20 två
681 1198 30 19 till
726 1198 39 20 och
777 1198 46 19 med
835 1204 36 13 sex

123 1233 29 20 år.
183 1233 41 20 Der
246 1233 134 26 synnerligen
401 1232 116 20 mildrande
537 1232 179 27 omständigheter
737 1232 136 25 förekomma,

124 1267 41 19 kan
182 1267 53 20 dock
253 1267 78 19 straffet
348 1267 54 19 ända
419 1267 30 19 till
468 1273 37 13 sex
526 1267 109 19 månaders
655 1267 85 19 tukthus
759 1267 113 19 nedsättas.

126 1301 42 26 Lag
184 1307 79 14 samma
280 1307 56 17 vare,
353 1307 33 13 om
403 1301 35 19 två
454 1301 51 19 eller
521 1301 50 19 flere
587 1301 6 18 i
609 1301 103 26 förening,
728 1300 55 19 ändå
798 1302 29 17 att
842 1301 30 18 in-

127 1335 73 20 bördes
216 1335 83 25 rådslag
315 1335 18 25 ej
350 1334 97 27 föregått,
463 1335 72 26 tvinga
551 1335 155 19 befälhafvaren
720 1334 28 19 till
761 1334 51 19 eller
829 1334 43 19 hin-

125 1369 37 19 dra
187 1369 75 19 honom
289 1368 42 20 från
359 1368 69 26 någon
454 1368 81 27 åtgärd,
561 1375 43 12 som
627 1368 30 19 till
682 1368 50 19 hans
757 1368 116 25 befattning

123 1403 68 19 hörer.

193 1433 125 24 Öfverfaller
334 1437 80 25 sjöman
432 1436 155 20 befälhafvaren
601 1437 50 19 eller
663 1436 67 26 någon
743 1442 69 13 annan
827 1436 45 19 med

125 1471 46 19 våld
189 1471 51 19 eller
256 1471 42 25 hot,
315 1471 31 19 för
361 1473 30 17 att
408 1470 121 26 bemäktiga
551 1471 32 25 sig
606 1470 76 26 fartyg,
706 1470 46 19 dess
775 1470 98 19 tillbehör
