1070 1786
123 1341 47 20 ord:

797 149 34 20 323

188 217 95 19 närvaro
294 214 54 21 hans
354 214 113 27 förseelse,
475 215 52 26 göre
535 213 73 21 derom
618 213 129 28 anteckning
757 213 8 20 i
775 212 88 29 skepps-

190 249 117 28 dagboken,
328 247 53 28 ifall
398 247 71 21 sådan
489 246 72 28 blifvit
576 247 64 27 förd,
661 247 38 20 och
719 247 43 21 låte
776 247 35 21 det
825 254 39 14 an-

190 283 102 21 tecknade
311 282 30 27 af
355 283 36 20 två
410 282 81 20 vittnen
507 281 117 28 bestyrkas,
640 284 57 18 samt
708 281 109 27 förordne
831 288 33 14 se-

192 317 45 21 dan
252 319 33 18 att
300 316 40 21 den
355 315 87 24 felande
451 315 58 21 skall
519 314 56 27 efter
585 314 183 28 öfverträdelsens
779 315 84 27 beskaf-

183 350 80 28 "fenhet
273 350 72 21 hållas
356 350 8 20 i
374 352 76 23 arrest,
466 349 63 28 högst
545 350 46 20 åtta
607 349 78 28 dagar,
700 349 48 21 med
762 349 35 21 hel
811 350 54 20 eller

190 385 36 21 till
241 384 86 27 hälften
350 383 102 21 minskad
467 383 54 25 kost,
537 383 52 21 eller
612 382 37 22 ock
666 384 90 27 erlägga
771 383 36 21 till
822 384 42 27 sjö-

190 418 127 22 manshuset
327 418 8 20 i
345 417 108 21 hemorten
463 416 142 28 straffafgift,
615 423 45 14 som
665 416 42 28 för
716 416 74 28 hvarje
805 417 59 27 gång

190 453 21 27 ej
224 452 39 26 får
279 452 118 27 öfverstiga
412 451 71 28 hyran
492 451 43 27 för
550 458 25 13 en
586 450 122 28 fjerdedels
718 451 81 21 månad
812 451 53 21 eller

190 486 152 21 motsvarande
356 486 35 20 del
406 486 26 26 af
446 485 53 27 lega,
516 484 86 21 hvilken
618 484 42 27 för
678 491 48 15 resa
742 484 72 28 blifvit
830 484 34 22 be-

192 520 80 22 stämd.
301 520 143 20 Försummar
465 519 87 27 sjöman
571 519 36 20 sin
626 518 59 28 pligt
706 519 36 21 vid
756 520 107 25 manöver,

191 554 153 27 vakthållning
366 554 52 20 eller
440 552 68 26 utkik,
527 560 51 14 vare
600 552 150 22 underkastad
772 553 93 21 nämnde

191 587 134 29 straffafgift
336 587 144 27 fördubblad.

262 632 121 28 Kroppslig
399 638 42 21 aga
456 632 35 20 må
507 634 54 18 emot
577 632 83 27 sjöman
671 632 20 27 ej
701 631 118 26 användas,
830 632 36 20 så-

188 667 74 27 Jramt
278 666 43 22 icke
340 666 43 21 nöd
401 666 52 20 eller
471 665 177 28 öfverhängande
664 665 56 27 fara
734 665 132 27 föranleder
885 673 3 2 :

193 700 166 28 befälhafvaren
378 702 33 18 att
426 700 32 26 på
473 700 60 20 detta
548 702 45 18 sätt
607 702 76 25 genast
698 700 46 20 låta
761 700 105 20 tillrätta-

193 735 47 20 visa
256 734 76 21 honom
342 733 42 27 för
399 732 112 22 bristande
529 732 122 22 hörsamhet
668 734 52 20 eller
739 733 73 21 andra
827 733 40 25 fel-

194 771 54 25 steg.
278 768 41 21 Vid
334 766 171 28 bestrafningen
519 767 58 21 skall
592 768 66 27 nödig
674 766 121 25 hofsamhet
811 767 57 21 iakt-

195 806 69 24 tagas,
281 802 36 21 och
328 802 38 20 bör
381 802 131 27 anteckning
526 802 9 21 i
548 802 190 28 skeppsdagboken
752 804 66 26 göras
834 808 33 15 om

194 837 36 21 det
245 843 45 14 som
300 836 120 27 förefallit.

262 881 137 21 Missbrukar
419 880 150 28 befälhafvare
588 882 32 19 sin
644 883 46 19 rätt
709 884 32 18 att
762 881 106 27 bestraffa

195 916 52 21 eller
266 915 112 27 förhåller
400 914 43 21 han
465 914 111 28 oskäligen
595 915 149 28 besättningen
760 915 48 20 dess
823 915 45 21 till-

196 949 84 28 börliga
300 949 52 24 kost,
372 948 45 21 böte
434 948 143 26 frånochmed
591 949 79 26 femtio
686 949 121 21 tillockmed
823 949 45 21 två-

196 983 88 21 hundra
298 982 68 21 mark.
392 982 108 27 Föröfvas
511 982 31 27 af
552 982 76 21 honom
640 985 54 19 emot
708 983 72 27 någon
795 982 30 28 af
836 983 33 20 be-

196 1017 123 27 sättningen
335 1015 55 29 grof
401 1016 140 27 misshandel,
557 1019 67 19 mätes
639 1017 88 27 straffet
742 1017 37 21 och
795 1024 76 14 annan

193 1051 91 28 påföljd
299 1049 55 28 efter
368 1050 84 21 allmän
467 1051 44 27 lag.

333 1125 22 22 $$
372 1123 25 20 63
414 1123 39 20 och
469 1123 27 20 64
512 1123 147 20 oförändrade.

467 1187 10 23 $
495 1185 33 20 65.

192 1227 70 20 Orden
278 1227 7 19 i
301 1226 61 20 slutet
377 1225 23 20 af
413 1225 64 20 första
493 1226 116 19 momentet
623 1225 7 20 i
646 1225 70 20 denna
730 1227 21 22 $:

191 1268 58 19 ”som
264 1266 31 20 till
310 1267 52 18 hans
378 1265 117 26 befattning
511 1265 82 20 hörer”.

192 1307 51 20 böra
258 1306 66 27 enligt
335 1305 111 20 utskottets
456 1305 65 20 tanke
537 1305 66 20 hellre
618 1305 114 27 återgifvas
749 1305 46 20 med
813 1305 61 20 dessa

260 1374 8 20 i
283 1373 57 22 hvad
355 1373 35 21 till
406 1373 54 21 hans
476 1372 123 28 befattning
614 1372 70 21 hörer.

359 1438 22 22 ss
397 1435 83 20 66—68
497 1435 146 21 oförändrade.
