1070 1786
238 159 33 17 122

202 225 48 16 män
268 221 88 27 afgifvet
379 227 33 14 om
436 221 78 26 nödige
537 221 97 26 åtgärder
653 221 31 19 för
703 227 25 14 en
750 221 99 27 tidsenlig
869 222 38 19 och
925 222 27 25 på

202 256 158 27 psykiatrikens
376 256 6 19 i
398 255 89 20 sednare
507 255 53 20 tider
580 255 74 26 gjogda
672 255 98 25 framsteg
786 255 94 25 grundad
897 262 55 13 reor-

202 290 118 26 ganisation
337 290 23 18 af
374 289 117 19 dårvården
508 289 6 19 i
531 289 77 24 landet,
624 289 150 24 innefattande,
788 289 80 25 jemväl
884 289 68 19 förän-

202 323 65 20 drade
290 322 132 20 föreskrifter
444 322 89 20 rörande
553 322 210 25 dårvårdsstyrelsen,
779 322 85 26 afgifter
880 323 31 19 för
926 323 26 19 de

200 357 68 25 sjuke,
286 356 45 20 med
348 356 50 20 flere
417 356 139 19 ekonomiska
573 355 152 20 förhållanden.
755 356 34 19 Uti
807 356 88 20 berörde
911 356 39 20 för-

200 391 46 26 slag
268 390 115 26 framhölls,
403 390 62 19 bland
489 393 70 22 annat,
576 389 99 20 behofvet
690 389 23 19 af
727 389 35 19 två
777 396 42 19 nya
834 390 115 20 kuranstal-

200 427 32 18 ter
248 424 31 20 för
294 424 140 26 sinnessjuke,
450 424 7 19 i
473 423 69 20 stället
556 423 33 19 för
605 423 25 19 de
649 423 128 26 nuvarande,
797 424 105 26 nemligen
923 430 25 13 en

200 458 12 20 å
228 458 88 26 lämplig
331 460 33 18 ort
379 458 34 19 vid
430 458 62 19 södra
507 457 74 20 kusten
601 457 31 19 för
648 457 25 19 de
693 458 40 19 fem
754 457 107 26 sydligare
882 458 67 25 länen,

202 492 48 20 med
262 495 104 23 utrymme
375 492 31 20 för
417 492 41 19 200
469 491 67 26 sjuke,
545 491 38 19 och
595 498 26 12 en
633 498 69 13 annan
714 492 6 19 i
732 491 35 20 det
783 492 45 19 inre
845 492 22 19 af
881 492 70 25 landet

201 527 32 19 för
249 526 26 19 de
291 528 30 17 tre
338 526 96 25 nordliga
449 526 69 24 länen,
533 525 147 25 inrymmande
694 526 38 18 100
744 526 65 25 sjuke.
836 526 48 20 Men
896 533 54 19 eme-

201 560 40 19 dan
259 560 65 25 enligt
340 560 25 19 de
383 559 147 26 beräkningar,
551 565 44 14 som
614 559 88 28 åtföljde
718 566 79 13 samma
813 560 85 27 förslag,
914 568 35 13 an-

201 593 257 27 läggningskostnaderna
480 593 67 19 skulle
571 593 87 26 uppgått
678 594 30 18 för
725 593 142 21 kuranstalten
884 595 6 19 i
906 595 44 19 lan-

201 628 46 19 dets
263 627 61 19 södra
342 627 32 19 del
392 627 32 19 till
443 627 87 25 150,000
547 627 39 19 och
601 627 33 19 för
650 627 39 20 den
706 628 65 19 andra
787 628 31 19 till
831 628 76 24 80,000
918 636 32 12 ru-

202 661 34 20 bel
260 663 53 17 samt
335 661 67 25 årliga
425 661 138 25 utgiftsstaten
588 660 112 20 beräknats
722 661 33 19 för
777 661 40 19 den
842 662 55 20 förra
919 663 30 19 till

201 695 77 26 38,000
302 695 37 19 och
364 694 32 20 för
419 694 39 20 den
482 694 88 20 sednare
590 694 30 19 till
642 695 72 25 114,300
730 694 58 20 rubel
804 695 78 26 silfver,
898 699 52 17 samt

200 729 138 19 statsverkets
354 728 119 20 dävarande
496 728 113 26 tillgängar
623 728 48 20 icke
687 729 112 25 medgäfvo
816 736 25 12 en
858 729 23 20 sä
897 730 52 19 vidt-

200 762 129 21 omfattande
346 762 38 20 och
402 762 90 20 kostsam
509 762 173 26 reorganisation,
699 762 70 20 kunde
788 763 73 26 frågan
877 764 71 19 derom

199 796 49 20 icke
269 796 107 26 fullföljas,
400 799 47 16 utan
472 796 126 26 uppgjordes
614 796 6 19 i
636 796 47 20 dess
699 796 61 20 ställe
777 797 77 26 förslag
871 798 29 19 till
916 798 31 20 så-

200 832 55 19 dane
272 831 149 26 förbättringar
432 830 5 19 i
450 830 24 20 de
492 830 119 19 nuvarande
628 830 237 27 dårvårdsanstalterne,
878 832 71 20 hvilka

199 867 73 24 syntes
292 871 48 13 vara
355 864 23 20 af
392 864 98 20 behofvet
513 866 50 17 mest
587 864 117 26 påkallade.
735 864 60 20 Dock
819 872 44 12 som
886 866 61 20 äfven

200 899 26 19 de
242 899 69 19 härtill
328 898 139 25 erforderliga
482 897 142 20 kostnaderne
641 899 103 18 befunnos
760 899 113 26 öfverstiga
889 902 59 17 stals-

199 932 85 20 verkets
300 933 30 18 för
346 932 66 19 andra
427 931 96 20 ändamål
547 931 63 20 redan
634 932 54 19 förut
704 934 81 25 strängt
801 933 91 20 anlitade
910 934 36 19 till-

199 968 87 25 gångar,
303 967 36 18 har
355 965 108 26 Styrelsen
480 968 40 17 sett
535 966 32 25 sig
584 966 105 19 nödsakad
706 968 30 17 att
752 966 41 20 låta
806 967 79 25 jemväl
902 968 46 19 med

200 1000 130 26 sistnämnde
346 999 59 27 fråga
420 1000 41 19 tills
478 1000 71 19 vidare
567 1000 55 19 bero.

271 1033 49 21 Som
344 1034 100 19 Finlands
466 1034 133 19 Prestastånd
622 1034 117 19 emellertid
764 1034 33 19 vid
821 1035 126 26 landtdagen

201 1069 139 19 1863
262 1064 20 34 --
288 1069 52 19 1864
363 1068 5 19 i
392 1068 168 26 underdånighet
586 1068 88 19 anhållit
699 1069 31 18 att
753 1068 80 19 landets
861 1069 88 20 Ständer

199 1103 65 20 måtte
280 1102 118 26 föreläggas
420 1102 127 26 proposition
573 1102 129 19 beträffande
723 1102 134 27 erforderligt
877 1103 73 27 anslag

199 1137 31 19 till
246 1136 166 26 organiserande
428 1136 5 19 i
451 1136 76 19 midten
553 1136 22 19 af
596 1136 72 19 landet
689 1136 23 19 af
733 1142 26 13 en
782 1143 28 19 ny
833 1137 117 20 kuranstalt

199 1171 31 19 för
247 1171 62 18 minst
328 1171 37 18 100
381 1169 138 25 sinnessjuke,
532 1170 37 19 har
579 1169 57 20 Hans
649 1169 116 27 Kejserliga
781 1170 104 26 Majestät,
903 1172 46 19 med

200 1204 59 20 bifall
276 1203 76 25 härtill,
368 1203 56 19 velat
440 1203 92 19 inhemta
547 1203 127 20 Ständernas
689 1204 106 25 yttrande,
811 1205 102 19 huruvida
923 1206 26 19 de

199 1238 68 20 önska
291 1237 114 20 medverka
421 1237 30 19 till
469 1237 106 20 ernående
591 1237 22 19 af
627 1238 142 25 nyssnämnde
793 1238 104 27 ändamål,
913 1246 35 19 ge-

199 1279 49 13 nom
265 1271 115 20 anvisande
395 1271 23 20 af
432 1271 67 20 dertill
517 1271 76 26 nödige
609 1272 79 25 anslag.

268 1306 95 19 Emedan
380 1305 82 20 landets
478 1305 95 26 nordliga
589 1305 57 20 delar
657 1309 37 16 äro
706 1307 53 18 mest
769 1306 122 26 aflägsnade
903 1307 44 20 från

200 1340 26 19 de
250 1339 122 20 nuvarande
395 1339 178 20 vårdanstalterne
595 1340 30 19 för
648 1340 133 25 sinnessjuke
807 1341 39 18 och
867 1341 82 20 derföre

199 1373 48 20 icke
264 1375 48 17 utan
328 1373 108 26 svårighet
450 1373 39 19 och
505 1373 66 26 dryga
586 1373 113 20 kostnader
710 1373 71 20 kunna
792 1374 66 19 anlita
869 1374 80 20 desam-

200 1413 40 20 ma,
255 1407 39 19 har
309 1407 39 19 den
366 1413 40 18 nya
426 1407 141 19 kuranstalten
591 1409 78 18 ansetts
693 1407 55 19 helst
770 1407 51 20 böra
843 1408 106 27 förläggas

198 1441 60 19 invid
274 1440 82 26 Kuopio
372 1440 52 25 stad,
440 1447 75 19 genom
532 1441 61 19 hvars
609 1441 94 20 centrala
718 1441 47 26 läge
785 1441 69 20 denna
873 1443 76 19 anstalt

200 1475 85 20 komme
308 1474 82 20 landets
414 1481 60 13 norra
497 1474 58 20 delar
570 1475 7 19 i
592 1475 44 19 lika
658 1475 48 19 män
727 1475 29 19 till
772 1475 61 26 godo;
864 1476 84 26 Tjenlig
