1070 1786
808 157 32 17 211

124 226 38 19 gon
180 219 74 26 åtgärd
271 219 38 20 och
325 219 68 25 ingått
408 217 49 20 aftal
475 218 47 19 med
539 224 77 19 annan,
632 223 43 14 som
688 224 33 13 om
734 218 95 20 förbudet
840 222 35 23 egt

125 253 126 20 kännedom.

471 299 9 21 S
496 297 33 19 24.

193 337 45 19 Den
262 337 66 20 skada
351 336 39 20 och
414 336 79 24 förlust,
514 342 44 13 som
578 336 90 19 drabbar
692 336 83 26 bolaget
798 343 75 19 genom

125 370 165 20 hufvudredares
310 370 92 20 vanvård
422 370 38 19 och
480 370 144 19 försummelse
642 370 52 19 eller
712 376 74 19 genom
807 370 67 26 någon

126 408 56 17 emot
197 405 103 19 rederiets
316 404 106 20 föreskrift
438 404 22 19 af
474 404 75 19 honom
567 404 99 26 vidtagen
683 404 80 26 åtgärd,
775 411 48 13 vare
835 405 39 19 han

126 439 74 26 pligtig
216 441 30 17 att
261 441 84 17 ersätta.

469 486 10 21 S
496 484 32 18 25.

194 523 160 20 Hufvudredare
371 523 37 20 bör
423 524 6 18 i
446 523 114 19 allmänhet
576 523 71 25 hvarje
663 522 28 26 är,
708 523 26 26 pä
750 523 39 20 den
804 524 28 19 tid
844 530 31 13 re-

127 558 66 19 deriet
210 557 131 26 bestämmer,
358 557 38 20 och
418 557 99 20 särskildt
535 557 111 26 angäende
664 557 76 26 fartyg,
760 564 43 13 som
823 558 52 19 äter-

127 592 63 19 vändt
206 591 44 19 frän
266 590 74 27 längre
358 597 48 13 resa
421 591 31 19 till
468 591 79 19 utrikes
563 594 38 22 ort,
617 591 56 19 inom
690 594 30 16 tre
732 591 99 20 mänader
846 592 29 19 ef-

127 628 29 17 ter
172 626 47 19 dess
236 626 124 22 hemkomst,
377 625 79 26 afgifva
479 624 30 20 till
533 625 91 20 rederiet
646 625 136 26 redovisning
797 626 31 19 för
844 626 31 18 sin

126 659 140 26 förvaltning;
282 659 38 19 och
337 658 33 20 mä
386 658 41 20 han
443 658 47 20 icke
506 658 67 20 heller
593 658 97 27 förvägra
709 659 122 20 medredare
847 662 29 17 att

127 693 12 19 å
154 699 68 13 annan
238 692 28 20 tid
284 698 101 20 genomse
401 692 39 20 och
460 692 92 26 granska
573 692 93 26 bolagets
691 692 123 27 handlingar
837 693 39 19 och

127 727 151 25 räkenskaper.
307 726 92 20 Influtna
414 727 124 25 penningar,
556 726 71 20 hvilka
642 726 32 20 för
690 726 93 26 bolagets
797 728 79 18 rörelse

127 762 47 19 ieke
194 764 36 16 äro
252 760 112 26 behöfliga,
383 760 60 20 skola
458 760 23 20 af
494 760 76 19 honom
592 760 34 20 vid
643 760 164 26 bolagsstämma
822 761 53 19 oför-

128 796 102 26 dröjligen
247 795 31 19 till
295 794 151 20 medredarene
462 794 87 20 utdelas.

205 829 42 20 Vill
273 829 121 25 bolagsman
418 828 89 20 klandra
533 828 178 20 hufvudredarens
735 829 141 26 redovisning,

128 867 46 23 tage
191 864 12 18 &
218 864 77 18 honom
312 863 104 25 stemning
437 863 55 19 inom
514 864 30 17 tre
563 862 105 26 månader,
688 862 52 20 efter
762 863 35 19 det
818 863 59 19 redo-

128 897 110 26 visningen
254 897 104 26 afgifvits;
375 896 61 19 hafve
452 902 75 13 annars
543 896 31 19 sin
592 896 55 19 talan
663 896 97 20 försuttit.

473 955 10 21 $
500 953 33 19 26.

197 993 126 26 Bolagsmän
346 992 62 19 hafve
432 991 57 20 makt
508 993 29 18 att
557 998 75 19 genom
649 992 60 19 flesta
723 994 95 18 rösterna
833 993 44 19 huf-

130 1027 130 20 vudredaren
277 1026 45 19 från
339 1026 47 19 dess
403 1026 118 25 befattning
537 1029 37 16 när
590 1032 43 13 som
651 1026 53 19 helst
722 1026 68 26 skilja.
820 1027 59 19 Falla

130 1064 94 17 rösterna
239 1061 44 18 lika
298 1062 42 17 mot
356 1059 49 26 lika,
422 1059 50 20 eller
487 1062 22 17 är
529 1059 40 20 han
591 1059 30 19 till
640 1059 79 20 hälften
739 1060 51 19 eller
809 1060 68 19 derut-

131 1096 57 19 öfver
204 1096 6 18 i
228 1095 83 25 bolaget
326 1094 102 25 delaktig,
440 1100 39 19 ege
495 1093 116 20 domstolen
629 1096 29 17 att
675 1094 73 25 pröfva
763 1094 72 19 skälen
852 1094 26 26 pä

131 1129 102 20 hvardera
249 1129 58 19 sidan
324 1127 40 20 och
379 1127 77 20 tvisten
471 1127 79 26 afgöra.

476 1180 9 22 S
501 1179 33 18 27.

199 1220 77 19 Finnes
294 1219 17 26 ej
333 1218 154 20 hufvudredare
506 1218 73 19 utsedd
595 1218 7 19 i
618 1218 138 26 rederibolag,
772 1218 54 19 skall
844 1218 33 20 bo-

132 1255 56 26 laget
203 1259 90 14 ansvara
304 1253 30 19 för
346 1252 73 26 hvarje
435 1252 109 26 delegares
560 1252 147 25 tillgöranden,
722 1251 68 20 säsom
807 1252 71 19 ofvan-

132 1289 43 19 före
191 1294 32 13 om
240 1287 154 20 hufvudredare
410 1287 60 25 sagdt
489 1289 28 16 är.
537 1286 41 19 Vid
595 1285 88 20 domstol
699 1292 60 13 svare
775 1285 12 20 å
801 1285 77 20 rederi-

131 1324 31 17 ets
178 1324 80 23 vägnar
274 1321 40 19 den
330 1321 52 19 eller
398 1320 26 19 de
440 1320 128 26 bolagsmän,
585 1320 72 19 hvilka
675 1319 82 20 derföre
776 1319 105 20 instemda

133 1355 73 20 blifvit.

475 1401 10 22 $
501 1399 34 20 28.

200 1439 34 20 All
251 1439 40 19 den
308 1439 119 25 personliga
443 1438 134 26 ansvarighet
593 1438 81 19 utöfver
688 1438 70 25 fartyg
769 1437 38 20 och
819 1437 61 26 frakt,

132 1481 43 12 som
192 1474 6 18 i
214 1473 218 19 öfverensstämmelse
448 1472 47 20 med
512 1474 21 22 $$
552 1473 21 18 17
591 1472 39 19 och
646 1472 26 19 23
689 1471 80 26 åligger
783 1471 98 26 delegare
