1070 1786
822 144 33 17 247

138 206 39 20 och
194 206 39 19 last
249 205 79 25 vållats,
347 205 51 21 eller
418 205 38 19 ock
478 212 75 19 genom
575 212 79 13 annans
670 207 26 18 fel
714 207 38 19 och
769 207 60 20 skuld
846 209 39 19 till-

138 240 94 25 kommit,
248 240 67 19 såsom
332 240 92 25 tillfällig
440 239 66 20 skada
522 245 76 20 genom
615 239 41 26 eld,
667 240 81 27 isgång,
759 244 70 23 storm,
846 243 40 25 sjö-

138 274 104 26 störtning
257 273 51 20 eller
323 273 68 26 läcka,
407 274 86 25 slitning
505 273 23 20 af
541 274 69 25 fartyg
628 274 52 19 eller
696 275 96 26 redskap,
809 277 78 25 olycka

139 314 76 20 genom
234 307 134 26 skeppsbrott
385 308 52 19 eller
456 307 103 26 fartygets
575 308 92 26 stötning
682 308 26 26 på
724 308 78 28 klippa,
819 312 67 24 grund

139 342 51 20 eller
212 342 77 25 strand,
313 341 25 20 då
360 342 64 19 sådan
449 341 122 26 påstötning
593 341 47 20 icke
664 342 67 20 blifvit
754 345 45 19 med
825 346 62 26 afsigt

139 376 166 20 ästadkommen.
335 376 35 18 Dit
385 375 78 20 räknas
479 375 40 20 ock
536 376 73 19 förlust
624 376 22 19 af
660 378 75 25 fartyg,
752 378 90 27 redskap
859 380 27 19 el-

139 410 31 20 ler
186 410 58 26 gods,
261 412 37 17 när
313 409 39 20 den
369 409 86 26 uppstår
471 411 48 18 utan
539 412 30 17 att
590 409 155 21 befälhafvaren
769 412 64 26 något
855 414 31 19 så-

139 444 51 20 dant
205 444 90 26 utgifver
310 443 31 19 för
358 443 97 19 befrielse
475 442 46 20 från
540 443 123 27 ytterligare
679 444 72 26 skada,
767 446 120 27 anlöpande

139 479 39 19 för.
194 478 94 25 motvind,
307 477 56 19 svårt
381 477 65 19 väder
464 476 52 20 eller
533 483 68 13 annan
618 478 61 19 orsak
695 479 22 19 af
731 480 68 26 någon
817 482 70 26 hamn,

139 512 86 20 hvilken
242 512 18 26 ej
277 512 67 19 såsom
361 511 105 19 nödhamn
487 511 40 19 kan
544 518 68 19 anses,
628 514 52 18 samt
697 513 50 20 flere
762 515 73 26 dylika
851 516 35 20 fall

139 546 23 21 af
175 546 77 27 olycka
267 546 39 20 och
322 545 135 26 tillfällighet,

208 587 44 25 Lag
268 593 78 13 samma
362 593 48 12 vare
426 585 111 27 angående
553 586 40 20 den
606 586 95 27 kostnad,
714 588 83 20 hvilken
810 596 75 19 genom

139 622 23 20 så
178 621 109 20 beskaffad
304 620 65 20 skada
385 620 68 19 blifvit
469 620 116 25 föranledd,
601 620 68 20 såsom
686 622 84 26 utgifter
785 624 39 18 och
837 630 49 20 upp-

117 681 2 2 =
139 656 101 26 offringar
256 655 30 19 för
302 655 132 26 omlastning,
451 654 91 20 skadans
558 654 112 26 afböjande
684 656 51 19 eller
746 656 141 28 afhjelpande,

139 690 144 26 egendomens
303 689 103 26 bergning
425 688 51 20 eller
491 688 159 27 ätervinnande,
665 692 79 23 protest
759 691 38 20 och
813 692 74 26 sjöför-

139 724 83 26 klaring
238 724 52 20 eller
305 723 65 19 andra
385 722 79 20 sädana
479 722 156 20 omkostnader.

477 792 10 22 S
507 791 44 19 137.

208 838 72 20 Säsom
297 837 91 19 enskildt
403 836 38 20 och
457 836 49 20 icke
523 836 66 20 säsom
607 841 128 22 gemensamt
752 839 71 20 haveri
834 840 53 20 skall

140 879 70 13 anses:

211 911 41 27 1:0)
276 911 84 26 Sjökast
379 910 23 20 af
419 911 82 25 fartygs
524 910 105 25 tillbehör,
648 917 43 14 som
710 911 57 27 legat
789 913 26 25 pä
834 913 53 20 däck

142 949 48 17 utan
206 947 30 18 att
251 945 36 20 der
304 945 61 19 hafva
383 945 31 19 sin
436 946 52 17 rätta
506 944 61 26 plats,
587 947 53 17 samt
659 945 65 20 skada
739 945 13 20 &
766 947 59 25 gods,
843 953 44 14 som

142 981 53 19 varit
215 979 77 20 lastadt
310 979 27 26 pä
356 978 60 26 däck,
436 985 33 12 om
486 978 35 19 det
537 979 18 25 ej
572 979 70 20 kastas
658 979 32 20 för
704 982 30 17 att
750 980 83 27 lösgöra
848 981 39 20 far-

141 1017 37 24 tyg
195 1014 44 19 från
256 1013 73 26 grund,
345 1013 39 19 och
400 1013 6 18 i
422 1012 73 25 hvarje
512 1012 35 20 fall
564 1012 66 20 skada
645 1013 12 18 å
672 1013 74 20 sådant
765 1015 58 25 gods,
844 1021 43 14 som

141 1049 53 20 varit
210 1047 77 20 fästadt
303 1047 33 19 vid
352 1047 102 26 fartygets
469 1046 47 19 sida
531 1046 52 20 eller
598 1047 100 20 inlastadt
713 1048 7 19 i
736 1048 46 19 dess
799 1049 40 19 bät.

210 1087 43 27 2:0)
268 1087 114 20 Förlorade
398 1086 145 27 dyrbarheter,
558 1087 118 26 penningar
687 1087 38 20 och
737 1088 152 27 värdepapper,

141 1129 43 14 som
201 1122 19 26 ej
237 1121 68 20 blifvit
320 1121 32 19 för
368 1121 158 20 befälhafvaren
543 1121 93 26 angifna,
650 1124 53 17 samt
718 1121 66 20 skada
799 1122 12 19 ä
827 1125 64 17 annat

142 1156 58 26 gods,
217 1162 43 13 som
277 1155 47 20 icke
340 1161 76 20 genom
433 1155 172 26 konnässement,
617 1155 114 20 fraktsedel
742 1156 51 19 eller
804 1157 85 19 anteck-

142 1191 50 25 ning
208 1190 6 18 i
230 1189 101 26 fartygets
356 1188 126 26 handlingar
505 1188 84 20 utredes
610 1189 63 19 hafva
693 1189 68 19 blifvit
779 1190 111 24 inlastadt;

142 1223 92 21 derifrän
250 1222 64 20 likväl
331 1222 134 27 undantagna
485 1221 176 26 befälhafvarens,
678 1222 156 27 besättningens
851 1224 39 20 och

141 1263 147 22 passagerares
307 1257 74 20 kläder
396 1258 54 18 samt
465 1257 66 19 andra
548 1257 158 26 tillhörigheter,
722 1263 33 14 om
772 1258 72 19 hvilka
859 1258 31 20 sä-

143 1292 40 20 dan
200 1291 111 26 utredning
326 1291 32 20 får
372 1297 76 20 genom
465 1291 26 19 ed
509 1291 50 20 eller
575 1291 27 26 pä
617 1294 63 17 annat
695 1293 41 18 sätt
751 1291 82 21 företes.

210 1331 44 24 3:0)
270 1331 70 20 Skada
356 1330 12 20 ä
384 1330 75 26 fartyg,
478 1331 49 19 dess
545 1331 99 20 tillbehör
660 1331 50 20 eller
725 1331 46 26 last,
788 1332 101 26 uppkom-

142 1373 46 13 men
205 1371 77 20 genom
298 1365 111 26 pressning
426 1365 46 19 med
489 1365 66 26 segel,
575 1365 52 19 eller
646 1365 12 20 &
673 1365 101 26 fartygets
795 1373 94 20 pumpar,

142 1399 128 20 härrörande
284 1399 23 19 af
320 1399 61 19 deras
400 1399 146 25 användande,
561 1399 23 19 sä
600 1399 38 20 ock
654 1399 66 20 skada
736 1399 12 20 &
762 1400 67 25 segel,
845 1407 44 13 som

143 1434 53 19 blåst
215 1433 83 25 sönder,
317 1433 51 20 eller
384 1432 12 19 å
412 1434 59 24 mast,
487 1432 61 27 stång
564 1433 52 19 eller
630 1433 30 25 rä,
676 1439 43 14 som
737 1433 83 20 bräckts
839 1435 52 19 eller

142 1467 54 20 fallit
207 1467 47 25 ned,
266 1467 39 20 och
316 1467 63 19 sedan
393 1466 68 20 blifvit
472 1467 48 19 med
531 1467 70 19 dertill
611 1467 92 20 hörande
715 1467 86 26 tägverk
813 1467 77 27 kapad.
