1070 1786
231 151 35 17 434

200 212 65 20 lande
285 211 31 20 till
332 213 41 20 den
389 211 55 20 skatt
459 219 26 13 en
501 213 52 19 hvar
568 213 23 19 af
605 212 46 20 dem
668 213 30 20 till
715 213 72 20 staden
803 215 68 25 utgör,
887 213 67 26 enligt

199 247 95 26 följande
311 247 109 20 röstskala.

270 280 61 20 Skatt
346 281 23 19 af
385 282 6 18 1
412 281 57 19 mark
486 281 51 19 eller
553 281 103 20 derunder
672 283 116 17 motsvarar
807 281 33 27 !/,,
857 284 49 16 röst.

380 314 121 20 derutöfver
517 314 30 20 till
563 315 40 20 och
620 315 47 19 med
697 316 13 19 2
726 315 58 20 mark
801 314 36 28 %,,
873 315 11 12 ”

574 349 11 12 ”
696 350 11 19 3
746 349 11 12 »
803 349 35 27 3,
872 349 11 12 ”

575 383 11 12 ?
696 384 12 18 4
801 383 38 26 Ir

421 408 15 29 n”
574 417 11 11 ”
696 418 12 18 5
802 417 35 26 o

425 451 11 11 ”
575 451 11 11 n
698 451 10 20 6
803 450 36 27 Slo
871 450 12 12 ?

424 485 11 11 ”
573 484 11 12 ”
689 475 15 33 LI
801 485 36 26 "o
872 485 11 11 »”

425 519 9 11 ”
572 519 11 12 ”
695 520 12 18 8
745 519 11 12 »
802 518 38 27 8,
872 519 11 12 ”

424 552 10 12 ”
573 552 10 12 ”
695 553 11 19 9
744 553 11 12 n
800 552 37 28 [N
872 553 11 12 n

423 586 12 12 ”
573 587 11 11 n
682 587 25 19 10
744 587 12 12 ”
816 588 9 18 1
871 587 12 12 n”

399 620 59 20 öfver
476 621 24 19 10
516 620 31 20 till
563 620 39 20 och
618 621 47 19 med
680 620 28 21 20
725 620 58 20 mark
814 622 12 18 2
842 623 73 17 röster.

420 651 16 23 n”
473 655 26 19 20
572 655 11 12 n
680 655 26 19 30
742 651 15 23 n”
816 655 11 19 3
872 655 11 12 n

420 684 15 23 n”
474 689 25 19 30
573 689 11 11 n
680 689 27 19 40
745 688 11 12 n
815 690 11 18 4
871 689 12 12 ”

424 722 11 12 ”
473 723 25 19 40
571 722 11 12 ”
678 723 26 19 50
744 719 17 23 ”N
815 724 11 18 5
871 723 11 12 ”

474 756 25 20 50
572 756 11 12 ”
681 756 27 20 60
747 757 11 12 >”
817 757 11 19 6
872 757 11 11 »”

473 791 25 19 60
567 786 15 25 n”
679 790 27 20 70
746 790 11 12 ”
815 791 12 19 Y
871 791 12 11 ”

472 825 26 19 70
571 825 11 12 ”
679 825 27 19 80
746 825 11 11 »”
815 825 12 19 8
871 825 12 12 »

424 858 10 12 n
473 859 26 19 80
567 854 15 23 n”
678 859 27 19 90
816 859 11 19 9
872 859 11 12 n

424 892 10 12 n
474 893 26 18 90
572 892 11 12 n
666 893 40 18 100
746 893 11 11 n
804 893 24 19 10
872 893 11 11 n

200 927 41 20 och
256 926 24 20 sä
296 926 77 20 vidare.

545 956 10 22 s
572 954 33 20 13.

270 994 135 26 Röstegande
425 1000 49 13 vare
491 993 118 27 berättigad
625 996 30 17 att
670 994 31 19 sin
718 994 56 20 talan
790 995 39 19 och
845 997 84 18 rösträtt
945 995 6 19 i

202 1028 167 20 rädhusstämma
392 1034 75 20 genom
491 1027 98 20 fullmakt
608 1028 26 26 pä
654 1035 69 13 annan
743 1029 126 26 röstegande
884 1029 67 20 öfver-

200 1062 49 19 läta.
280 1062 133 19 Fullmakten
436 1062 53 19 skall
514 1069 50 12 vara
586 1063 100 26 antingen
708 1062 93 20 skrifven
821 1063 38 19 och
877 1063 74 20 under-

201 1095 92 20 tecknad
313 1096 23 19 af
355 1096 121 20 utställaren
495 1099 54 17 samt
564 1097 46 19 med
628 1097 79 19 dennes
723 1097 54 26 sigill
794 1097 91 25 försedd,
901 1097 51 20 eller

201 1130 41 19 ock
258 1130 23 19 af
295 1130 76 19 honom
388 1130 158 20 undertecknad
562 1131 38 19 och
616 1131 23 19 af
652 1131 81 19 vittnen
751 1131 101 26 bestyrkt.

270 1164 25 25 Ej
313 1163 34 20 mä
363 1163 54 20 dock
433 1164 95 19 fullmakt
544 1164 130 27 godkännas,
692 1171 42 13 som
752 1167 21 17 är
789 1165 22 19 af
825 1165 50 20 flere
889 1168 25 17 än
926 1171 25 14 en

201 1198 162 26 röstberättigad
388 1197 168 27 underskrifven,
577 1200 55 18 utom
648 1198 7 20 i
671 1199 26 19 de
716 1198 43 26 fall,
775 1198 26 20 dä
818 1199 65 27 enligt
903 1200 20 18 11
942 1202 10 21 $

202 1232 50 20 flere
269 1239 100 19 personer
385 1232 50 20 böra
451 1234 45 17 utse
512 1235 130 23 gemensamt
657 1232 88 26 ombud;
760 1233 19 26 ej
794 1233 69 20 heller
874 1234 31 19 fär
916 1234 34 19 nä-

202 1273 48 20 gon,
270 1273 48 13 vare
334 1266 32 27 sig
382 1267 32 19 för
430 1273 53 20 egen
499 1266 34 20 del
549 1267 54 20 eller
618 1267 12 19 å
644 1273 81 14 annans
741 1270 79 23 vägnar
835 1268 45 19 föra
895 1268 55 19 talan

200 1302 33 18 tör
256 1302 66 18 större
343 1301 57 19 antal
421 1303 72 23 röster,
514 1303 25 17 än
561 1307 44 13 som
621 1307 71 14 svarar
708 1303 42 18 mot
766 1308 25 13 en
808 1302 107 20 tiondedel
931 1303 23 19 af

200 1334 26 20 de
242 1334 35 20 vid
294 1337 102 17 stämman
412 1335 142 20 närvarandes
571 1335 158 27 sammanlagda
744 1336 93 19 röstetal.

546 1399 10 22 S
573 1398 32 19 14.

270 1433 63 23 Öfver
349 1437 84 20 stadens
450 1436 12 21 &
476 1437 168 20 rädhusstämma
659 1437 175 27 röstberättigade
851 1438 97 20 medlem-

201 1478 45 12 mar
266 1471 53 19 skall
339 1471 23 19 af
375 1471 135 26 Magistraten
527 1471 80 26 ärligen
624 1473 107 24 upprättas
746 1472 115 26 röstlängd,
878 1475 71 24 uppta-
