1070 1786
220 135 34 18 264

526 200 9 22 $
554 198 45 19 193.

256 238 69 20 Faran
345 238 31 20 för
396 238 52 27 gods
467 237 50 21 eller
533 237 51 20 derå
598 237 107 20 beräknad
722 238 61 25 vinst,
800 238 72 19 hvilka
888 240 49 17 utan

187 272 100 20 särskildt
306 271 103 20 förbehåll
429 272 68 20 blifvit
511 271 32 20 för
560 272 41 19 viss
617 278 46 13 resa
679 271 129 26 försäkrade,
825 279 61 13 anses
903 271 33 20 be-

188 312 79 20 gynna,
283 305 26 20 då
324 306 75 25 godset
414 306 71 26 skiljes
498 306 45 19 från
559 306 48 19 land
624 305 32 20 för
672 307 30 18 att
717 306 6 18 i
741 305 92 27 fartyget
848 306 91 26 intagas,

188 341 54 18 samt
265 339 100 26 upphöra,
389 342 36 17 när
448 340 73 26 godset
545 339 67 20 blifvit
630 339 80 20 lossadt
725 339 38 20 och
780 339 117 26 förflyttadt
911 339 27 26 på

188 373 56 25 land,
260 373 51 20 eller
334 373 61 20 bordt
416 373 71 20 kunna
510 373 65 20 blifva
593 374 41 25 det,
651 374 70 19 derest
736 373 47 20 icke
799 374 138 26 försäkrings-

188 410 98 24 tagarens
303 407 143 21 försummelse
462 408 74 19 sådant
551 408 91 19 hindrat.

257 441 42 19 Har
318 441 202 27 försäkringstagare
540 441 120 20 förbehållit
677 441 33 26 sig
725 443 29 17 att
772 441 55 20 lossa
842 441 74 27 godset
932 442 6 18 i

189 476 50 19 flere
256 475 92 26 hamnar,
365 476 39 19 och
418 476 60 26 lyder
489 476 126 20 förbehållet
626 476 12 19 å
649 482 26 14 en
692 475 64 20 eller
771 482 70 13 annan
852 475 23 20 af
884 476 54 25 dem,

188 509 82 27 upphör
285 509 237 27 försäkringsgifvarens
537 510 51 24 fara,
605 513 36 17 när
656 510 75 26 godset
747 510 144 19 framkommit
906 510 30 19 till

188 543 69 26 någon
274 543 23 20 af
310 544 61 19 dessa
390 546 61 23 orter,
471 550 33 14 om
525 544 39 20 ock
585 544 47 20 hela
648 544 40 20 den
706 543 123 20 försäkrade
846 544 91 26 egendo-

190 584 46 13 men
256 577 48 20 icke
322 577 37 20 der
379 578 71 19 lossas.
480 579 69 25 Lyder
569 578 127 20 förbehållet
712 578 93 19 deremot
821 578 12 19 å
849 584 25 13 en
891 578 47 19 och

188 618 70 13 annan
274 611 23 19 af
310 611 26 19 de
351 612 101 26 uppgifna
470 611 122 26 hamnarne,
611 612 39 19 och
667 612 49 19 sker
732 612 95 24 lossning
843 612 28 19 uti
888 612 50 20 flere

189 645 23 19 af
226 645 54 25 dem,
296 645 101 26 fortlöper
412 646 57 19 faran
481 646 31 20 för
523 646 235 26 försäkringsgifvaren,
773 646 104 20 intilldess
888 646 50 20 loss-

190 679 76 26 ningen
283 679 26 26 på
324 680 51 19 sista
390 680 69 19 stället
474 680 107 19 fulländad
598 680 74 20 blifvit.

527 738 10 22 $
555 736 46 20 194.

258 775 40 20 Vid
319 776 118 26 försäkring
456 776 23 20 af
493 776 129 20 bodmerilån
640 776 39 20 och
696 776 149 26 haveribidrag
860 776 77 20 räknas

189 809 65 25 faran,
270 816 34 13 om
320 810 18 26 ej
355 812 64 18 annat
435 810 100 20 förbehåll
552 810 62 26 skett,
630 810 55 20 ifrån
702 810 39 20 den
758 810 36 25 tid,
809 810 27 20 då
851 811 86 25 pennin-

189 850 65 20 garne
275 844 69 19 blifvit
362 844 129 26 försträckta,
512 846 53 18 samt
581 851 60 13 anses
660 844 60 25 sluta,
737 846 36 17 när
789 844 58 20 faran
865 845 30 19 för
912 845 24 19 de

190 877 94 26 föremål,
300 884 44 13 som
364 881 73 23 utgöra
454 878 99 20 säkerhet
571 878 32 20 för
618 878 56 19 lånet
690 878 39 19 och
746 878 108 26 bidragen,
872 879 66 20 skulle

190 912 62 19 hafva
268 912 96 25 upphört,
384 912 45 20 ifall
448 913 25 19 de
489 913 53 19 varit
558 912 128 20 försäkrade.
719 911 43 20 Har
778 912 159 27 försäkringsta-

190 951 64 20 garen
274 945 48 26 sjelf
343 946 83 26 utgifvit
446 946 183 26 haveribidragen,
650 946 76 20 räknas
751 946 57 19 faran
829 946 52 20 ifrån
899 947 38 19 den

190 979 36 26 tid,
243 979 26 20 då
285 979 25 20 de
327 979 68 20 blifvit
411 980 30 19 för
456 980 119 20 ändamålet
591 980 101 20 använda.

528 1044 10 22 S
557 1043 45 19 195.

257 1081 96 20 Inställes
369 1088 47 13 resa
431 1082 50 19 eller
501 1082 104 26 sändning
621 1082 23 19 af
657 1082 59 26 gods,
732 1088 44 13 som
792 1082 146 27 försäkringen

190 1114 104 26 omfattar,
311 1121 48 14 vare
376 1115 216 27 försäkringstagaren
610 1115 116 27 berättigad
744 1117 29 18 att
789 1116 63 20 häfva
863 1117 35 20 det
908 1117 30 19 in-

189 1148 84 27 gängna
295 1149 73 20 aftalet
391 1151 53 18 samt
465 1149 67 20 äterfä
551 1150 40 19 den
611 1150 86 26 erlagda
716 1150 100 26 premien,
834 1157 46 13 men
899 1151 39 20 för-

189 1182 193 26 säkringsgifvaren
403 1189 39 20 ege
461 1183 63 19 likväl
545 1186 30 17 att
595 1183 90 20 derifrän
706 1183 88 27 afdraga
813 1185 40 19 och
872 1185 66 19 såsom

190 1216 114 27 ersättning
320 1216 30 20 för
366 1217 45 20 sina
427 1217 148 20 omkostnader
593 1217 82 20 behälla
690 1218 24 19 sä
726 1218 91 26 mycket,
831 1224 43 14 som
888 1221 50 18 mot-

190 1257 70 13 svarar
276 1257 25 13 en
318 1251 114 26 fjerdedels
447 1254 87 23 procent
551 1252 23 19 af
588 1252 233 27 försäkringssumman.
852 1253 86 26 Uppgär

190 1285 18 25 ej
225 1285 71 19 halfva
318 1285 94 26 premien
436 1286 30 19 till
486 1286 22 19 sä
527 1289 52 17 stort
599 1286 83 26 belopp,
700 1286 81 20 behälle
799 1287 54 19 dock
870 1287 69 20 denna

190 1318 58 20 hälft.

257 1352 43 27 Lag
315 1359 80 14 samma
410 1359 55 20 vare,
481 1360 33 13 om
531 1361 60 13 resan
608 1354 100 25 inställes,
721 1354 63 20 sedan
800 1354 138 28 försäkrings-

189 1385 111 20 hafvarens
315 1386 45 20 fara
376 1387 62 20 redan
455 1388 94 27 vidtagit,
567 1388 67 20 såsom
651 1389 26 19 då
693 1389 114 26 inlastning
822 1389 23 19 af
858 1389 80 20 försäk-

189 1419 47 20 radt
250 1419 53 27 gods
318 1420 64 20 redan
403 1421 68 20 blifvit
489 1421 73 27 börjad
583 1423 51 19 eller
653 1422 114 25 fulländad,
788 1423 51 20 eller
858 1423 26 20 då
899 1424 39 20 far-

189 1456 37 24 tyg
246 1453 89 27 afseglat
354 1455 39 19 och
412 1455 63 20 sedan
492 1456 89 27 nödgats
600 1457 31 19 för
649 1457 69 26 någon
738 1456 61 20 orsak
815 1456 123 27 återvända;
