1070 1786
794 140 35 18 203

178 208 31 19 De
227 208 88 20 sålunda
339 208 135 20 omarbetade
498 208 114 25 förslagen,
635 207 79 25 hvilka,
736 207 87 26 åtföljde
843 208 23 19 af

116 241 145 21 Komiterades
277 242 77 26 förslag
369 242 39 20 och
421 242 96 25 motiver,
529 241 84 20 härmed
626 241 30 20 till
668 241 116 20 Ständerna
795 241 67 20 öfver-

111 275 87 26 lemnas,
214 277 52 25 lyda
280 283 44 13 som
341 276 71 26 följer:

422 341 133 39 Sjölag

468 395 30 16 för

312 428 227 23 Storfurstendömet
556 429 102 21 Finland.

430 497 29 20 Om
475 497 69 25 fartyg.

465 556 10 21 S
493 554 17 21 1.

178 593 181 26 Skeppsbyggnad
370 593 30 19 fär
411 594 23 18 af
445 594 72 25 hvarje
534 593 53 19 finsk
608 593 144 26 medborgare,
767 593 94 19 enskildt

110 626 72 20 eller
178 622 12 36 i
203 627 68 26 bolag,
291 627 66 19 idkas.
388 627 66 26 Bolag
474 628 96 25 iakttage
591 627 54 19 hvad
666 634 34 12 om
720 627 79 20 sädana
820 628 39 19 för-

111 661 87 26 eningar
214 662 28 18 uti
259 661 75 19 allmän
352 661 34 26 lag
406 662 39 19 och
464 661 69 20 dertill
555 662 93 18 hörande
673 661 146 26 författningar
839 664 22 17 är

111 694 141 21 föreskrifvet.

465 725 10 22 s
491 724 19 19 2.

196 756 80 32 Ätager
299 763 31 25 sig
353 762 67 26 någon
446 765 30 17 att
500 762 71 26 bygga
591 763 69 25 fartyg
680 762 20 20 åt
720 767 75 20 annan,
813 769 48 13 vare

111 796 75 27 pligtig
201 799 30 17 att
247 796 90 26 fullgöra
359 796 41 20 alla
424 797 113 25 betingade
561 796 76 25 vilkor,
660 799 54 17 samt
732 799 30 17 att
779 797 28 19 uti
825 797 36 19 bil-

111 831 38 19 och
168 831 113 25 bolfärdigt
301 830 67 26 skiek,
388 830 37 20 der
444 837 68 13 annan
533 830 131 26 bestämning
684 831 18 25 ej
723 830 62 25 skett,
804 831 57 19 inom

111 864 62 20 utfäst
189 865 30 19 tid
235 864 90 20 aflemna
341 864 98 26 fartyget.

179 899 79 25 Fartyg
280 905 61 13 anses
364 904 50 13 vara
438 898 35 19 bil-
494 898 40 19 och
555 897 122 26 bolfärdigt,
693 898 26 19 dä
734 898 47 19 dess
797 897 64 26 skrof,

112 934 47 17 utan
176 932 135 26 förhydning,
326 935 23 16 är
366 932 115 19 fulländadt
501 932 46 19 med
564 932 160 26 förbindningar
739 931 22 20 af
775 935 31 16 trä
821 932 39 19 och

108 967 55 24 jern,
180 966 114 26 behörigen
311 966 113 20 kalfatradt
439 966 39 19 och
494 966 7 19 i
518 966 46 19 flott
579 968 70 17 vatten
666 966 80 24 felfritt,
757 968 52 17 samt
821 966 40 19 för-

111 1001 46 18 sedt
174 1001 45 18 med
236 1001 68 25 roder,
322 1001 108 25 roderjern
450 1000 39 20 och
512 999 78 26 beslag,
614 999 55 20 brott
692 1000 38 19 och
754 1000 108 25 gängspel,

111 1033 135 26 kranbalkar,
263 1034 85 26 pollare,
365 1034 134 26 förtöjnings-
517 1034 38 19 och
567 1033 121 26 ankarklys,
701 1036 91 24 spygatt,
804 1041 57 18 pum-

111 1074 37 19 par
164 1068 47 19 med
228 1068 104 23 tillbehör,
348 1069 96 24 röstjern,
460 1068 36 19 tvä
513 1067 64 25 bätar,
594 1067 150 26 nagelbänkar,
759 1070 102 23 pumpsot,

112 1102 78 25 nödiga
205 1104 74 17 stöttar
294 1103 66 18 under
376 1102 53 19 däck
446 1102 38 19 och
501 1101 104 20 tvärskott
620 1101 31 19 för
666 1101 107 26 förvaring
784 1102 21 19 af
815 1108 45 19 pro-

111 1135 58 20 viant
189 1136 39 19 och
247 1136 135 25 inventarier,
402 1136 72 26 kajuta
493 1136 38 19 och
553 1135 63 20 skans
632 1138 48 17 utan
697 1135 119 26 inredning,
832 1136 29 19 äf-

111 1176 86 13 vensom
213 1169 31 20 till
260 1170 114 25 insättning
393 1170 81 26 färdiga
496 1172 82 22 mäster,
599 1170 99 25 bogspröt
716 1170 39 19 och
774 1169 42 20 alla
831 1170 30 19 till

111 1204 121 26 tacklingen
249 1203 92 20 hörande
356 1204 106 19 rundhult.

465 1251 10 22 $
492 1249 19 20 3.

179 1289 77 19 Finnes
273 1289 19 25 ej
308 1289 94 25 aftaladt,
418 1289 52 19 huru
487 1289 68 26 fartyg
569 1288 53 20 skall
635 1289 114 26 besigtigas
760 1289 38 20 och
811 1289 50 26 god-

112 1322 87 24 kännas,
215 1329 38 19 ege
268 1322 47 25 den,
331 1323 32 19 för
379 1323 62 19 hvars
457 1323 90 26 räkning
564 1323 91 26 fartyget
672 1323 86 26 bygges,
771 1325 36 17 när
820 1323 41 20 han

112 1356 35 20 det
162 1356 78 19 önskar
256 1357 38 19 och
311 1357 91 19 arbetets
418 1357 98 26 fortgång
531 1357 18 26 ej
566 1357 92 22 hindras,
670 1357 5 19 i
688 1357 174 26 byggmästarens

111 1391 40 19 och
170 1391 55 25 gode
246 1393 58 16 mäns
323 1393 89 17 närvaro
436 1391 103 26 besigtiga
564 1391 125 26 byggnaden
712 1393 54 17 samt
789 1391 72 19 dervid

111 1427 51 23 göra
180 1425 79 24 nödiga
277 1425 151 25 påminnelser;
453 1427 47 24 tage
521 1425 38 20 ock
577 1425 6 18 i
600 1425 84 25 tvistiga
702 1424 36 20 fall
755 1424 57 20 bevis
828 1431 33 13 om

110 1457 160 26 förrättningen.
