1070 1786
812 154 33 18 131

127 217 49 24 taga
191 215 73 26 dylike
280 215 31 20 för
327 215 150 26 undergående
496 215 23 19 af
533 214 93 27 profkur,
648 215 85 20 hvilken
757 216 45 20 åter
825 217 53 19 varit

126 249 112 19 inskränkt
253 249 31 20 till
300 249 72 20 endast
393 249 35 19 två
447 249 107 25 månader,
575 249 105 20 hvarefter
698 250 133 25 patienterne
847 253 29 17 ut-

126 282 100 26 skrifvits,
250 289 32 13 om
307 283 69 25 någon
400 283 127 26 förbättring
545 283 6 19 i
571 283 61 19 deras
654 283 93 20 tillstånd
767 285 19 25 ej
803 284 73 20 hunnit

126 316 45 20 visa
188 317 38 26 sig.
257 317 47 19 Men
324 323 33 13 om
379 316 116 26 platsernes
515 317 56 19 antal
588 316 52 20 ökas
655 318 132 25 exempelvis
803 317 30 20 till
849 318 26 19 15

126 351 5 19 i
148 350 98 20 medeltal
263 350 33 20 vid
314 350 72 26 hvarje
402 351 143 25 länesjukhus,
557 350 23 20 så
591 351 58 19 torde
661 350 61 20 dessa
736 351 140 26 afdelningar,

126 384 72 20 hvilka
214 384 104 20 dessutom
340 384 88 26 erbjuda
447 385 39 19 den
508 384 65 20 fördel
592 386 30 18 att
638 384 25 20 de
678 385 133 25 sinnessjuke
827 387 47 17 utan

126 425 25 13 en
168 418 106 27 långväga
288 420 104 25 transport
409 418 71 20 kunna
496 418 85 20 komma
596 418 66 20 under
682 419 88 19 rationel
783 419 91 20 behand-

126 453 50 26 ling,
193 453 46 19 med
256 453 172 25 undanrödjande
440 453 23 19 af
471 452 153 20 ofvanberörde
640 452 137 27 olägenheter
793 453 81 26 lämpli-

126 493 40 20 gen
183 486 71 20 kunna
270 486 101 20 omdanas
387 487 30 19 till
435 487 69 19 lokala
515 486 147 26 kuranstalter,
675 489 48 17 utan
735 489 30 18 att
781 487 22 20 sä
819 489 56 18 stora

126 520 84 27 utgifter
238 521 110 24 erfordras,
374 527 44 13 som
444 528 43 19 nya
510 521 150 26 inrättningars
688 520 187 21 ästadkommande

127 554 67 21 skulle
210 555 99 20 medföra.

193 589 41 20 Det
249 589 40 20 kan
306 589 54 19 dock
377 589 47 19 icke
440 589 114 20 ankomma
569 589 12 19 &
597 589 101 20 utskottet
714 592 29 17 att
759 590 77 20 föreslä
847 596 25 13 en

126 623 114 26 detaljerad
256 623 49 26 plan
321 623 32 19 för
368 623 176 26 genomförandet
555 623 23 19 af
587 623 35 19 det
638 630 26 12 nu
680 623 111 20 förordade
807 625 65 25 syste-

125 659 49 24 met,
191 660 48 17 utan
256 658 59 19 torde
326 658 40 25 det,
379 658 71 19 derest
461 657 118 20 Ständerna
595 657 57 19 finna
667 657 77 27 skäligt
759 657 114 27 godkänna

125 691 26 20 de
173 692 87 26 angifna
283 692 139 26 principerna,
444 692 51 19 böra
513 692 20 19 ät
551 692 107 26 Styrelsen
682 691 139 20 öfverlemnas
843 693 31 18 att

124 724 42 21 läta
182 732 24 13 en
224 726 78 19 komit6
317 725 94 20 utarbeta
428 732 25 13 en
471 725 63 20 sädan
552 725 47 27 plan
616 725 38 20 och
674 725 91 20 derefter
788 726 85 25 vidtaga

125 759 26 20 de
166 760 154 25 dispositioner,
340 766 44 13 som
406 759 44 20 bäst
470 759 71 20 kunna
561 760 48 19 leda
627 759 31 19 till
674 760 35 19 det
724 759 97 26 äsyftade
836 762 35 17 än-

124 792 101 21 damälets
241 793 112 20 ernäende.

191 827 169 20 Vidkommande
376 828 65 19 sedan
458 827 72 27 frägan
547 827 73 20 hvilka
634 834 91 13 summor
741 828 69 19 härtill
826 827 45 20 bor-

124 861 26 20 de
168 861 76 25 ansläs,
267 861 63 20 hafva
353 861 65 27 nägra
441 864 96 17 närmare
560 861 242 27 kostnadsberäkningar
824 861 47 20 icke

123 894 80 20 kunnat
218 895 32 20 stä
265 895 101 20 utskottet
381 895 30 20 till
429 895 64 25 buds;
509 902 46 13 men
572 895 27 20 dä
613 895 101 20 utskottet
727 895 64 20 likväl
803 897 69 18 ansett

124 929 152 26 befrämjandet
291 929 22 19 af
326 929 70 20 denna
421 929 112 20 ömmande
555 929 183 26 samhällsuppgift
757 929 47 20 icke
821 929 50 20 böra

123 963 65 20 blifva
204 963 105 20 beroende
324 963 54 20 intill
395 963 47 20 dess
458 969 125 20 noggranna
601 963 179 26 kostnadsförslag
800 963 71 20 kunde

123 999 104 24 uppgöras
250 997 38 20 och
312 997 245 20 nästsammanträdande
577 997 88 20 Ständer
688 997 125 26 föreläggas,
833 997 38 19 har

123 1031 101 20 utskottet
240 1031 80 20 förenat
338 1031 32 26 sig
387 1037 32 14 om
437 1031 40 20 den
494 1031 55 26 äsigt
564 1033 30 17 att
609 1037 24 13 en
650 1037 79 13 summa
743 1031 23 19 af
781 1030 89 26 150,000

123 1065 57 20 mark
193 1065 11 19 &
216 1065 210 26 bevillningsmedlen
440 1065 85 20 anvisas
536 1065 30 19 till
581 1065 39 19 den
634 1071 40 20 nya
690 1064 180 26 organisationens

123 1099 165 26 genomförande
309 1099 33 20 vid
360 1099 23 20 sä
402 1099 75 26 mänga
494 1099 141 25 länesjukhus,
650 1105 44 13 som
710 1098 64 27 sagde
789 1104 82 14 summa

123 1133 110 27 medgäfve
250 1136 30 17 ait
296 1133 98 25 bekosta;
410 1133 107 20 hvarefter
532 1133 39 20 och
588 1133 45 19 med
650 1132 85 26 ledning
751 1132 22 20 af
787 1132 40 20 den
838 1132 31 19 sä-

122 1167 64 20 lunda
201 1173 70 14 vunna
290 1167 155 25 erfarenheten,
461 1167 107 25 Styrelsen
584 1166 69 20 blefve
669 1167 5 18 i
691 1166 81 20 tillfälle
787 1168 31 17 att
832 1166 37 19 hos

122 1201 164 20 näststundande
306 1201 100 26 landtdag
424 1201 51 19 äska
493 1201 36 19 det
545 1200 70 20 vidare
632 1200 82 26 belopp,
730 1206 43 14 som
791 1200 33 19 för
837 1206 32 13 re-

121 1236 180 26 organisationens
317 1235 147 20 fullbordande
475 1235 42 20 kan
529 1235 80 20 utöfver
619 1234 142 27 nyssnämnde
776 1234 93 26 anslags-

121 1276 81 13 summa
217 1269 110 20 erfordras.

189 1303 32 20 Dä
237 1303 98 27 beloppet
351 1304 23 19 af
387 1304 26 19 de
430 1304 91 26 utgifter,
533 1310 43 13 som
588 1303 128 20 inrättandet
730 1303 23 19 af
766 1309 26 13 en
809 1301 59 21 värd-

120 1337 77 20 anstalt
212 1338 52 19 eller
279 1337 45 26 asyl
340 1338 33 19 för
389 1338 97 20 kroniskt
509 1337 131 26 sinnessjuke
663 1337 65 26 enligt
750 1336 118 20 ofvanföre-

121 1371 74 27 slagna
210 1373 76 25 system
303 1371 67 20 skulle
386 1372 101 25 erfordra,
504 1371 128 26 väsentligen
650 1371 60 20 beror
726 1370 65 26 deraf,
807 1370 61 19 huru-

121 1406 50 19 vida
184 1405 56 20 lokal
258 1406 31 19 för
304 1412 24 13 en
346 1406 64 20 sådan
431 1406 117 26 inrättning
567 1405 75 20 endast
665 1405 39 19 kan
726 1403 88 20 beredas
832 1410 35 19 ge-

120 1446 48 13 nom
185 1440 129 26 nybyggnad
330 1440 52 19 eller
398 1446 32 13 om
448 1439 140 26 tilläfventyrs
603 1439 97 20 tillätelse
717 1438 69 19 kunde
799 1439 68 18 utver-

120 1473 38 19 kas
174 1475 30 17 att
219 1474 5 18 i
242 1473 62 26 något
320 1473 52 20 eller
388 1473 66 27 några
469 1473 93 20 kronans
578 1473 44 25 hus,
633 1472 53 20 efter
701 1471 167 25 ändamålsenlig
