1070 1786
825 140 21 19 31

197 203 89 21 märken
302 203 34 21 till
349 203 107 27 påseende
467 203 41 26 för
524 203 54 25 dem,
593 209 44 14 som
654 203 67 20 önska
742 205 51 26 taga
811 203 71 21 derom

196 237 126 20 kännedom.

268 271 37 20 Om
326 271 112 27 flottgods,
461 277 45 14 som
528 271 47 20 icke
597 273 26 18 är
644 271 72 20 märkt
742 271 51 21 eller
817 271 65 21 hvars

197 304 75 21 märke
294 305 68 21 under
379 305 133 27 flottningen
537 304 73 27 blifvit
629 304 124 28 utplånadt,
773 312 109 14 samman-

197 338 91 22 blandas
307 339 47 21 med
372 339 84 20 andras
469 339 60 27 gods,
550 339 25 20 så
591 340 31 19 att
638 338 154 28 eganderätten
807 339 75 21 dertill

198 372 45 20 icke
266 372 43 21 kan
331 372 47 21 med
402 372 99 21 säkerhet
523 372 133 26 bestämmas,
672 372 58 21 skall
745 373 41 20 allt
801 373 80 21 sådant

196 407 53 27 gods
260 407 102 27 fördelas
378 406 91 21 emellan
483 406 114 28 samteliga
612 406 136 28 virkesegare
762 407 8 20 i
784 407 35 21 det
829 407 52 27 för-

198 441 102 21 hållande
318 440 82 22 enhvär
418 440 30 28 af
461 440 46 22 dem
527 440 113 28 bevisligen
659 440 28 21 då
703 440 50 28 haft
768 441 59 21 virke
842 448 39 14 un-

196 475 39 21 der
245 474 113 28 flottning.

514 537 15 27 $
545 538 19 19 7.

266 577 87 21 Flottas
368 577 135 28 samtidigt
493 573 12 36 i
517 580 30 18 ett
561 577 129 27 vattendrag
704 577 54 26 flere
773 578 109 27 tillhörigt

198 611 64 26 virke,
277 611 57 21 skall
349 611 81 21 enhvar
445 611 30 27 af
486 612 47 20 dem
549 611 46 21 läta
615 610 118 22 verkställa
746 611 135 29 flottningen

197 646 31 26 sä,
240 648 33 19 att
283 645 44 21 han
336 646 122 27 derigenom
473 645 45 21 icke
533 645 158 21 ästadkommer
696 644 42 28 för
748 652 75 14 annan
838 646 44 20 vir-

198 680 100 28 kesegare
313 680 78 20 hinder
406 680 52 20 eller
473 680 119 27 olägenhet,
608 686 44 14 som
664 679 98 28 skäligen
772 680 44 21 kan
827 680 54 21 und-

196 714 67 21 vikas.
297 714 123 20 Uraktlätes
435 714 80 20 sådant
531 713 38 21 och
585 714 65 20 timar
665 714 68 20 skada
749 714 52 21 eller
813 721 68 21 uppe-

197 748 53 25 håll,
266 755 50 14 vare
331 748 42 21 den
388 748 140 27 virkesegare,
545 748 85 20 hvilken
646 748 80 20 sådant
740 748 75 26 vållat,
824 748 56 28 skyl-

197 783 37 28 dig
252 785 32 19 att
303 782 47 21 dem
368 782 113 28 godtgöra.
516 782 164 21 Vederbörande
696 782 185 28 polismyndighet

197 824 36 20 ege
248 816 38 22 ock
296 817 32 26 på
344 817 104 20 anmälan
464 816 39 21 och
518 816 55 27 efter
587 816 66 21 skedd
672 816 161 28 undersökning
848 823 33 14 om

193 850 155 28 förhållandet
368 851 70 20 lemna
463 851 41 20 den
527 850 89 21 lidande
631 852 81 26 parten
726 851 71 21 sådan
812 851 69 21 hand-

199 885 102 27 räkning,
314 892 44 13 som
366 884 42 28 för
424 884 143 29 betryggande
583 884 29 27 af
622 884 56 21 hans
692 886 45 19 rätt
746 885 73 27 finnes
835 885 46 27 lag-

198 919 58 28 ligen
272 919 97 28 befogad.

268 952 82 21 Kunna
370 953 71 27 några
460 952 101 26 fördelar
579 953 77 20 vinnas
666 952 42 27 för
722 953 99 27 samtlige
837 953 44 20 vir-

198 987 100 28 kesegare
314 987 129 27 derigenom,
459 989 32 18 att
506 987 134 27 flottningen
655 986 125 21 verkställes
790 986 41 27 för
845 994 36 20 ge-

198 1027 95 15 mensam
315 1021 101 27 räkning,
432 1027 39 21 ega
493 1021 26 20 de
543 1021 71 20 derom
638 1019 182 28 öfverenskomma
843 1021 38 20 och

200 1062 57 21 noga
273 1055 115 20 bestämma
403 1055 27 20 de
444 1055 75 25 vilkor,
535 1061 45 15 som
598 1055 36 21 vid
655 1054 91 21 arbetets
763 1054 118 28 utförande

200 1089 61 21 skola
276 1089 116 27 iakttagas.

513 1151 16 26 $
545 1153 20 20 8.

266 1191 54 25 Den,
338 1198 46 14 som
398 1190 101 28 förestår
518 1191 53 20 eller
592 1191 94 20 inrättat
703 1191 70 21 sådan
783 1191 96 27 flottled,

197 1232 45 15 som
257 1226 9 20 i
279 1226 15 27 $
309 1226 13 20 5
338 1224 121 28 beskrifves,
479 1231 50 14 vare
545 1224 82 28 pligtig
647 1226 32 19 att
698 1224 106 28 godtgöra
819 1226 62 20 såväl

196 1259 134 28 virkesegare
351 1266 44 14 som
414 1259 145 27 innehafvare
574 1259 29 27 af
613 1259 83 25 strand,
712 1259 123 21 vattenverk
849 1260 32 20 el-

197 1294 31 21 ler
243 1293 58 28 fiske
318 1294 32 20 all
367 1293 76 25 skada,
463 1300 44 14 som
527 1293 44 21 kan
586 1293 133 26 förorsakas
733 1300 75 20 genom
825 1293 55 22 hans

191 1328 153 27 försummelse
359 1330 33 18 att
407 1327 61 21 hålla
483 1327 26 21 de
519 1327 43 27 för
571 1327 135 27 flottningen
721 1327 110 28 uppförda
846 1328 33 20 in-

196 1363 154 26 rättningarne
366 1362 8 20 i
390 1361 96 28 behörigt
501 1361 72 21 stånd.

268 1395 140 28 Virkesegare
427 1402 50 14 vare
496 1395 37 21 ock
551 1395 103 28 ansvarig
664 1395 41 27 för
720 1395 31 21 all
765 1395 70 22 skada
851 1397 28 20 el-

196 1431 32 20 ler
243 1429 117 28 olägenhet,
377 1436 43 14 som
436 1436 75 21 genom
527 1429 55 21 hans
597 1429 52 21 eller
659 1429 220 28 flottningsmanska-

192 1467 48 24 pets
251 1464 143 27 förvållande
412 1464 51 20 eller
481 1470 75 20 genom
575 1463 34 21 det
622 1463 95 27 flottade
732 1463 68 22 virket
815 1465 62 20 timat
