1070 1786
790 139 34 17 249

107 205 65 21 dades
188 205 64 20 värde
268 204 114 27 godtgöras
397 204 23 19 af
433 204 48 25 den,
496 203 63 20 hvars
575 203 104 26 egendom
692 203 88 26 undgått
791 203 65 26 faran,

107 241 53 18 samt
182 239 91 20 fördelas
291 239 27 26 på
338 239 76 26 fartyg,
433 238 39 19 last
490 238 39 20 och
551 237 60 20 frakt.
642 237 191 20 Gemensamheten
850 238 6 19 i

106 274 45 19 fara
165 273 88 27 upphör,
270 273 26 20 då
311 272 70 27 fartyg
397 272 39 19 och
453 272 39 19 last
507 272 30 19 uti
553 271 209 20 bestämmelseorten
779 272 52 20 eller
849 272 6 19 i

107 307 105 20 nödhamn
229 306 70 20 blifvit
313 306 97 20 åtskilda.

175 340 77 26 Skada,
271 346 44 14 som
332 340 23 20 af
371 339 92 20 enskildt
482 339 72 20 haveri
575 339 79 26 härrör,
673 339 90 20 drabbar
783 340 73 20 endast

108 382 84 20 egaren,
212 374 69 20 såvidt
300 374 18 26 ej
340 374 69 26 någon
432 380 68 13 annan
518 376 22 17 är
556 374 69 19 dertill
642 373 98 20 vållande
755 374 39 20 och
811 374 45 19 blif-

108 416 36 13 ver
160 408 112 27 förpligtad
289 410 29 18 att
334 408 70 20 derför
419 414 95 13 ansvara.

443 472 10 22 $
472 470 45 20 142.

174 511 43 20 När
230 513 131 25 gemensamt
370 511 72 19 haveri
455 510 90 20 drabbat
556 510 76 27 fartyg,
644 510 53 20 skall
709 510 63 27 detta,
783 510 23 20 så
817 511 41 20 fort

107 546 113 26 lämpligen
232 545 37 20 ske
281 545 48 25 kan,
341 545 28 19 uti
382 544 206 20 bestämmelseorten
599 544 50 20 eller
664 544 104 20 nödhamn
781 545 76 19 under-

108 580 70 20 kastas
190 580 119 26 besigtning
320 580 39 19 och
370 579 113 26 värdering
494 579 22 19 af
525 579 134 26 sakkunnige
670 582 54 22 män,
736 579 73 20 hvilka
821 579 35 20 be-

108 614 60 26 hörig
192 614 125 26 myndighet
340 615 72 23 utsett;
436 613 39 19 och
495 613 34 19 må
544 614 19 24 ej
580 612 144 20 dessförinnan
741 613 68 27 någon
827 613 28 19 åt-

108 648 58 27 gärd,
183 655 43 13 som
243 648 40 20 kan
302 648 130 26 uppskjutas,
448 647 30 19 till
495 647 90 20 skadans
601 647 137 26 afhjelpande
754 647 102 27 vidtagas.

109 682 157 26 Synemännen,
287 682 72 20 hvilka
376 688 41 20 ega
437 682 82 26 förfoga
539 682 59 20 öfver
618 682 68 26 fartyg
705 682 39 20 och
763 682 46 26 last,
825 682 31 19 så-

108 723 44 13 som
168 717 73 26 nödigt
257 719 23 17 är
296 716 30 20 för
342 722 26 14 en
385 722 109 20 noggrann
515 716 127 26 besigtning,
661 716 61 20 skola
741 716 117 20 bestämma

109 750 56 20 såväl
181 751 103 26 fartygets
301 750 63 20 värde
380 750 6 19 i
402 750 48 20 dess
465 750 93 20 skadade
574 749 67 26 skick,
657 756 44 13 som
718 750 39 19 ock
773 750 84 19 kostna-

108 784 40 20 den
164 784 32 20 för
212 784 40 20 den
268 790 158 20 gemensamma
442 784 91 20 skadans
545 784 98 25 botande,
655 786 54 18 samt
720 784 72 20 dervid
804 784 52 19 iakt-

109 820 54 25 taga,
179 821 31 17 att
225 818 47 20 icke
288 818 66 27 några
369 818 156 26 felaktigbeter,
541 818 73 20 hvilka
634 819 84 19 härröra
733 819 22 19 af
768 820 45 18 röta
829 818 28 20 el-

109 853 30 19 ler
155 852 124 20 tillkommit
294 852 12 20 å
320 852 92 26 redskap
428 852 31 20 för
475 852 60 20 deras
553 852 154 26 bristfällighet,
720 848 63 24 blifva
798 852 58 20 inbe-

108 886 76 26 gripna
206 887 39 18 och
269 886 127 25 beräknade,
417 888 48 17 utan
486 888 30 17 att
535 886 54 19 blott
607 886 40 19 den
663 886 73 19 förlust
752 886 105 25 värderas,

108 926 44 13 som
168 920 6 19 i
191 920 94 19 haveriet
304 920 98 26 uppstått,
422 920 109 19 äfvensom
551 922 30 17 att
599 920 116 19 kostnaden
732 920 31 19 för
778 919 79 20 istånd-

109 955 105 20 sättandet
229 954 23 20 af
265 953 71 27 hvarje
355 954 33 19 del
408 954 75 20 blifver
506 954 100 19 särskildt
624 953 113 27 uppgifven
760 953 39 20 och
822 953 35 20 be-

108 989 74 19 stämd.

448 1019 10 21 s
477 1017 45 19 143.

176 1057 226 25 Värderingssumman
418 1063 61 13 anses
495 1058 105 18 motsvara
618 1057 91 19 skadans
730 1056 82 26 belopp,
831 1057 27 19 dä

109 1091 69 19 denna
196 1091 19 25 ej
236 1091 58 19 botas
313 1090 51 20 eller
384 1091 26 19 dä
431 1091 118 25 reparation
570 1090 124 20 verkställes
714 1091 39 19 och
773 1091 84 19 kostna-

109 1124 39 20 den
168 1125 70 19 derför
261 1125 125 26 öfverstiger
408 1125 230 26 värderingssumman;
662 1131 46 13 men
732 1127 23 17 är
774 1131 83 19 repara-

109 1158 174 21 tionskostnaden
306 1159 79 19 mindre
406 1161 26 17 än
454 1159 228 26 värderingssumman,
705 1160 82 25 utgöres
811 1158 46 20 ska-

109 1192 50 20 dans
176 1192 76 26 belopp
268 1192 23 20 af
305 1192 69 20 denna
389 1192 96 20 kostnad.

176 1227 104 26 Beloppet
300 1229 87 18 ersättes
403 1227 51 26 fullt,
471 1234 32 13 om
520 1228 92 26 fartyget
628 1230 23 17 är
667 1230 53 23 nytt,
736 1235 47 12 men
799 1228 6 19 i
821 1234 36 13 an-

110 1263 35 18 nat
160 1261 35 19 fall
212 1261 54 20 skall
286 1261 97 26 derifrän,
399 1261 32 20 för
446 1261 111 20 skilnaden
582 1262 89 19 emellan
695 1262 100 26 gammalt
818 1263 40 18 och

110 1297 52 24 nytt,
177 1295 99 26 afdragas
292 1301 24 14 en
335 1295 145 26 tredjedel.af
497 1296 27 19 all
544 1296 88 19 kostnad
649 1296 13 19 &
678 1296 99 26 fartygets
793 1295 65 26 skrof,

109 1335 33 14 om
162 1329 36 20 det
216 1329 66 20 redan
302 1329 54 20 varit
375 1329 35 20 tvä
425 1330 23 19 är
462 1330 7 19 i
485 1330 52 25 sjön,
553 1330 45 19 lika
618 1330 86 26 mycket
718 1330 32 20 för
764 1330 67 20 skada
846 1329 13 20 &

109 1363 70 20 tackel
202 1363 38 20 och
264 1363 64 26 segel,
346 1363 45 20 ifall
411 1363 60 20 dessa
490 1364 54 20 varit
560 1364 124 27 begagnade
700 1365 65 19 under
780 1366 30 18 ett
824 1364 34 20 ärs

109 1398 37 25 tid,
166 1399 54 18 samt
240 1403 25 14 en
285 1397 97 26 sjettedel
402 1397 45 20 frän
463 1398 27 19 all
507 1398 67 20 skada
589 1398 12 20 &
616 1399 181 26 ankarkettingar,
813 1405 44 13 som

110 1432 53 19 varit
178 1431 35 20 två
228 1431 22 20 år
266 1431 6 19 i
289 1431 59 26 bruk,
367 1432 109 20 hvaremot
495 1433 74 26 afdrag
588 1433 32 20 för
640 1433 89 20 kostnad
748 1433 13 20 &
778 1433 79 20 ankare

109 1466 7 19 i
132 1466 53 19 intet
200 1465 36 20 fall
251 1472 51 24 eger
317 1472 51 13 rum.
