1070 1786
813 148 32 17 197

194 209 35 20 till
244 208 140 21 Nikolaistad
398 208 38 21 och
457 208 108 27 Uleåborg
575 208 85 27 främst
676 209 37 20 bör
728 210 94 20 sålunda
840 217 39 13 un-

194 242 113 25 dersökas
298 238 12 36 ;

263 278 33 19 att
311 276 89 21 dernäst
415 276 117 20 enahanda
547 276 189 28 undersökningar
747 277 52 21 böra
814 284 64 20 egnas

195 310 41 20 den
252 312 59 18 östra
326 310 39 20 och
380 310 40 20 den
437 310 111 20 mellersta
560 310 136 26 stambanan,
709 310 90 21 hvarvid
814 311 65 21 borde

194 344 111 27 iakttagas
320 346 38 22 att,
374 344 8 19 i
398 343 103 21 händelse
521 344 62 20 dessa
603 344 29 26 af
647 351 26 13 en
689 344 51 20 eller
755 352 74 13 annan
845 352 33 13 or-

194 377 46 25 sak,
256 377 45 21 icke
316 377 70 21 kunde
401 376 47 25 före
463 379 66 19 nästa
546 377 107 27 landtdag
663 377 146 28 fullständigt
819 378 59 21 verk-

194 412 85 25 ställas,
295 411 161 27 undersökning
474 410 31 28 af
519 411 40 20 den
578 411 136 27 ifrågasatta
732 412 66 20 linien
817 412 60 20 emel-

196 445 36 20 lan
248 445 96 21 Joensuu
360 444 38 21 och
413 445 104 26 Piippola
529 445 63 27 finge
610 445 81 21 lemnas
709 446 120 20 tillsvidare
845 446 32 20 be-

195 479 87 25 roende;
296 480 56 19 samt

263 515 33 18 att
318 512 124 21 Ständerna
464 512 161 27 underdänigst
646 515 82 23 emotse,
744 513 35 21 det
799 513 78 21 täcktes

195 546 69 21 Eders
280 546 125 27 Kejserliga
420 546 107 27 Majestät
542 546 4 20 i
556 546 75 21 Nåder
642 546 118 28 förelägga
771 547 107 20 nästkom-

195 581 77 20 mande
295 580 107 27 landtdag
424 581 113 19 resultatet
556 580 31 26 af
605 580 63 20 dessa
690 581 188 27 undersökningar

191 615 67 26 jemte
268 613 89 28 förslag
373 614 35 20 till
422 613 153 21 stambanenät
594 613 37 21 och
652 614 35 20 till
701 616 69 22 sättet,
787 615 91 19 ordnin-

194 655 42 21 gen
252 648 37 20 och
305 648 57 20 tiden
374 648 40 26 för
430 647 46 21 dess
492 647 118 27 utförande
628 650 56 18 samt
699 648 178 20 kostnadsberäk-

196 683 58 27 ning,
267 682 33 27 på
314 682 34 20 det
369 681 123 21 Ständerna
512 681 29 20 då
561 681 69 26 blefve
644 682 9 19 i
668 681 89 27 tillfälle
771 684 33 18 att
813 682 64 27 fatta

196 716 68 21 beslut
279 716 8 20 i
302 716 70 20 denna
386 715 194 27 maktpåliggande
595 715 160 27 angelägenhet.

197 785 101 25 Slutligen
315 784 62 19 hafva
392 783 117 20 Ständerna
525 785 70 17 ansett
612 790 25 12 en
656 784 155 25 omständighet
829 784 48 19 icke

131 820 49 20 böra
192 818 99 26 förbigås,
302 818 85 19 hvilken
399 817 70 20 kunde
481 817 66 19 blifva
560 817 23 19 af
596 817 108 26 betydelse
720 817 26 19 då
762 818 35 18 det
811 818 67 25 gäller

130 856 29 17 att
176 853 68 19 utföra
267 852 25 20 de
317 851 145 27 ifrågakomna
482 851 211 25 jernvägsplanerna,
716 851 105 26 nemligen
844 852 35 19 det

131 888 80 24 bidrag,
221 893 42 13 som
280 886 6 19 i
302 888 30 17 ett
347 886 51 19 eller
413 888 64 16 annat
493 885 101 19 afseende
606 885 69 19 kunde
691 886 21 18 af
726 885 152 19 kommunerna

131 922 78 19 lemnas
225 920 30 19 till
270 919 215 26 jernvägsföretagen.
516 919 41 19 Det
573 919 59 19 torde
648 919 105 25 nemligen
766 918 48 19 icke
826 919 50 18 kun-

131 961 26 13 na
180 954 102 20 bestridas
302 955 28 17 att
349 953 23 19 så
389 952 131 20 omfattande
534 952 260 26 jernvägsanläggningar,
810 959 45 12 som
871 953 5 18 i

131 989 57 20 detta
203 987 129 20 vidsträckta
350 987 39 20 och
409 987 54 26 glest
483 986 114 20 befolkade
613 986 49 19 land
678 987 110 24 erfordras,
804 987 75 19 endast

130 1023 26 20 då
172 1022 63 20 hafva
250 1021 68 26 någon
336 1021 63 26 utsigt
414 1022 30 17 att
459 1020 66 19 blifva
539 1027 26 12 en
582 1020 124 26 verklighet,
716 1027 33 12 om
765 1020 39 19 den
822 1021 55 18 kost-

131 1057 47 25 nad,
194 1055 126 20 statskassan
341 1055 31 19 för
392 1054 107 20 desamma
523 1054 66 19 måste
612 1053 123 24 vidkännas,
752 1054 126 25 nedbringas

130 1091 30 19 till
176 1090 41 19 den
234 1089 75 20 minsta
324 1089 92 25 möjliga.
442 1088 31 19 Då
488 1095 27 12 nu
532 1088 25 19 de
573 1087 130 25 kommuner,
712 1093 76 20 genom
800 1087 78 26 hvilka,

131 1125 51 19 eller
201 1124 6 19 i
231 1123 81 20 hvilkas
336 1123 112 25 granskap,
469 1123 142 25 jernvägarne
634 1121 84 19 komme
740 1123 29 17 att
791 1121 86 26 framgå,

131 1158 60 19 skola
206 1157 76 20 skörda
304 1156 116 25 väsentliga
439 1155 92 20 fördelar
549 1155 65 22 deraf,
635 1161 63 20 synes
714 1155 34 19 det
763 1155 47 19 icke
827 1155 51 20 obil-

132 1193 44 25 ligt,
192 1193 32 17 att
238 1197 26 13 en
281 1189 127 20 medverkan
425 1189 44 19 från
486 1189 61 19 deras
559 1189 46 19 sida
616 1189 52 25 egde
680 1195 51 12 rum.
762 1189 117 19 Ständerna

132 1226 62 20 hafva
205 1224 59 21 tänkt
275 1224 31 27 sig
317 1226 28 17 att
357 1226 14 17 t.
382 1230 34 13 ex.
430 1223 27 20 all
473 1223 156 26 expropriation
646 1222 22 20 af
682 1222 123 27 erforderlig
819 1223 59 19 mark

132 1261 32 19 för
176 1258 232 27 jernvägsanläggning
430 1257 63 20 borde
510 1257 71 19 kunna
597 1257 22 19 af
632 1257 126 19 kommunen
783 1257 97 19 bekostas

133 1295 37 19 och
187 1296 30 17 att
232 1292 139 26 dagsverken,
386 1291 123 26 isynnerhet
525 1297 34 14 om
573 1291 107 19 vintrarne
695 1290 106 20 äfvensom
815 1291 65 25 bygg-

132 1328 60 20 nads-
209 1327 40 20 och
264 1325 152 26 sleepersvirke
432 1325 68 19 skulle
517 1327 47 16 utan
583 1324 92 19 särdeles
695 1323 119 26 uppoffring
829 1324 51 19 kun-

133 1369 26 13 na
175 1362 5 19 i
198 1361 95 26 betydlig
309 1359 76 26 mängd
401 1362 104 23 presteras
521 1358 23 20 af
557 1357 276 27 lägenhetsinnehafvarene
852 1358 29 19 uti

132 1396 88 20 berörda
243 1395 129 24 kommuner,
394 1393 38 20 och
456 1399 50 13 anse
529 1392 117 20 Ständerna
661 1392 168 25 förhoppningen
846 1398 33 13 om

132 1433 29 17 ett
177 1427 182 27 tillmötesgående
375 1427 45 20 från
437 1426 160 20 vederbörande
613 1426 133 19 kommuners
762 1425 45 20 sida
822 1426 5 18 i
845 1432 34 13 an-

132 1464 46 26 tydt
193 1462 100 21 afseende
313 1461 71 19 kunna
402 1461 69 26 stödja
489 1461 32 26 sig
537 1460 27 26 på
579 1460 24 19 så
618 1459 86 27 mycket
719 1459 84 20 säkrare
819 1466 62 19 grun-
