1070 1786
801 148 36 19 495

188 213 62 21 dessa
274 212 161 28 förhållanden
457 212 38 21 och
510 212 91 28 förslag
620 212 35 21 till
673 213 64 20 deras
760 213 113 20 ordnande

186 248 52 27 ingå
259 247 35 21 till
315 247 145 25 Guvernören,
480 253 45 14 som
545 247 42 21 har
605 249 32 18 att
648 247 86 27 frågan
754 247 35 20 till
806 247 66 21 Sena-

187 284 46 18 tens
248 281 116 21 Ekonomie
378 281 168 27 Departements
561 280 124 28 afgörande
700 280 138 28 öfverlemna.

502 327 16 27 $
533 328 20 20 3.

254 360 92 22 Medlem
368 360 30 28 af
414 360 162 22 stadskommun
594 362 26 19 är
635 360 86 26 enhvar,
743 367 45 15 som
803 362 9 19 i
826 364 45 18 sta-

188 395 41 21 den
252 395 41 21 har
315 394 105 28 burskap;
443 402 44 14 som
506 395 66 21 idkar
595 395 85 25 handel,
693 394 178 28 fabriksrörelse,

187 429 121 21 handtverk
326 429 53 21 eller
398 436 75 14 annan
493 429 112 21 beskattad
624 430 80 26 näring
722 430 59 20 inom
795 429 76 21 staden

188 464 52 20 eller
258 463 48 21 dess
321 463 98 26 område;
438 470 45 14 som
498 463 39 21 der
552 470 48 20 eger
614 462 45 26 hus,
676 465 52 19 tomt
743 463 52 21 eller
806 463 65 27 jord;

187 498 53 20 eller
254 504 44 14 som
313 497 97 27 lagligen
425 496 41 22 har
481 497 39 21 sitt
536 497 23 21 bo
576 497 39 21 och
630 496 87 22 hemvist
731 497 9 21 i
754 497 83 24 staden.

503 543 16 28 $
533 544 20 20 4.

257 577 178 21 Stadskommuns
450 577 172 21 beslutanderätt
637 578 88 26 utöfvas
741 578 30 27 af
777 578 95 21 kommu-

187 618 53 14 nens
260 612 73 20 dertill
348 612 134 27 berättigade
496 612 138 20 medlemmar
650 612 104 28 antingen
769 612 37 21 vid
820 612 52 21 räd-

188 646 132 21 husstämma
336 646 52 20 eller
402 652 76 21 genom
493 646 62 21 valde
570 646 205 28 stadsfullmäktige.

260 680 168 28 Verkställighet
448 680 37 20 och
502 680 140 28 förvaltning
662 680 125 25 tillkomma,
803 680 70 21 under

188 714 155 28 Magistratens
358 714 105 26 inseende,
474 713 193 22 drätselkammare
678 714 38 20 och
726 714 26 21 de
762 714 111 22 särskilda

190 748 112 26 nämnder,
313 748 102 28 styrelser
426 748 52 21 eller
485 755 111 21 personer,
607 755 44 14 som
662 748 30 27 af
698 748 175 22 rädhusstämma

189 782 53 20 eller
256 782 200 28 stadsfullmäktige
466 782 42 27 för
523 782 81 21 sädant
619 782 103 21 ändamä!
736 785 63 19 utses.

504 828 16 27 $
534 828 21 20 5.

262 867 36 22 Uti
319 868 50 20 stad
390 867 48 21 med
454 868 57 27 flere
531 869 29 19 än
580 868 97 20 tvåtusen
696 868 105 20 invånare
815 868 59 22 skall

186 901 139 22 kommunens
341 901 172 22 beslutanderätt
529 901 126 28 uppdragas
670 902 24 21 ät
708 901 165 28 stadsfullmäk-

189 937 49 26 tige.

256 965 46 26 Äro
318 971 8 19 i
340 969 50 22 stad
408 969 95 22 allenast
519 970 97 21 tvåtusen
632 970 104 21 invånare
756 970 52 21 eller
823 971 50 20 der-

188 1004 75 25 under,
278 1004 34 21 mä
319 1004 33 27 pä
363 1003 25 21 de
403 1003 36 21 vid
454 1003 175 22 rädhusstämma
644 1003 180 28 röstberättigade
835 1011 40 14 an-

188 1038 90 25 komma,
294 1037 109 22 huruvida
418 1037 26 22 de
458 1038 57 27 vilja
529 1038 35 21 sin
580 1037 170 22 beslutanderätt
765 1039 23 20 ät
801 1039 73 20 stads-

184 1072 142 27 Jullmäktige
341 1071 115 28 öfverläta.
491 1071 46 22 Till
551 1071 68 22 beslut
629 1072 9 21 i
648 1072 59 21 detta
713 1072 49 27 fall
771 1072 102 27 fordras,

189 1109 33 18 att
233 1107 128 20 åtminstone
376 1106 171 27 tvätredjedelar
562 1106 30 27 af
603 1106 26 21 de
644 1107 145 24 närvarande,
805 1106 69 28 enligt

188 1140 117 26 röstetalet,
321 1140 73 21 derom
408 1140 34 27 sig
453 1139 100 28 förenat.

256 1169 34 25 Är
304 1174 80 20 sådant
398 1173 68 21 beslut
481 1174 95 26 fattadt,
591 1175 35 19 mä
638 1165 24 41 ej
670 1174 92 27 förslag
777 1181 33 14 om
825 1175 49 21 dess

188 1208 154 28 upphäjfvande
362 1210 110 25 upptagas
490 1207 30 28 af
530 1208 175 21 rädhusstämma
715 1208 55 27 förr
785 1210 29 19 än
825 1208 48 28 fem

188 1243 27 21 är
220 1243 112 26 förflutit;
347 1242 38 21 och
395 1241 114 28 erfordras
515 1241 42 28 för
568 1241 64 28 bifall
646 1242 78 21 härtill
734 1243 83 26 jemväl
829 1243 45 21 lika

188 1277 152 27 röstöfvervigt
354 1277 37 20 vid
406 1278 114 23 stämman,
536 1283 45 14 som
596 1283 51 21 nyss
660 1277 65 27 sagdt
740 1278 33 19 är.

258 1311 39 21 Om
308 1311 25 20 de
343 1311 9 20 i
357 1310 151 27 förenämnda
522 1310 45 27 fall
575 1310 91 28 fattade
682 1310 68 22 beslut
764 1310 59 22 skall
836 1311 38 21 hos

190 1345 138 21 Guvernören
342 1345 8 20 i
366 1345 58 21 länet
440 1345 107 20 anmälas.

505 1391 16 26 $
535 1391 20 20 6.

256 1430 64 21 Hvad
334 1430 77 21 staden
426 1430 77 21 tillhör
517 1430 105 27 antingen
632 1430 8 20 i
646 1429 116 28 fastighet,
772 1430 103 21 inkomst-

188 1465 106 28 gifvande
315 1464 103 28 rättighet
438 1464 52 21 eller
504 1464 9 20 i
527 1464 80 27 rörligt
628 1463 91 28 kapital,
743 1465 71 20 såsom
836 1465 39 21 ock
