1070 1786
833 138 34 19 471

149 197 117 20 vändande.
297 197 36 20 Att
360 198 36 19 det
421 197 98 27 slutligen
536 198 7 19 i
559 198 26 20 de
605 199 190 27 stadskommuner,
811 201 38 20 der
864 202 36 21 det

149 232 124 20 ankommer
292 232 26 26 på
333 231 180 20 rådhusstämman
533 234 31 18 att
579 232 50 26 sjelf
642 233 72 20 utöfva
728 234 52 20 eller
795 235 21 19 åt
831 236 67 20 stads-

149 265 132 27 fullmäktige
298 266 108 26 uppdraga
424 265 200 27 beslutanderätten,
635 267 61 20 äfven
710 267 36 20 bör
757 268 84 21 tillhöra
851 269 47 20 råd-

149 300 140 18 husstämman
301 301 29 17 att
341 300 23 19 af
372 299 194 27 stadsfullmäktige
583 297 96 30 återtaga
694 301 128 27 densamma,
839 303 59 20 torde

149 334 80 26 knappt
245 333 89 21 behöfva
350 334 100 26 påpekas.
481 333 108 20 Utskottet
604 334 31 20 får
652 334 84 21 derföre
753 336 76 20 föreslå
844 338 51 18 att
884 329 14 35 I

149 374 61 13 mom.
226 367 23 20 af
263 368 11 19 9
291 370 9 22 $
316 367 136 20 oförändradt
466 370 94 24 antages.

216 401 59 20 Hvad
296 402 63 20 sedan
380 402 98 20 beträffar
499 402 12 20 2
532 408 62 14 mom.
614 402 22 20 af
650 403 12 19 9
678 405 10 22 $
708 403 38 20 har
765 403 108 27 utskottet,
889 406 7 18 i

148 435 80 20 saknad
248 436 22 19 af
288 436 94 25 motiver,
403 436 48 20 icke
467 436 83 26 lyckats
565 436 63 26 finna,
645 437 53 19 hvad
716 437 85 20 dermed
817 438 78 20 rätteli-

147 476 40 20 gen
199 469 85 27 åsyftas.
314 469 31 20 De
356 470 37 19 här
404 470 127 20 omnämnde
547 470 81 20 klasser
638 470 24 20 af
670 470 155 28 skattskyldige
837 472 58 26 bero,

147 504 67 19 såsom
233 503 100 20 utskottet
350 504 66 19 redan
435 504 6 18 i
461 504 138 26 inledningen
618 504 75 26 anfört,
714 505 43 19 helt
775 506 40 19 och
831 506 64 20 hållet

146 538 28 26 på
188 538 26 19 de
230 538 58 20 olika
303 537 243 27 beskattningsföremål,
563 538 37 20 hus
621 538 39 20 och
676 540 59 25 tomt,
752 540 73 26 näring
841 542 54 18 samt

147 573 34 19 lön
198 572 51 20 eller
264 579 68 13 annan
348 572 99 26 inkomst,
463 572 32 20 för
512 573 75 19 hvilka
602 573 139 20 kommunens
758 574 137 20 medlemmar

147 609 35 17 äro
199 606 154 20 underkastade
369 606 104 26 taxering.
503 606 81 20 Endast
599 606 35 20 vid
652 607 32 19 val
700 607 23 20 af
735 608 158 26 taxeringsmän

146 640 108 20 äfvensom
270 640 34 20 vid
320 640 75 26 sjelfva
410 640 124 26 taxeringen
553 640 63 20 hafva
631 640 26 20 de
673 640 82 21 derföre
771 641 69 27 någon
857 642 35 20 be-

145 674 88 26 tydelse.
264 674 47 20 Men
327 674 6 19 i
349 674 84 20 stadens
452 674 180 26 angelägenheter
648 674 82 20 utöfvar
747 675 71 26 hvarje
835 676 56 20 med-

145 709 41 19 lem
201 708 23 20 af
237 708 127 20 kommunen
380 710 85 18 rösträtt
480 708 6 19 i
503 708 131 20 förhållande
651 708 31 20 till
698 708 35 20 det
748 708 145 28 skattebidrag

145 743 40 19 han
204 742 96 26 erlägger
319 744 48 17 utan
390 742 101 20 afseende
515 742 12 20 &
547 742 35 20 det
603 742 242 27 beskaltningsföremål,
862 744 31 20 för

145 776 81 20 hvilket
242 776 40 20 han
299 779 22 17 är
337 776 93 20 taxerad.
461 776 70 26 Något
545 776 79 20 ärende
639 776 89 20 rörande
744 777 84 20 stadens
844 778 47 20 hus-

145 810 101 27 hållning,
257 816 44 14 som
313 810 98 20 särskildt
426 810 69 20 skulle
511 810 56 26 angå
582 810 134 26 gårdsegare,
732 811 160 26 näringsidkare

145 845 52 19 eller
217 844 108 27 löntagare
343 844 60 20 torde
422 844 105 26 svårligen
546 844 72 20 kunna
638 844 117 26 uppgifvas,
771 845 64 19 sedan
851 847 40 18 sta-

145 879 51 20 dens
209 878 41 20 alla
260 878 156 26 skattskyldige
428 878 138 19 medlemmar
576 880 130 23 gemensamt
716 878 86 27 bidraga
811 879 30 19 till
851 879 42 20 alla

144 913 85 20 stadens
246 912 68 20 behof.
339 908 31 23 Är
381 912 113 26 meningen
508 912 44 19 åter
568 912 47 25 den,
626 914 30 17 att
671 912 136 26 Magistraten
822 913 69 20 såsom

145 947 94 26 offentlig
262 946 208 26 embetsmyndighet
485 945 69 20 skulle
571 946 114 26 berättigas
701 948 36 23 att,
753 946 36 19 der
803 946 41 19 den
855 953 36 13 an-

144 987 33 14 ser
196 980 75 21 sådant
292 980 79 27 nödigt,
388 981 51 18 höra
455 980 104 19 särskilda
576 979 136 20 medlemmar
727 981 23 18 af
763 980 127 19 kommunen

142 1016 6 19 i
166 1015 63 26 något
252 1014 84 24 ärende,
352 1014 22 19 så
390 1014 37 19 har
450 1014 70 20 denna
543 1014 129 26 befogenhet
691 1014 23 19 af
731 1014 58 20 ålder
811 1016 80 18 ansetts

143 1049 117 20 tillkomma
282 1048 136 26 Magistraten
441 1048 39 20 och
504 1048 71 19 tillhör
597 1047 49 20 icke
666 1048 94 20 området
775 1048 32 20 för
822 1048 70 20 denna

144 1083 129 26 författning.
304 1082 131 20 Aldraminst
457 1082 118 19 innehåller
600 1082 58 19 detta
680 1082 115 27 stadgande
818 1082 72 27 något,

143 1123 44 14 som
199 1117 47 19 med
257 1116 167 20 rådhusstämma
440 1115 42 20 står
496 1116 7 19 i
515 1116 136 26 gemenskap.
682 1116 107 20 Utskottet
800 1115 31 20 får
843 1116 46 20 der-

143 1151 44 20 före
203 1150 83 25 föreslå,
302 1152 30 18 att
349 1150 57 20 detta
422 1156 62 14 mom.
501 1150 65 20 måtte
582 1150 43 20 helt
640 1150 39 20 och
696 1149 65 20 hållet
776 1149 55 27 utgå.

213 1185 24 19 10
253 1186 10 22 $
279 1184 96 26 angifver
394 1184 26 19 de
440 1184 171 26 qvalifikationer
634 1191 26 13 en
680 1184 89 20 medlem
788 1184 23 19 af
823 1184 66 20 stads-

143 1220 127 19 kommunen
290 1218 37 20 bör
342 1218 115 19 innehafva
471 1218 32 19 för
519 1219 30 18 att
565 1218 34 19 vid
615 1217 166 20 rådhusstämma
795 1217 73 21 kunna
882 1218 7 20 i

142 1253 184 26 öfverläggningar
346 1252 40 20 och
410 1252 67 19 beslut
501 1252 90 26 deltaga.
621 1251 108 20 Utskottet
747 1258 61 13 anser
829 1252 61 20 dessa

143 1287 155 25 bestämningar
313 1287 7 18 i
336 1286 41 20 allo
393 1286 72 19 kunna
479 1286 131 26 godkännas.
640 1286 70 26 Några
726 1285 22 21 af
762 1286 47 20 dem
825 1286 64 20 hafva

141 1321 46 20 stöd
203 1322 6 18 i
225 1321 77 20 allmän
318 1320 44 27 lag;
383 1320 43 19 alla
449 1320 114 20 motiveras
578 1320 23 19 af
615 1320 63 26 nödig
694 1320 99 20 omtanke
809 1320 80 26 derom,

141 1358 31 18 att
197 1356 37 19 hos
262 1355 26 19 de
310 1354 176 26 röstberättigade
519 1354 62 20 äfven
606 1354 62 20 måtte
692 1354 72 20 kunna
792 1354 97 20 förutsät-

141 1392 31 17 tas
187 1390 88 19 intresse
291 1389 31 19 för
337 1389 139 19 kommunens
492 1388 180 26 angelägenheter
690 1388 39 19 och
755 1388 62 19 frihet
842 1388 45 20 från

141 1423 130 21 främmande
286 1423 124 26 inflytelser.
440 1423 101 20 Deremot
560 1429 62 13 anser
637 1422 101 20 utskottet
753 1422 35 19 det
803 1422 6 19 i
825 1421 63 21 slutet

140 1459 23 19 af
179 1459 7 18 1
205 1463 63 15 mom,
286 1457 174 20 förekommande
481 1456 124 27 stadgande,
624 1462 44 13 som
688 1455 45 20 från
749 1456 26 19 de
791 1455 34 19 vid
841 1455 45 20 räd-

904 1188 13 28 $
927 1189 29 20 10.
