1070 1786
809 167 32 16 173

126 232 50 17 setts
192 230 72 19 kunna
279 229 84 20 komma
378 229 6 18 i
401 229 64 25 fråga,
483 229 38 19 och
539 229 73 25 dylika
628 229 88 19 okulära
732 229 143 26 besigtningar

125 264 47 19 icke
189 263 66 20 heller
272 263 68 19 kunna
357 263 69 19 lemna
444 262 94 19 hvarken
559 262 128 26 tillförlitligt
705 263 45 19 stöd
770 263 31 18 för
820 263 54 25 pröf-

126 298 78 25 ningen
224 297 100 19 huruvida
344 297 66 25 dessa,
426 297 52 18 eller
499 296 99 26 möjligen
614 296 66 19 andra
697 296 59 19 linier
773 296 32 19 må
821 297 52 18 före-

126 332 102 19 trädesvis
253 337 48 13 vara
324 330 100 26 lämpliga
442 330 32 19 för
492 330 129 26 anläggning
637 330 23 19 af
674 330 119 20 stambanor
809 330 4 19 i
831 330 42 19 lan-

125 365 41 25 det,
192 365 50 19 eller
268 364 66 26 någon
362 364 85 26 ledning
474 364 31 19 för
534 364 153 20 bedömmande
714 365 22 19 af
757 365 24 18 de
806 364 67 20 relati-

127 406 25 12 va
168 399 120 22 kostnader,
304 405 42 13 som
372 398 29 19 till
425 398 60 19 dessa
506 398 235 26 jernvägsbyggnaders
765 398 109 20 utförande

125 433 110 24 erfordras,
252 433 37 19 har
307 432 64 19 Hans
396 432 143 26 Kejserliga
564 432 114 25 Majestät
695 432 70 25 likväl,
783 432 45 20 med
845 432 28 20 af-

125 467 77 19 seende
220 466 11 20 å
250 466 39 19 den
315 466 107 26 betydelse
445 466 72 25 frågan
542 472 33 13 om
595 466 125 26 jernvägars
742 466 132 26 anläggande

126 500 66 20 under
207 502 81 18 senaste
305 500 27 19 tid
350 500 83 19 erhållit
448 500 39 19 och
503 502 25 16 än
547 500 70 19 vidare
634 500 64 19 måste
718 500 85 26 erhålla,
821 500 54 19 velat

127 536 63 18 redan
208 542 26 12 nu
252 535 69 19 lemna
337 534 81 19 landets
435 534 90 19 Ständer
541 534 80 19 tillfälle
637 536 30 17 att
683 534 63 19 uttala
762 534 45 19 sina
821 534 53 26 åsig-

126 572 30 17 ter
172 569 110 26 angående
299 568 25 19 de
341 568 116 26 rigtningar
473 568 12 19 å
501 567 72 20 hvilka
591 568 73 25 dylika
684 569 152 26 anläggningar
853 577 22 12 ur

127 602 134 26 synpunkten
278 602 22 19 af
313 602 81 19 landets
413 602 107 19 allmänna
540 602 87 19 intresse
646 605 72 23 syntes
735 609 48 13 vara
798 603 22 19 af
834 604 39 19 den

127 639 64 17 större
209 637 43 25 vigt
268 638 29 18 att
313 636 59 19 dessa
386 636 113 25 jernvägar
516 635 63 20 borde
596 636 67 19 såsom
676 636 119 20 stambanor
807 644 67 17 anses,

126 671 106 19 äfvensom
249 670 93 19 inhemta
358 669 127 20 Ständernas
500 669 99 25 yttrande
615 669 101 20 huruvida
730 671 38 19 och
781 671 29 19 till
823 671 52 19 hvil-

127 704 35 20 ket
184 704 74 26 belopp
280 704 116 20 Sländerna
416 706 36 16 äro
474 703 97 25 benägne
592 705 30 17 att
643 704 75 26 bevilja
738 705 137 25 erforderliga

128 738 66 20 medel
212 738 31 19 till
260 744 143 20 noggrannare
425 737 182 26 undersökningar
623 737 11 19 å
650 738 61 19 dessa
730 738 145 26 sträckningar

126 772 50 19 eller
192 772 12 19 å
220 772 26 19 de
266 772 65 19 andra
354 772 67 24 linier,
445 770 72 20 hvilka
541 771 117 19 Ständerna
681 772 70 19 kunna
773 778 50 13 anse
847 773 27 19 uti

126 806 160 26 ifrågavarande
302 805 99 20 afseende
418 811 40 20 ega
475 805 102 19 företräde
598 805 85 19 framför
699 806 25 19 de
741 806 62 19 redan
823 806 52 20 före-

126 840 84 25 slagna;
230 840 126 19 kommande
372 839 26 19 de
415 839 30 19 till
461 839 87 19 ärendet
572 839 92 19 hörande
689 840 124 26 handlingar
835 840 39 20 och

127 874 77 25 kartor,
224 873 12 19 å
256 873 72 20 hvilka
350 874 41 18 alla
414 873 26 19 de
461 873 119 25 föreslagna
600 874 275 25 jernvägssträckningarne

127 907 66 20 finnas
214 912 112 21 upptagna,
342 910 28 17 alt
388 907 169 19 tillhandahållas
581 907 35 19 det
640 907 127 20 Ständernas
791 908 84 25 utskott,

126 941 31 19 till
174 941 61 20 hvars
252 941 152 20 förberedande
420 941 159 26 handläggning
598 941 73 26 frågan
689 941 39 20 kan
746 941 64 20 varda
826 942 48 19 hän-

127 975 90 26 skjuten.

330 1009 72 26 Enligt
422 1009 65 20 Hans
506 1009 145 26 Kejserliga
666 1010 130 25 Majestäts
812 1009 63 20 Nådi-

262 1051 26 19 ga
309 1044 121 25 befallning,
449 1044 70 25 gifven
545 1043 5 19 i
577 1042 31 21 S:t
636 1043 124 26 Petersburg
788 1043 39 20 den
851 1045 22 25 14

263 1078 58 26 April
341 1078 58 19 1872.

398 1128 71 20 ALEX.
485 1128 122 20 ARMFELT.

570 1178 36 20 Ch.
623 1179 46 19 Em.
686 1179 121 20 Frosterus.

313 1282 169 19 Sammansatta
493 1281 76 20 Stats-
580 1280 35 21 och
628 1281 247 20 Ekonomiutskottets

262 1315 146 20 betänkande
428 1315 30 20 N:o
477 1315 27 24 13,
523 1315 6 20 i
549 1315 103 25 anledning
671 1315 21 19 af
708 1315 47 19 Hans
772 1315 105 26 iejserliga

262 1349 94 26 Majestäts
375 1349 70 26 Nådiga
463 1349 119 26 proposition
602 1355 30 14 om
654 1349 108 25 rigtningen
781 1349 21 19 af
819 1351 56 18 stam-

262 1383 60 20 banor
338 1383 30 20 vid
380 1383 230 26 jernvägsanlägguingar
625 1383 6 20 i
647 1383 84 20 Finland.

194 1451 68 20 Sedan
279 1451 69 20 denna
364 1451 83 26 Nådiga
464 1451 129 26 proposition
610 1451 22 20 af
646 1451 136 26 Högvördiga
794 1451 79 20 Preste-

125 1485 38 19 och
189 1485 134 19 Hedervärda
346 1485 161 19 Bondeståuden
533 1486 6 18 i
563 1485 99 19 afseende
686 1485 12 19 &
722 1485 151 19 förberedande
