1070 1786
799 151 34 19 319

194 213 58 21 skall
262 213 49 27 full
326 213 122 27 ersättning
459 213 39 26 för
514 212 79 21 bristen
614 212 38 21 vid
666 212 113 28 slutliqvid
794 213 8 19 i
814 219 54 20 pen-

196 249 81 26 ningar
293 247 34 21 till
343 247 147 27 besättningen
506 247 107 28 erläggas.

391 312 10 22 $
418 310 25 19 43
459 309 136 21 oförändrad.

463 374 10 22 s
489 372 34 19 44.

189 417 41 20 Det
245 424 73 13 senare
336 419 114 18 momentet
464 417 7 19 i
487 417 71 19 denna
573 419 10 21 $
600 417 68 25 lyder:

190 451 96 20 ”Protest
304 451 94 20 anmäles
418 451 131 26 mundtligen
569 451 38 19 hos
627 450 158 20 vederbörande
804 450 62 26 Magi-

122 485 195 26 stratstjensteman,
340 485 146 20 tullkammare
510 484 52 20 eller
586 485 154 25 kronobetjent,
762 490 46 14 men
829 485 40 25 sjö-

122 518 117 27 förklaring
258 519 37 20 bör
314 519 30 19 till
364 519 88 20 domstol
470 518 119 26 skriftligen
609 518 105 20 aflemnas.
745 518 37 25 De,
798 518 73 20 hvilka

121 553 51 20 idka
190 553 63 20 sådan
275 553 94 26 kustfart,
388 559 44 14 som
448 553 7 19 i
470 555 10 22 $
497 553 25 19 31
544 552 141 26 omförmäles,
706 558 38 21 ege
760 552 53 20 dock
830 554 41 17 rätt

121 589 31 17 att
167 587 175 27 sjöförklaringen
359 587 128 26 mundtligen
501 584 139 22 framställa.”

191 620 44 20 Och
248 620 44 26 bör,
305 621 67 19 såsom
386 620 100 20 utskottet
502 620 36 20 vill
555 620 82 26 föreslå,
654 620 42 26 (jfr.
712 620 61 20 ofvan
789 620 39 20 litt.
844 619 27 27 E)

123 654 108 26 uttryckas
248 654 26 26 på
290 654 92 27 följande
398 657 50 17 sätt:

270 705 85 21 Protest
378 705 97 21 anmäles
497 705 136 27 mundtligen
656 705 37 21 hos
714 704 158 22 vederbörande

202 738 107 22 Notarius
332 739 107 27 publicus,
466 739 152 21 tullkammare
644 739 52 21 eller
718 738 153 28 kronobetjent,

202 780 48 14 men
264 773 161 28 sjöförklaring
446 773 37 21 bör
501 773 36 21 till
553 774 91 20 domstol
658 773 127 27 skriftligen
799 772 74 28 aflem-

203 814 47 14 nas.
280 807 39 25 De,
335 807 73 21 hvilka
423 807 52 21 idka
489 808 72 20 sådan
577 807 57 21 kust-
650 807 38 21 och
702 807 88 28 sjöfart,
805 814 45 14 som
865 808 9 19 i

202 842 16 26 $
233 842 27 20 31
277 841 143 26 omförmäles,
436 848 36 21 ege
491 841 54 21 dock
566 844 44 18 rätt
632 844 33 18 att
687 841 185 28 sjöförklaringen

203 875 135 27 mundtligen
348 874 137 27 framställa.

471 945 10 22 $
497 944 34 19 45.

196 989 9 20 I
221 989 69 20 stället
305 989 32 20 för
352 989 113 26 ordalagen
481 989 7 19 i
504 989 65 20 första
584 991 69 18 satsen
670 989 22 20 af
706 989 68 20 denna
789 991 19 22 $:

196 1023 45 20 ”Då
256 1023 149 26 sjöförklaring
421 1023 97 26 afgifves,
534 1023 36 20 bör
587 1023 142 20 befälhafvare
746 1026 47 17 utan
810 1023 65 26 dröjs-

129 1057 41 20 mäl
189 1057 57 20 säväl
266 1063 74 20 genom
366 1057 100 26 fartygets
489 1057 85 26 dagbok
597 1057 39 20 och
660 1057 66 27 öfriga
751 1058 126 27 handlingar

128 1098 44 13 som
194 1091 39 20 ock
252 1097 75 20 genom
349 1091 158 26 besättningens
525 1091 52 20 eller
595 1091 65 20 andra
679 1098 110 20 personers
808 1092 27 26 pä
851 1093 24 19 ed

129 1125 83 26 aflagda
228 1125 120 20 vittnesmål
364 1125 78 26 styrka,
459 1125 54 20 hvad
531 1126 39 19 han
587 1126 29 19 uti
632 1125 141 27 förklaringen
785 1126 92 19 anfört:”

198 1165 61 14 anser
275 1159 100 20 utskottet
388 1159 85 26 jemlikt
488 1159 26 20 de
531 1159 108 20 ofvanföre
655 1160 65 19 under
733 1159 38 20 litt.
783 1160 19 19 G
813 1159 62 21 fram-

129 1193 67 20 stälda
212 1193 45 19 skäl
274 1192 49 21 böra
339 1192 107 27 begagnas
461 1193 95 26 följande
572 1193 144 27 ordalydelse:

286 1243 36 21 Då
344 1243 163 28 sjöförklaring
530 1244 102 27 afgifves,
658 1244 38 21 bör
720 1245 157 28 befälhafvare,

208 1278 72 21 såvidt
295 1278 34 21 det
344 1281 55 18 utan
418 1279 107 27 dröjsmål
544 1278 35 21 ske
597 1278 49 25 kan,
665 1279 61 20 såväl
740 1286 74 21 genom
825 1279 54 28 far-

209 1314 68 25 tygets
293 1312 84 27 dagbok
399 1312 36 21 och
455 1312 73 28 öfriga
544 1312 134 27 handlingar
692 1319 46 15 som
753 1313 36 21 ock
803 1321 76 20 genom

209 1346 159 28 besättningens
391 1347 52 20 eller
464 1347 72 20 andra
556 1353 114 20 personers
689 1348 32 26 på
741 1347 24 21 ed
787 1348 92 27 aflagda

208 1380 123 21 vittnesmål
345 1380 81 27 styrka,
442 1380 58 21 hvad
515 1380 44 21 han
575 1381 8 20 i
593 1380 158 28 förklaringen
765 1381 87 28 anfört:

342 1445 22 22 $$
380 1443 26 20 46
422 1443 39 20 och
477 1443 26 19 47
521 1443 146 20 oförändrade.
