1070 1786
797 160 33 18 271

245 223 50 19 Huru
310 222 60 21 skada
385 223 21 19 af
419 223 194 26 försäkringsgifvare
628 223 109 26 godtgöres.

456 287 9 21 S
481 286 48 18 214.

185 325 43 19 Har
244 324 69 26 fartyg
329 324 52 20 eller
396 324 51 26 gods
463 324 45 28 gått
523 324 44 20 helt
583 325 37 19 och
637 324 64 20 hållet
717 325 106 25 förloradt,
837 325 28 19 el-

117 359 30 19 ler
167 358 93 20 befinnes
280 358 35 20 det
334 358 87 20 alldeles
442 359 100 19 förstördt
560 359 39 19 och
618 359 145 20 oanvändbart
781 359 31 19 för
831 359 36 19 sitt

117 392 104 26 ändamål,
237 392 51 20 eller
307 392 38 20 ock
365 392 116 20 förklaradt
496 392 31 20 för
543 393 40 26 god
601 394 47 24 pris,
665 399 49 14 vare
730 393 135 25 försäkrings-

117 427 94 25 gifvaren
228 426 85 26 skyldig
328 429 28 17 att
373 427 30 19 till
420 427 218 26 försäkringstagaren
660 427 61 26 gälda
740 428 37 18 full
793 429 72 18 ersätt-

118 461 50 25 ning
185 460 31 20 för
232 460 89 25 skadan;
344 463 49 24 tage
413 462 39 18 och
473 461 82 20 behålle
572 461 94 20 deremot
680 461 27 19 all
723 462 107 25 qvarlefva
845 460 24 20 af

119 494 39 20 den
175 494 122 20 försäkrade
320 495 131 26 egendomen
467 496 40 19 och
524 495 69 20 betale
616 495 142 20 kostnaderna
773 496 31 20 för
820 496 47 19 dess

118 529 110 26 bergning.

186 562 87 27 Uppgår
293 564 18 25 ej
335 563 146 27 försäkringen
505 563 30 20 till
559 563 143 26 egendomens
724 564 51 19 fulla
797 564 71 26 värde,

120 596 53 20 skall
190 597 41 25 det,
247 603 44 13 som
308 597 68 19 blifvit
392 597 95 27 bergadt,
505 597 40 20 och
561 597 53 20 hvad
631 597 82 20 derföre
728 598 100 26 utgifvits,
844 597 23 19 li-

120 631 72 19 kasom
216 631 142 26 ersättningen
375 632 32 19 för
423 631 87 26 skadan,
534 631 90 20 fördelas
647 632 89 19 emellan
759 631 54 20 båda
835 630 32 20 så-

119 671 43 13 som
178 665 7 19 i
201 667 10 23 $
226 666 42 19 212
284 668 66 24 säges.

458 730 10 22 S
484 728 48 20 215.

189 767 117 27 Angäende
322 768 126 26 försäkring,
463 774 44 14 som
525 768 69 19 blifvit
609 767 88 20 afslutad
708 774 33 13 om
756 767 62 26 frakt,
833 768 35 19 be-

121 801 80 20 räknad
223 802 55 19 vinst
295 801 12 20 &
322 808 67 19 varor,
413 802 130 19 bodmerilän
568 802 50 19 eller
642 802 155 26 haveribidrag,
820 808 49 13 vare

121 836 35 26 lag
172 842 43 13 som
231 836 6 19 i
253 838 10 21 S
278 836 40 20 214
334 839 68 23 säges,
418 836 45 19 ifall
479 836 64 26 ingen
560 836 55 19 frakt
631 836 106 26 förtjenas,
752 836 51 20 eller
818 836 51 26 god-

122 872 37 22 set,
175 870 65 19 hvarä
255 870 81 19 vinsten
353 870 68 20 blifvit
437 870 115 25 beräknad,
568 870 47 20 icke
631 870 149 20 framkommer
791 870 31 19 till
835 870 34 19 be-

122 903 187 26 stämmelseorten,
332 904 50 19 eller
405 904 25 19 de
454 903 94 26 föremäl,
572 911 23 12 ur
617 903 73 20 hvilka
716 903 153 20 bodmerilänet

123 938 38 19 och
178 938 174 26 haveribidragen
370 938 60 20 bordt
446 938 79 27 gäldas,
542 938 45 27 gått
601 938 87 20 alldeles
704 938 110 20 förlorade.

191 972 42 19 Har
256 972 107 19 beräknad
386 973 56 18 vinst
466 972 69 20 blifvit
557 972 110 20 försäkrad
690 973 38 19 och
748 975 23 16 är
786 972 85 27 godsets

123 1005 195 27 försäkringsvärde
334 1006 58 26 lägre
408 1009 26 17 än
450 1007 119 20 inkomsten
589 1007 31 19 för
636 1006 80 27 godset,
732 1006 26 19 dä
773 1006 36 19 det
825 1005 45 20 blif-

125 1047 35 12 ver
176 1041 6 18 i
199 1040 105 20 nödhamn
320 1041 87 19 försäldt
422 1041 51 20 eller
489 1041 6 19 i
511 1044 131 23 gemensamt
658 1041 69 19 haveri
744 1040 127 26 godtgjordt,

124 1074 53 19 skall
197 1074 110 20 skilnaden
326 1074 78 20 räknas
422 1075 227 26 försäkringsgifvaren
670 1075 31 18 till
717 1074 54 26 godo
787 1074 39 19 och
843 1074 28 19 af-

125 1108 75 27 dragas
215 1108 54 20 ifrän
286 1109 143 26 ersättningen
445 1109 31 20 för
492 1109 41 20 den
550 1109 104 20 förlorade
670 1109 88 19 vinsten.

461 1174 10 22 $
487 1172 48 19 216.

193 1207 31 23 Är
246 1211 78 20 skadan
342 1212 12 19 &
369 1212 118 19 försäkradt
510 1211 87 20 föremäl
621 1210 81 20 mindre
720 1213 26 17 än
762 1210 62 20 ofvan
841 1212 31 17 sä-

126 1252 43 19 ges,
186 1252 48 13 vare
253 1245 215 27 försäkringstagaren
493 1245 77 27 pligtig
589 1247 29 18 att
636 1245 83 20 behålla
741 1244 131 26 egendomen

126 1280 39 19 och
188 1281 56 24 njute
268 1280 74 20 endast
364 1280 117 26 ersättning
497 1280 32 19 för
544 1279 23 20 sä
582 1281 42 18 stor
640 1279 33 20 del
692 1279 23 19 af
731 1279 48 19 dess
803 1278 70 26 värde,

126 1320 43 13 som
186 1321 76 19 genom
286 1314 78 20 skadan
388 1315 45 26 gått
455 1314 98 25 förlorad,
577 1314 69 19 derest
668 1313 40 20 han
731 1313 54 25 icke,
804 1313 69 19 såsom

127 1349 67 19 nedan
211 1348 32 19 för
258 1349 111 19 särskildta
385 1349 36 19 fall
437 1349 93 26 stadgas,
546 1351 23 16 är
585 1347 116 26 berättigad
718 1349 30 17 att
763 1347 47 19 hela
821 1347 52 19 äter-

126 1382 72 20 stoden
215 1382 23 19 af
252 1382 35 20 det
302 1383 122 20 försäkrade
440 1383 30 19 till
486 1381 228 27 försäkringsgifvaren
730 1381 59 20 afstä.

461 1448 10 21 $
487 1446 48 19 217.

196 1485 70 19 Skada
282 1485 11 19 ä
309 1485 76 26 fartyg,
401 1491 43 13 som
461 1485 48 19 icke
532 1484 42 20 kan
598 1490 60 14 anses
682 1483 62 20 hafva
765 1482 44 27 gått
831 1482 44 20 helt
