1070 1786
220 151 35 19 428

186 212 26 20 de
232 212 33 20 till
284 213 27 20 då
328 213 127 20 församlade
477 212 90 21 Ständer
587 213 158 20 öfverlemnade
760 213 71 28 frågor
846 214 90 20 rörande

186 248 104 26 utvidgad
308 248 97 20 handels-
426 248 39 20 och
481 248 151 26 näringsfrihet
648 250 53 18 samt
716 248 24 20 af
753 249 39 19 den
809 255 42 20 nya
868 249 66 19 landt-

186 282 180 26 dagsordningen,
384 282 38 20 har
441 282 71 19 Hans
530 281 154 27 Kejserliga
701 282 122 26 Majestät
843 283 6 18 i
865 282 71 20 Nåder

185 316 70 19 funnit
271 316 51 26 godt
336 317 31 19 att
382 316 48 20 icke
441 316 107 26 förelägga
556 316 117 20 Ständerna
684 316 153 20 ofvanberörda
849 316 86 26 förslag,

185 352 50 17 utan
256 350 102 20 anbefallt
378 349 92 21 Senaten
489 351 29 18 att
537 350 53 20 efter
605 357 29 19 ny
649 350 98 26 pröfning
762 350 109 20 inkomma
887 350 46 20 med

185 384 144 26 underdånigt
344 383 78 27 förslag
437 384 7 19 i
459 385 77 18 ämnet.

255 417 31 20 Af
303 418 64 20 sådan
387 418 114 26 anledning
520 418 38 19 har
585 419 29 18 ett
636 419 46 25 nytt
704 418 78 26 förslag
798 418 69 20 blifvit
883 424 49 20 upp-

185 452 78 26 gjordt,
280 451 73 20 dervid
370 452 73 26 nödigt
458 451 99 20 afseende
573 452 62 19 äfven
652 452 73 19 fästats
741 452 57 19 såväl
814 452 13 20 &
842 452 39 20 den
899 458 34 20 ge-

186 492 49 14 nom
256 486 84 26 Nädiga
360 486 149 26 förordningen
529 486 23 20 af
565 486 41 20 den
622 486 27 20 24
664 486 101 20 Februari
783 486 54 20 1868
853 486 81 20 skedda

185 520 147 25 utsträckning
347 520 23 20 af
383 520 126 26 rättigheten
525 522 30 18 att
570 519 50 21 idka
637 520 76 20 handel
727 520 38 20 och
777 521 75 25 näring
863 520 6 19 i
881 520 52 24 stad,

184 561 45 14 som
249 554 41 21 ock
310 554 12 20 &
342 554 40 20 den
404 554 30 20 uti
452 554 81 27 Nädiga
549 554 230 27 landtdagsordningen
797 554 32 20 för
845 554 89 21 Storfur-

185 589 120 19 stendömet
323 589 90 19 Finland
437 588 22 20 af
475 589 40 19 den
539 589 23 19 15
579 588 31 26 (3)
626 587 61 27 April
705 589 52 19 1869
773 589 104 26 stadgade
892 591 41 17 rät-

185 623 69 26 tighet
277 622 32 20 för
328 622 105 20 särskilda
455 622 72 20 dittills
547 622 187 26 orepresenterade
756 622 135 20 medlemmar
912 624 23 19 af

185 657 159 20 stadskommun
364 658 30 18 att
414 656 84 26 deltaga
515 656 7 20 i
542 656 33 20 val
595 656 39 20 och
650 656 66 26 väljas
732 656 30 20 till
778 656 134 27 fullmäktige
927 658 7 18 i

186 691 182 27 borgareständet.

253 725 35 20 Uti
305 725 130 20 sistnämnda
450 724 77 27 förslag
543 727 22 17 är
581 724 68 20 säsom
665 724 78 20 allmän
759 725 66 26 grund
841 727 91 24 antaget,

184 762 31 18 att
230 760 26 20 de
272 759 138 21 kommunala
424 759 123 26 rättigheter
562 758 40 20 och
619 758 148 27 förpligtelser,
783 759 72 21 hvilka
867 760 66 26 enligt

184 794 106 27 grundlag
306 794 51 20 eller
372 794 122 26 privilegier
510 793 99 20 särskildt
624 792 118 20 tillkomma
757 794 56 19 vissa
831 794 101 20 medlem-

186 835 44 13 mar
249 828 24 20 af
288 828 193 24 stadskommunen,
501 826 60 21 skola
579 826 107 20 orubbade
706 827 89 26 gvarstä,
815 830 50 17 enär
886 828 46 20 med

184 862 162 28 ifrägavarande
366 862 123 26 förordning
505 862 18 24 ej
541 861 79 19 kunnat
635 861 80 26 äsyftas
730 863 31 18 att
775 862 107 26 upphäfva
897 862 35 20 be-

184 897 138 26 stämningar,
343 902 44 13 som
408 901 40 20 ega
466 895 113 26 grundlags
600 895 69 26 helgd.
700 895 48 20 Med
763 895 134 27 tillämpning
913 890 36 26 af”

184 931 41 20 den
241 929 75 22 hittills
331 929 99 27 gällande
446 929 169 26 lagstiftningens
628 929 136 26 grundsatser
777 932 35 17 äro
824 930 108 20 städernas

184 965 102 20 invånare
305 963 110 21 fördelade
433 964 7 19 i
456 965 31 18 tre
502 963 88 26 klasser,
606 963 106 26 nämligen
729 963 26 20 de
771 970 43 13 som
830 964 51 20 idka
896 967 35 17 nä-

184 1000 47 27 ring
249 999 40 20 och
310 999 86 25 rörelse,
416 998 26 20 de
461 1004 43 13 som
525 997 80 26 åtnjuta
624 997 42 26 lön,
685 998 88 25 pension
792 998 52 20 eller
862 1005 68 13 annan

184 1034 101 25 inkomst,
301 1035 53 18 samt
370 1032 25 20 de
412 1038 44 14 som
472 1031 114 20 innehafva
601 1031 100 27 fastighet
716 1032 56 19 inom
787 1033 80 20 staden.
891 1033 41 20 För

184 1069 52 19 hvar
252 1068 40 20 och
308 1074 25 13 en
350 1067 22 20 af
386 1066 61 20 dessa
463 1068 31 17 tre
509 1065 81 20 klasser
606 1067 55 19 utses
674 1066 157 26 taxeringsmän
845 1067 31 20 till
887 1067 45 20 lika

184 1102 57 20 antal
261 1104 30 17 att
312 1103 73 24 utgöra
401 1101 39 19 den
458 1100 83 25 nämnd,
557 1106 44 13 som
618 1106 50 20 eger
679 1100 118 26 uppskatta
812 1101 72 25 hvarje
900 1101 31 20 till

184 1137 129 19 kommunen
333 1135 93 20 hörande
447 1140 86 20 persons
552 1133 94 20 inkomst
665 1134 40 19 och
721 1134 116 20 bestämma
853 1135 79 20 antalet

184 1171 24 19 af
221 1170 133 20 densammas
374 1168 114 25 skattören,
509 1167 73 20 hvilka
603 1170 35 17 äro
654 1168 94 26 grunden
764 1168 32 19 för
811 1168 120 27 debitering

184 1204 23 20 af
221 1204 75 26 bidrag
314 1203 32 20 för
367 1202 84 20 stadens
467 1208 157 20 gemensamma
640 1201 70 20 behof.
741 1202 40 19 Till
798 1202 132 21 betäckande

184 1239 22 20 af
220 1238 87 27 utgifter
321 1238 32 19 för
368 1237 62 20 dessa
444 1236 65 21 behof
523 1236 38 20 bör
576 1236 54 20 dock
646 1237 74 19 främst
734 1237 107 20 användas
852 1237 78 20 afkast-

184 1273 78 26 ningen
286 1271 23 20 af
326 1271 55 20 hvad
401 1270 74 20 staden
494 1270 71 20 tillhör
585 1271 7 18 i
612 1270 106 27 fastighet,
738 1270 193 27 inkomstgifvande

183 1307 101 26 rättighet
303 1305 51 21 eller
373 1305 75 26 rörligt
467 1305 86 26 kapital,
572 1304 69 21 såsom
652 1304 48 28 ,ock
717 1304 68 20 medel
801 1305 47 20 dem
864 1307 67 18 staten

184 1342 22 19 åt
220 1341 74 20 staden
310 1339 97 26 beviljat;
422 1339 109 20 hvaremot
547 1339 41 20 den
601 1339 112 26 egendom,
725 1345 43 13 som
782 1339 99 20 särskildt
891 1339 39 20 till-

183 1376 39 19 hör
237 1375 64 26 någon
317 1375 48 23 viss
380 1373 57 20 klass
452 1373 23 20 af
488 1373 198 20 stadskommunens
698 1373 143 24 medlemmar,
854 1373 76 21 förvai-

184 1412 31 17 tas
231 1409 68 26 enligt
314 1408 71 20 derom
401 1408 98 27 gällande
514 1407 138 20 föreskrifter.

252 1442 112 27 Utgående
384 1442 45 20 från
449 1442 40 20 den
505 1441 109 21 historiskt
629 1441 124 20 bekräftade
768 1441 119 27 grundsats,
903 1444 29 18 att

184 1477 187 21 stadskommunen
388 1476 38 20 bör
441 1482 40 20 ega
495 1478 42 18 rätt
551 1477 31 19 att
597 1475 50 26 sjelf
660 1475 125 27 öfverlägga
800 1481 34 14 om
846 1475 39 20 och
897 1476 33 20 be-
