1070 1786
238 144 35 17 268

204 208 41 19 dan
262 207 5 20 i
284 207 82 20 samråd
389 207 45 20 med
453 207 226 26 försäkringsgifvaren
704 207 88 26 behörig
815 213 84 19 omsorg
922 213 32 14 om

204 242 140 26 egendomen.
376 241 124 20 Underlåter
523 242 40 19 han
587 241 64 20 sådan
675 241 152 20 underrättelse
847 241 38 20 och
905 241 49 19 vård

205 276 40 20 och
261 276 56 19 visar
335 277 19 25 ej
374 276 48 26 laga
441 276 75 22 förfall,
536 282 49 13 vare
608 275 97 26 förlustig
729 276 116 26 ersättning
865 275 31 20 för
916 275 41 25 det,

207 316 43 12 som
268 316 76 19 genom
360 310 64 19 sådan
441 309 144 19 försummelse
603 309 67 20 blifvit
686 309 89 19 skadadt
788 310 51 19 eller
850 308 106 21 förloradt.

205 340 31 23 Är
252 344 191 26 olyekshändelsen
463 344 68 19 vållad
550 350 76 20 genom
647 344 66 26 tredje
734 350 52 19 man,
803 350 43 13 som
864 343 40 20 kan
920 350 36 12 an-

206 385 33 13 ses
255 378 85 26 skyldig
356 380 29 18 att
401 378 69 20 derför
489 384 95 19 ansvara,
604 378 70 26 åligge
694 378 216 26 försäkringstagaren
927 379 30 18 att

206 414 57 18 emot
282 412 68 20 denne
370 412 84 26 vidtaga
473 412 78 26 nödiga
569 412 104 26 åtgärder,
693 412 104 20 intilldess
816 411 139 28 försäkrings-

206 446 95 26 gifvaren
319 446 31 19 får
367 446 81 20 tillfälle
465 448 29 18 att
510 446 31 20 sin
558 448 39 18 rätt
615 446 3 19 i
636 446 58 20 detta
709 446 99 20 afseende
825 446 88 20 bevaka.

545 510 10 22 $
571 508 47 20 206.

275 548 9 20 I
300 548 73 27 hvarje
389 548 42 25 fall,
448 548 26 20 dä
493 548 68 27 någon
583 548 151 21 underrättelse
758 548 36 21 bör
818 548 137 26 försäkrings-

206 583 96 25 gifvaren
322 583 108 19 meddelas
449 583 22 19 af
487 583 227 25 försäkringstagaren,
732 583 53 19 skall
807 583 68 19 denne
895 589 61 13 anses

207 616 62 20 hafva
288 616 64 20 sädan
369 616 121 27 skyldighet
509 617 100 25 fullgjort,
628 620 38 16 när
684 617 40 19 han
742 616 47 20 bref
803 617 70 19 derom
891 616 65 20 under

206 650 236 26 försäkringsgifvarens
458 650 85 26 vanliga
559 651 71 19 adress
647 651 47 19 med
711 650 76 20 allmän
804 653 47 23 post
865 650 89 20 afsändt.

546 715 9 22 5
571 713 47 19 207.

275 752 91 20 Säframt
393 752 228 26 försäkringstagarens
648 755 41 17 rätt
716 753 30 19 till
769 754 115 25 ersättning
909 753 48 19 icke

208 786 70 20 blifvit
293 786 119 26 förverkad,
428 786 53 20 skall
498 786 225 27 försäkringsgifvaren
741 787 115 20 vidkännas
873 787 83 26 följder-

207 827 27 13 na
249 821 23 19 af
285 820 27 20 all
331 821 51 24 fara,
402 821 31 19 för
453 820 85 20 hvilken
559 821 69 26 fartyg
648 822 39 18 och
709 822 40 18 last
767 824 35 16 äro
822 824 75 17 utsatta
916 821 39 19 och

207 855 38 19 han
263 854 67 26 ätagit
344 855 32 25 sig
395 857 29 17 att
442 862 95 12 ansvara.
570 851 30 23 Är
618 855 147 26 försäkringen
785 858 48 17 utan
854 855 102 20 förbehäll

207 888 97 25 afslutad,
328 895 62 12 anses
411 888 236 27 försäkringsgifvarens
670 890 135 25 ansvarighet
823 889 86 20 omfatta
928 889 27 19 all

207 922 65 19 skada
288 922 29 19 af:

277 957 41 24 1:0)
336 956 113 26 Sjöulycka
465 957 38 19 och
519 963 69 14 annan
606 957 168 26 naturhändelse,
791 957 68 20 såsom
872 957 83 26 störtsjö

206 991 39 19 och
262 990 68 25 läeka,
354 990 140 27 skeppsbrott,
519 991 80 26 fartygs
622 991 131 26 strandning,
777 991 118 26 sjunkande
917 991 39 20 och

207 1025 104 26 kantring,
324 1024 41 25 eld,
378 1025 52 19 blixt
441 1025 38 20 och
496 1025 116 26 explosion,
622 1025 145 27 jordbäfning,
778 1025 75 26 isgäng
865 1025 39 20 och
915 1026 41 25 sjö-

206 1059 53 25 kast,
276 1065 32 14 om
330 1059 39 20 ock
389 1059 78 20 skadan
488 1059 131 26 uppkommit
642 1066 76 20 genom
743 1060 65 25 tredje
833 1066 58 13 mans
914 1059 41 20 väl-

206 1093 72 25 lande;

274 1127 44 24 2:0)
334 1127 52 26 Krig
402 1127 38 20 och
456 1127 98 27 åtgärder
569 1128 23 19 af
606 1128 67 26 någon
691 1128 107 26 regering:

275 1161 43 23 3:0)
334 1161 110 26 Qvarstad,
459 1168 44 13 som
520 1163 49 18 utan
586 1161 230 27 försäkringstagarens
832 1162 61 19 skuld
911 1162 44 20 blif-

207 1195 28 19 vit
251 1201 69 13 annan
338 1195 105 26 beviljad;

274 1230 43 25 4:0)
334 1229 66 25 Stöld,
416 1230 115 25 sjöröfveri,
549 1230 112 26 plundring
677 1230 40 19 och
733 1232 63 17 annat
813 1230 58 25 våld;

274 1265 43 23 5:0)
337 1264 88 25 Förlust,
445 1271 42 13 som
509 1264 107 20 försäkrad
638 1265 104 25 egendom
762 1264 137 20 underkastas
920 1271 34 19 ge-

206 1305 47 13 nom
274 1298 47 19 dess
341 1299 145 25 pantsättande
506 1299 31 19 för
553 1298 130 20 bodmerilån
704 1299 52 19 eller
774 1305 69 13 annan
863 1299 93 19 använd-

207 1333 49 26 ning
273 1333 61 19 deraf
348 1333 31 19 för
394 1339 71 13 resans
481 1333 147 25 fortsättande;

274 1367 42 25 6:0)
332 1366 124 27 Oredlighet
471 1367 38 20 och
527 1367 99 20 förseelse
642 1367 22 19 af
679 1366 157 21 befälhafvaren
853 1366 53 20 eller
922 1366 34 20 nå-

204 1407 41 20 gon
261 1401 23 19 af
299 1401 154 26 besättningen,
473 1401 68 20 såvidt
561 1401 65 20 skada
642 1401 12 20 å
670 1401 35 20 det
726 1401 121 20 försäkrade
867 1401 88 20 föremå-

206 1435 28 19 let
249 1428 123 33 derigenom
389 1435 94 26 uppstår;
499 1438 54 17 samt

273 1468 43 27 7:0)
332 1468 192 28 Sammanstötning
544 1470 23 19 af
583 1470 75 26 fartyg,
682 1469 86 20 hvilken
793 1469 122 20 tillkommit
937 1469 22 20 af
