1070 1786
247 191 33 16 162

214 255 71 19 hemta
307 254 102 19 huruvida
432 260 25 13 en
481 254 58 25 dylik
559 254 124 27 försäljning
705 256 23 19 af
744 257 191 25 statsjernvägarne
956 257 5 19 i

212 289 91 19 Finland
319 291 22 16 är
357 288 45 19 med
420 288 127 19 Ständernas
563 288 53 26 åsigt
627 289 5 18 i
644 289 65 19 saken
725 290 235 26 öfverensstämmande,

212 323 52 19 eller
280 329 32 12 om
330 322 116 19 Ständerna
468 322 65 19 hellre
557 322 67 19 önska
644 322 62 20 dessa
725 324 125 25 jernvägars
867 324 91 20 bibehål-

212 357 61 19 lande
290 357 30 19 för
336 356 140 20 Statsverkets
492 356 96 25 räkning,
600 356 60 20 äfven
675 357 65 19 under
752 357 39 19 den
805 358 154 26 förutsättning,

210 393 30 17 att
256 390 32 20 för
304 390 116 19 desammas
440 392 81 16 remont
537 390 39 19 och
592 389 101 21 trafikens
717 391 108 19 underhåll
850 392 107 26 betydliga

210 424 74 26 bidrag
300 424 22 19 af
335 424 106 19 allmänna
461 423 67 19 medel
550 423 98 27 möjligen
669 424 71 19 kunna
757 425 64 19 blifva
841 426 65 18 under
922 426 35 18 nå-

209 465 41 19 gon
268 458 29 19 tid
313 458 22 19 af
350 453 98 39 behofvet
470 457 121 25 påkallade;
612 457 140 20 öfverlemnar
775 458 55 26 förty
850 459 30 19 till
898 459 58 19 Stän-

209 492 65 20 derna
290 494 29 17 att
334 491 139 25 underdånigt
487 492 98 25 yttrande
602 491 70 19 härom
689 492 85 26 afgifva.

413 542 72 26 Enligt
500 542 65 19 Hans
577 542 145 27 Kejserliga
733 543 130 26 Majestäts
873 544 83 26 Nådiga

345 576 120 25 befallning,
485 576 70 26 gifven
568 577 5 18 i
585 576 30 19 S:t
629 577 126 25 Petersburg
771 577 39 20 den
830 579 22 25 14
869 576 85 21 Januari

347 610 57 20 1872.

479 672 67 19 ALEX.
563 671 117 20 ARMFELT.

658 732 36 21 Ch.
710 733 48 21 Em.
774 734 121 21 Frosterus.

408 870 163 19 Sammansatta
593 869 71 19 Stats-
685 869 41 19 och
749 869 201 21 Ekonomiutskot-

339 905 45 18 tets
399 903 145 20 betänkande
561 903 30 19 N:o
603 901 29 26 11,
648 903 5 19 i
670 903 102 26 anledning
787 904 22 19 af
822 904 69 25 Nådiga
906 911 44 18 pro-

338 937 114 26 positionen,
472 937 97 26 angående
592 936 54 21 väckt
668 937 54 25 fråga
745 943 29 14 om
797 937 113 26 försäljning
932 938 21 19 af

338 971 172 26 statsjernvägarne
526 971 6 19 i
547 970 71 20 landet.

270 1034 67 19 Sedan
355 1034 69 19 denna
446 1033 83 26 Nädiga
551 1033 129 26 proposition
704 1034 126 19 remitterats
847 1034 30 19 till
893 1041 53 12 sam-

201 1070 104 17 mansatta
328 1067 62 20 Stats-
414 1067 39 20 och
473 1066 206 20 Ekonomiutskottet
694 1067 21 19 af
730 1067 113 26 högloflige
860 1067 85 20 Ridder-

199 1101 74 26 skapet
297 1102 38 19 och
359 1101 67 20 Adeln
450 1103 53 18 samt
525 1101 129 26 högvördiga
674 1101 162 25 Presteständet,
853 1108 46 13 men
916 1102 29 19 till

199 1135 73 20 enkelt
292 1135 135 20 Statsutskott
442 1135 23 19 af
479 1135 107 25 vällofliga
606 1135 176 26 Borgareständet
801 1138 53 16 samt
873 1135 71 20 heder-

200 1170 64 19 värda
279 1169 163 24 Bondeständet,
453 1169 62 19 hafva
529 1169 141 19 nästbemälde
683 1171 76 17 tvenne
770 1169 60 19 ständ
842 1169 27 25 pä
879 1169 65 20 skedd

198 1203 126 26 inbjudning
340 1202 78 26 jemväl
435 1202 115 26 hänskjutit
566 1202 86 19 ärendet
669 1202 31 19 till
716 1205 148 17 sammansatta
880 1203 63 19 Stats-

197 1237 39 19 och
260 1237 213 19 Ekonomiutskottet,
497 1236 79 19 hvilket
601 1236 99 25 derjemte
724 1236 83 19 erhållit
827 1237 33 18 del
881 1237 23 19 af
918 1238 25 18 de

197 1272 28 18 uti
241 1271 119 26 Kejserliga
378 1270 101 20 Senatens
498 1270 117 19 Ekonomie
634 1270 150 25 Departement
800 1271 6 18 i
822 1270 63 19 saken
904 1271 38 18 till-

195 1305 77 20 komne
289 1305 125 26 handlingar
430 1304 38 19 och
485 1304 110 25 protokoll.

262 1407 44 19 Den
324 1406 5 19 i
346 1405 113 20 allmänhet
483 1406 98 25 gällande
601 1405 191 20 statsekonomiska
808 1406 87 26 princip.
912 1409 29 16 att

192 1440 102 25 styrelsen
307 1440 17 25 ej
339 1439 37 20 bör
387 1440 130 19 omedelbart
534 1442 48 23 taga
600 1439 116 26 befattning
734 1440 45 18 med
796 1439 79 20 sädana
887 1440 51 19 före-

192 1478 41 21 tag,
250 1473 71 19 hvilka
344 1476 35 16 äro
403 1476 29 16 att
451 1473 97 19 hänföras
565 1473 29 19 till
612 1473 39 19 den
669 1473 83 25 vanliga
767 1473 171 20 atfärsverksam-

191 1508 63 18 heten
271 1507 38 19 och
326 1506 70 20 kunna
412 1513 50 13 vara
478 1506 99 20 förenade
594 1506 46 20 med
658 1507 54 18 vinst
728 1506 51 20 eller
794 1506 79 26 förlust,
889 1514 50 19 eger
