1070 1786
811 139 33 18 391

205 200 95 27 platsen,
320 199 109 27 äfvensom
450 200 95 21 nämnda
561 200 41 24 lön,
619 199 55 28 hyra
690 200 35 20 och
743 200 52 25 kost,
812 200 69 21 intill-

208 233 48 21 dess
271 233 87 20 beslutet
374 240 32 14 om
422 240 75 14 resans
513 233 135 28 afbrytande
663 233 71 28 blifvit
746 234 95 26 fattadt.

277 267 43 26 4:0)
337 266 81 25 Skada,
434 273 43 14 som
494 267 82 26 träffar
586 267 80 28 fartyg
682 267 51 21 eller
747 268 54 27 gods
811 261 70 27 under

204 300 91 27 försvar
317 302 43 19 mot
377 300 93 27 fiender,
490 300 82 28 kapare
592 301 52 20 eller
661 300 126 28 sjöröfvare,
805 301 76 27 erlagd

208 334 94 21 kostnad
319 334 39 20 och
374 334 58 20 lösen
443 334 42 27 för
501 337 32 18 att
548 334 73 28 återfå
632 334 82 28 fartyg
729 334 38 21 och
781 335 54 27 gods
851 334 28 21 el-

210 368 32 21 ler
257 369 71 26 någon
343 368 29 27 af
384 368 154 28 besättningen,
554 375 44 14 som
610 369 58 19 varit
679 369 7 19 i
691 368 112 28 fartygets
815 369 65 26 tjenst

210 402 38 20 och
264 402 71 26 blifvit
350 402 107 20 våldsamt
473 402 100 27 bortförd
589 402 51 20 eller
651 402 84 20 lemnad
746 403 70 19 såsom
827 403 54 25 yiss-

210 436 44 25 lan,
277 438 55 18 samt
354 436 94 27 utgifter
462 436 42 27 för
523 436 122 25 underhåll,
663 436 85 25 skötsel,
765 436 116 20 läkemedel

210 469 38 21 och
264 469 98 28 belöning
378 470 23 20 åt
416 469 47 27 den,
479 476 45 15 som
539 471 32 20 uti
587 470 56 20 strid
658 469 73 28 blifvit
747 470 68 20 sårad
829 470 52 20 eller

210 510 82 14 annars
312 503 32 21 uti
363 503 71 21 arbete
448 502 41 27 för
499 503 113 28 fartygets
626 504 110 27 räddning
750 504 89 24 skadad,
855 504 25 20 så

211 537 37 21 ock
262 537 92 21 kostnad
364 536 42 28 för
422 537 129 28 begrafning
567 538 37 20 och
618 538 72 27 skälig
705 538 68 27 gåfva
788 538 23 20 åt
827 537 54 21 enka

210 571 38 21 och
264 571 53 21 barn
332 571 57 27 efter
404 572 46 25 den,
467 578 44 14 som
527 572 78 27 aflidit.

279 606 43 27 5:0)
342 605 217 28 Bergningskostnad
574 606 42 26 för
636 605 38 21 och
694 605 104 28 tillfogad
813 606 68 20 skada

211 641 13 19 å
239 640 70 21 sådan
328 640 108 28 egendom,
456 640 85 20 hvilken
561 640 61 20 bordt
639 640 7 20 i
660 642 129 25 gemensamt
809 640 74 21 haveri

212 676 99 24 ersättas,
328 673 50 28 ifall
394 674 41 20 den
451 674 44 20 icke
510 674 69 20 skulle
595 673 71 27 blifvit
682 674 87 28 bergad.

280 709 44 27 6:0)
343 708 74 27 Nödig
437 708 68 28 utgift
516 708 42 27 för
573 710 33 18 att
622 708 34 20 till
671 708 72 21 säkert
758 708 63 21 ställe
835 708 48 26 för-

208 742 69 28 flytta
287 742 86 28 fartyg,
389 749 45 13 som
446 742 31 27 på
493 744 68 25 öppen
577 736 53 26 redd
645 744 26 18 är
682 742 41 27 för
738 742 68 21 skada
821 742 31 26 af
865 742 18 20 is

214 776 126 21 blottstäldt.

280 811 44 26 7:0)
346 809 75 21 Skada
436 809 14 21 &
459 809 81 28 fartyg
558 810 52 20 eller
624 809 52 27 gods
691 816 74 20 genom
781 809 104 28 åtgärder

213 846 43 19 mot
278 844 40 25 eld,
341 850 45 15 som
406 843 120 21 löskommit
546 843 87 21 ombord
652 844 53 20 eller
722 850 83 14 annars
821 843 64 21 hotar

209 878 107 28 fartyget.

382 923 31 27 $$
428 923 115 20 134—140
559 921 154 28 oförändrade.

511 974 15 27 $
542 974 48 20 141.

283 1015 38 20 AU
336 1014 68 21 skada
422 1013 38 22 och
475 1013 98 26 kostnad,
589 1020 45 14 som
652 1014 33 20 uti
703 1015 129 26 gemensamt
848 1013 37 20 ha-

215 1050 45 20 veri
270 1049 98 27 uppstår,
381 1048 58 21 skall
454 1047 55 28 efter
525 1047 118 28 beräkning
659 1047 30 27 af
699 1047 96 21 skadans
811 1047 74 27 belopp

216 1083 37 21 och
271 1083 35 20 det
328 1081 110 22 räddades
458 1081 67 21 värde
546 1081 118 28 godtgöras
679 1088 27 13 ur
721 1081 41 21 den
777 1081 108 27 egendom,

215 1124 45 15 som
275 1117 93 26 undgätt
378 1115 79 28 faran,
471 1117 56 19 samt
538 1115 102 27 fördelas
652 1115 32 27 pä
694 1115 87 28 fartyg,
793 1115 42 20 last
849 1114 38 21 och

210 1151 73 28 frakt.
315 1149 188 22 Gemensamheten
518 1150 8 20 i
537 1149 58 27 fara
610 1149 91 27 upphör,
717 1149 29 20 dä
757 1149 80 27 fartyg
849 1148 38 21 och

217 1187 41 19 last
274 1185 33 21 uti
322 1183 206 23 bestämmelseorten
551 1183 52 20 eller
615 1183 9 19 i
639 1182 109 21 nödhamn
767 1182 72 27 blifvit
855 1183 32 19 ät-

216 1219 78 22 skilda.

286 1252 78 26 Skada,
380 1258 46 14 som
443 1250 30 28 af
487 1250 94 21 enskildt
601 1249 74 21 haveri
690 1249 85 26 härrör,
791 1249 97 21 drabbar

217 1288 75 21 endast
303 1293 83 21 egaren,
397 1285 72 21 sävidt
480 1285 21 26 ej
512 1285 71 26 nägon
594 1290 74 14 annan
682 1284 58 20 varit
755 1283 74 21 dertill
843 1283 46 21 väl-

218 1322 64 21 lande
297 1320 37 22 och
350 1319 78 28 blifver
438 1318 129 28 förpligtad
582 1320 32 18 att
630 1317 85 32 derföre
731 1324 101 15 ansvara.

515 1381 15 28 $
546 1382 49 20 142.

286 1423 48 21 När
344 1423 129 27 gemensamt
483 1421 75 20 haveri
568 1419 91 22 drabbat
664 1419 88 28 fartyg,
760 1419 57 21 skall
825 1419 64 26 detta,

218 1459 26 21 så
253 1457 51 28 fort
318 1457 119 26 lämpligen
452 1455 36 20 ske
503 1454 51 26 kan,
569 1454 34 21 uti
618 1453 205 22 bestämmelseorten
839 1453 51 22 eller

746 1768 12 1 |
1046 1675 5 100 |
