1070 1786
219 141 34 18 214

184 211 70 14 annan
272 205 122 24 förbunden,
412 205 48 19 böte
477 204 44 19 från
538 204 38 19 och
595 204 45 19 med
658 205 28 18 tio
703 204 31 19 till
751 205 38 18 och
805 205 46 19 med
864 205 71 19 femtio

186 239 66 20 mark.

531 280 10 22 s
557 279 33 18 36.

254 324 25 26 Ej
297 323 32 20 må
346 324 68 26 någon
430 330 48 13 resa
493 323 22 20 af
530 324 142 19 befälhafvare
692 324 104 24 anträdas,
817 324 62 19 innan
896 324 39 19 han

186 361 23 17 är
225 358 83 19 försedd
325 358 46 19 med
388 357 40 20 alla
444 357 77 26 nödiga
537 357 126 27 handlingar
678 358 111 26 angående
805 358 76 26 fartyg,
898 358 39 19 last

187 392 39 20 och
251 392 126 26 besättning,
401 392 67 19 såsom
485 392 6 19 i
508 392 69 19 denna
593 392 33 25 lag
642 392 38 19 och
697 392 98 25 gällande
819 392 117 19 författnin-

187 432 37 19 gar
240 426 67 19 finnes
322 426 104 26 stadgadt.
458 426 44 19 Han
522 426 53 19 skall
595 426 38 19 ock
654 426 62 19 hafva
737 426 46 19 med
803 426 31 25 sig
850 426 86 19 ombord

188 462 29 17 ett
233 460 108 25 exemplar
357 460 22 19 af
393 460 69 19 denna
485 460 40 26 lag,
549 462 54 17 samt
625 460 66 19 under
706 466 48 13 resa
769 460 26 25 på
811 460 80 19 utrikes
907 463 30 16 ort

188 500 51 12 vara
254 493 117 26 angelägen
388 496 36 22 att,
441 494 67 19 såvidt
525 494 82 26 möjligt
617 497 29 22 är,
658 494 64 19 vinna
738 493 134 27 tillförlitliga
888 500 50 19 upp-

188 528 110 26 lysningar
314 534 32 13 om
364 528 25 19 de
406 528 135 25 föreskrifter,
558 528 72 20 hvilka
646 528 36 20 der
699 528 50 19 böra
760 528 23 19 af
793 528 76 19 honom
885 528 52 19 iakt-

190 565 66 24 tagas.

535 604 9 22 S
561 602 32 20 37.

258 648 64 26 Ingen
338 648 104 26 borgenär
462 648 60 20 hafve
543 650 40 17 rätt
603 650 29 17 att
652 648 75 19 hindra
746 648 137 26 segelfärdigt
899 648 38 19 far-

189 685 37 23 tyg
246 682 44 19 från
311 682 68 20 afresa
394 683 31 19 för
444 689 67 13 annan
533 682 49 26 gäld
598 685 25 16 än
640 682 72 25 sådan,
729 688 43 13 som
789 684 22 16 är
828 681 30 20 till
875 682 63 19 betal-

189 716 51 25 ning
261 716 96 19 förfallen
378 716 39 20 och
437 716 32 20 för
489 716 87 20 hvilken
597 716 134 19 förmånsrätt
750 716 65 19 finnes
831 716 28 19 uti
876 718 21 22 $$
915 717 22 18 11

190 750 38 20 och
246 750 26 20 12
288 750 127 26 medgifven.
446 750 83 20 Samma
545 750 34 26 lag
595 756 48 13 vare
659 756 34 13 om
707 750 117 25 utmätning
840 750 22 18 af
876 750 63 19 redan

189 784 101 19 inlastadt
302 784 58 26 gods,
372 784 68 19 såvidt
452 784 97 26 dröjsmål
563 784 121 25 derigenom
698 783 118 20 förorsakas
825 784 38 19 och
874 784 66 25 tredje

191 824 59 14 mans
267 820 40 17 rätt
322 818 88 19 sålunda
426 818 121 25 förnärmas,
564 818 26 26 på
607 820 38 17 sätt
660 818 6 18 i
682 820 5 21 $
703 818 21 19 97
743 818 114 19 nedanföre
874 820 66 23 säges.

260 852 53 19 Från
330 852 137 26 segelfärdigt
487 852 68 26 fartyg
577 852 32 19 må
628 852 48 19 icke
696 852 66 19 heller
784 852 155 19 befälhafvaren

191 886 51 19 eller
266 886 67 25 någon
350 886 20 19 af
386 886 147 25 besättningen
554 886 31 19 för
605 886 47 25 gäld
676 886 93 25 bysättas
793 885 50 20 eller
868 885 74 20 sådant

191 922 59 23 tagas
266 919 6 19 i
290 921 48 24 mät,
354 926 44 13 som
415 920 25 19 de
457 920 30 19 för
503 920 63 25 nödig
584 920 118 19 beklädnad
724 919 49 20 eller
789 920 101 25 tjenstens
907 919 34 20 be-

192 953 37 20 hof
242 953 40 20 fört
299 953 93 20 ombord.

537 1013 9 21 $
563 1011 32 18 38.

260 1049 20 26 Å
295 1056 42 19 alla
357 1058 55 18 utom
432 1056 71 19 landet
522 1056 82 26 gående
624 1055 196 27 passagerarebåtar
837 1056 39 19 och
893 1056 48 19 han-

192 1090 116 26 delsfartyg
324 1091 53 18 skall
392 1090 66 20 finnas
475 1097 24 12 en
517 1090 45 19 från
580 1090 154 25 sjömanshuset
748 1090 5 18 i
769 1089 174 26 afseglingsorten

193 1124 51 20 eller
268 1127 103 17 närmaste
388 1125 44 19 stad
449 1125 100 26 utgifven,
570 1124 52 19 efter
643 1123 106 20 faststäldt
771 1123 100 20 formulär
894 1131 49 19 upp-

193 1159 67 18 rättad
285 1161 51 17 samt
362 1159 120 25 paginerad,
503 1159 156 25 genomdragen
676 1158 39 19 och
737 1157 103 26 förseglad
858 1158 85 26 skepps-

194 1192 90 26 dagbok.
315 1192 48 20 Deri
384 1192 53 20 skall
458 1192 156 20 befälhafvaren
636 1192 99 26 dagligen
756 1191 45 25 och,
821 1191 68 20 sävidt
909 1194 35 17 nö-

194 1226 44 27 digt
255 1227 39 19 och
311 1227 81 26 möjligt
408 1230 28 22 är,
454 1226 51 20 efter
521 1226 72 26 hvarje
610 1226 49 19 vakt
675 1225 121 26 uppteckna
812 1226 51 19 eller
879 1226 65 19 under

193 1261 31 19 sin
241 1261 70 26 tillsyn
328 1261 38 19 och
383 1261 35 19 sitt
433 1267 74 13 ansvar
524 1261 42 19 låta
581 1260 120 26 uppteckna
717 1260 41 19 alla
775 1259 24 20 de
816 1260 127 26 omständig-

194 1295 59 19 heter
268 1296 38 18 och
323 1295 153 26 förändringar,
492 1301 44 14 som
554 1295 64 19 under
638 1301 60 13 resan
716 1293 91 20 inträffat
823 1294 6 19 i
845 1294 99 19 afseende

194 1329 12 19 å
221 1329 97 26 fartyget,
337 1330 47 18 dess
404 1329 144 26 styrlastighet
568 1331 52 17 samt
640 1328 78 26 afgång
735 1328 42 19 från
795 1328 38 19 och
850 1328 96 19 ankomst

194 1363 30 19 till
241 1363 69 24 hamn,
327 1363 158 26 besättningens
501 1363 100 26 göromål,
619 1362 152 20 helsotillstånd
791 1362 38 19 och
845 1361 99 20 öfverträ-

194 1397 76 25 delser,
294 1397 77 19 lastens
395 1397 128 26 behandling
547 1397 37 19 och
609 1396 57 25 vård,
690 1395 109 26 sjöskador
819 1395 38 20 och
881 1396 65 19 andra

194 1431 89 26 olyckor
305 1433 54 17 samt
382 1431 93 19 deremot
499 1431 102 26 vidtagna
616 1430 105 26 åtgärder,
738 1429 207 26 ortsbestämningar.

198 1465 55 21 vind,
264 1464 107 25 väderlek,
388 1467 62 17 ström
467 1465 38 19 och
523 1465 117 25 lodningar,
658 1465 106 18 äfvensom
781 1464 66 19 andra
862 1464 84 19 händel-
