1070 1786
241 154 34 17 306

278 217 26 27 E)
320 217 70 25 Jemte
406 218 36 19 det
456 217 101 20 utskottet
573 219 68 18 ansett
657 219 32 26 sig
705 219 53 20 böra
772 221 47 20 med
837 221 83 26 hänsigt
930 221 30 20 till

209 251 145 27 språkformen
374 251 78 20 föreslå
466 258 26 13 en
508 251 110 28 obetydlig
639 253 122 27 förändring
777 255 28 19 uti
822 255 137 20 redaktionen

209 285 23 19 af
246 287 10 21 $
272 285 35 25 31,
322 285 69 20 finner
411 285 102 20 utskottet
535 286 36 19 der
593 286 173 21 förekommande
789 289 60 19 ordet
871 289 88 19 kustfart

210 319 52 19 böra
277 319 83 25 utbytas
376 322 56 17 emot
452 320 65 19 orden
542 320 55 19 kust-
621 321 38 19 och
683 321 79 26 sjöfart.
793 322 40 20 Det
855 323 38 19 har
916 328 43 14 mer

209 356 26 17 än
252 352 84 27 engång
356 353 70 19 blifvit
444 353 112 27 påyrkadt,
575 356 30 18 att
622 354 94 26 sjölagen
738 355 47 20 icke
801 356 53 26 egde
870 356 89 26 tillämp-

210 387 51 26 ning
277 386 27 26 på
319 387 134 20 fraktrörelse
469 388 39 19 och
524 388 169 26 handelssjöfart,
709 395 43 13 som
772 389 41 20 kan
830 390 130 20 förekomma

209 420 27 26 på
254 421 81 19 landets
358 421 45 19 inre
424 422 131 26 vattendrag.
585 422 70 20 Ehuru
676 422 39 20 den
738 423 81 27 Nådiga
835 424 122 26 propositio-

211 462 39 12 nen
268 455 6 19 i
290 454 116 21 allmänhet
420 455 47 20 icke
485 456 80 19 lemnar
581 456 63 26 något
660 456 45 20 stöd
726 456 31 20 för
773 464 25 12 en
814 458 63 19 sådan
899 458 60 26 åsigt,

210 488 70 20 kunde
296 488 65 20 likväl
378 489 91 19 nämnda
481 491 8 22 $
501 489 32 19 för
548 492 30 17 ett
593 490 69 26 dylikt
678 490 97 20 ändamål
793 491 99 27 möjligen
909 492 48 20 åbe-

211 528 69 20 ropas,
296 522 43 20 ifall
356 523 65 25 sagde
437 523 123 26 förändring
580 524 47 20 icke
648 524 68 20 skulle
732 524 103 27 vidtagas.
865 525 41 19 För
921 525 37 19 lik-

210 556 173 27 stämmighetens
399 557 53 20 skull
470 557 36 20 bör
525 558 60 19 ordet
601 557 88 20 kustfart
704 558 6 19 i
727 559 26 18 44
769 560 42 22 $:ns
827 565 72 14 senare
917 566 41 13 mo-

210 594 58 17 ment
280 591 79 26 jemväl
376 591 50 25 utgå
441 591 38 19 och
496 594 87 17 ersättas
603 598 75 20 genom
701 593 63 19 orden
786 593 55 19 kust-
863 593 39 19 och
918 594 40 25 sjö-

210 626 47 19 fart.

279 660 25 25 F)
327 659 72 19 Under
415 665 24 13 en
456 660 79 25 sjöresa
558 659 79 19 händer
660 659 35 20 det
718 659 47 20 icke
785 660 72 25 sällan,
873 662 30 17 att
918 660 39 20 den

210 693 155 27 sorgfälligaste
388 693 99 19 omtanke
503 693 6 19 i
525 693 101 20 afseende
642 693 12 19 å
673 694 186 26 provianteringen
880 695 18 25 ej
918 694 39 20 kan

211 728 117 26 förebygga
344 723 52 35 brist
408 727 29 26 pä
457 727 204 19 lifsförnödenheter.
692 727 40 19 För
748 729 30 18 att
794 728 122 19 förråderna
931 728 27 20 ic-

210 762 27 20 ke
254 762 32 20 må
303 762 43 19 helt
362 762 39 19 och
417 761 65 20 hållet
500 763 117 23 uttömmas,
637 760 75 20 blifver
732 761 35 19 det
787 761 26 20 då
829 762 130 26 nödvändigt

210 799 31 17 att
257 797 31 19 för
304 796 79 20 enhvar
398 795 24 20 af
435 795 147 25 besättningen
594 795 6 19 i
612 794 28 20 tid
657 794 83 20 minska
756 795 39 20 den
812 796 85 26 dagliga
913 803 45 19 por-

211 830 79 26 tionen,
309 830 39 19 och
368 829 65 20 ehuru
453 829 33 20 det
503 832 22 16 är
541 828 78 26 skäligt
641 830 30 18 att
693 829 123 25 sjömannen
840 830 120 20 sedermera

211 864 90 20 erhåller
317 863 134 27 godtgörelse
472 863 31 19 för
521 863 30 19 sin
569 862 123 26 försakelse,
708 862 23 20 så
746 862 41 20 kan
805 864 101 20 utskottet
921 864 36 19 lik-

211 898 33 20 väl
263 897 47 20 icke
330 897 6 19 i
356 897 42 20 allo
421 897 112 26 godkänna
556 896 53 20 hvad
634 896 40 19 den
697 896 84 27 Nådiga
803 898 155 25 propositionen

211 933 72 19 derom
299 931 124 20 innehåller.
453 930 34 20 Uti
504 932 10 22 $
531 931 26 19 42
573 933 61 24 säges
650 932 29 18 att
695 930 36 20 full
748 931 115 26 ersättning
875 931 32 20 för
919 932 38 19 bri-

211 969 45 17 sten
273 966 53 19 skall
345 965 29 20 uti
394 965 62 19 första
476 965 61 19 hamn
554 964 6 19 i
576 964 119 26 penningar
716 964 30 19 till
763 964 148 27 besättningen
928 973 29 12 er-

210 1000 80 27 läggas.
322 1000 40 19 För
381 999 49 20 flere
451 998 86 20 orsaker
555 1005 62 19 synes
637 998 93 26 liqviden
751 999 71 19 derom
843 999 50 20 böra
909 1006 49 19 upp-

212 1035 80 26 skjutas
316 1033 31 20 till
372 1039 70 14 resans
465 1033 46 19 slut.
541 1033 40 19 Det
605 1032 79 20 händer
707 1032 70 20 alltför
799 1033 43 20 ofta
864 1035 31 18 att
916 1033 43 26 allt,

212 1069 54 19 hvad
283 1069 79 25 sjöman
380 1067 79 26 uppbär
475 1067 64 19 under
555 1067 115 26 påstående
686 1073 47 13 resa
748 1067 27 19 uti
788 1067 171 26 mellanhamnar,

213 1103 75 19 blifver
305 1101 113 20 förslösadt
436 1101 51 20 eller
506 1101 93 20 användt
619 1101 30 19 till
669 1101 121 26 förderfliga
808 1101 96 20 ändamål
920 1101 39 20 och

212 1137 57 19 detta
284 1136 40 19 kan
341 1135 123 26 isynnerhet
479 1135 80 20 drabba
574 1142 25 13 en
616 1135 121 26 opåräknad
753 1135 91 20 inkomst
855 1135 24 20 af
887 1138 70 17 nämn-

212 1171 26 19 da
261 1170 51 26 slag.
353 1169 74 20 Dertill
454 1169 95 20 kommer
571 1172 30 17 att
629 1169 159 26 besättningens
814 1169 91 26 anspråk
933 1169 26 26 pä

212 1204 135 27 godtgörelse
359 1203 35 19 vid
406 1203 79 19 sådana
494 1202 99 21 tillfällen
609 1203 37 19 lätt
664 1203 71 19 kunde
754 1203 121 26 uppdrifvas
891 1203 68 20 alltför

213 1239 60 26 högt;
289 1237 39 20 och
344 1237 90 20 emedan
450 1237 26 20 då
492 1237 68 26 någon
577 1243 68 14 annan
665 1237 126 20 förmedlare
807 1237 89 20 emellan
913 1244 45 20 par-

213 1275 59 18 terna
287 1272 47 19 icke
354 1271 69 25 skulle
442 1271 67 20 finnas
525 1274 25 17 än
567 1278 25 13 en
609 1271 46 20 med
672 1271 102 26 fartygets
790 1271 38 20 och
846 1271 113 20 besättnin-

212 1313 52 21 gens
279 1305 145 21 förhållanden
440 1305 92 20 obekant
548 1305 82 26 konsul,
646 1305 70 20 kunde
732 1305 175 26 obehagligheter
921 1306 38 19 och

212 1340 98 20 störande
334 1339 156 26 förvecklingar
513 1339 122 26 derigenom
660 1339 127 20 framkallas.
821 1339 40 20 För
880 1342 31 17 att
928 1343 29 17 sä-

213 1374 99 21 kerställa
328 1373 147 26 besättningen
492 1373 31 20 för
539 1373 42 20 alla
597 1373 110 26 missbruk,
719 1380 43 13 som
779 1373 39 20 den
835 1373 27 26 på
878 1374 80 20 anfördt

212 1411 41 17 sätt
272 1407 108 26 fördröjda
405 1407 91 26 liqviden
521 1407 69 20 kunde
615 1407 115 26 föranleda,
746 1407 35 20 vill
797 1407 102 20 utskottet
914 1409 45 19 der-

210 1444 66 25 jemte
300 1441 83 26 föreslå,
406 1443 30 17 att
458 1441 34 20 det
513 1447 82 19 ansvar,
614 1447 43 14 som
674 1441 29 20 uti
720 1443 9 22 $
746 1441 25 20 50
787 1441 126 20 bestämmes
929 1443 31 19 för

213 1475 150 25 befälhafvare,
387 1475 84 19 hvilken
495 1474 100 20 åsidosatt
618 1475 84 19 redares
723 1475 38 19 och
781 1475 116 26 lastegares
920 1479 37 16 rätt
