1070 1786
241 140 36 19 410

343 204 33 19 att
394 201 151 28 inrättningen
560 202 66 21 måtte
641 201 140 29 organiseras
796 202 71 21 såsom
882 209 26 14 en
920 201 39 27 för

276 236 47 21 alla
345 236 85 21 landets
450 235 245 28 kofferdibefälhafvare
713 235 39 21 och
770 236 87 27 sjömän
875 242 84 22 gemen-

274 277 47 14 sam
334 269 200 28 pensionsanstalt
526 265 12 36 ;

342 306 34 18 att
390 304 26 20 de
430 304 33 20 uti
481 304 6 20 3
497 309 60 15 mom.
567 304 30 20 27
607 303 15 27 $
632 302 30 28 af
668 302 170 29 författningen
849 303 108 21 bestämda

274 336 232 28 sjömanshusafgifter
530 337 53 21 eller
603 336 256 28 förhyrningsprocenter
881 337 76 26 kunde,

274 371 67 21 sedan
353 370 214 28 pensionsanstalten
582 370 87 21 kommit
684 371 8 20 i
705 371 72 25 ständ,
794 370 55 28 efter
864 372 97 20 omstän-.

275 405 127 27 digheterna
417 404 137 28 förminskas
573 406 56 19 samt
645 404 114 21 användas
775 407 82 19 ensamt
866 404 41 28 för
922 405 35 20 sä-

275 439 60 21 dana
356 438 69 28 behof,
448 445 45 15 som
515 440 38 19 äro
573 438 144 28 öfvergäende
737 438 38 21 och
790 438 109 28 verkligen
914 438 44 21 till-

269 472 86 28 fälliga
360 480 7 18 ;

275 506 3 2 |
342 509 33 19 att
390 513 83 15 samma
487 506 95 28 afgifter
596 506 53 21 eller
660 508 119 26 procenter
794 506 63 21 borde
871 506 45 21 tills
928 506 30 21 vi-

275 541 53 21 dare
350 541 102 28 erläggas
471 540 47 20 med
538 546 23 14 en
575 542 91 25 procent
681 539 30 28 af
721 540 63 21 såväl
799 540 158 28 befälhafvares

274 575 114 27 samteliga
404 573 159 29 löneförmåner
578 581 44 14 som
638 575 96 27 sjömäns
750 575 77 27 hyror;

342 611 34 18 att
400 609 36 21 det
458 608 64 21 borde
537 608 8 20 i
555 608 168 28 författningen
745 608 133 25 bestämmas,
901 608 56 21 huru

274 642 138 28 sjömanshus
426 643 9 20 i
450 642 153 22 landsorterna
618 642 35 21 må
668 642 75 21 kunna
758 642 106 26 inrättas;

342 679 34 19 att
390 677 36 20 det
440 676 63 21 borde
518 678 102 19 närmare
634 676 139 25 undersökas,
789 676 110 21 huruvida
913 676 43 20 icke

274 711 77 21 åldern
368 710 42 28 för
432 710 130 28 rättigheten
581 712 33 19 att
632 710 88 28 åtnjuta
732 710 92 27 pension
840 710 70 21 kunde
926 710 42 20 be-*

274 747 103 19 stämmas
397 745 66 27 lägre,
483 746 28 19 än
527 744 57 21 hvad
599 744 73 21 derom
683 744 75 27 finnes
773 744 9 20 i
796 744 29 20 31
839 744 15 27 $
868 744 89 28 uppgif-

275 782 42 23 vet;
332 781 54 18 samt

342 815 33 18 att
386 812 111 28 förslaget
512 812 35 20 till
557 811 169 28 författningen
739 812 66 21 måtte
816 812 141 21 underkastas

274 847 128 29 ytterligare
421 846 136 28 granskning
576 846 30 27 af
620 846 139 28 sakkunniga
774 846 39 21 och
828 846 33 28 uti
871 846 87 28 frågan

275 881 144 21 intresserade
435 887 111 20 personer,
565 880 70 21 innan
654 880 92 21 ärendet
765 880 143 27 öfverlemnas
924 880 34 21 till

275 915 82 21 Eders
372 914 151 27 Kejserliga
538 913 144 28 Majestäts
696 913 91 28 Nådiga
799 913 109 28 pröfning
919 913 38 21 och

270 949 153 28 fastställelse.

275 983 157 21 Presteståndet
447 983 37 20 har
494 983 6 19 i
512 982 64 27 öfrigt
591 982 96 20 omfattat
698 982 113 20 enahanda
821 982 78 27 åsigter
910 982 47 20 med

207 1019 26 20 de
248 1019 24 19 af
285 1017 156 26 Ridderskapet
456 1017 38 20 och
510 1016 69 20 Adeln
596 1017 99 24 uttalade,
712 1017 48 19 med
777 1016 106 27 undantag
899 1017 61 20 deraf

207 1054 31 19 att
252 1051 150 22 förstbemälde
419 1051 60 20 stånd
495 1051 7 19 i
518 1050 170 27 underdånighet
703 1052 76 24 ansett,

343 1087 33 19 att
395 1085 26 20 de
435 1084 33 21 uti
483 1085 14 20 3
511 1090 62 14 mom.
589 1083 29 28 af
628 1085 30 20 27
672 1084 16 27 $
704 1083 29 28 af
739 1083 170 28 författningen
924 1083 34 22 be-

274 1119 86 22 stämda
382 1117 232 30 sjömanshusafgifter
633 1118 52 21 eller
698 1117 260 28 förhyrningsprocenter

276 1154 63 21 borde
355 1153 120 21 tillsvidare
491 1152 100 27 erläggas
605 1152 48 21 med
669 1152 36 21 två
717 1154 90 25 procent
818 1151 30 28 af
854 1152 61 21 såväl
926 1152 32 21 be-

270 1187 157 28 fälhafvarens
441 1186 102 27 samtliga
554 1185 161 28 löneförmåner
724 1192 45 14 som
779 1187 95 26 sjömäns
885 1185 72 29 hyror.

275 1220 178 29 Borgareständet
468 1220 37 20 har
520 1220 82 21 förenat
616 1220 32 27 sig
659 1226 34 14 om
706 1220 93 20 ett
738 1215 11 38 i
757 1220 42 20 allo
810 1220 44 20 lika
864 1220 93 27 lydande

206 1256 107 21 utlåtande
328 1262 45 14 som
390 1255 35 20 det
440 1255 23 20 af
475 1254 155 27 Ridderskapet
645 1255 40 19 och
701 1253 71 21 Adeln
789 1254 86 27 afgifna.

274 1289 159 22 Bondeståndet
455 1289 43 25 har,
523 1289 47 20 med
590 1288 129 21 omfattande
735 1288 7 19 i
757 1288 64 27 öfrigt
840 1288 23 20 af
876 1295 80 14 samma

206 1325 87 26 mening
315 1330 45 14 som
382 1323 156 26 Ridderskapet
561 1322 39 21 och
619 1322 71 20 Adeln
712 1324 53 18 samt
780 1322 189 27 Borgareståndet"

205 1361 72 24 yttrat,
292 1358 32 20 för
339 1358 32 19 sin
388 1357 33 20 del
439 1357 84 20 beslutit
538 1359 30 18 att
583 1357 101 26 derjemte
695 1357 7 19 i
714 1356 169 27 underdänighet
894 1357 61 20 fram-

206 1393 57 20 hälla
278 1392 92 27 följande
386 1391 189 26 omständigheter:

343 1426 33 20 1:0
392 1427 32 19 att
439 1424 136 29 sjömanshus
591 1424 63 21 borde
672 1423 163 28 ävägabringas
845 1424 83 27 jemväl
943 1426 14 20 a

276 1459 149 28 landsbygden
440 1459 10 20 i
463 1458 88 26 trakter,
567 1459 40 20 der
620 1459 70 20 större
705 1457 83 28 sjöfart
803 1457 73 26 idkas;
