1070 1786
206 153 35 17 534

241 215 72 20 denna
326 215 80 26 utgöra
420 214 42 21 den
470 213 210 28 pröfningsnämnd,
696 220 34 14 om
742 213 64 22 hvars
821 214 101 27 åliggan-

242 249 42 20 den
298 249 9 20 i
321 249 29 20 56
364 248 16 27 $
394 250 68 25 säges.

312 289 12 19 3
340 295 63 13 mom.
432 287 53 20 Lika
501 287 47 20 med
564 287 13 19 2
593 293 63 14 mom.
671 288 7 18 i
696 287 151 21 betänkandet.

553 346 10 22 s
580 346 33 18 55.

521 384 133 20 Oförändrad

555 438 10 22 S
581 437 33 19 56.

315 476 72 21 Sedan
414 476 128 28 taxeringen
565 475 71 28 blifvit
656 475 126 27 verkställd,
804 476 58 20 skall
885 476 39 20 den

244 510 101 27 deröfver
366 510 132 28 upprättade
518 510 69 28 längd
605 510 70 20 under
689 510 88 28 fjorton
796 510 81 28 dagars
893 510 32 21 tid

240 545 79 27 Jinnas
344 545 128 28 tillgänglig
494 545 13 20 å
526 544 104 21 rådhuset
654 544 53 21 eller
729 546 70 19 annat
825 545 101 27 lämpligt

245 579 71 25 ställe,
322 579 43 27 för
375 581 33 19 att
422 579 159 21 vederbörande
595 579 157 27 skattskyldige
767 579 36 20 må
817 579 74 21 kunna
901 579 29 27 af

246 613 126 21 densamma
397 616 51 24 taga
473 612 131 26 kännedom;
622 612 39 21 och
683 613 43 20 låte
749 612 150 27 ordföranden
918 614 8 20 i

247 648 223 27 taxeringsnämnden
485 647 75 21 härom
576 646 172 28 tillkännagifva
762 654 75 20 genom
850 647 77 27 offent-

248 682 41 27 ligt
304 682 79 27 anslag
402 681 37 21 och
450 682 33 26 pä
498 684 68 18 annat
581 682 102 27 lämpligt
698 684 50 22 sätt,
764 681 88 21 hvarom
865 681 62 27 förut

246 716 38 20 vid
305 715 176 21 rädhusstämma
500 715 72 27 blifvit
596 715 112 25 bestämdt,
727 715 109 27 äfvensom
853 723 75 20 genom

246 749 128 28 kungörelse
389 750 9 20 i
412 750 87 20 stadens
515 750 92 27 tidning,
623 750 39 20 der
675 750 73 20 sädan
762 750 124 21 utkommer.

316 789 63 21 Hvar
398 796 45 14 som
463 790 22 20 ät
505 790 101 26 taxering
621 789 45 21 icke
681 790 67 26 nöjes,
764 796 49 21 eger
827 790 101 27 skriftlig

248 823 146 28 anmärkning
409 824 93 20 deremot
517 824 58 20 inom
590 830 26 14 en
630 823 63 21 vecka
708 823 55 27 efter
777 825 112 27 utgången
903 826 29 26 af

244 857 148 27 förenämnde
402 858 89 27 fjorton
505 857 77 28 dagar,
596 858 36 20 vid
638 856 87 28 förlust
735 857 29 28 af
769 859 76 21 vidare
860 860 68 24 talan,

249 892 87 27 ingifva
351 892 36 20 till
402 892 152 27 Magistraten,
569 898 45 14 som
630 892 145 26 öfverlemnar
790 893 89 20 ärendet
895 894 34 20 till

247 925 236 28 pröfningsnämnden,
499 925 84 21 hvilken
598 926 35 20 det
644 925 76 22 tillhör
732 928 31 19 att
771 929 158 26 samvetsgrant

250 961 53 26 taga
321 959 25 21 de
366 959 117 21 anmärkta
505 959 213 28 omständigheterna
744 960 39 21 och
802 961 72 27 öfriga
889 961 41 27 för

250 993 126 21 densamma
399 993 73 21 kända
485 993 163 28 förhållanden
667 994 8 20 i
697 993 160 29 öfvervägande
875 998 55 18 samt

249 1027 104 27 slutligen
368 1026 86 29 afgöra,
471 1027 56 21 huru
541 1029 80 26 många
645 1028 113 21 skattören
780 1029 61 21 skola
860 1029 71 22 besvä-

251 1061 83 21 randen
356 1061 102 28 påföras.
493 1061 42 22 Vid
557 1062 152 28 skiljaktighet
727 1063 7 20 i
751 1064 114 27 meningar
882 1063 48 28 för-

248 1095 72 28 fares,
334 1096 71 21 såsom
414 1097 8 19 i
432 1097 28 20 55
471 1097 15 27 $
491 1096 42 27 för
548 1097 222 27 taverinysnämuden
781 1098 149 29 föreskrifves.

253 1137 26 20 56
302 1137 40 20 och
365 1137 92 26 följande
477 1139 21 22 SS
517 1137 6 19 i
539 1137 144 20 betänkandet
703 1138 51 20 böra
773 1139 6 19 i
800 1139 50 26 följd
873 1140 60 19 häraf

184 1171 80 25 skjutas
281 1177 25 14 en
318 1171 58 20 siffra
390 1171 75 20 framåt
476 1171 6 20 i
494 1171 182 26 nummerföljden,
685 1172 27 25 pä
723 1173 66 25 grund
802 1173 75 19 hvaraf
889 1174 44 19 åter

185 1205 180 25 hänvisningarna
380 1205 7 19 i
406 1206 30 24 12,
454 1206 32 24 15,
507 1205 23 19 16
547 1205 38 19 och
606 1205 25 19 63
648 1207 22 22 $$
687 1206 51 20 böra
756 1208 69 18 rättas.
856 1208 75 19 Dessu-

185 1242 43 17 tom
253 1239 37 20 bör
305 1239 6 20 i
328 1239 11 20 9
355 1239 40 20 och
412 1240 25 19 16
453 1241 22 22 $$
497 1239 69 20 ordet:
589 1240 241 27 Ytaxeringsnämnden”
849 1242 84 27 utbytas

187 1275 51 18 mot:
254 1273 130 26 ”taxerings-
401 1273 40 20 och
457 1273 260 27 pröfningsnämnderne.”

531 1333 10 22 $
557 1331 33 20 12.

254 1369 10 20 I
280 1369 115 27 anledning
414 1371 23 19 af
454 1377 27 13 en
496 1371 22 20 af
531 1370 160 28 Ridderskapet
707 1372 39 20 och
760 1372 73 21 Adeln
850 1375 83 19 föresla-

186 1411 41 19 gen
247 1404 90 26 ändring
356 1404 23 19 af
396 1405 69 19 denna
483 1407 17 24 $,
515 1405 86 20 hvilken
621 1406 23 19 af
661 1407 69 25 öfriga
748 1407 61 20 stånd
825 1408 110 27 godkänts,

187 1444 61 14 anser
264 1438 34 26 sig
313 1438 102 20 utskottet
430 1439 31 20 till
473 1440 26 19 de
509 1440 23 19 af
541 1440 115 20 detsamma
672 1441 56 19 förut
742 1442 89 19 anförda
847 1443 89 20 motiver

188 1472 57 25 böra,
267 1473 31 19 för
313 1474 31 17 att
358 1473 7 18 i
381 1473 36 19 det
436 1473 147 27 underdäniga
597 1478 69 16 svaret
681 1475 13 19 &
710 1476 157 25 propositionen
884 1477 50 20 inta-
