1070 1786
805 146 22 17 23

109 207 101 20 utskottet
227 213 62 14 anser
309 207 35 20 det
364 207 50 20 böra
432 207 44 25 ske,
498 207 49 20 ville
568 210 51 23 göra
640 207 40 20 den
699 206 161 27 ifrågavarande

110 241 150 26 författningen
277 241 6 20 i
299 241 47 20 dess
362 241 78 26 helhet,
456 241 65 20 sådan
537 241 41 20 den
596 245 34 16 nu"
638 244 23 17 är
673 241 107 20 framstäld
796 242 7 19 i
819 243 40 20 den

110 275 84 27 Nådiga
209 275 164 26 propositionen,
391 275 104 20 beroende
511 275 24 20 af
548 275 128 20 Ständernas
687 275 136 26 medverkan,
838 277 23 19 så

109 309 72 20 kunde
197 309 50 20 flere
264 308 136 26 olägenheter
416 308 122 26 derigenom
554 308 126 21 föranledas.
701 308 31 20 Då
742 309 119 21 Ständerna

109 342 47 21 icke
176 342 155 20 sammanträda
350 342 68 20 oftare
434 345 25 17 än
476 342 61 20 hvart
553 342 63 20 femte
632 342 29 26 år,
678 342 69 20 kunde
763 343 96 21 emeller-

110 377 28 19 tid
155 379 30 17 ett
199 376 136 26 oeftergifligt
356 376 65 20 behof
438 376 75 26 uppstå
533 378 30 18 att
581 376 99 20 förändra
700 383 25 13 en
742 376 51 20 eller
809 377 51 21 flere

108 410 23 20 af
145 410 25 20 de
186 411 29 19 uti
230 410 149 25 författningen
391 410 87 26 intagna
488 410 169 20 administrativa
669 410 191 27 bestämningarne,

109 444 40 20 och
164 444 58 20 detta
243 444 69 20 kunde
334 450 49 14 vara
398 444 23 20 så
437 444 86 26 mycket
539 450 58 14 mera
612 444 88 26 möjligt,
716 444 27 20 då
758 444 25 20 de
799 447 60 18 rätts-

110 478 152 22 förhållanden,
279 484 43 14 som
346 478 40 20 den
410 478 83 26 Nådiga
516 478 157 26 propositionen
695 478 120 27 behandlar,
832 486 27 13 nu

110 512 31 20 för
156 512 65 20 första
233 512 83 26 gången
329 512 59 20 skola
400 512 81 20 iklädas
493 512 81 20 formen
591 512 23 20 af
626 512 121 20 beskrifven
760 513 39 20 och
809 514 7 19 i
825 514 34 20 de-

109 546 36 27 talj
156 546 69 20 utförd
236 546 40 27 lag.
306 546 73 20 Under
391 546 74 20 sådant
477 546 132 21 förhållande
622 549 22 17 är
657 546 35 21 det
705 553 43 14 mer
761 549 26 18 än
800 547 58 20 tänk-

110 581 52 25 bart,
178 583 30 17 att
223 581 145 19 erfarenheten
389 583 57 17 snart
462 581 42 19 kan
519 583 52 23 göra
587 581 35 19 det
638 581 130 26 nödvändigt
783 584 29 17 att
828 589 31 12 re-

110 614 90 20 formera
215 614 103 20 särskilda
334 614 189 26 reglementariska
538 614 138 20 föreskrifter.

178 649 40 19 Det
233 652 23 16 är
270 648 82 20 således
372 648 111 20 utskottets
502 648 61 26 åsigt,
579 650 30 18 att
624 648 40 20 den
682 648 120 21 tillämnade
819 650 40 19 för-

109 682 117 27 fattningen
247 682 75 20 endast
342 682 37 20 bör
398 682 108 20 innehålla
524 682 26 20 de
565 682 107 20 allmänna
687 682 30 20 till
734 683 72 26 frågan
820 684 39 19 hö-

109 717 65 20 rande
189 716 145 26 civilrättsliga
350 716 38 20 och
405 716 246 27 straffbestämningarne
667 719 54 17 samt
737 717 74 20 beröra
824 718 35 20 det

108 751 168 20 administrativa
291 750 95 20 området
401 750 74 20 endast
491 750 23 20 så
529 750 93 26 mycket,
638 757 44 13 som
698 750 58 20 detta
769 750 41 21 kan
823 758 34 13 va-

108 791 23 13 ra
147 785 73 26 nödigt
235 785 31 19 för
283 785 24 19 de
324 784 165 26 privaträttsliga
504 784 130 26 anspråkens
651 784 152 27 betryggande,
819 786 39 19 och

108 820 27 25 på
150 819 74 20 sådant
239 820 41 18 sätt
295 820 29 18 att
338 825 25 13 en
377 818 112 26 tillräcklig
502 818 75 20 latitud
594 818 63 20 måtte
672 818 77 20 återstå
763 819 33 20 för
811 819 46 27 Sty-

107 853 69 20 relsen
192 855 31 18 att
238 859 75 20 genom
334 852 46 20 sina
399 852 69 26 påbud
493 852 34 20 väl
550 852 95 20 anordna
668 852 153 27 förvaltningen
838 854 23 19 af

107 887 162 26 ifrågavarande
285 887 94 24 intresse,
399 886 39 20 och
454 893 43 13 som
518 886 35 20 det
569 886 47 19 icke
633 892 37 14 ens
686 886 75 20 blifver
777 887 82 26 möjligt

108 923 31 18 att
154 921 125 20 derutinnan
296 920 101 20 fastställa
412 920 65 27 några
493 920 78 27 påbud,
587 920 73 20 hvilka
675 927 49 14 vore
740 921 117 20 ändamåls-

107 951 72 30 enliga
195 954 39 21 och
251 954 125 26 tillämpliga
391 954 31 19 för
438 954 40 20 alla
495 954 82 20 landets
590 954 129 27 vattendrag,
731 954 36 20 har
779 955 78 20 utskot-

108 991 29 18 tet
152 989 102 26 derjemte
276 991 49 17 trott
342 989 32 26 sig
395 988 50 20 böra
465 989 86 19 förorda
570 989 100 26 speciella
687 988 171 27 ordningsreglor

108 1024 31 19 för
154 1023 124 26 flottningen
295 1023 6 19 i
317 1023 25 19 de
358 1022 103 20 särskilda
477 1023 161 26 vattendragen.

176 1057 78 20 Vidare
270 1059 23 17 är
309 1056 35 20 det
360 1056 110 20 utskottets
481 1056 56 27 åsigt
551 1058 31 18 att
597 1057 149 26 författningen
758 1063 33 13 om
803 1057 54 20 flott-

107 1091 57 26 ning,
180 1091 62 20 hvars
257 1090 93 20 innehåll
365 1090 114 27 lämpligen
497 1090 68 20 skulle
581 1090 80 20 kunnat
676 1090 49 27 ingå
735 1091 29 19 uti
774 1090 84 27 Nådiga

107 1125 159 26 Förordningen
290 1124 108 27 angående
422 1124 185 27 vattenledningar
630 1125 39 19 och
693 1125 123 20 vattenverk
837 1125 24 20 af

107 1160 40 19 den
162 1159 27 20 23
206 1159 54 20 Mars
282 1159 51 19 1868
353 1158 39 20 och
412 1158 37 20 der
464 1158 64 25 bilda
550 1160 31 18 ett
603 1158 84 20 särskilt
710 1158 85 26 kapitel,
821 1158 36 21 bör

106 1200 50 13 vara
171 1192 87 20 sålunda
274 1192 160 20 sammanfattad
450 1193 30 18 att
496 1192 68 26 begge
585 1192 137 20 tillsammans
738 1192 33 20 må
786 1191 71 21 kunna

105 1233 62 14 anses
184 1226 56 21 bilda
255 1228 30 18 ett
300 1226 43 19 helt
359 1225 31 20 för
408 1226 39 26 sig,
477 1226 89 19 Derföre
590 1226 76 20 blifver
688 1226 36 20 det
746 1225 61 20 äfven
831 1232 25 14 en

106 1261 159 26 nödvändighet
279 1262 31 18 att
324 1259 92 20 undvika
432 1266 26 13 en
477 1262 68 17 större
567 1259 164 27 omständlighet
746 1259 51 20 eller
821 1260 34 20 de-

106 1295 98 26 taljering
223 1294 23 20 af
262 1294 98 26 frågorne
380 1297 26 16 än
426 1293 47 26 den,
493 1300 45 13 som
558 1293 140 20 förekommer
713 1294 6 19 i
735 1293 64 27 sagde
815 1293 40 20 för-

105 1329 97 26 fattning.
232 1328 41 20 För
288 1334 78 13 samma
385 1327 61 20 orsak
463 1334 64 20 synes
545 1328 36 19 det
596 1327 39 21 ock
652 1327 96 26 lämpligt
763 1329 30 18 att
808 1327 47 20 icke

105 1369 95 20 upprepa
219 1362 81 20 sådana
318 1361 138 27 stadganden,
472 1368 43 13 som
533 1361 37 20 der
585 1361 64 20 redan
671 1361 67 20 finnas
754 1361 103 26 återgifna

105 1397 39 20 och
160 1400 36 16 äro
212 1396 124 26 tillämpliga
354 1395 27 27 på
399 1396 162 26 ifrågavarande
581 1395 204 26 rättsförhällanden,
802 1395 55 20 helst

105 1431 36 20 det
155 1431 7 19 i
176 1430 116 20 allmänhet
307 1429 103 20 försvårar
428 1429 159 27 bekantskapen
605 1429 46 20 med
668 1429 39 20 och
724 1429 91 26 insigten
827 1430 28 19 uti

104 1467 29 18 ett
148 1464 123 26 lagsystem,
290 1470 28 13 om
326 1458 152 31 rättsnormer,
495 1463 74 20 hvilka
584 1466 36 17 äro
636 1463 39 20 och
692 1463 50 20 böra
759 1469 49 14 vara
820 1469 34 20 ge-
