1070 1786
821 147 33 18 275

139 213 101 25 bindelse,
257 214 31 18 att
304 212 82 20 behålla
403 211 35 20 det
454 211 129 25 försäkrade,
594 217 32 13 om
643 210 35 19 det
693 211 120 19 sedermera
827 211 58 19 kom-

137 254 43 13 mer
196 247 30 20 till
247 249 59 23 rätta,
322 246 39 19 och
378 246 5 19 i
400 245 63 20 sådan
484 244 101 20 händelse
605 244 95 19 återbära
719 245 39 19 den
779 245 108 25 uppburna

137 281 226 25 försäkringssumman
387 279 53 20 efter
462 279 74 24 afdrag
558 279 31 18 för
612 278 63 19 timad
692 278 71 25 skada,
779 278 26 20 då
821 279 64 19 sådan

137 317 36 23 egt
188 321 53 18 rum,
258 314 106 19 äfvensom
386 315 30 17 att
437 312 70 20 betala
522 315 61 16 ränta
598 312 46 19 med
662 312 44 19 half
720 315 87 22 procent
822 312 5 19 i
845 313 42 19 må-

138 349 68 19 naden
223 348 32 20 för
270 348 41 24 det,
328 354 43 13 som
388 346 114 20 återbäres.

479 410 9 22 $
505 408 46 20 227.

209 450 129 19 Afträdande
354 450 23 18 af
391 448 118 20 försäkradt
528 448 86 19 föremål
635 448 51 19 skall
703 448 37 19 ske
756 450 47 18 utan
820 448 69 19 vilkor

141 485 38 19 och
196 484 103 19 förbehåll
315 484 39 19 och
371 483 33 19 må
419 482 47 20 icke
482 482 119 19 återkallas.
632 482 40 19 Det
686 482 53 19 skall
750 482 39 20 ock
801 482 86 20 omfatta

141 518 48 20 hela
204 518 35 20 det
256 517 121 20 försäkrade
398 516 117 24 föremålet,
531 522 43 13 som
591 516 52 18 varit
659 516 31 19 för
706 522 78 14 samma
799 516 45 20 fara
859 518 30 16 ut-

141 554 47 18 satt.
219 552 42 19 Har
276 552 18 25 ej
307 551 118 26 försäkring
442 550 69 20 blifvit
523 553 62 23 tagen
597 549 12 20 &
620 550 119 19 föremälets
755 550 48 20 hela
818 550 71 23 värde,

143 586 34 19 må
200 585 75 20 endast
298 585 22 19 så
342 587 42 17 stor
408 585 32 19 del
464 584 61 20 deraf
545 584 98 26 afträdas,
659 591 43 12 som
720 587 114 16 motsvarar
850 585 40 18 för-

143 619 200 26 säkringssumman.
364 618 32 20 Då
403 618 69 26 fartyg
481 618 98 24 afträdes,
589 618 121 26 inbegripes
719 617 47 20 icke
774 618 55 19 frakt
839 618 51 19 deri.

211 653 42 19 Har
276 652 124 20 afträdande
423 652 55 20 skett
497 652 27 26 på
543 652 66 26 grund
628 652 23 19 af
668 652 92 26 oriktiga
779 652 112 26 uppgifter,

144 693 49 13 vare
210 687 36 19 det
262 686 72 26 ogildt,
350 692 33 14 om
401 686 18 26 ej
436 685 218 26 försäkringstagaren
671 685 71 20 dervid
760 686 53 18 varit
827 686 7 18 i
850 685 41 26 god

145 722 37 18 tro.
220 720 78 20 Finnes
321 720 45 20 deri
390 720 51 19 svek
464 720 51 19 eller
538 719 117 27 bedrägeri,
679 726 48 13 vare
751 720 39 18 han
817 720 74 19 under-

144 754 73 20 kastad
234 754 61 20 straff
308 754 67 26 enligt
390 754 76 20 allmän
483 754 41 26 lag.

481 824 10 21 $
507 822 46 19 228.

213 862 229 25 Försäkringstagaren
465 867 50 13 vare
538 861 76 25 pligtig
636 863 36 23 att,
695 861 67 20 såvidt
784 861 37 20 ske
844 862 48 24 kan,

146 901 76 21 genom
243 895 133 26 tillförlitliga
396 895 60 26 intyg
476 894 100 25 bestyrka
594 895 126 26 riktigheten
740 895 22 19 af
776 895 25 20 de
817 895 76 19 förhål-

147 929 83 25 landen,
249 929 27 26 på
296 928 72 20 hvilka
386 929 133 19 afträdandet
541 929 97 25 grundas.
673 929 77 19 Brister
769 929 68 26 någon
858 931 35 16 vä-

147 963 90 25 sendtlig
264 963 128 26 upplysning
415 963 5 18 i
445 962 74 19 sådant
543 963 107 23 afseende,
676 963 50 19 eller
752 962 142 20 förekommer

147 997 69 26 skälig
233 997 115 19 misstanke
364 997 78 25 derom,
457 998 30 18 att
503 996 117 27 försäkring
636 996 93 20 erhållits
745 997 36 19 hos
797 996 51 19 flere
864 996 31 19 till

149 1033 29 17 ett
193 1030 84 26 belopp,
294 1037 42 13 som
357 1031 124 25 öfverstiger
497 1031 36 19 det
548 1030 122 20 försäkrade
689 1030 119 20 föremålets
823 1030 72 25 värde,

151 1071 49 13 vare
216 1065 19 24 ej
252 1064 227 27 försäkringsgifvaren
496 1064 116 19 förbunden
628 1066 30 17 att
673 1064 80 26 utgifva
761 1061 134 28 ersättnings-

151 1099 104 24 beloppet,
275 1097 68 20 förrän
364 1098 93 26 antaglig
475 1098 111 25 utredning
601 1098 6 19 i
624 1098 62 19 saken
708 1097 68 20 blifvit
793 1097 104 25 företedd,

149 1132 86 19 säframt
250 1131 48 20 icke
314 1132 218 26 försäkringstagaren
553 1131 71 20 ställer
642 1131 94 27 nöjaktig
752 1131 98 20 säkerhet
866 1130 31 19 för

149 1167 34 18 det
200 1166 40 19 han
257 1165 86 26 uppbär.

487 1224 10 22 $
513 1222 46 20 229.

218 1257 31 24 Är
264 1261 120 26 försäkring
403 1261 88 20 afslutad
511 1261 26 26 pä
558 1262 41 19 viss
614 1262 37 25 tid,
666 1268 44 13 som
726 1262 64 19 redan
807 1261 44 26 gätt
866 1261 31 20 till

152 1296 60 25 ända,
234 1295 26 20 dä
279 1295 216 26 försäkringstagaren
517 1295 85 26 jemlikt
621 1297 5 22 $
642 1296 40 19 224
703 1298 35 23 egt
756 1295 80 20 afträda
859 1295 40 20 för-

152 1329 86 20 säkradt
258 1329 94 25 föremäl,
372 1335 49 13 vare
440 1329 40 19 han
498 1329 65 20 likväl
579 1329 30 19 till
624 1329 172 20 afträdesförmän
813 1329 40 20 och
869 1335 30 13 er-

153 1364 92 25 sättning
269 1363 125 26 berättigad,
414 1369 33 13 om
469 1363 39 19 han
532 1363 44 19 före
599 1363 198 26 försäkringstidens
821 1363 79 26 utgäng

153 1398 67 25 erlagt
236 1396 73 20 sädant
323 1396 91 20 tillskott
430 1397 29 18 till
476 1396 225 27 försäkringsafgiften,
722 1403 43 14 som
785 1399 116 17 motsvarar

154 1432 40 19 den
215 1430 131 20 återstående
367 1431 63 25 tiden,
451 1430 103 20 intilldess
573 1431 123 26 rättigheten
716 1433 30 17 att
761 1431 80 19 afträda
857 1429 43 20 vid-

154 1467 64 23 tager.
