1070 1786
226 145 35 17 396

570 207 15 27 $
601 209 47 20 191.

342 241 82 22 Finnes
439 242 22 27 ej
475 241 105 21 särskildt
595 241 58 28 aftal
668 241 38 22 och
717 241 115 27 förbehåll
843 249 32 14 om
886 242 59 20 tiden

270 275 42 26 för
328 275 40 20 den
374 275 63 27 fara,
448 275 85 27 hvaraf
535 275 257 27 försäkringsgifvarens
801 275 144 27 ersättnings-

274 308 122 28 skyldighet
418 308 67 26 beror,
505 308 38 21 och
563 308 67 27 hafva
645 308 81 28 fartyg
742 308 37 21 och
790 308 67 28 frakt
873 308 73 27 blifvit

270 342 42 26 för
334 342 72 28 någon
428 342 42 21 viss
489 348 48 14 resa
553 342 141 27 försäkrade,
710 342 57 21 skall
777 342 73 28 faran
865 342 81 22 räknas

275 376 61 28 ifrån
357 376 41 21 den
416 376 72 26 stund,
504 376 29 20 då
549 376 164 27 befälhafvaren
731 376 76 28 börjar
823 379 32 18 att
870 377 76 27 intaga

276 410 42 21 last
340 410 52 20 eller
411 410 84 25 ballast,
515 412 56 19 samt
586 417 62 14 anses
664 410 68 27 hafva
742 410 42 27 för
794 410 152 28 försäkrings-

274 443 102 28 gifvaren
394 443 101 28 upphört,
511 446 42 18 när
569 444 95 28 lossning
680 444 30 27 af
720 444 74 28 godset
810 445 53 20 eller
878 444 68 21 balla-

274 480 46 18 sten
340 479 26 19 är
386 478 100 26 afslutad
501 478 57 25 eller,
575 478 38 20 der
628 478 40 20 den
685 478 72 26 blifvit
771 485 75 21 genom
856 478 90 27 försäk-

275 512 165 27 ringstagarens
451 511 152 27 försummelse
614 511 114 27 fördröjd,
746 511 62 21 bordt
824 512 74 20 kunna
913 511 33 27 af-

274 545 76 21 slutas.

344 579 49 21 Har
410 579 81 28 fartyg
513 579 74 27 blifvit
604 579 132 25 försäkradt
751 580 41 26 för
805 579 57 27 flere
880 587 66 17 resor,

275 620 51 14 vare
344 613 57 27 gildt
419 613 70 21 såsom
508 612 188 28 öfverenskommet
714 614 32 19 är.
776 612 74 28 Lyder
865 614 20 26 ej
895 613 51 27 för-

275 647 117 27 säkringen
408 648 13 19 å
436 654 25 14 en
483 646 44 21 och
547 653 80 19 annan,
648 649 56 19 utan
719 647 13 20 &
747 654 25 13 en
793 647 64 21 eller
873 653 73 14 annan

276 683 40 23 ort,
338 680 86 28 upphör
438 680 254 28 försäkringsgifvarens
707 680 64 27 fara,
792 682 42 19 när
845 680 101 28 fartyget

276 715 71 27 någon
362 715 29 27 af
402 715 25 21 de
442 714 108 22 bestämda
565 714 121 21 hamnarne
700 714 100 27 uppnått.

344 744 34 26 Är
383 748 133 28 försäkring
526 749 71 20 sluten
605 748 31 27 på
646 748 43 21 viss
706 748 38 25 tid,
756 748 131 20 inberäknas
897 748 50 20 häri

276 783 53 21 både
350 783 41 20 den
410 783 49 27 dag,
475 789 42 15 som
539 782 79 28 börjar,
638 782 38 20 och
692 782 48 25 den,
755 788 45 14 som
815 782 72 20 slutar
897 782 49 27 för-

275 816 169 28 säkringstiden,
460 816 57 28 från
538 816 95 21 midnatt
651 816 36 21 till
704 816 99 24 midnatt,
825 815 54 27 efter
895 816 51 20 tide-

276 850 122 28 räkningen
412 851 9 20 i
435 851 40 21 den
490 853 39 22 ort,
545 850 86 21 hvarest
641 849 103 28 fartyget
760 849 100 27 befinnes.

497 895 15 27 $
528 895 41 21 192
584 894 144 27 oförändrad.

575 945 14 27 $
605 945 47 21 193.

344 986 76 21 Faran
431 985 42 28 för
487 985 53 28 gods
551 985 52 20 eller
614 985 54 20 derå
678 984 111 21 beräknad
799 985 63 25 vinst,
874 984 72 21 hvilka

276 1023 54 19 utan
349 1019 105 22 särskildt
468 1018 112 28 förbehåll
599 1018 71 27 blifvit
684 1017 42 28 för
740 1018 43 21 viss
797 1025 49 14 resa
857 1018 89 27 försäk-

277 1055 59 25 rade,
352 1061 62 14 anses
430 1053 102 28 begynna,
551 1052 29 21 då
595 1052 72 27 godset
682 1051 74 28 skiljes
767 1051 59 27 från
841 1052 54 21 land
905 1052 42 27 för

277 1092 32 18 att
324 1089 8 20 i
343 1089 101 27 fartyget
460 1088 93 26 intagas,
569 1088 56 19 samt
640 1085 106 28 upphöra,
760 1087 42 19 när
811 1086 74 27 godset
895 1086 51 27 blif-

276 1123 31 21 vit
322 1123 82 20 lossadt
419 1121 38 22 och
467 1120 131 28 förflyttadt
609 1120 32 27 på
657 1119 59 25 land,
732 1119 53 21 eller
799 1119 62 22 bordt
871 1119 75 22 kunna

278 1157 69 27 blifva
369 1156 41 26 det,
433 1155 69 21 derest
524 1154 47 21 icke
587 1153 248 28 försäkringstagarens
849 1153 98 28 försum-

276 1191 64 21 melse
354 1190 82 20 sådant
451 1189 96 20 hindrat.

345 1224 49 21 Har
409 1222 220 28 försäkringstagare
643 1220 132 28 förbehållit
793 1220 34 28 sig
842 1223 32 19 att
890 1221 58 21 lossa

276 1259 73 28 godset
364 1258 8 20 i
380 1258 56 27 flere
452 1257 98 24 hamnar,
566 1255 39 21 och
620 1255 62 28 lyder
692 1253 135 28 förbehållet
843 1255 13 20 å
871 1261 26 14 en
912 1255 36 21 el-

277 1293 38 21 ler
330 1298 75 15 annan
420 1291 30 26 af
461 1290 52 25 dem,
526 1289 85 28 upphör
620 1287 257 29 försäkringsgifvarens
883 1288 64 27 fara,

276 1328 42 19 när
339 1325 75 28 godset
431 1323 151 29 framkommit
605 1323 34 20 till
661 1323 72 26 någon
755 1321 29 28 af
802 1322 62 21 dessa
883 1325 64 24 orter,

276 1368 33 13 om
328 1360 38 21 ock
381 1359 49 22 hela
446 1359 41 21 den
497 1357 136 28 försäkrade
648 1356 128 28 egendomen
791 1355 46 22 icke
852 1356 38 21 der
905 1357 42 20 los-

276 1402 42 14 sas.
348 1394 74 28 Lyder
436 1384 134 36 förbehållet
590 1391 93 21 deremot
698 1391 14 20 &
728 1397 25 14 en
772 1389 44 22 och
831 1397 74 14 annan
920 1391 31 27 af

277 1429 26 21 de
317 1427 110 29 uppgifna
442 1426 125 24 hamnarne,
583 1425 36 20 och
634 1424 49 21 sker
699 1424 96 27 lossning
811 1424 32 20 uti
852 1424 57 27 flere
922 1425 30 27 af
