1070 1786
214 139 35 18 526

183 201 67 27 enligt
269 202 40 19 min
330 201 72 26 tanke,
422 201 54 21 både
495 202 46 20 bort
557 203 39 19 och
612 203 81 20 kunnat
709 204 30 19 till
758 204 47 20 hela
820 204 47 20 dess
883 204 60 26 vidd.

182 235 146 28 uttryckligen
348 236 139 20 tillförsäkras
506 237 99 20 städerna
623 244 76 19 genom
719 240 29 17 ett
763 238 100 21 särskildt
878 239 53 19 stad-

182 271 70 26 gande
269 271 5 18 i
291 271 40 19 den
354 270 42 27 lag,
419 277 33 13 om
476 271 61 20 hvars
560 271 206 27 tillvägabringande
787 279 27 12 nu
829 275 24 17 är
867 272 63 25 fråga.

183 304 82 20 Genom
290 311 26 13 en
335 304 119 27 anordning
474 304 22 20 af
513 305 38 19 här
570 306 126 19 omförmäld
716 306 147 20 beskaffenhet
877 306 53 20 hade

184 345 48 13 man
252 338 40 20 ock
311 338 97 20 undvikit
427 339 164 26 olägenheterna
609 340 23 20 af
649 342 35 24 att,
705 340 130 20 beträffande
854 341 26 19 de
896 347 34 13 en-

183 372 69 20 skilde
272 372 175 20 medlemmarnes
467 373 145 21 förhållanden
629 374 31 19 till
675 374 135 26 kommunen,
829 374 103 26 uppställa

183 406 58 21 olika
256 406 136 27 grundsatser
406 407 7 19 i
430 407 99 20 afseende
545 407 12 20 å
573 408 54 25 dem,
644 414 44 14 som
706 408 25 20 bo
748 409 63 25 inom,
828 408 39 20 och
883 408 47 20 dem

183 447 44 14 som
250 440 26 20 bo
296 442 57 18 utom
373 440 128 21 densamma.
519 453 22 3 —
559 442 10 19 I
584 442 152 26 sammanhang
752 442 86 20 härmed
855 442 75 20 tillåter

180 476 38 25 jag
235 475 43 26 mig
298 477 29 17 att
346 478 113 17 omnämna
479 476 147 26 önskligheten
651 476 65 26 deraf,
739 478 30 18 att
785 483 47 13 man
849 476 32 20 för
896 476 33 20 be-

183 512 91 24 greppet
298 509 88 20 medlem
402 510 24 19 af
438 510 157 20 stadskommun
619 510 111 20 bibehållit
754 511 60 20 ordet
836 511 94 26 borgare.

184 544 48 20 Man
244 544 54 20 hade
310 544 121 25 derigenom
448 544 73 20 vunnit
537 544 117 21 fördelarne
670 545 22 20 af
706 547 30 18 ett
752 545 72 20 enkelt
840 545 39 20 och
896 545 34 19 be-

184 581 72 23 qvämt
271 578 143 26 uttryckssätt.

252 613 9 19 I
277 612 95 27 enlighet
383 613 47 19 med
442 613 41 20 den
494 613 133 27 uppfattning
638 614 23 19 af
670 614 41 20 den
723 614 95 20 enskilde
831 614 98 20 medlem-

184 653 58 13 mens
258 646 24 20 af
290 646 128 20 kommunen
438 647 99 27 ställning
553 647 31 19 till
600 648 39 19 och
654 648 57 19 inom
728 648 134 25 kommunen,
879 647 51 20 hvil-

184 682 42 19 ken
240 682 38 25 jag
293 681 6 19 i
316 681 35 19 det
366 680 128 27 föregående
509 682 48 19 sökt
572 682 84 26 antyda,
672 688 62 14 anser
747 682 38 26 jag
796 682 75 20 honom
883 682 47 20 icke

184 715 72 19 kunna
277 715 113 26 berättigas
408 717 30 17 att
457 715 31 20 till
507 722 68 13 annan
596 716 31 19 för
646 716 84 20 kortare
746 716 51 20 eller
813 716 73 26 längre
902 716 27 20 tid

183 748 104 21 öfverlåta
302 749 123 26 utöfningen
441 749 23 19 af
478 749 34 20 det
527 750 77 19 honom
620 750 128 20 tillbörande
763 750 126 26 inflytandet
905 750 25 26 på

183 782 174 21 handhafvandet
378 782 23 20 af
422 782 138 21 kommunens
584 784 185 26 angelägenheter.
803 784 40 26 Jag
867 784 64 20 måste

184 817 84 20 derföre
284 816 39 20 ock
340 817 26 25 på
382 817 26 19 de
424 816 53 26 skäl,
494 824 43 13 som
553 817 101 20 utskottet
670 818 177 26 hufvudsakligen
862 818 69 20 anfört

184 852 32 20 för
239 852 41 19 den
300 851 23 19 af
336 850 103 20 utskottet
459 851 100 26 vidtagna
573 851 91 27 ändring
680 852 23 20 af
719 852 23 19 13
758 854 17 24 $,
791 852 32 19 för
839 852 41 20 min
897 852 33 20 del

184 886 154 19 vördsammast
363 885 83 25 föreslå,
467 888 29 17 att
515 886 64 25 sagde
595 888 10 21 $
620 886 68 19 skulle
712 886 33 19 hel
766 886 38 19 och
821 886 69 19 hållen
907 892 23 13 ur

184 920 41 19 den
241 919 108 20 blifvande
365 919 150 26 författningen
531 919 107 20 uteslutas.

252 954 32 19 De
300 953 120 26 ändringar,
439 953 100 20 utskottet
555 953 87 20 föreslår
656 953 7 20 i
679 953 100 20 afseende
794 953 12 20 å
821 954 27 19 30
863 956 17 23 $,
896 953 34 20 vå-

184 995 38 20 gar
238 988 37 26 jag
296 987 100 26 afstyrka.
431 987 32 20 Då
482 987 101 20 utskottet
602 987 30 20 till
653 987 25 20 de
697 987 141 27 ovilkorligen
857 988 74 26 giltiga

184 1021 73 20 skälen
278 1021 31 20 för
326 1021 106 26 afsägelse
447 1021 98 20 hänförer
560 1021 62 20 äfven
638 1022 41 19 den
696 1021 191 27 omständigheten,
902 1024 29 17 att

184 1057 40 19 den
239 1055 63 20 valde
317 1055 48 20 icke
382 1058 23 17 är
415 1055 6 20 i
432 1056 73 19 staden
523 1056 74 25 bosatt,
613 1056 37 19 har
665 1056 103 20 utskottet
783 1056 69 27 tillagt
867 1056 63 27 sagde

184 1090 158 26 omständighet
360 1096 26 13 en
407 1089 115 27 betydelse,
541 1097 44 12 som
606 1097 22 13 ur
646 1090 135 27 synpunkten
800 1090 23 20 af
838 1090 92 20 kommu-

184 1131 52 13 nens
255 1123 123 27 rättigheter
397 1126 43 17 mot
459 1124 45 19 sina
523 1124 135 20 medlemmar
673 1124 49 20 icke
738 1124 127 20 tillkommer
881 1125 49 19 den-

184 1165 86 14 samma.
301 1157 28 20 På
340 1158 64 19 sådan
421 1158 66 26 grund
503 1158 39 19 och
559 1158 26 19 då
600 1159 104 26 antagligt
714 1161 29 23 är,
755 1160 30 18 att
796 1159 25 19 de
833 1159 97 26 väljande

184 1192 47 20 icke
252 1192 60 20 skola
331 1191 53 20 söka
399 1191 190 27 stadsfullmäktige
605 1194 56 18 utom
678 1192 82 24 staden,
775 1192 60 20 torde
851 1192 79 20 merbe-

184 1226 62 21 rörda
269 1225 158 27 omständighet
446 1225 50 20 böra
519 1225 77 20 räknas
614 1226 31 19 till
670 1226 26 20 de
712 1226 159 27 afsägelseskäl,
887 1233 42 14 som

184 1264 123 18 omnämnas
318 1260 11 19 i'
337 1260 89 19 sednare
443 1266 60 13 mom.
515 1260 23 19 af
551 1266 79 14 samma
640 1262 17 22 $.
688 1260 98 27 Oskäligt
801 1261 39 20 och
852 1261 77 26 olämp-

184 1297 38 26 ligt
241 1301 63 20 synes
324 1294 36 20 det
379 1294 43 26 mig
440 1295 30 18 att
488 1293 119 20 fränkänna
626 1294 126 20 valmännen
776 1295 154 26 befogenheten

184 1333 29 18 att
233 1329 74 27 sjelfve
327 1328 74 27 pröfva
420 1328 26 19 de
469 1328 54 19 inför
543 1328 47 20 dem
609 1328 129 20 framställda
753 1329 177 26 afsägelseskälen

184 1365 40 20 och
235 1363 121 26 öfverfiytta
371 1362 70 20 denna
456 1362 127 26 befogenhet
598 1363 31 19 till
644 1363 26 20 de
687 1363 68 20 valde.
784 1363 41 20 Det
841 1364 90 19 misstro-

184 1399 62 26 ende,
261 1404 44 13 som
321 1397 69 26 ligger
405 1396 32 20 till
454 1397 65 26 grund
535 1397 32 19 för
582 1403 26 14 en
624 1397 39 20 slik
680 1397 81 26 ätgärd,
776 1400 23 17 är
815 1398 78 26 egnadt
903 1400 29 18 att

184 1433 42 20 öka
240 1431 166 27 likgiltigheten,
418 1431 37 19 der
466 1431 41 20 hon
519 1431 64 20 redan
595 1431 73 24 finnes,
680 1431 40 20 och
730 1431 112 20 framkalla
857 1433 74 26 henne,

184 1467 37 20 der
240 1467 43 19 hon
303 1464 48 21 icke
370 1465 121 20 förefinnes.
519 1465 40 27 Jag
577 1465 118 27 tillstyrker
713 1465 38 20 allt
769 1465 83 21 derföre
871 1467 59 20 vörd-
