1070 1786
221 147 23 17 28

256 208 35 21 till
301 208 128 27 förordnad
451 209 123 27 sakkunnig
594 215 81 21 person
694 208 49 21 med
759 208 84 21 biträde
859 209 30 26 af
901 209 40 20 nå-

254 249 43 20 gon
308 242 197 29 forsttjensteman,
525 250 43 13 som
593 243 170 27 Forststyrelsen
778 243 32 27 på
831 243 109 20 Guvernö-

256 283 48 14 rens
320 277 110 20 anmodan
446 277 75 21 dertill
536 279 71 23 utsett,
623 279 56 18 samt
696 277 34 20 två
744 277 54 27 gode
813 279 58 18 män.

323 310 85 21 Dervid
423 310 58 21 skall
496 310 138 26 undersökas,
650 310 56 21 huru
724 312 8 18 i
747 311 150 27 vattendraget
909 310 31 20 be-

250 344 92 28 Jintliga
359 344 71 25 broar,
446 345 90 24 slussar,
553 346 82 19 vatten-
650 344 38 20 och
700 344 108 27 fiskeverk
829 344 53 21 eller
901 351 38 13 an-

255 380 39 18 nat
304 378 58 27 fiske
376 378 62 20 skola
453 378 102 28 skyddas,
571 378 109 27 äfvensom
697 378 79 20 hinder
789 385 74 20 genom
875 378 65 27 jlott-

255 413 52 27 ning
318 412 42 27 för
370 412 90 27 farleds
475 412 174 27 öppenhållande
660 412 159 27 förekommas
809 408 14 36 ;

322 446 108 20 huruvida
440 446 108 28 flottning
563 446 35 21 till
614 446 145 28 betryggande
773 446 31 27 af
810 447 128 26 förenämn-

255 480 29 20 da
299 480 105 21 ändamål
420 480 52 20 eller
489 480 31 26 af
533 486 76 14 annan
627 480 65 27 giltig
710 480 119 27 anledning
846 480 37 20 bör
899 487 39 13 un-

254 514 38 20 der
314 514 71 27 någon
408 514 34 20 del
465 514 28 27 af
511 515 46 19 året
572 514 127 27 förbjudas,
721 521 33 13 om
769 514 74 25 virket,
859 514 29 20 då
905 514 33 20 det

249 548 85 27 NHottas,
345 547 41 28 för
402 548 115 21 enahanda
533 548 89 21 orsaker
638 548 37 21 bör
691 555 53 14 vara
759 547 126 28 afbarkadt,
901 548 34 27 äf-

254 589 83 13 vensom
358 589 32 13 om
408 583 35 19 det
459 582 42 27 får
513 582 134 27 fortskaffas
663 583 41 19 löst
720 583 51 19 eller
786 582 152 20 sammanbun-

254 616 34 20 det
305 616 8 20 i
322 616 90 27 flottor;

322 649 108 21 huruvida
445 650 99 20 säkerhet
554 650 41 26 för
611 650 92 26 befarad
718 650 69 20 skada
803 650 8 20 i
826 650 111 20 särskilda

249 684 55 26 fall,
319 684 29 20 då
364 684 120 28 dyrbarare
507 684 100 27 egendom
629 690 75 21 genom
722 684 107 27 jlottning
844 684 42 20 kan
903 684 35 26 äf-

254 720 106 26 ventyras,
377 718 43 27 får
440 718 111 27 affordras
569 718 159 20 vederbörande
746 718 139 27 virkesegare,
905 718 32 20 in-

254 759 44 13 nan
309 752 108 28 flottning
432 752 29 27 af
471 752 46 21 dem
529 753 32 26 på
576 752 73 20 stället
663 752 136 25 verkställes
790 748 12 36 ;

322 793 32 14 om
365 786 108 27 flottning
491 787 8 19 i
513 786 111 20 särskilda
647 786 129 28 vattendrag
800 786 51 21 eller
874 786 62 20 delar

253 820 68 26 deraf
332 820 139 27 ovilkorligen
492 820 37 20 bör
548 820 34 20 till
602 820 81 20 allmän
703 820 38 20 och
757 820 83 21 enskild
857 820 81 20 båtnad

253 854 127 21 verkställas
390 854 42 27 för
441 854 102 27 samtliga
559 854 144 28 virkesegares
717 861 156 21 gemensamma
888 854 49 20 räk-

254 888 59 27 ning,
329 888 38 20 och
383 888 57 20 huru
450 888 135 27 flottningen
602 888 8 20 i
624 888 81 20 sådant
724 888 48 27 fall
793 888 36 20 bör
846 888 92 25 ordnas;

322 922 56 20 huru
388 922 56 27 flere
460 929 63 20 egare
543 921 108 28 tillhörigt
670 921 64 26 virke,
750 929 44 13 som
805 922 79 27 flottas
893 921 43 28 för

253 962 119 21 gemensam
389 955 94 28 räkning
499 956 52 20 eller
567 955 73 28 blifvit
655 956 212 25 sammanblandadt,
881 955 56 22 skall

248 990 42 27 för
306 990 137 28 delegarenes
464 990 94 27 räkning
569 990 33 27 på
618 990 104 27 lämpliga
742 991 79 20 ställen
836 990 100 27 ätskiljas

253 1024 39 21 och
307 1027 100 24 uttagas;

322 1058 108 21 huruvida
454 1059 162 26 expropriation
637 1058 29 27 af
684 1058 68 25 mark,
775 1058 161 28 vattenområde

254 1093 52 20 eller
320 1092 124 21 vattenverk
458 1094 27 19 är
500 1092 123 27 nödvändig
633 1092 41 27 för
690 1093 162 26 anläggningen
863 1091 29 26 af
903 1093 33 20 så-

254 1127 59 20 dana
328 1127 112 24 anstalter,
461 1133 44 14 som
525 1126 113 27 erfordras
648 1126 42 26 för
704 1128 33 19 att
752 1128 54 25 göra
821 1126 114 27 flottleden

248 1161 84 26 farbar
348 1161 52 20 eller
415 1161 84 27 skydda
515 1161 74 20 dervid
605 1160 90 27 belägna
710 1161 159 26 inrättningar,
881 1160 56 21 huru

252 1197 46 19 stor
316 1194 92 22 kostnad
425 1194 43 21 kan
488 1194 113 27 erfordras
616 1194 42 26 för
677 1194 62 20 dessa
760 1194 117 20 anstalters
897 1201 39 13 an-

254 1228 126 29 bringande,
404 1229 57 20 inom
483 1228 84 21 hvilken
590 1228 32 21 tid
644 1228 26 21 de
692 1228 74 21 kunna
789 1228 87 27 utföras
899 1228 38 21 och

252 1263 87 21 hvilken
354 1262 71 29 afgift
438 1263 41 26 för
499 1263 62 20 deras
578 1262 137 27 begagnande
730 1263 36 20 vid
775 1262 107 27 flottning
899 1262 37 21 bör

253 1297 101 28 erläggas
370 1297 35 20 till
420 1297 46 24 den,
482 1303 45 14 som
541 1297 97 20 inrättar
654 1297 115 20 desamma.

326 1331 42 21 Vid
390 1338 66 21 synen
479 1331 57 20 skall
559 1331 44 25 ock,
622 1331 71 20 såvidt
708 1331 82 27 görligt
805 1331 39 20 och
861 1331 75 28 nödigt

254 1368 27 18 är
296 1368 56 18 samt
367 1365 157 21 vederbörande
539 1365 103 28 sakegare
657 1365 80 20 sådant
748 1365 95 28 påyrka,
859 1365 77 21 under-

252 1400 65 21 sökas
332 1399 38 22 och
380 1399 103 27 föreslås,

322 1434 57 21 huru
400 1434 60 27 långt
479 1433 36 21 och
535 1434 48 20 med
602 1433 55 21 hvad
676 1433 70 21 vilkor
757 1434 181 27 flottningsman-

253 1469 54 27 skap
323 1468 55 27 efter
393 1467 95 27 behofvet
499 1467 41 27 för
557 1468 134 26 flottningen
714 1468 36 20 må
773 1467 117 27 berättigas
905 1470 32 19 att
