1070 1786
221 153 35 18 520

188 216 103 27 ändrings
309 217 101 26 sökande,
425 216 28 27 på
467 219 41 18 sätt
523 217 6 19 i
545 217 129 20 sistnämnde
692 223 62 15 mom.
770 218 23 19 af
806 217 64 26 sagde
885 219 10 22 $
912 217 26 20 30

187 251 69 20 finnes
272 251 141 20 föreskrifvet.

260 285 10 20 I
286 287 9 22 $
316 286 24 19 19
363 286 92 25 stadgas,
477 287 29 18 att
531 285 130 26 omröstning
685 285 37 20 bör
745 285 37 20 ske
807 287 63 25 öppet
906 285 32 19 Då

187 319 115 20 imellertid
320 320 36 19 det
371 320 23 19 af
407 319 118 20 erfarenhet
542 322 23 17 är
580 319 72 25 kändt,
668 321 31 17 att
714 319 89 27 mången
820 320 22 19 af
857 319 78 20 undfal-

186 353 74 20 lenhet
276 354 31 19 för
323 354 55 19 vissa
393 353 147 20 förhållanden
556 353 51 20 eller
622 360 102 20 personer
740 354 93 26 skyggar
850 354 87 20 tillbaka

186 387 33 20 för
230 389 31 19 att
271 388 44 19 fritt
326 388 39 20 och
379 390 64 24 öppet
459 388 64 20 uttala
537 388 32 19 sin
585 388 84 25 mening
686 388 40 20 och
741 388 148 26 öfvertygelse,
901 394 35 14 an-

187 428 35 14 ser
234 422 38 26 jag
288 424 30 18 att
333 422 132 26 omröstning
479 422 62 20 äfven
558 421 33 20 må
606 422 71 19 kunna
694 428 49 14 vara
758 422 73 20 sluten.
863 422 29 20 Af
905 422 31 19 så-

188 456 41 20 dan
253 456 63 20 orsak
338 456 96 20 önskade
450 457 37 25 jag
507 456 58 26 gifva
584 456 155 26 slutmeningen
756 456 6 19 i
779 456 39 20 den
835 456 101 26 ifrågava-

187 490 67 20 rande
269 492 10 22 $
296 490 92 26 följande
404 490 92 26 lydelse:

259 520 70 24 Äskas
344 525 138 26 omröstning,
498 524 33 20 må
547 524 40 20 den
603 524 6 19 i
625 524 115 20 allmänhet
756 527 63 24 öppet
834 524 39 20 och
885 525 52 19 efter

187 564 82 21 upprop
290 558 132 26 verkställas,
438 559 23 20 så
476 559 62 20 framt
553 558 48 21 icke
617 558 69 27 någon
702 558 92 27 påyrkar
809 559 68 20 sluten
893 566 43 13 om-

187 593 104 25 röstning,
306 593 7 19 i
328 593 82 19 hvilket
426 593 35 19 fall
477 593 41 19 den
534 593 88 19 sålunda
638 593 37 19 bör
692 593 99 26 försiggå.

258 626 10 20 I
284 633 130 20 consequens
438 627 84 20 härmed
539 627 37 19 bör
598 627 61 19 äfven
676 629 10 22 $
703 627 25 19 39
745 628 6 18 i
767 627 60 26 fråga
844 634 33 13 om
894 634 42 13 om-

187 660 96 26 röstning
299 661 95 26 undergå
408 662 123 25 förändring
546 662 7 18 i
569 668 80 12 samma
664 661 62 26 syfte.

258 694 34 20 Då
307 694 57 20 olika
380 696 144 19 förhållanden
540 695 6 19 i
563 695 57 20 olika
635 695 70 19 städer
720 697 49 18 utan
785 696 74 20 tvifvel
871 696 65 20 måste

187 734 52 14 vara
250 728 101 26 rådande,
368 729 31 19 till
415 730 51 25 följd
481 729 75 20 hvaraf
569 729 36 19 det
621 729 71 19 kunde
709 736 50 13 vara
773 730 122 24 önskvärdt,
907 732 30 18 att

187 762 57 20 vissa
266 762 132 20 föreskrifter
416 764 7 18 i
439 764 68 19 denna
530 763 124 27 förordning
676 763 38 20 här
737 764 39 19 och
799 764 51 20 hvar
873 764 64 26 något

188 796 72 20 kunde
283 797 127 26 modifieras,
428 804 61 13 anser
505 798 35 25 jag
556 799 30 18 att
601 804 26 13 en
643 797 141 26 slutparagraf
797 798 7 19 i
819 798 116 20 förordnin-

187 837 42 20 gen
250 830 65 20 borde
337 831 85 26 införas,
442 831 23 20 af
478 831 43 20 lika
539 831 81 26 lydelse
643 831 46 19 med
707 831 40 20 den
763 832 6 19 i
785 832 151 28 förordningen

187 864 111 26 angående
313 864 278 28 kommunalförvaltningen
601 865 27 27 på
642 865 79 26 landet,
732 866 24 19 af
764 866 40 19 den
816 866 11 20 6
839 866 98 21 Februari

191 898 61 25 1865,
268 898 115 27 befintliga.
414 899 74 20 Denna
503 900 141 26 slutparagraf
665 899 84 20 komme
765 900 81 20 således
861 904 30 16 att
906 908 30 13 er-

188 931 57 21 hålla
260 932 92 27 följande
368 933 92 26 lydelse:

258 966 112 26 Kommun,
389 973 44 14 som
449 967 76 20 önskar
545 968 85 26 vidtaga
649 968 146 27 förändringar
811 969 24 19 af
847 970 91 20 enskilta

187 1000 131 27 stadganden
334 1001 7 20 i
357 1001 70 20 denna
442 1001 129 27 förordning,
587 1008 50 20 eger
653 1002 128 20 underställa
796 1003 77 27 förslag
891 1005 44 19 der-

187 1034 32 19 till
238 1034 150 21 Guvernörens
404 1036 7 19 i
427 1036 57 19 länet
503 1036 105 25 pröfning,
632 1037 40 19 och
694 1037 33 19 må
742 1036 143 27 Guvernören,
902 1045 33 14 om

188 1068 42 20 han
245 1068 68 20 finner
330 1069 175 27 förändringarne
521 1071 18 25 ej
556 1071 32 18 stå
603 1071 6 18 i
625 1071 50 19 strid
692 1071 46 19 med
756 1071 25 20 de
797 1072 6 19 i
819 1071 116 21 förordnin-

187 1109 42 19 gen
245 1103 120 26 uppställda
380 1104 142 26 grundsatser,
538 1105 108 19 desamma
660 1105 107 20 stadfästa.

660 1149 23 22 J.
700 1149 26 21 A.
742 1157 18 14 v.
775 1150 75 22 Essen.

259 1211 78 20 Härom
358 1212 84 20 förenar
461 1212 32 26 sig
515 1212 157 20 undertecknad
693 1215 55 17 utom
765 1213 56 20 hvad
838 1214 97 21 beträffar

188 1245 51 20 sista
253 1245 95 26 punkten
364 1246 6 19 i
386 1247 165 20 reservationen.

688 1280 26 21 G.
730 1280 120 22 Ehrström.

259 1347 9 19 I
288 1347 151 21 ofvanstående
461 1350 128 19 reservation
613 1349 84 20 förenar
722 1350 32 25 sig
777 1350 157 22 undertecknad

188 1380 48 21 med
251 1381 108 27 undantag
374 1382 24 19 af
411 1383 54 20 hvad
482 1389 32 14 om
530 1385 10 22 $
560 1384 22 19 19
599 1386 66 23 säges.

654 1439 61 22 Gust.
732 1439 117 30 Dahlberg.
