1070 1786
244 151 34 17 190

210 215 37 20 fall
263 215 83 20 komme
366 217 29 18 att
415 215 75 20 mellan
515 215 62 19 dessa
600 216 76 18 tvänne
699 215 57 26 sjöar
780 216 109 26 framlöpa,
913 222 46 13 men

210 249 87 20 osäkert
311 255 56 19 vore,
383 249 102 20 huruvida
505 249 120 20 densamma
646 249 72 20 dervid
739 249 85 20 komme
840 252 31 18 att
886 250 74 20 beröra

211 283 134 19 Pieksämäki
361 283 90 25 socken;
467 285 30 17 att
512 283 79 25 sjette
608 285 114 17 momentet
742 283 67 20 skulle
829 284 80 19 erhålla
924 284 35 19 föl-

208 317 66 26 jande
290 316 90 26 lydelse:
397 317 43 19 ”att
460 316 39 20 den
519 316 162 20 österbottniska
704 317 66 19 banan
792 317 44 19 från
853 318 107 19 Tammer-

212 352 42 19 fors
270 351 31 19 till
316 350 131 20 Nikolaistad
464 350 39 20 och
521 350 104 26 Uleåborg
642 350 71 20 främst
731 351 36 19 bör
783 350 88 21 sålunda
887 351 72 20 under-

211 386 83 24 sökas”,
310 385 86 19 hvarvid
413 384 88 20 Ståndet
519 384 47 20 med
588 384 161 26 omkastningen
766 385 22 19 af
801 386 66 19 orden
883 386 76 19 ”Niko-

214 420 89 20 laistad”
320 419 38 20 och
375 418 132 27 ”Uleäborg”
524 418 56 20 velat
602 418 98 26 uttrycka
722 419 41 19 den
786 418 50 26 följd
853 419 6 19 i
876 420 84 19 hvilken

212 453 210 27 undersökningarne
438 452 64 20 borde
518 452 131 25 verkställas,
666 452 39 20 och
722 452 46 20 med
786 453 140 20 uteslutandet
941 454 22 19 af

214 489 124 19 momentets
355 493 73 13 senare
444 486 33 20 del
493 486 62 20 afsett
570 488 29 18 att
615 486 40 20 den
670 486 154 27 inskränkning
840 488 5 18 i
863 488 98 20 afseende

212 522 12 20 å
239 521 193 26 undersökningen,
448 527 43 13 som
508 520 44 20 deri
568 520 125 26 innehålles,
709 520 67 20 skulle
792 521 93 25 förfalla;
909 526 53 16 samt

213 559 29 17 att
259 556 30 19 till
306 556 95 19 niond
394 550 15 35 e
415 557 113 18 momentet
542 554 63 20 borde
622 554 58 27 fogas
696 556 28 18 ett
742 554 73 27 tillägg
832 555 78 26 derom,
926 558 35 23 att,

213 591 6 19 i
236 590 36 19 fall
288 589 78 20 Finska
381 589 81 19 kronan
479 588 83 20 komme
579 590 30 17 att
624 589 30 18 för
670 589 31 18 sin
718 589 90 25 räkning
824 589 68 20 utföra
905 591 56 24 jern-

214 623 204 27 vägsbyggnaderne
437 622 45 20 från
503 622 130 20 Tavastehus
649 622 30 19 till
696 622 141 20 Tammerfors
853 624 38 19 och
908 617 53 31 Åbo,

214 658 25 20 de
255 657 58 19 invid
330 657 51 19 eller
395 657 5 19 i
417 656 128 26 granskapet
561 656 22 19 af
594 656 117 26 jernvägen
729 656 89 26 belägna
839 657 123 19 kommuner

214 692 26 26 på
256 691 110 20 enahanda
382 693 40 17 sätt
438 690 71 25 borde,
521 690 64 19 innan
601 690 80 20 arbetet
698 690 111 26 företoges,
822 691 67 25 höras,
902 691 59 19 huru-

214 726 50 19 vida
279 726 26 18 de
320 725 47 19 icke
384 731 49 13 vore
450 724 70 26 villige
536 726 30 18 att
582 726 92 24 prestera
691 724 74 26 bidrag
782 724 30 20 till
829 724 91 20 arbetets
933 727 28 17 ut-

214 760 93 20 förande.

283 794 32 19 Då
330 793 92 26 lagenlig
439 792 105 26 pluralitet
559 792 31 20 för
606 792 117 20 Utskottets
740 792 141 26 betänkande,
896 794 67 19 såvidt

215 829 41 19 6:te
274 829 112 18 momentet
402 826 61 20 deraf
476 826 71 26 angår,
564 826 81 20 således
665 826 47 20 icke
732 826 79 20 kunnat
828 827 79 25 vinnas,
924 828 38 20 och

214 862 122 26 Höglofliga
350 860 154 26 Ridderskapet
519 860 40 20 Och
575 860 69 20 Adeln
660 863 53 17 samt
733 860 114 27 Vällofliga
862 862 99 26 Borgare-

215 896 90 25 ståndet,
321 895 73 20 hvilka
410 895 47 19 icke
473 894 109 27 yodkändt
601 895 87 19 berörde
705 897 98 23 moment,
817 895 78 26 jemväl
911 896 51 19 sins-

215 929 90 20 emellan
327 931 82 17 siannat
425 929 6 18 i
447 928 56 20 olika
520 929 68 19 beslut
603 929 6 19 i
626 929 22 19 sä
665 929 71 22 mälto,
752 931 35 23 att,
805 929 74 20 medan
905 931 58 18 först-

216 963 97 20 bemälda
328 963 62 20 Stånd
408 963 107 19 förordnat
531 964 36 23 att,
584 965 55 17 utom
657 963 39 19 den
713 963 22 19 af
749 962 106 21 Utskottet
871 963 91 20 förorda-

216 998 25 19 de
258 997 119 26 rigtningen
394 997 31 19 för
441 1003 24 12 en
480 997 89 25 jernväg
589 997 43 19 frän
654 997 141 19 Tammerfors
812 997 30 19 till
859 997 105 27 Uleäborg

216 1031 38 20 och
271 1031 140 24 Nikolaistad,
429 1030 78 26 jemväl
527 1030 39 20 den
588 1031 22 19 af
627 1027 168 30 Öfverstyrelsen
813 1031 31 19 för
861 1034 48 23 väg-
925 1032 38 19 och

216 1064 306 21 vattenkommunikationerne
546 1065 119 26 föreslagna
688 1065 68 19 skulle
779 1065 185 20 instrumentaliter

216 1099 136 25 undersökas,
372 1098 177 26 Borgareständet
569 1098 44 20 åter
633 1098 130 20 beträffande
779 1099 149 26 sträckningen
944 1100 23 19 af

216 1133 65 26 sagde
294 1133 90 26 jernväg
399 1132 47 19 icke
463 1132 56 19 velat
534 1132 65 19 uttala
615 1133 68 25 nägon
698 1135 95 17 närmare
806 1133 93 20 bestämd
912 1134 51 19 före-

216 1167 68 23 skrift,
300 1167 22 19 sä
340 1166 40 20 ock
401 1167 64 24 jemte
490 1166 35 19 det
548 1166 38 19 den
610 1167 22 18 af
653 1166 114 26 Vällofliga
788 1166 177 26 Borgareständet

216 1200 119 26 föreslagna
351 1199 160 27 omkastningen
529 1200 23 19 af
565 1200 64 20 orden
646 1200 133 26 ”Uleäborg”
799 1200 38 20 och
859 1200 105 20 ”Nikolai-

216 1235 66 26 stad”,
309 1234 67 20 säsom
404 1234 90 19 varande
521 1235 22 19 af
565 1234 155 26 jemförelsevis
749 1234 80 19 mindre
857 1235 107 25 betydelse

216 1269 46 24 och,
279 1269 65 25 enligt
358 1268 117 20 Utskottets
495 1269 70 25 tanke,
586 1268 48 20 icke
654 1268 66 20 heller
737 1268 11 19 å
764 1267 65 20 saken
851 1268 114 26 verkande,

216 1303 60 20 torde
300 1303 70 19 kunna
393 1302 86 25 förfalla,
496 1302 31 19 får
542 1303 114 24 Utskottet,
672 1305 51 16 enär
746 1302 164 26 Ridderskapets
926 1303 38 20 och

215 1338 81 19 Adelns
319 1337 68 19 beslut
402 1336 6 19 i
424 1336 69 20 denna
516 1337 34 19 del
573 1336 47 20 icke
644 1339 61 23 utgör
721 1343 25 13 en
763 1336 93 26 egentlig
876 1337 89 26 ändring

216 1374 48 17 utan
282 1373 29 17 eit
326 1370 74 26 tillägg
416 1370 30 19 till
462 1370 117 19 Utskottets
595 1370 141 24 betänkande,
757 1369 80 20 hvilket
857 1370 73 27 tillägg
946 1371 21 20 af

216 1409 66 16 annat
305 1404 64 20 Stånd
386 1403 46 20 ieke
449 1403 68 20 blifvit
541 1404 123 20 understödt
686 1404 39 19 och
750 1404 86 19 emedan
861 1404 105 21 Utskottet

216 1439 46 20 från
286 1439 71 24 början
382 1438 82 25 åsyftat,
483 1439 30 18 att
535 1444 75 20 genom
635 1438 133 20 lokutionen:
784 1438 18 19 ”i
819 1437 147 28 hufvudsaklig
