1070 1786
228 153 35 18 304

196 218 106 18 motsvara
317 216 35 19 sitt
368 216 104 26 ändamål,
492 216 89 21 återstår
596 216 36 20 det
646 218 30 18 att
693 217 116 20 framställa
827 217 119 26 grunderna

195 251 32 19 för
246 250 66 27 några
330 250 146 26 förändringar
495 251 6 18 i
517 251 166 26 propositionen,
703 251 71 20 hvilka
792 251 101 20 utskottet
913 250 33 19 be-

195 284 104 19 träffande
316 285 54 18 vissa
385 284 196 26 detaljstadganden
597 286 69 18 ansett
681 285 32 25 sig
729 285 50 19 böra
792 285 38 19 hos
847 283 99 27 Höglofli-

196 324 26 20 ga
238 318 118 20 Ständerna
371 318 83 20 föreslå.

264 352 41 20 För
324 354 31 18 att
374 358 81 20 senare,
471 352 27 20 då
513 352 102 20 utskottet
633 352 77 20 önskar
726 353 6 19 i
748 355 29 17 ett
795 352 152 26 sammanhang

196 386 105 25 återgifva
316 386 40 19 den
374 386 125 20 förändrade
515 386 141 26 ordalydelse,
672 392 44 14 som
733 386 101 20 utskottet
855 386 34 20 vill
907 386 39 19 för-

196 420 58 25 orda,
270 420 71 19 kunna
356 420 78 19 bereda
450 426 25 13 en
493 420 125 26 beqvämare
634 422 64 24 utväg
714 420 31 20 för
761 420 80 20 läsaren
853 422 30 18 att
893 426 53 14 sam-

197 454 111 20 manställa
326 454 89 19 motiver
434 454 39 20 och
489 456 51 24 text,
556 454 68 20 finner
640 454 102 20 utskottet
757 454 36 20 det
807 454 96 26 lämpligt
918 456 30 18 att

196 488 105 20 beteckna
320 488 73 26 hvarje
412 488 22 19 af
451 488 25 20 de
495 488 76 26 frågor,
592 494 43 14 som
655 488 37 20 här
712 489 115 19 nedanföre
842 488 61 20 skola
917 488 29 20 af-

196 522 94 26 handlas,
307 522 47 20 med
370 522 84 20 särskilt
471 522 74 20 tecken
562 522 52 20 eller
630 522 75 20 littera.

264 556 30 25 A)
310 556 46 20 Den
372 556 6 20 i
394 556 134 26 sjöväsendet
538 556 39 20 och
593 556 125 27 isynnerhet
733 557 29 19 uti
778 556 123 21 kontrakter
912 563 33 14 om

197 590 81 27 fartygs
297 591 100 26 byggnad
420 591 42 19 ofta
486 591 124 26 begagnade
633 593 81 17 termen
731 591 35 19 bil.
785 593 39 18 och
842 591 104 26 bolfärdig

197 625 116 20 betecknar
332 624 54 20 efter
406 624 71 20 ordets
496 624 126 27 härledning
637 631 26 13 en
679 624 133 27 fulländning
828 625 22 19 af
863 627 30 17 ett
907 625 39 19 far-

198 662 37 23 tyg
251 658 45 20 från
312 658 64 20 kölen
393 658 31 20 till
442 658 81 20 däcket.
553 658 32 20 Då
601 658 113 27 uttrycket,
726 658 86 20 sålunda
823 659 124 26 uppfattadt,

196 696 23 16 är
234 692 70 20 alltför
320 692 114 20 sväfvande
445 692 38 20 och
495 692 62 27 gifvit
573 692 81 26 upphof
667 692 31 20 till
717 692 75 27 många
807 693 79 25 tvister,
902 693 44 19 haf-

198 734 27 13 va
240 727 51 19 flere
306 726 92 27 sjölagar
414 726 47 20 sökt
476 728 29 18 att
520 732 75 20 genom
613 726 224 27 detaljbestämningar
852 730 95 16 närmare

197 761 68 19 fixera
280 760 70 20 ordets
366 760 117 25 betydelse.
513 760 79 20 Dervid
609 763 66 17 möter
691 761 39 19 den
747 761 108 26 svårighet
867 763 31 18 att
912 761 34 20 be-

197 795 158 26 stämningarne
380 794 63 20 borde
466 801 49 13 vara
539 794 57 20 olika
619 795 31 19 för
669 795 70 27 fartyg
758 795 22 19 af
795 795 57 20 olika
868 795 78 20 storlek

196 829 39 19 och
256 828 152 20 beskaffenhet.
438 828 32 20 Då
490 835 53 19 man,
565 828 31 20 för
616 831 31 17 att
665 829 49 20 icke
731 836 75 19 genom
827 836 26 13 en
873 831 73 18 uttöm-

198 863 75 27 mande
290 862 128 27 behandling
434 863 22 19 af
470 862 72 27 frågan
562 865 52 23 göra
629 863 61 26 lagen
708 863 30 19 till
754 870 25 13 en
796 862 85 21 teknisk
897 862 49 26 bok,

197 896 99 27 vanligen
312 896 127 20 inskränker
454 897 31 25 sig
501 896 30 20 till
548 903 25 13 en
590 896 54 20 enda
661 896 138 27 beskrifning,
811 897 23 19 så
845 896 41 20 kan
899 903 46 13 man

198 931 73 19 dervid
292 930 50 26 följa
359 930 35 19 två
413 930 58 20 olika
492 930 99 26 metoder,
607 930 23 19 så
649 932 30 18 att
698 937 46 13 man
763 931 101 26 antingen
881 931 66 20 håller

197 965 32 26 sig
245 964 31 20 till
292 971 58 13 mera
368 964 105 20 allmänna
491 964 39 20 och
549 964 27 26 på
597 964 50 20 flere
663 964 35 20 fall
716 965 125 26 tillämpliga
856 965 90 20 bestäm-

198 999 82 26 ningar,
303 998 73 20 hvilka
398 998 61 20 äfven
476 999 6 19 i
498 1005 25 13 en
543 998 83 20 framtid
646 998 26 20 då
691 998 190 27 skeppsbyggeriet
903 999 45 20 nått

198 1039 26 14 en
240 1033 65 26 högre
323 1032 133 27 fulländning
474 1032 71 20 kunna
563 1032 94 20 försvara
672 1033 31 19 sin
719 1033 54 26 plats
788 1033 7 19 i
812 1033 68 26 lagen,
896 1033 51 20 eller

198 1067 40 20 ock
254 1067 108 20 använder
378 1073 24 14 en
420 1067 48 25 viss,
484 1067 7 18 i
506 1066 42 20 alla
571 1066 89 26 stycken
682 1066 80 21 fixerad
785 1067 40 20 och
847 1067 99 26 vanligen

199 1101 52 20 blott
270 1101 52 20 efter
340 1101 40 20 den
400 1100 131 20 närvarande
551 1100 174 20 beskaffenheten
746 1101 22 19 af
781 1103 30 18 ett
826 1103 66 18 större
908 1101 39 20 och

198 1135 154 26 fullkomligare
376 1135 68 26 fartyg
467 1134 83 27 lämpad
575 1134 139 27 beskrifning,
733 1135 6 19 i
759 1135 81 20 hvilket
858 1135 36 20 fall
913 1135 35 20 det

199 1169 66 20 måste
281 1169 49 20 bero
346 1169 23 20 af
382 1169 158 20 vederbörande
556 1168 152 21 kontrahenter
724 1169 38 20 och
778 1169 109 26 sakegare,
903 1175 43 14 som

199 1204 48 19 med
262 1203 84 26 hänsigt
361 1203 31 19 till
408 1203 89 19 enhvars
517 1202 66 20 behof
600 1202 67 20 önska
690 1203 66 26 några
779 1203 169 20 modifikationer

198 1238 52 25 deri,
274 1239 29 18 att
324 1243 77 20 genom
424 1237 83 20 särskilt
533 1237 50 20 aftal
607 1237 71 20 derom
702 1240 97 17 närmare
825 1237 121 20 bestämma.

198 1272 46 19 Den
260 1278 74 13 senare
350 1271 98 20 metoden
464 1271 67 26 ligger
550 1271 31 19 till
597 1271 67 26 grund
680 1271 32 20 för
728 1271 125 26 stadgandet
868 1271 29 20 uti
913 1271 35 20 det

198 1306 66 20 andra
283 1307 115 19 momentet
413 1305 23 20 af
448 1305 168 26 propositionens
637 1306 13 19 2
669 1307 17 24 $,
702 1312 46 13 men
767 1305 102 20 utskottet
886 1311 62 14 anser

199 1340 31 20 för
250 1341 31 18 sin
303 1340 33 20 del
356 1340 40 20 den
417 1340 56 19 förra
492 1339 97 20 metoden
615 1339 51 20 böra
688 1339 121 27 föredragas
833 1339 39 20 och
895 1339 53 20 skall

198 1374 83 20 derföre
300 1374 6 19 i
328 1374 35 19 det
384 1373 91 26 följande
490 1373 78 20 föreslå
583 1380 26 13 en
626 1373 6 19 i
648 1373 66 26 några
729 1373 88 26 stycken
834 1373 112 20 afvikande

198 1408 110 20 redaktion
324 1407 24 20 af
361 1407 65 27 sagde
442 1409 97 18 moment.

266 1443 27 24 B)
317 1442 70 19 Ehuru
410 1442 36 19 det
467 1442 8 19 i
497 1442 12 19 4
532 1443 10 22 $
566 1441 175 20 förekommande
763 1441 132 27 stadgandet,
918 1443 30 18 att

196 1476 215 26 landtmannafartyg,
429 1482 44 14 som
494 1475 108 27 begagnas
620 1475 32 20 för
667 1475 168 26 handelssjöfart,
851 1475 51 20 böra
916 1477 31 18 in-
