1070 1786
220 149 35 19 554

257 215 8 18 1
294 220 62 14 mom.
379 214 23 19 af
420 215 24 19 17
465 216 7 22 $
490 214 62 20 hafva
579 214 117 20 Ständerna
721 214 96 27 godkänt
835 215 6 19 i
863 214 69 27 öfrigt,

186 250 57 18 utom
260 248 55 20 hvad
332 248 98 20 beträffar
446 248 133 20 föreskriften
597 248 79 25 derom,
692 250 30 18 att
737 248 87 20 kallelse
840 248 30 19 till
888 249 45 19 räd-

186 283 129 19 husstämma
330 282 124 26 ovilkorligt
472 282 52 20 skall
544 282 37 20 ske
599 289 75 19 genom
693 282 128 26 kungörelse
836 283 6 19 i
859 283 74 25 kyrka.

188 317 41 19 Det
244 316 38 20 har
293 318 58 24 synts
367 316 118 20 Ständerna
500 316 122 27 lämpligare
634 318 36 24 att,
683 316 67 20 såsom
762 316 61 20 äfven
835 316 5 19 i
857 317 5 19 2
874 323 61 13 mom.

187 351 23 19 af
230 351 70 19 denna
315 352 9 22 $
339 351 7 19 i
362 350 100 20 afseende
485 350 12 20 å
512 350 166 20 extraordinarie
699 350 168 20 rådhusstämma
881 350 55 20 före-

188 384 80 27 slagits,
285 384 130 20 öfverlemna
430 384 31 20 till
478 384 138 20 kommunens
632 386 47 24 eget
696 384 121 26 afgörande,
829 385 51 19 huru
892 384 43 20 kal-

188 418 73 26 lelsen,
282 418 82 20 utöfver
386 418 54 20 hvad
465 418 70 20 derom
550 418 7 20 i
573 417 63 27 öfrigt
658 421 23 17 är
708 418 105 26 stadgadt,
837 418 46 20 bäst
903 418 33 20 mä

188 453 72 20 kunna
276 452 165 27 offentliggöras.

256 487 9 19 I
280 487 99 20 afseende
395 487 12 19 &
422 488 13 19 2
450 493 61 13 mom.
527 486 23 20 af
563 486 69 20 denna
645 488 9 22 $
666 486 38 20 har
719 486 44 20 åter
781 486 41 20 den
845 486 91 26 ändring

188 521 108 26 vidtagits,
311 523 30 17 att
360 521 87 20 kallelse
464 521 29 19 till
509 520 167 20 extraordinarie
692 523 87 17 stämma
795 521 19 25 ej
831 520 38 20 bör
885 521 49 19 kun-

188 557 62 24 göras
268 555 52 20 blott
334 561 77 20 genom
428 555 80 26 anslag,
525 558 48 17 utan
590 555 61 20 äfven
668 554 27 27 pä
710 556 64 19 annat
789 557 46 17 sätt.

257 589 95 19 Emedan
376 589 40 25 det,
444 589 66 26 enligt
532 589 128 20 Ständernas
684 589 105 25 omdöme,
807 592 23 16 är
849 589 87 20 alldeles

189 623 137 26 nödvändigt,
341 625 31 18 att
387 623 85 24 ärende,
487 629 43 14 som
546 623 23 19 af
578 623 166 19 rädhusstämma
760 622 30 20 till
809 622 127 27 behandling

188 657 113 26 företages,
317 657 53 19 skall
390 663 50 13 vara
460 657 115 27 behörigen
591 657 75 19 beredt
681 659 54 17 samt
750 657 57 19 detta
822 657 113 26 äliggande

188 691 121 26 lämpligast
324 691 71 19 tillhör
411 691 142 26 Magistraten,
565 691 63 19 hafva
641 690 118 20 Ständerna
774 691 95 26 godkänt
879 691 55 19 stad-

188 726 81 26 gandet
284 726 72 19 derom
372 726 6 18 i
399 726 22 18 18
437 727 16 22 $.

257 756 74 30 Öfriga
348 760 132 25 stadganden
496 760 7 19 i
519 760 57 19 detta
592 759 79 26 kapitel
693 759 62 19 hafva
769 759 47 20 icke
832 759 103 20 föranledt

188 794 30 20 till
236 794 72 19 vidare
328 794 98 26 yttrande
443 794 22 19 af
479 792 124 26 Ständerna,
624 796 25 16 än
666 795 28 17 att
712 793 26 20 de
754 793 70 21 blifvit
839 794 23 19 af
876 794 59 20 Stän-

186 828 67 20 derna
268 828 6 19 i
290 828 41 19 allo
347 827 112 25 godkända
475 827 38 20 och
529 829 97 23 antagna.

256 861 91 26 Tredje
366 861 108 26 kapitlet
492 860 118 20 innehäller
632 864 98 16 närmare
750 861 130 20 föreskrifter
903 868 32 13 om

187 895 191 26 stadsfullmäktige
400 895 38 20 och
466 895 60 19 deras
547 895 140 19 verksamhet.
719 895 139 20 Alldenstund
875 895 59 20 Stän-

188 929 65 21 derne
265 936 50 13 anse
330 929 209 20 stadskommunerne
559 929 51 19 böra
625 929 116 26 medgifvas
760 929 63 19 frihet
837 931 31 18 att
883 930 53 19 efter

188 964 210 26 omständigheterna
414 963 114 20 bestämma
544 963 32 26 sig
587 963 61 19 äfven
660 963 32 19 för
704 965 29 17 ett
744 963 65 26 högre
821 964 57 19 antal
890 964 45 19 full-

186 998 95 26 mäktige
296 1001 25 16 än
338 998 6 19 i
360 998 27 19 24
402 999 10 22 S
427 1000 23 17 är
465 997 120 26 föreslaget,
601 997 62 19 hafva
685 997 118 20 Ständerna
817 997 7 19 i
836 997 99 21 afseende

187 1033 13 19 å
215 1033 66 26 sagda
296 1034 9 22 $
321 1032 88 26 vidtagit
426 1032 40 19 den
483 1031 96 26 ändring,
595 1033 29 18 att
642 1031 204 26 stadsfullmäktiges
870 1033 65 18 maxi-

188 1067 86 20 miantal
290 1067 7 19 i
313 1066 73 25 hvarje
402 1065 23 20 af
439 1065 26 20 de
480 1065 111 26 uppstälda
607 1065 145 26 kategorierna
769 1065 61 20 ökats
847 1066 46 20 med
907 1069 29 17 ett

184 1103 70 25 jemnt
269 1101 65 20 tiotal.

255 1135 27 20 25
298 1137 10 22 $
324 1134 84 26 stadgar
424 1135 30 18 att
469 1133 34 20 vid
523 1133 130 26 behandling
673 1133 23 20 af
709 1133 56 20 vissa
779 1134 82 26 vigtiga
877 1137 57 17 ären-

187 1170 39 19 den
247 1169 201 24 stadsfullmäktiges
467 1168 56 19 antal
544 1167 53 20 skall
614 1167 51 20 ökas
685 1168 47 19 med
757 1167 86 20 hälften.
877 1168 59 20 Stän-

187 1204 66 19 derna
276 1203 58 19 finna
356 1202 40 25 väl,
417 1204 30 17 att
470 1202 75 26 många
569 1202 22 19 af
605 1201 25 19 de
647 1201 37 20 der
707 1202 101 25 uppgifna
831 1202 106 20 ärendena

187 1239 73 18 kunna
281 1243 49 13 vara
348 1237 24 18 af
385 1236 81 26 ganska
482 1235 146 20 underordnad
646 1235 117 26 betydelse,
780 1235 76 20 liksom
874 1237 61 19 äfven

186 1274 30 17 att
232 1271 106 26 åtskilliga
354 1270 66 19 andra
434 1269 70 27 frågor
523 1269 71 20 kunna
609 1269 63 20 hafva
688 1269 43 20 lika
740 1272 91 23 stor,
803 1265 23 36 om
841 1271 18 24 ej
870 1272 65 19 större

187 1307 50 26 vigt.
268 1305 48 20 Men
337 1305 27 19 då
379 1304 160 26 ifrågavarande
559 1303 92 20 ärenden
672 1303 63 20 hafva
754 1306 29 17 ett
802 1303 133 28 varaktigare

187 1340 117 26 inflytande
322 1339 31 19 för
370 1338 119 25 framtiden,
504 1344 51 13 anse
571 1337 118 20 Ständerna
705 1337 35 20 det
756 1337 50 20 böra
822 1338 63 20 lända
905 1339 29 20 till

186 1381 63 20 gagn,
265 1375 30 18 att
311 1373 39 19 den
364 1372 106 20 allmänna
486 1372 111 26 meningen
608 1372 6 19 i
625 1372 185 19 stadskommunen
823 1371 31 20 för
863 1372 71 27 hvarje

186 1409 75 20 sådant
276 1407 78 20 ärende
370 1407 40 18 kan
428 1409 51 23 göra
494 1407 31 25 sig
540 1406 99 19 särskildt
658 1406 51 19 hörd
726 1412 75 20 genom
819 1406 31 19 för
866 1407 70 19 tillfäl-

184 1443 30 19 let
230 1441 87 20 utsedde
336 1440 195 26 stadsfullmäktige.
562 1439 117 21 Ständerna
702 1440 61 19 hafva
779 1440 84 20 derföre
878 1443 56 18 anta-

187 1477 31 25 git
234 1476 70 19 denna
320 1477 16 21 $.
