1070 1786
211 144 35 17 582

242 209 164 29 föredragning
426 209 78 21 bereda
524 209 26 21 de
569 209 99 26 ärender,
683 209 8 20 i
707 209 74 21 hvilka
790 208 142 28 fullmäktige

247 244 62 21 skola
323 244 99 21 meddela
436 243 132 22 utlåtanden
583 243 53 22 eller
646 243 64 28 fatta
726 243 75 21 beslut.

557 306 16 28 $
587 306 35 21 45.

321 352 156 26 Ordföranden
491 352 69 21 vakar
570 352 60 28 öfver
641 352 119 28 ordningen
770 352 37 20 vid
817 351 117 27 stadsfull-

249 386 105 28 mäktiges
374 387 178 21 sammanträden
571 386 37 21 och
628 386 50 27 kan,
698 386 57 27 efter
773 386 99 27 varning,
889 386 45 20 låta

250 421 71 21 utvisa
340 420 99 27 åhörare,
455 428 45 14 som
515 421 33 27 sig
563 420 116 28 oskickligt
688 420 119 28 förhåller.
840 420 95 27 Uppstår

251 455 115 28 oordning,
385 462 46 14 som
446 456 20 27 ej
481 454 98 29 afstyras
597 454 51 26 kan,
663 461 36 21 ege
714 454 150 28 ordföranden
879 460 54 14 sam-

250 488 124 22 manträdet
389 489 99 28 upplösa.

521 580 15 22 4
551 579 113 29 Kapitlet.

521 638 31 20 Om
567 637 104 26 Magistrat.

562 706 15 27 $
592 706 34 21 46.

324 751 153 28 Magistraten,
504 752 72 20 såsom
599 751 88 21 stadens
710 751 97 28 styrelse,
833 758 49 20 eger
905 753 33 18 att

255 786 67 26 hafva
341 785 162 27 öfverinseende
520 785 60 27 öfver
599 785 87 21 stadens
706 792 157 21 gemensamma
879 792 59 20 egen-

255 820 55 25 dom,
332 819 124 27 inkomster,
474 819 117 27 förmåner
612 819 38 21 och
671 819 135 28 rättigheter,
826 822 55 18 samt
907 821 31 19 att

254 854 56 21 vaka
329 854 107 26 deröfver,
454 856 33 18 att
505 854 26 20 de
547 853 30 27 af
587 853 192 21 rådhusstämman
801 854 52 20 eller
868 853 71 21 stads-

252 888 142 27 fullmäktige
417 888 106 27 lagenligt
535 888 90 27 fattade
643 888 68 21 beslut
726 888 90 27 bringas
831 888 36 20 till
881 887 59 21 verk-

256 921 112 28 ställighet
382 921 29 28 af
422 922 26 21 de
459 921 42 27 för
514 921 111 22 särskilda
640 922 105 20 ändamål
761 922 94 21 tillsatta
865 923 75 19 nämn-

256 956 46 26 der,
324 956 103 27 styrelser
449 956 52 21 eller
515 962 111 21 personer,
650 963 45 14 som
713 956 86 21 dermed
818 955 53 22 böra
888 958 52 25 taga

257 990 130 27 befattning.

327 1024 85 21 Finner
430 1024 147 28 Magistraten
600 1027 33 18 att
651 1026 30 19 ett
700 1023 30 28 af
742 1024 200 29 stadsfullmäktige

258 1059 53 21 eller
332 1059 175 21 rådhusstämma
524 1059 89 27 fattadt
635 1059 68 21 beslut
724 1059 83 21 strider
829 1061 54 19 emot
899 1059 41 28 lag,

257 1093 104 28 gällande
371 1093 140 28 författning
526 1093 52 21 eller
593 1093 29 27 af
632 1093 87 28 behörig
734 1093 123 28 myndighet
870 1094 72 27 utfär-

258 1127 46 21 dad
309 1127 129 27 föreskrift,
450 1127 51 21 eller
515 1129 33 19 att
563 1127 178 28 underställning
756 1127 136 27 uraktlåtits,
904 1128 38 20 der

260 1161 42 21 den
320 1161 47 22 bort
386 1169 40 20 ega
444 1169 54 18 rum,
518 1169 51 14 vare
585 1162 82 27 pligtig
686 1164 32 18 att
738 1164 67 25 vägra
821 1162 121 21 handräck-

259 1195 54 27 ning
324 1195 35 21 till
372 1195 162 28 verkställighet
543 1195 30 27 af
583 1202 82 14 samma
681 1195 74 21 beslut.
785 1195 13 21 I
808 1196 72 20 sådan
891 1196 51 20 hän-

260 1229 58 21 delse
328 1228 38 22 bör
376 1228 152 29 Magistraten,
545 1229 39 21 der
599 1229 106 28 åtgärden
720 1230 105 27 vidtagits
836 1230 31 27 af
873 1230 70 21 stads-

255 1263 149 29 fullmäktige,
424 1265 9 20 i
450 1263 112 28 skrifvelse
581 1264 35 21 till
636 1265 67 25 desse,
723 1265 58 25 eller,
801 1271 33 14 om
856 1265 88 21 beslutet

255 1298 85 27 fattats
350 1298 8 21 i
368 1298 181 26 rådhusstämma,
566 1299 104 27 antingen
680 1301 77 25 genast
768 1299 53 20 eller
832 1299 37 20 vid
883 1301 61 19 näst-

256 1332 134 28 påföljande
400 1334 91 19 stämma
501 1333 104 25 meddela,
616 1335 34 18 att
660 1333 163 28 verkställighet
833 1333 46 21 icke
883 1333 61 28 följa

260 1366 51 25 kan,
321 1367 68 27 jemte
404 1366 75 21 skälen
494 1367 81 20 dertill.
608 1362 65 31 Öfver
688 1367 72 20 sådan
775 1369 82 26 vägran
874 1369 26 19 är
910 1368 34 21 det

260 1401 158 21 vederbörande
436 1401 95 28 obetaget
551 1403 33 19 att
601 1402 34 27 sig
656 1401 88 21 besvära
759 1402 8 20 i
783 1401 41 21 den
844 1402 100 27 ordning,

261 1441 44 14 som
315 1434 43 27 för
372 1435 203 28 ändringssökande
590 1436 9 20 i
613 1435 158 28 Magistratens
786 1435 69 21 beslut
870 1437 27 20 är
907 1436 38 27 fö-

261 1468 130 28 reskrifven.
