1070 1786
341 406 57 20 Hans
414 406 131 26 Kejserliga
556 406 118 26 Majestäts
689 407 69 26 Nädiga
769 408 119 26 proposition

272 440 31 20 till
323 440 87 20 Finlands
424 440 88 25 Ständer,
532 441 98 25 angående
645 447 24 19 ny
684 441 60 26 sjölag
760 442 29 20 för
804 442 83 20 Finland.

206 503 69 20 Sedan
294 503 66 19 Hans
378 502 146 27 Kejserliga
542 503 120 25 Majestät
683 503 32 20 till
738 504 99 20 Finlands
853 504 33 20 vid

140 537 138 20 1863—1864
299 537 32 19 års
350 536 100 26 landtdag
470 536 127 21 församlade
620 536 89 21 Ständer
728 538 65 20 aflätit
812 545 75 20 propo-

138 572 62 19 sition
216 571 31 20 för
263 573 29 18 att
307 571 95 19 inhemta
420 570 127 21 Ständernas
565 571 99 26 yttrande
680 578 33 13 om
730 572 157 26 nödvändighe-

139 607 33 17 ten
190 605 64 25 deraf,
272 607 30 17 att
317 604 81 20 landets
418 604 119 20 föräldrade
557 605 67 25 sjölag
643 605 46 19 med
706 606 125 20 tillhörande
847 607 40 19 för-

138 638 115 27 fattningar
269 638 165 20 underkastades
450 644 25 14 en
491 638 123 26 fullständig
631 639 148 27 omarbetning
794 641 39 19 och
850 642 37 25 dy-

139 672 87 20 medelst
245 673 62 19 äfven
326 672 6 19 i
352 672 118 26 möjligaste
490 672 65 20 mätto
576 673 83 25 bragtes
678 673 30 19 till
727 674 160 20 öfverensstäm-

138 706 63 20 melse
222 707 46 19 med
290 706 110 20 enahanda
419 706 58 26 lagar
497 706 38 20 hos
556 707 66 19 andra
642 707 72 25 sjöfart
729 708 91 20 idkande
836 709 51 25 folk,

138 743 53 17 samt
210 740 70 20 tillika
299 741 21 19 ät
338 740 118 20 Ständerna
474 740 140 20 öfverlemnat
633 743 29 17 att
680 738 77 22 föreslä
775 744 62 24 utväg
856 743 31 19 för

138 775 106 19 vinnande
259 774 23 20 af
296 774 56 20 detta
370 774 105 25 ändamäl,
492 774 63 20 hafva
573 774 117 20 Ständerna
710 776 27 18 uti
758 776 129 26 underdänig

139 808 110 20 skrifvelse
266 808 22 20 af
302 808 39 20 den
361 809 23 19 19
400 808 85 20 Januari
512 809 59 25 1864,
593 809 65 25 jemte
682 809 35 19 det
739 809 24 19 de
786 810 103 26 tillstyrkt

139 843 106 26 sjölagens
261 843 38 19 och
316 843 68 19 dertill
401 843 92 19 hörande
509 842 158 26 författningars
678 843 146 27 omarbetning
835 845 6 19 i
853 845 35 19 det

139 877 28 18 uti
183 877 41 19 den
239 876 84 26 Nädiga
338 876 158 26 propositionen
513 876 94 26 antydda
623 877 61 25 syfte,
700 877 96 19 anhällit:
815 882 30 15 att
861 885 25 13 en

139 911 83 19 Komit6
238 910 22 20 af
273 910 128 26 lagkunnige
418 910 39 19 och
472 911 6 18 i
495 910 230 26 sjöfartsförhällanden
742 911 81 20 erfarne
840 915 46 17 män

139 945 64 19 mätte
220 945 47 19 med
284 945 33 19 det
334 946 94 18 snaraste
445 944 106 19 nedsättas
566 944 32 19 för
615 945 155 20 verkställande
787 946 23 19 af
822 947 64 26 sagde

138 979 157 26 omarbetning:
315 981 29 17 att
364 979 35 18 det
418 978 77 26 förslag
516 978 30 19 till
564 985 26 19 ny
607 979 74 26 sjölag,
698 985 43 13 som
758 979 83 20 komme
857 983 30 18 att

138 1013 22 19 af
174 1013 70 19 denna
265 1013 81 19 Komit6
367 1012 112 25 utarbetas,
499 1012 92 19 derefter
611 1012 69 19 blefve
696 1013 6 19 i
719 1013 58 26 tryck
798 1015 89 25 utgifvet

138 1047 39 20 och
192 1047 142 19 allmänheten
356 1047 93 19 lemnadt
468 1048 63 24 öppet
547 1049 30 16 att
595 1047 46 19 med
662 1047 163 26 anmärkningar
841 1049 45 19 der-

139 1083 57 18 emot
211 1081 114 24 inkomma,
341 1083 62 16 samt:
420 1082 30 17 att
467 1080 66 19 Hans
554 1080 146 26 Kejserliga
715 1081 126 27 Majestät,
857 1083 29 19 ef-

139 1117 31 18 ter
185 1115 130 26 granskning
330 1115 23 18 af
367 1115 89 18 nämnde
472 1114 77 26 förslag
565 1115 39 18 och
621 1115 170 26 anmärkningar,
806 1116 81 21 täektes

140 1149 108 26 förelägga
263 1149 123 24 Ständerna,
402 1155 32 12 om
453 1149 82 25 möjligt
554 1149 62 19 redan
639 1149 33 19 vid
690 1152 45 16 näst
751 1150 50 19 derä
815 1151 71 20 inträf-

139 1183 62 19 fande
221 1183 106 25 landtdag,
346 1182 78 26 förslag
442 1183 29 18 till
493 1189 28 19 ny
540 1183 67 25 sjölag
627 1183 31 19 för
676 1183 100 25 Finland;
797 1184 89 21 hvarhos

139 1216 163 20 medlemmarne
322 1216 22 19 af
365 1216 174 27 Borgareständet
560 1217 32 19 vid
614 1217 142 20 förstnämnde
779 1217 107 28 landtdag,

139 1251 28 19 uti
183 1257 25 13 en
226 1251 38 19 den
284 1251 25 18 14
325 1251 59 25 April
404 1251 51 19 1864
471 1251 85 19 daterad
573 1251 67 24 skrift,
657 1251 29 19 till
705 1251 63 19 Hans
785 1251 100 27 Kejser-

137 1285 52 26 liga
215 1285 117 26 Majestät
354 1285 109 19 framburit
482 1285 132 26 underdänig
640 1285 80 19 önskan
748 1287 30 17 att
804 1287 81 20 straffet

138 1319 31 19 för
185 1319 88 25 sjöman,
289 1325 43 13 som
350 1319 117 19 utomlands
491 1325 92 19 rymmer
606 1319 44 19 från
674 1319 30 19 sin
722 1319 12 19 å
750 1319 63 20 finskt
835 1321 50 20 han-

138 1353 115 26 delsfartyg
269 1355 91 24 antagna
375 1353 70 26 tjenst,
462 1353 64 20 mätte
543 1353 85 25 lindras,
640 1353 38 20 och
695 1354 5 17 i
717 1353 73 19 sädant
804 1355 81 20 afseen-

139 1389 25 18 de
180 1387 80 26 begärt,
277 1387 61 20 bland
355 1390 70 22 annat,
442 1387 65 20 hvarä
522 1387 75 26 nädigt
612 1387 58 20 bifall
692 1387 63 20 redan
775 1390 22 17 är
817 1389 69 20 förun-

137 1421 50 20 nadt
202 1427 76 19 genom
295 1421 150 26 förordningen
461 1421 6 19 i
484 1424 70 17 ämnet
571 1421 23 20 af
607 1421 39 19 den
659 1421 25 19 27
696 1421 55 19 Mars
769 1422 59 25 1865,
839 1429 47 20 pro-

137 1456 89 26 position
250 1455 31 20 till
304 1455 64 19 första
388 1455 100 26 landtdag
507 1455 109 28 angäende
638 1455 147 28 upphäfvande
808 1457 23 20 af
852 1457 35 22 det
