1070 1786
777 146 34 18 413

97 217 77 14 manna
194 211 109 26 fartygens
320 209 181 27 seglationsfrihet
517 210 54 18 samt
585 209 7 19 i
607 209 128 26 rättigheten
751 210 30 19 att
796 209 48 20 dem

96 245 31 20 för
143 244 89 27 lofgifna
247 243 97 20 ändamål
360 243 104 24 använda,
480 242 57 25 böra,
554 242 31 20 för
600 242 116 20 ernåendet
730 243 24 20 af
766 243 77 26 nödige

97 278 93 21 ansedde
206 277 118 27 väsentliga
339 276 146 25 förenklingar
500 276 7 19 i
523 276 26 20 de
565 276 57 20 olika
640 276 108 26 fartygens
759 277 39 19 och
809 283 35 13 va-

97 312 225 26 ruförsändningarnes
338 310 175 26 tullbehandling,
529 310 146 26 undanrödjas.
699 310 39 20 Väl
755 310 37 20 har
807 316 36 20 ge-

98 352 47 14 nom
165 345 84 27 Nådiga
268 344 140 27 kungörelsen
424 344 24 20 af
461 344 38 20 den
517 344 26 20 27
561 344 40 26 Maj
620 344 60 26 1856,
695 343 27 27 på
737 344 106 20 Handlan-

98 380 74 20 dernes
188 380 6 18 i
211 379 98 20 städerna
324 378 71 20 derom
412 378 75 26 gjorda
503 377 106 25 anhållan,
624 377 128 27 rättigheten
769 379 29 19 att
809 378 35 20 be-

98 420 70 20 gagna
182 412 208 26 landtmannafartyg
406 412 69 19 blifvit
491 411 108 25 utsträckt,
614 411 107 20 äfvensom
734 411 110 20 efterhand

98 454 75 19 genom
190 447 82 26 Nådiga
288 446 164 27 kungörelserne
468 445 22 20 af
503 445 41 20 den
556 445 13 20 2
580 445 54 20 Mars
649 445 58 25 1859,
720 446 25 20 19
756 446 87 20 Decem-

97 482 38 19 ber
158 481 52 20 1866
234 480 40 21 och
292 480 26 20 26
339 480 55 20 Mars
414 480 53 19 1868
488 479 40 20 den
548 479 45 19 från
609 479 58 19 äldre
683 479 53 20 tider
753 479 92 21 rådande

99 514 103 21 åtskilnad
214 515 6 19 i
233 514 65 20 stads-
314 514 38 20 och
370 513 245 26 landtmannafartygens
630 513 215 27 seglationsrättighet

98 552 26 17 än
144 549 72 20 vidare
231 549 6 19 i
254 548 95 26 betydlig
366 547 47 20 mån
430 547 104 26 upphäfts,
550 546 23 21 så
588 548 30 19 att
632 547 157 27 landsbygdens
804 548 40 19 far-

98 585 44 25 tyg,
165 583 48 19 med
233 582 72 20 hvilka
324 582 135 19 derförinnan
475 581 76 19 endast
565 581 90 26 allmoge
670 581 40 20 och
725 581 119 27 ståndsper-

97 623 61 14 soner
174 616 27 27 på
215 616 73 20 landet
302 616 52 26 egde
370 615 64 20 frihet
449 617 30 18 att
493 615 46 19 från
555 615 123 20 landthamn
694 615 69 20 utföra
776 616 68 20 landt-

99 657 76 13 manna
190 650 40 20 och
246 643 62 27 vissa
315 650 65 20 andra
395 649 112 20 inhemska
522 649 64 20 alster
599 649 31 20 till
641 652 55 17 orter
706 649 56 20 inom
773 646 71 24 Öster-

99 685 45 26 sjön
163 684 39 20 och
218 684 111 20 Bottniska
344 683 62 20 viken
423 685 52 18 samt
491 683 115 20 hamnarne
622 683 56 20 inom
695 679 93 24 Öresund
805 684 39 20 och

99 718 99 20 Belterna
212 718 107 20 äfvensom
337 717 81 20 danska
434 717 143 27 tullplatserna
593 717 33 19 vid
643 717 104 27 Kattegat,
759 724 86 14 numera

100 752 19 20 få
135 752 22 20 af
170 752 125 20 Handlande
306 752 6 19 i
322 751 101 20 Finlands
438 751 71 20 städer
525 751 112 27 begagnas,
652 750 48 21 icke
714 751 89 20 allenast
813 752 30 19 till

100 786 97 20 fraktfart
212 786 91 20 emellan
318 786 26 20 de
360 785 68 20 finska
443 785 99 20 städerna
557 787 53 18 samt
625 785 31 19 till
666 785 39 20 och
716 785 53 20 ifrån
780 785 65 27 ryska

101 821 87 19 hamnar
202 820 34 20 vid
253 816 107 30 Östersjön
377 819 39 20 och
432 818 79 21 Finska
525 818 71 26 viken,
611 820 48 18 utan
671 819 39 20 ock
721 819 33 20 för
764 821 30 18 ut-
806 820 39 19 och

99 854 86 21 införsel
206 854 22 20 af
242 860 61 13 varor
317 854 7 19 i
340 853 114 20 allmänhet
469 853 30 19 till
515 853 38 19 och
570 852 52 20 ifrån
639 853 41 19 alla
696 853 78 20 utrikes
789 855 57 18 orter

101 888 34 19 vid
151 888 57 19 såväl
224 884 115 29 Östersjön,
356 883 95 23 Öresund
468 887 39 19 och
523 886 104 26 Belterna,
643 893 43 13 som
698 893 62 14 norra
770 887 75 20 kusten

100 922 23 19 af
143 921 107 27 Tyskland
274 921 39 20 och
336 921 89 20 Holland
450 922 53 18 samt
522 923 56 17 östra
597 920 100 21 kusterna
712 921 20 20 af
747 921 98 26 England

100 956 39 20 och
162 955 112 20 Skottland
297 957 49 18 utan
367 955 145 20 examineradt
533 954 62 26 befäl,
614 957 53 17 samt
680 955 78 26 jemväl
773 955 28 26 på
815 955 30 20 af-

100 990 97 26 lägsnare
213 989 110 26 farvatten,
340 989 47 20 med
403 989 68 20 vilkor
482 989 7 19 i
500 988 128 20 sistnämnde
645 989 35 19 fall
697 991 29 17 att
736 989 109 26 Skeppare

101 1023 38 20 och
160 1023 104 26 Styrmän,
286 1029 43 14 som
346 1023 30 20 till
393 1023 69 20 denna
477 1023 153 20 vidsträcktare
645 1023 73 25 sjöfart
732 1023 113 24 användas,

101 1057 111 26 undergått
231 1057 32 20 för
283 1057 77 20 sådane
380 1063 58 14 resor
453 1057 126 20 föreskrifna
595 1057 159 26 kunskapsprof.
784 1057 61 20 Lika-

99 1091 59 20 ledes
182 1093 22 18 är
227 1090 157 27 landsbygdens
405 1091 76 26 fartyg,
501 1091 34 19 vid
556 1091 72 26 sjöfart
647 1091 31 20 för
691 1091 85 20 redares
792 1097 53 20 egen

100 1125 97 26 räkning,
219 1125 74 26 tillagd
313 1124 131 27 obegränsad
464 1124 184 27 seglationsfrihet,
664 1125 54 20 dock
733 1125 48 20 med
797 1131 48 14 exa-

101 1158 181 27 mensskyldighet
298 1158 31 20 för
344 1158 85 25 befälet,
446 1164 43 14 som
505 1158 31 20 till
554 1158 58 27 dylik
629 1158 73 26 sjöfart
712 1161 55 18 utom
778 1159 67 20 Nord-

76 1196 3 2 *
100 1194 45 25 sjön
168 1192 113 27 begagnas.
311 1192 39 20 För
366 1192 108 20 städernas
489 1192 71 26 fartyg
575 1194 43 24 äro,
634 1192 6 20 i
656 1191 101 21 afseende
771 1192 14 20 å
799 1199 46 21 seg-

100 1227 92 20 lationen
208 1226 80 20 inrikes
304 1228 55 19 orter
375 1226 98 25 emellan,
489 1226 65 20 också
570 1226 107 27 medgifna
692 1226 26 21 de
728 1226 61 21 flesta
800 1227 46 20 lätt-

100 1261 64 20 nader
183 1261 39 20 och
242 1260 112 26 förmåner,
373 1266 43 14 som
438 1260 232 27 landtmannafartygen
686 1261 65 20 redan
767 1261 79 20 derför-

100 1295 64 19 innan
188 1294 90 27 åtnjutit,
297 1294 107 20 äfvensom
425 1294 108 20 städernas
553 1296 123 25 exportörer
691 1294 80 20 tillåtits
787 1297 36 24 att,
839 1295 7 20 i

100 1329 46 19 sina
164 1328 77 27 fartyg,
257 1328 52 20 efter
324 1328 98 20 anmälan
439 1328 13 19 å
466 1328 158 20 vederbörande
640 1328 128 26 tullkamrar,
785 1328 61 21 verk-

100 1362 62 20 ställa
180 1362 116 26 inlastning
311 1362 23 20 af
347 1361 111 21 inhemska
473 1368 61 14 varor
549 1362 46 20 från
611 1362 129 26 landthamn,
757 1362 47 20 med
820 1362 26 20 de

100 1396 152 27 iakttaganden
274 1396 71 20 dervid
361 1396 7 19 i
384 1396 70 26 öfrigt,
474 1402 44 13 som
537 1398 36 18 äro
590 1395 233 28 landtmannafartygen
839 1396 7 19 i

99 1430 51 20 slikt
164 1430 122 21 hänseende
302 1429 132 21 föreskrifna.

167 1463 135 21 Beträffande
313 1463 127 27 rättigheten
452 1465 30 18 att
493 1463 51 20 idka
554 1463 74 27 sjöfart
638 1465 55 19 samt
704 1465 29 18 att
743 1463 104 27 utskeppa
