1070 1786
240 149 34 16 250

274 211 54 20 Från
352 211 229 26 ersättningsbeloppet
604 211 98 26 afdrages
725 211 92 20 derefter
839 212 36 19 det
891 212 64 19 värde

206 246 52 19 eller
274 245 185 26 försäljningspris,
475 252 43 13 som
537 247 114 18 motsvarar
668 245 79 20 sådana
762 246 106 24 tillbehör,
885 245 71 20 hvilka

205 280 6 19 i
224 279 91 20 skadadt
330 279 60 20 skick
406 279 83 20 finnas
481 275 11 35 i
502 279 68 20 behåll
587 279 39 19 och
643 279 68 20 blifvit
727 279 120 20 beräknade
863 281 30 18 att
909 279 45 19 med

206 320 43 19 nya
265 315 93 18 ersättas.

546 360 10 21 s
575 358 44 18 144.

275 398 32 19 Då
325 398 67 19 skada
407 398 12 19 &
435 398 51 26 gods
502 398 6 18 i
524 400 132 23 gemensamt
676 398 72 19 haveri
769 398 130 25 bestämmes,
920 397 36 19 bör

206 432 86 26 godsets
315 432 76 26 mängd
412 432 38 19 och
467 431 145 20 beskaffenhet
635 434 85 17 utrönas
742 438 75 20 genom
841 432 113 19 konnässe-

206 468 58 18 ment
287 466 51 20 eller
362 472 69 13 annan
455 465 117 25 bevisning,
592 465 38 19 och
646 465 65 19 sedan
728 465 52 20 skall
798 466 35 19 det
849 466 46 19 med
913 466 41 19 led-

207 501 50 25 ning
272 500 24 19 af
312 500 89 25 faktura,
421 499 154 26 börsuppgifter
593 499 51 19 eller
664 499 54 26 gode
740 502 57 17 mäns
817 502 72 24 utsago
905 506 50 20 upp-

205 534 81 20 skattas
302 536 52 18 samt
371 533 103 20 beräknas
489 533 54 19 efter
558 532 104 27 gångbart
677 534 42 25 pris
736 533 12 20 &
764 534 93 20 oskadad
875 540 49 14 vara
935 534 22 19 af

206 575 80 13 samma
302 570 31 18 art
348 568 6 20 i
371 567 40 20 den
428 567 181 20 bestämmelseort
632 568 52 19 eller
709 568 113 25 nödhamn,
845 568 37 20 der
906 569 49 18 loss-

207 603 51 26 ning
274 602 49 20 sker
338 602 40 19 och
394 608 61 13 resan
471 602 70 19 slutar.
571 601 55 19 Ifrån
643 602 57 19 detta
711 602 64 19 värde
786 602 97 26 afdragas
895 602 61 24 frakt,

207 637 45 25 tull,
268 636 227 26 försäljpingskostnad
511 638 54 17 samt
580 636 65 19 andra
662 636 117 26 umgälder;
795 636 39 19 och
851 636 103 19 dessutom

207 672 37 19 bör
264 670 99 20 afräknas
383 670 45 19 frän
453 670 72 19 värdet
543 669 22 20 af
583 670 101 19 förloradt
702 669 52 27 gods
774 669 27 20 all
817 669 66 20 skada
898 670 6 19 i
920 676 36 13 en-

206 705 51 20 skilt
273 704 78 25 haveri,
368 710 43 13 som
428 703 49 20 derä
493 703 60 19 timat
568 703 44 20 före
628 703 91 26 olyckan
731 704 6 18 i
749 703 34 20 det
797 710 159 20 gemensamma

206 739 101 25 haveriet,
323 740 53 18 samt
391 737 53 20 ifrån
461 737 73 20 värdet
549 738 23 19 af
585 737 90 20 skadadt
695 738 53 26 gods
763 738 40 19 den
823 737 133 21 återstående

207 779 75 14 varans
301 773 42 26 pris
362 772 39 20 och
422 772 26 19 all
469 772 72 19 förlust
557 772 12 19 å
584 772 75 26 godset
677 778 75 20 genom
769 772 92 19 enskildt
877 772 79 26 haveri,

206 814 44 13 som
268 806 93 27 uppstått
376 806 52 25 före,
444 806 33 19 vid
494 806 52 19 eller
561 806 53 19 efter
630 806 39 19 den
686 812 157 20 gemensamma
858 806 98 26 olyckan.

207 835 127 26 Återstoden
351 842 60 24 utgör
427 840 232 26 ersättningsbeloppet.

275 874 46 20 Kan
341 874 35 20 det
396 874 47 19 fullt
463 874 83 19 utredas
566 876 30 17 att
614 874 112 25 egendom,
745 880 43 13 som
811 874 68 20 blifvit
899 874 6 19 i
920 881 35 19 ge-

208 910 103 19 mensamt
333 908 72 20 haveri
429 907 116 26 uppoffrad,
565 907 75 25 skulle,
660 907 43 20 ifall
727 907 39 20 den
786 908 53 19 varit
862 908 94 25 ombord,

206 943 91 20 kommit
311 944 30 18 att
358 942 42 19 lida
415 941 66 20 skada
496 941 29 20 uti
541 941 92 20 enskildt
648 941 80 26 haveri,
740 947 43 14 som
795 942 89 19 sednare
895 942 60 19 drab-

208 977 35 20 bat
258 983 69 14 annan
344 976 103 26 egendom
464 975 27 26 på
506 975 98 26 fartyget,
626 975 33 20 mä
679 975 228 27 ersättningsbeloppet
925 976 32 19 för

207 1012 40 19 den
268 1010 122 27 uppoffrade
411 1010 130 26 egendomen
562 1009 47 20 icke
628 1009 105 20 beräknas
753 1009 29 20 till
802 1010 65 25 högre
886 1011 70 25 värde,

206 1049 27 16 än
250 1045 55 20 hvad
321 1045 61 19 deraf
396 1044 87 20 sålunda
499 1044 68 19 skulle
583 1043 81 20 kunnat
679 1044 84 19 återstå.

547 1103 10 21 $
575 1101 45 19 145.

276 1142 90 19 Frakten
391 1141 31 20 för
445 1141 58 26 gods,
526 1141 66 19 som
584 1137 14 34 i
612 1142 132 25 gemensamt
767 1141 71 19 haveri
861 1143 95 23 ersättes,

206 1176 53 20 skall
276 1176 48 25 ingå
340 1175 29 19 uti
388 1175 223 25 ersättningssumman
632 1175 31 18 till
684 1175 46 19 fullt
748 1175 82 25 belopp,
847 1181 32 12 om
896 1181 59 13 resan

206 1210 65 20 slutar
289 1210 7 18 i
315 1208 214 25 bestämmelseorten,
545 1208 39 20 och
604 1208 53 20 efter
677 1208 117 26 beräkning
815 1208 22 20 af
855 1208 39 20 den
916 1208 40 19 till-

206 1244 134 27 ryggalagda
355 1246 79 23 vägens
449 1243 70 26 längd,
535 1249 32 13 om
585 1249 59 13 resan
662 1243 95 26 afbrytes
773 1244 5 18 i
795 1243 114 25 nödhamn,
924 1243 31 19 så-

207 1285 45 14 som
268 1279 6 19 i
290 1280 21 23 $$
329 1277 39 20 102
384 1277 39 20 och
442 1277 37 20 106
496 1277 91 27 stadgas.

545 1330 10 22 S
572 1328 46 19 146.

276 1369 35 20 Uti
327 1368 106 27 gäldande
448 1368 22 19 af
483 1369 133 25 gemensamt
631 1367 73 20 haveri
720 1367 104 26 deltager:

276 1403 120 26 Fartyget
411 1402 47 20 med
478 1402 159 26 sammanlagda
658 1401 98 26 beloppet
771 1401 22 19 af
807 1401 47 19 dess
870 1401 64 20 värde
950 1402 5 19 i

206 1437 91 20 skadadt
311 1436 60 20 skick
388 1436 38 20 och
444 1436 39 19 den
501 1435 121 20 beräknade
636 1435 166 20 haveriskadans
814 1435 70 25 värde,
896 1436 59 19 hvar-

206 1471 50 21 dera
272 1471 109 19 bestämda
396 1470 69 20 såsom
481 1470 6 19 i
503 1472 22 22 $$
542 1470 40 19 142
597 1470 39 19 och
655 1470 37 19 143
710 1472 70 23 säges;
