1070 1786
820 134 21 17 71

192 197 32 20 Då
240 197 115 20 emellertid
372 203 25 13 en
415 203 75 20 genom
512 197 79 26 lagliga
609 197 117 26 egoskiften
748 197 124 20 säkerställd

125 231 71 26 odling
212 231 62 20 äfven
290 231 6 19 i
312 231 61 20 dessa
389 231 94 26 aflägsna
504 231 73 26 nejder
595 231 51 19 varit
662 231 104 20 önskvärd
783 231 38 20 och
839 232 35 19 det

124 272 91 18 numera,
235 265 63 20 sedan
318 265 100 20 Finlands
437 265 116 20 förnämsta
573 265 157 26 naturprodukt,
754 265 47 20 dess
825 266 47 20 sko-

124 306 42 18 gar,
183 299 27 26 på
224 299 41 20 den
281 299 112 19 utländska
416 298 129 20 marknaden
571 299 73 19 vunnit
665 299 37 19 allt
724 302 66 17 större
811 300 61 19 efter-

123 333 79 25 frågan,
218 333 41 19 kan
276 339 62 19 synas
358 332 150 26 tvifvelaktigt,
525 332 103 20 huruvida
643 339 25 13 en
685 333 23 19 af
721 333 103 26 styrelsen
841 334 32 19 för

123 369 57 17 snart
195 370 29 17 ett
243 367 58 20 sekel
324 366 106 27 ingången
454 366 136 26 förbindelse,
611 369 29 17 att
662 367 21 19 åt
705 367 66 27 några
793 368 82 20 hundra

126 401 172 26 hemmansegare
320 401 71 19 lemna
414 401 25 19 fri
463 401 178 26 dispositionsrätt
663 402 59 19 öfver
742 408 24 13 en
787 402 22 19 så
829 402 44 20 vid-

125 436 79 19 sträckt
218 436 57 19 areal
294 436 21 19 af
334 435 78 25 landet,
428 438 23 17 är
471 436 231 19 öfverensstämmande
722 436 47 19 med
786 436 35 20 det
837 436 37 20 all-

127 472 86 17 männas
228 470 96 24 intresse,
344 470 62 19 hafva
422 470 106 19 Kuusamo
548 470 126 20 socknemän
694 470 64 19 redan
778 469 23 20 år
819 470 56 20 1850

126 504 33 19 vid
176 510 25 14 en
217 504 23 19 af
257 504 135 20 Guvernören
417 504 59 26 öfver
498 504 118 26 Uleåborgs
639 504 33 19 län
695 503 70 21 hållen
788 506 89 18 stämma

127 538 117 27 tillfrågats,
256 538 102 20 huruvida
369 538 26 20 de
407 538 50 20 ville
473 538 128 20 underkasta
615 538 32 26 sig
658 537 115 27 afvittring,
784 538 91 26 refning,

126 573 107 20 storskifte
256 573 39 20 och
311 572 164 26 skattläggning.
507 573 47 19 Men
571 572 57 20 såväl
648 573 34 19 vid
706 570 58 22 detta
785 573 90 25 tillfälle,

126 614 43 13 som
193 607 39 19 ock
256 607 35 19 vid
315 607 25 19 de
363 608 107 24 stämmor,
491 613 44 13 som
557 606 22 20 år
600 606 52 20 1868
668 606 6 20 i
690 606 109 20 enahanda
820 608 55 24 syfte

126 641 69 20 hållits
212 641 46 20 med
279 641 111 25 Kuusamo,
412 640 120 20 Kemiträsk
548 640 39 20 och
608 640 121 26 Kuolajärvi
745 640 129 20 socknemän

127 676 61 19 hafva
206 676 60 19 desse
288 675 45 19 med
350 674 21 20 få
387 675 107 26 undantag
514 677 73 24 vägrat
606 675 76 25 dertill,
698 674 65 20 ehuru
779 675 47 19 dem
843 682 31 13 er-

127 710 76 26 bjudits
219 710 55 19 vissa
288 709 105 20 lättnader
408 708 46 20 från
469 709 99 26 gällande
585 709 129 27 stadganden
731 709 33 20 vid
779 709 95 20 storskif-

127 746 39 17 tets
182 744 116 19 utförande.
328 743 96 19 Orsaken
445 743 31 19 till
493 744 70 19 denna
578 744 168 26 motsträfvighet
761 744 58 19 torde
835 744 40 19 lik-

128 778 32 20 väl
177 779 5 19 i
199 778 67 26 någon
284 778 46 19 mån
347 777 72 20 kunna
434 777 62 20 sökas
513 778 52 25 deri,
581 780 31 17 att
628 777 150 27 befolkningen
796 778 81 20 befarat

127 815 30 17 att
174 812 33 20 vid
223 812 162 26 ifrågavarande
406 812 150 26 förrättningar
574 818 80 13 samma
673 812 90 29 grunder
779 812 39 20 och
835 813 40 19 för-

127 846 120 27 faringssätt
263 846 83 20 komme
365 847 30 18 att
414 845 67 26 följas,
502 852 44 13 som
563 846 6 19 i
585 846 81 26 Kajana
689 846 63 20 härad
775 846 39 20 och
837 847 38 19 Pu-

129 881 91 26 dasjärvi
243 880 85 25 socken,
349 880 89 25 hvarest,
459 880 71 19 ibland
550 882 70 23 annat,
637 882 47 17 utan
701 880 131 20 omedelbart
847 881 30 19 af-

129 915 78 20 seende
223 915 13 19 å
251 915 26 19 de
293 914 22 19 år
333 914 49 19 1841
407 913 46 20 med
477 913 107 26 allmogen
609 913 86 20 träffade
719 915 158 20 öfverenskom-

129 949 83 25 melser,
229 948 276 27 lägenhetsinnehafvarene
522 948 44 19 före
582 947 126 21 storskiftets
724 948 108 21 definitiva
848 949 29 20 af-

129 983 95 20 slutande
241 982 127 20 frånkändes
383 982 128 26 rättigheten
527 982 32 19 till
575 982 190 27 skogsafverkning
780 983 57 20 inom
852 990 26 13 en

129 1020 43 17 stor
188 1017 34 20 del
238 1017 23 19 af
274 1016 203 26 samfölligheternas
501 1016 93 25 område,
615 1016 26 19 dä
659 1016 219 27 öfverloppsjordarne

129 1051 23 20 är
169 1051 53 20 1862
238 1050 137 27 provisionelt
390 1050 108 19 afrösades
514 1052 54 17 samt
583 1050 85 20 ställdes
692 1050 66 20 under
780 1051 98 19 forstnär-

129 1086 28 26 lig
175 1085 49 20 värd
242 1085 39 20 och
301 1084 133 26 förvaltning.
465 1084 80 20 Tillika
567 1084 37 20 har
626 1084 126 25 ovissheten,
776 1085 103 20 huruvida

129 1120 48 20 de
170 1114 15 34 i
197 1119 112 24 Kuusamo,
332 1118 121 20 Kemiträsk
476 1119 40 19 och
539 1118 121 26 Kuolajärvi
683 1118 89 20 socknar
795 1119 83 24 talrika,

129 1153 135 26 oskattlagda
286 1153 123 26 lägenheter
433 1152 33 19 vid
491 1155 30 17 ett
544 1152 106 20 blifvande
673 1152 106 20 storskifte
799 1153 80 19 erhölle

128 1188 48 25 jord
193 1188 39 19 och
248 1187 88 19 sålunda
352 1187 56 25 finge
424 1193 25 13 en
466 1186 119 26 betryggad
601 1186 105 26 ställning,
716 1186 78 25 jemväl
810 1187 69 19 bidra-

130 1222 30 27 git
171 1224 30 17 att
211 1221 94 20 försvära
315 1220 85 27 frägans
416 1220 90 27 lösning.
537 1220 29 20 Pä
582 1220 61 20 dessa
658 1220 91 27 grunder
764 1220 63 20 hafva
843 1223 35 17 än-

131 1256 95 20 bemälde
250 1255 128 20 socknemän
402 1255 122 26 enständigt
546 1256 74 25 vägrat
642 1256 30 17 att
693 1254 72 20 bifalla
781 1254 30 19 till
828 1261 50 19 upp-

131 1290 105 20 häfvande
252 1289 22 20 af
287 1289 162 26 ifrägavarande
472 1288 188 25 knektekontrakt,
681 1295 47 13 men
747 1288 72 25 likväl,
840 1288 39 19 för-

132 1325 74 22 klarat,
223 1324 35 19 det
274 1323 25 20 de
316 1323 48 20 ville
380 1322 129 20 underkasta
524 1323 32 26 sig
577 1329 25 13 en
622 1322 69 27 Nädig
714 1323 108 26 regerings
846 1322 33 19 be-

130 1358 130 25 stämningar
275 1358 6 19 i
298 1357 83 20 anfördt
395 1357 108 19 afseende.

199 1392 41 19 Vid
264 1391 36 20 det
322 1391 99 20 utskottet
438 1391 51 19 först
506 1391 51 26 tagit
573 1391 5 18 i
595 1389 155 27 öfvervägande
766 1390 35 19 det
817 1390 6 19 i
839 1389 41 20 den

130 1427 84 26 Nädiga
229 1425 156 26 propositionen
402 1425 131 20 framställda
548 1425 78 25 förslag
642 1431 32 12 om
691 1424 89 25 ändring
791 1424 23 19 af
821 1423 61 20 dessa

131 1460 107 25 kontrakt,
261 1460 37 19 har
320 1459 108 26 utskottet,
448 1459 5 19 i
470 1459 141 21 betraktande
634 1457 66 26 deraf,
722 1460 30 17 att
774 1457 108 22 desamma
