<?xml version="1.0" encoding="UTF-8"?>
<alto xmlns="http://www.loc.gov/standards/alto/ns-v3#" xmlns:xlink="http://www.w3.org/1999/xlink" xmlns:xsi="http://www.w3.org/2001/XMLSchema-instance" xsi:schemaLocation="http://www.loc.gov/standards/alto/ns-v3# http://www.loc.gov/alto/v3/alto-3-0.xsd">
	<Description>
		<MeasurementUnit>pixel</MeasurementUnit>
		<sourceImageInformation>
			<fileName>/tmp/tess_7vxw6vj__input.PNG</fileName>
		</sourceImageInformation>
		<OCRProcessing ID="OCR_0">
			<ocrProcessingStep>
				<processingSoftware>
					<softwareName>tesseract 5.3.4</softwareName>
				</processingSoftware>
			</ocrProcessingStep>
		</OCRProcessing>
	</Description>
	<Layout>
		<Page WIDTH="1070" HEIGHT="1786" PHYSICAL_IMG_NR="0" ID="page_0">
			<PrintSpace HPOS="0" VPOS="0" WIDTH="1070" HEIGHT="1786">
				<ComposedBlock ID="cblock_0" HPOS="238" VPOS="154" WIDTH="34" HEIGHT="17">
					<TextBlock ID="block_0" HPOS="238" VPOS="154" WIDTH="34" HEIGHT="17">
						<TextLine ID="line_0" HPOS="238" VPOS="154" WIDTH="34" HEIGHT="17">
							<String ID="string_0" HPOS="238" VPOS="154" WIDTH="34" HEIGHT="17" WC="0.96" CONTENT="272"/>
						</TextLine>
					</TextBlock>
				</ComposedBlock>
				<ComposedBlock ID="cblock_1" HPOS="203" VPOS="215" WIDTH="755" HEIGHT="1114">
					<TextBlock ID="block_1" HPOS="204" VPOS="215" WIDTH="752" HEIGHT="87">
						<TextLine ID="line_1" HPOS="204" VPOS="215" WIDTH="752" HEIGHT="26">
							<String ID="string_1" HPOS="204" VPOS="215" WIDTH="40" HEIGHT="20" WC="0.94" CONTENT="och"/><SP WIDTH="24" VPOS="215" HPOS="244"/>
							<String ID="string_2" HPOS="268" VPOS="215" WIDTH="64" HEIGHT="20" WC="0.93" CONTENT="hållet"/><SP WIDTH="23" VPOS="215" HPOS="332"/>
							<String ID="string_3" HPOS="355" VPOS="215" WIDTH="107" HEIGHT="26" WC="0.92" CONTENT="förloradt,"/><SP WIDTH="21" VPOS="215" HPOS="462"/>
							<String ID="string_4" HPOS="483" VPOS="215" WIDTH="124" HEIGHT="20" WC="0.96" CONTENT="bestämmes"/><SP WIDTH="16" VPOS="215" HPOS="607"/>
							<String ID="string_5" HPOS="623" VPOS="215" WIDTH="39" HEIGHT="19" WC="0.95" CONTENT="och"/><SP WIDTH="20" VPOS="215" HPOS="662"/>
							<String ID="string_6" HPOS="682" VPOS="217" WIDTH="87" HEIGHT="18" WC="0.95" CONTENT="ersättes"/><SP WIDTH="16" VPOS="217" HPOS="769"/>
							<String ID="string_7" HPOS="785" VPOS="216" WIDTH="54" HEIGHT="19" WC="0.95" CONTENT="efter"/><SP WIDTH="16" VPOS="216" HPOS="839"/>
							<String ID="string_8" HPOS="855" VPOS="216" WIDTH="25" HEIGHT="19" WC="0.93" CONTENT="de"/><SP WIDTH="15" VPOS="216" HPOS="880"/>
							<String ID="string_9" HPOS="895" VPOS="222" WIDTH="61" HEIGHT="19" WC="0.92" CONTENT="grun-"/>
						</TextLine>
						<TextLine ID="line_2" HPOS="206" VPOS="249" WIDTH="750" HEIGHT="26">
							<String ID="string_10" HPOS="206" VPOS="249" WIDTH="43" HEIGHT="26" WC="0.96" CONTENT="der,"/><SP WIDTH="23" VPOS="249" HPOS="249"/>
							<String ID="string_11" HPOS="272" VPOS="255" WIDTH="44" HEIGHT="14" WC="0.96" CONTENT="som"/><SP WIDTH="16" VPOS="255" HPOS="316"/>
							<String ID="string_12" HPOS="332" VPOS="249" WIDTH="6" HEIGHT="19" WC="0.96" CONTENT="i"/><SP WIDTH="17" VPOS="249" HPOS="338"/>
							<String ID="string_13" HPOS="355" VPOS="251" WIDTH="21" HEIGHT="22" WC="0.95" CONTENT="$$"/><SP WIDTH="18" VPOS="251" HPOS="376"/>
							<String ID="string_14" HPOS="394" VPOS="249" WIDTH="40" HEIGHT="19" WC="0.95" CONTENT="142"/><SP WIDTH="22" VPOS="249" HPOS="434"/>
							<String ID="string_15" HPOS="456" VPOS="249" WIDTH="39" HEIGHT="20" WC="0.96" CONTENT="och"/><SP WIDTH="25" VPOS="249" HPOS="495"/>
							<String ID="string_16" HPOS="520" VPOS="249" WIDTH="38" HEIGHT="20" WC="0.95" CONTENT="143"/><SP WIDTH="25" VPOS="249" HPOS="558"/>
							<String ID="string_17" HPOS="583" VPOS="249" WIDTH="109" HEIGHT="26" WC="0.96" CONTENT="angående"/><SP WIDTH="23" VPOS="249" HPOS="692"/>
							<String ID="string_18" HPOS="715" VPOS="249" WIDTH="73" HEIGHT="20" WC="0.96" CONTENT="haveri"/><SP WIDTH="24" VPOS="249" HPOS="788"/>
							<String ID="string_19" HPOS="812" VPOS="249" WIDTH="66" HEIGHT="20" WC="0.93" CONTENT="finnas"/><SP WIDTH="25" VPOS="249" HPOS="878"/>
							<String ID="string_20" HPOS="903" VPOS="249" WIDTH="53" HEIGHT="20" WC="0.92" CONTENT="före-"/>
						</TextLine>
						<TextLine ID="line_3" HPOS="206" VPOS="283" WIDTH="87" HEIGHT="19">
							<String ID="string_21" HPOS="206" VPOS="283" WIDTH="87" HEIGHT="19" WC="0.91" CONTENT="skrifna."/>
						</TextLine>
					</TextBlock>
					<TextBlock ID="block_2" HPOS="206" VPOS="316" WIDTH="752" HEIGHT="368">
						<TextLine ID="line_4" HPOS="275" VPOS="316" WIDTH="680" HEIGHT="27">
							<String ID="string_22" HPOS="275" VPOS="317" WIDTH="65" HEIGHT="26" WC="0.91" CONTENT="Dylik"/><SP WIDTH="16" VPOS="317" HPOS="340"/>
							<String ID="string_23" HPOS="356" VPOS="317" WIDTH="67" HEIGHT="19" WC="0.92" CONTENT="skada"/><SP WIDTH="16" VPOS="317" HPOS="423"/>
							<String ID="string_24" HPOS="439" VPOS="317" WIDTH="12" HEIGHT="19" WC="0.92" CONTENT="å"/><SP WIDTH="15" VPOS="317" HPOS="451"/>
							<String ID="string_25" HPOS="466" VPOS="317" WIDTH="52" HEIGHT="26" WC="0.93" CONTENT="gods"/><SP WIDTH="17" VPOS="317" HPOS="518"/>
							<String ID="string_26" HPOS="535" VPOS="319" WIDTH="83" HEIGHT="17" WC="0.93" CONTENT="utrönes"/><SP WIDTH="17" VPOS="319" HPOS="618"/>
							<String ID="string_27" HPOS="635" VPOS="316" WIDTH="94" HEIGHT="26" WC="0.95" CONTENT="sålunda,"/><SP WIDTH="17" VPOS="316" HPOS="729"/>
							<String ID="string_28" HPOS="746" VPOS="319" WIDTH="29" HEIGHT="17" WC="0.96" CONTENT="att"/><SP WIDTH="15" VPOS="319" HPOS="775"/>
							<String ID="string_29" HPOS="790" VPOS="317" WIDTH="53" HEIGHT="19" WC="0.96" CONTENT="ifrån"/><SP WIDTH="18" VPOS="317" HPOS="843"/>
							<String ID="string_30" HPOS="861" VPOS="317" WIDTH="35" HEIGHT="19" WC="0.93" CONTENT="det"/><SP WIDTH="15" VPOS="317" HPOS="896"/>
							<String ID="string_31" HPOS="911" VPOS="319" WIDTH="44" HEIGHT="17" WC="0.92" CONTENT="vär-"/>
						</TextLine>
						<TextLine ID="line_5" HPOS="207" VPOS="351" WIDTH="749" HEIGHT="26">
							<String ID="string_32" HPOS="207" VPOS="351" WIDTH="33" HEIGHT="25" WC="0.95" CONTENT="de,"/><SP WIDTH="17" VPOS="351" HPOS="240"/>
							<String ID="string_33" HPOS="257" VPOS="357" WIDTH="43" HEIGHT="13" WC="0.96" CONTENT="som"/><SP WIDTH="17" VPOS="357" HPOS="300"/>
							<String ID="string_34" HPOS="317" VPOS="351" WIDTH="74" HEIGHT="26" WC="0.96" CONTENT="godset"/><SP WIDTH="15" VPOS="351" HPOS="391"/>
							<String ID="string_35" HPOS="406" VPOS="351" WIDTH="67" HEIGHT="19" WC="0.96" CONTENT="skulle"/><SP WIDTH="16" VPOS="351" HPOS="473"/>
							<String ID="string_36" HPOS="489" VPOS="351" WIDTH="7" HEIGHT="19" WC="0.93" CONTENT="i"/><SP WIDTH="16" VPOS="351" HPOS="496"/>
							<String ID="string_37" HPOS="512" VPOS="351" WIDTH="102" HEIGHT="20" WC="0.92" CONTENT="oskadadt"/><SP WIDTH="14" VPOS="351" HPOS="614"/>
							<String ID="string_38" HPOS="628" VPOS="351" WIDTH="61" HEIGHT="19" WC="0.96" CONTENT="skick"/><SP WIDTH="15" VPOS="351" HPOS="689"/>
							<String ID="string_39" HPOS="704" VPOS="353" WIDTH="37" HEIGHT="24" WC="0.96" CONTENT="egt"/><SP WIDTH="14" VPOS="353" HPOS="741"/>
							<String ID="string_40" HPOS="755" VPOS="351" WIDTH="29" HEIGHT="19" WC="0.93" CONTENT="uti"/><SP WIDTH="17" VPOS="351" HPOS="784"/>
							<String ID="string_41" HPOS="801" VPOS="351" WIDTH="155" HEIGHT="19" WC="0.88" CONTENT="bestämmelse-"/>
						</TextLine>
						<TextLine ID="line_6" HPOS="207" VPOS="385" WIDTH="749" HEIGHT="27">
							<String ID="string_42" HPOS="207" VPOS="388" WIDTH="67" HEIGHT="22" WC="0.95" CONTENT="orten,"/><SP WIDTH="16" VPOS="388" HPOS="274"/>
							<String ID="string_43" HPOS="290" VPOS="385" WIDTH="38" HEIGHT="19" WC="0.96" CONTENT="och"/><SP WIDTH="16" VPOS="385" HPOS="328"/>
							<String ID="string_44" HPOS="344" VPOS="385" WIDTH="82" HEIGHT="20" WC="0.96" CONTENT="hvilket"/><SP WIDTH="15" VPOS="385" HPOS="426"/>
							<String ID="string_45" HPOS="441" VPOS="385" WIDTH="37" HEIGHT="19" WC="0.96" CONTENT="bör"/><SP WIDTH="16" VPOS="385" HPOS="478"/>
							<String ID="string_46" HPOS="494" VPOS="385" WIDTH="104" HEIGHT="20" WC="0.96" CONTENT="beräknas"/><SP WIDTH="12" VPOS="385" HPOS="598"/>
							<String ID="string_47" HPOS="610" VPOS="385" WIDTH="66" HEIGHT="27" WC="0.96" CONTENT="enligt"/><SP WIDTH="10" VPOS="385" HPOS="676"/>
							<String ID="string_48" HPOS="686" VPOS="385" WIDTH="160" HEIGHT="20" WC="0.96" CONTENT="föreskrifterna"/><SP WIDTH="15" VPOS="385" HPOS="846"/>
							<String ID="string_49" HPOS="861" VPOS="386" WIDTH="6" HEIGHT="18" WC="0.93" CONTENT="i"/><SP WIDTH="16" VPOS="386" HPOS="867"/>
							<String ID="string_50" HPOS="883" VPOS="387" WIDTH="10" HEIGHT="22" WC="0.90" CONTENT="$"/><SP WIDTH="18" VPOS="387" HPOS="893"/>
							<String ID="string_51" HPOS="911" VPOS="386" WIDTH="45" HEIGHT="24" WC="0.96" CONTENT="144,"/>
						</TextLine>
						<TextLine ID="line_7" HPOS="206" VPOS="419" WIDTH="750" HEIGHT="26">
							<String ID="string_52" HPOS="206" VPOS="419" WIDTH="98" HEIGHT="26" WC="0.91" CONTENT="afdrages"/><SP WIDTH="16" VPOS="419" HPOS="304"/>
							<String ID="string_53" HPOS="320" VPOS="419" WIDTH="22" HEIGHT="19" WC="0.96" CONTENT="så"/><SP WIDTH="16" VPOS="419" HPOS="342"/>
							<String ID="string_54" HPOS="358" VPOS="419" WIDTH="91" HEIGHT="26" WC="0.96" CONTENT="mycket,"/><SP WIDTH="16" VPOS="419" HPOS="449"/>
							<String ID="string_55" HPOS="465" VPOS="425" WIDTH="43" HEIGHT="13" WC="0.96" CONTENT="som"/><SP WIDTH="20" VPOS="425" HPOS="508"/>
							<String ID="string_56" HPOS="528" VPOS="419" WIDTH="53" HEIGHT="20" WC="0.96" CONTENT="efter"/><SP WIDTH="18" VPOS="419" HPOS="581"/>
							<String ID="string_57" HPOS="599" VPOS="420" WIDTH="113" HEIGHT="25" WC="0.96" CONTENT="värdering"/><SP WIDTH="17" VPOS="420" HPOS="712"/>
							<String ID="string_58" HPOS="729" VPOS="421" WIDTH="114" HEIGHT="18" WC="0.96" CONTENT="motsvarar"/><SP WIDTH="16" VPOS="421" HPOS="843"/>
							<String ID="string_59" HPOS="859" VPOS="419" WIDTH="36" HEIGHT="19" WC="0.93" CONTENT="det"/><SP WIDTH="15" VPOS="419" HPOS="895"/>
							<String ID="string_60" HPOS="910" VPOS="419" WIDTH="46" HEIGHT="19" WC="0.91" CONTENT="ska-"/>
						</TextLine>
						<TextLine ID="line_8" HPOS="206" VPOS="453" WIDTH="750" HEIGHT="26">
							<String ID="string_61" HPOS="206" VPOS="453" WIDTH="55" HEIGHT="19" WC="0.92" CONTENT="dade"/><SP WIDTH="23" VPOS="453" HPOS="261"/>
							<String ID="string_62" HPOS="284" VPOS="453" WIDTH="85" HEIGHT="25" WC="0.96" CONTENT="godsets"/><SP WIDTH="23" VPOS="453" HPOS="369"/>
							<String ID="string_63" HPOS="392" VPOS="453" WIDTH="132" HEIGHT="19" WC="0.96" CONTENT="återstående"/><SP WIDTH="24" VPOS="453" HPOS="524"/>
							<String ID="string_64" HPOS="548" VPOS="453" WIDTH="70" HEIGHT="26" WC="0.96" CONTENT="värde,"/><SP WIDTH="20" VPOS="453" HPOS="618"/>
							<String ID="string_65" HPOS="638" VPOS="453" WIDTH="51" HEIGHT="19" WC="0.95" CONTENT="eller"/><SP WIDTH="23" VPOS="453" HPOS="689"/>
							<String ID="string_66" HPOS="712" VPOS="454" WIDTH="78" HEIGHT="25" WC="0.93" CONTENT="utgjort"/><SP WIDTH="19" VPOS="454" HPOS="790"/>
							<String ID="string_67" HPOS="809" VPOS="453" WIDTH="99" HEIGHT="20" WC="0.91" CONTENT="behållna"/><SP WIDTH="18" VPOS="453" HPOS="908"/>
							<String ID="string_68" HPOS="926" VPOS="454" WIDTH="30" HEIGHT="18" WC="0.92" CONTENT="in-"/>
						</TextLine>
						<TextLine ID="line_9" HPOS="206" VPOS="487" WIDTH="749" HEIGHT="26">
							<String ID="string_69" HPOS="206" VPOS="487" WIDTH="98" HEIGHT="19" WC="0.91" CONTENT="komsten"/><SP WIDTH="16" VPOS="487" HPOS="304"/>
							<String ID="string_70" HPOS="320" VPOS="487" WIDTH="64" HEIGHT="25" WC="0.95" CONTENT="deraf,"/><SP WIDTH="18" VPOS="487" HPOS="384"/>
							<String ID="string_71" HPOS="402" VPOS="487" WIDTH="43" HEIGHT="19" WC="0.96" CONTENT="ifall"/><SP WIDTH="18" VPOS="487" HPOS="445"/>
							<String ID="string_72" HPOS="463" VPOS="487" WIDTH="35" HEIGHT="19" WC="0.96" CONTENT="det"/><SP WIDTH="15" VPOS="487" HPOS="498"/>
							<String ID="string_73" HPOS="513" VPOS="487" WIDTH="70" HEIGHT="20" WC="0.95" CONTENT="blifvit"/><SP WIDTH="22" VPOS="487" HPOS="583"/>
							<String ID="string_74" HPOS="605" VPOS="494" WIDTH="76" HEIGHT="19" WC="0.95" CONTENT="genom"/><SP WIDTH="24" VPOS="494" HPOS="681"/>
							<String ID="string_75" HPOS="705" VPOS="487" WIDTH="106" HEIGHT="26" WC="0.93" CONTENT="offentligt"/><SP WIDTH="23" VPOS="487" HPOS="811"/>
							<String ID="string_76" HPOS="834" VPOS="490" WIDTH="59" HEIGHT="23" WC="0.93" CONTENT="utrop"/><SP WIDTH="23" VPOS="490" HPOS="893"/>
							<String ID="string_77" HPOS="916" VPOS="487" WIDTH="39" HEIGHT="19" WC="0.88" CONTENT="för-"/>
						</TextLine>
						<TextLine ID="line_10" HPOS="207" VPOS="520" WIDTH="749" HEIGHT="27">
							<String ID="string_78" HPOS="207" VPOS="520" WIDTH="61" HEIGHT="20" WC="0.89" CONTENT="såldt."/><SP WIDTH="31" VPOS="520" HPOS="268"/>
							<String ID="string_79" HPOS="299" VPOS="520" WIDTH="69" HEIGHT="27" WC="0.84" CONTENT="Stiger"/><SP WIDTH="15" VPOS="520" HPOS="368"/>
							<String ID="string_80" HPOS="383" VPOS="521" WIDTH="18" HEIGHT="25" WC="0.96" CONTENT="ej"/><SP WIDTH="17" VPOS="521" HPOS="401"/>
							<String ID="string_81" HPOS="418" VPOS="521" WIDTH="36" HEIGHT="19" WC="0.96" CONTENT="det"/><SP WIDTH="15" VPOS="521" HPOS="454"/>
							<String ID="string_82" HPOS="469" VPOS="521" WIDTH="120" HEIGHT="20" WC="0.95" CONTENT="beräknade"/><SP WIDTH="17" VPOS="521" HPOS="589"/>
							<String ID="string_83" HPOS="606" VPOS="521" WIDTH="73" HEIGHT="19" WC="0.96" CONTENT="värdet"/><SP WIDTH="16" VPOS="521" HPOS="679"/>
							<String ID="string_84" HPOS="695" VPOS="522" WIDTH="32" HEIGHT="18" WC="0.92" CONTENT="för"/><SP WIDTH="15" VPOS="522" HPOS="727"/>
							<String ID="string_85" HPOS="742" VPOS="521" WIDTH="103" HEIGHT="20" WC="0.92" CONTENT="oskadadt"/><SP WIDTH="16" VPOS="521" HPOS="845"/>
							<String ID="string_86" HPOS="861" VPOS="522" WIDTH="51" HEIGHT="25" WC="0.93" CONTENT="gods"/><SP WIDTH="15" VPOS="522" HPOS="912"/>
							<String ID="string_87" HPOS="927" VPOS="522" WIDTH="29" HEIGHT="18" WC="0.90" CONTENT="öf-"/>
						</TextLine>
						<TextLine ID="line_11" HPOS="207" VPOS="554" WIDTH="747" HEIGHT="28">
							<String ID="string_88" HPOS="207" VPOS="562" WIDTH="36" HEIGHT="13" WC="0.91" CONTENT="ver"/><SP WIDTH="16" VPOS="562" HPOS="243"/>
							<String ID="string_89" HPOS="259" VPOS="554" WIDTH="232" HEIGHT="27" WC="0.90" CONTENT="försäkringssumman,"/><SP WIDTH="16" VPOS="554" HPOS="491"/>
							<String ID="string_90" HPOS="507" VPOS="555" WIDTH="54" HEIGHT="20" WC="0.95" CONTENT="skall"/><SP WIDTH="23" VPOS="555" HPOS="561"/>
							<String ID="string_91" HPOS="584" VPOS="555" WIDTH="35" HEIGHT="20" WC="0.94" CONTENT="full"/><SP WIDTH="27" VPOS="555" HPOS="619"/>
							<String ID="string_92" HPOS="646" VPOS="556" WIDTH="116" HEIGHT="26" WC="0.94" CONTENT="ersättning"/><SP WIDTH="21" VPOS="556" HPOS="762"/>
							<String ID="string_93" HPOS="783" VPOS="556" WIDTH="29" HEIGHT="19" WC="0.96" CONTENT="för"/><SP WIDTH="17" VPOS="556" HPOS="812"/>
							<String ID="string_94" HPOS="829" VPOS="555" WIDTH="80" HEIGHT="20" WC="0.90" CONTENT="skadan"/><SP WIDTH="17" VPOS="555" HPOS="909"/>
							<String ID="string_95" HPOS="926" VPOS="558" WIDTH="28" HEIGHT="17" WC="0.90" CONTENT="ut-"/>
						</TextLine>
						<TextLine ID="line_12" HPOS="206" VPOS="589" WIDTH="750" HEIGHT="27">
							<String ID="string_96" HPOS="206" VPOS="589" WIDTH="75" HEIGHT="27" WC="0.92" CONTENT="gifvas,"/><SP WIDTH="17" VPOS="589" HPOS="281"/>
							<String ID="string_97" HPOS="298" VPOS="596" WIDTH="46" HEIGHT="12" WC="0.96" CONTENT="men"/><SP WIDTH="17" VPOS="596" HPOS="344"/>
							<String ID="string_98" HPOS="361" VPOS="589" WIDTH="6" HEIGHT="19" WC="0.96" CONTENT="i"/><SP WIDTH="17" VPOS="589" HPOS="367"/>
							<String ID="string_99" HPOS="384" VPOS="591" WIDTH="83" HEIGHT="17" WC="0.96" CONTENT="motsatt"/><SP WIDTH="16" VPOS="591" HPOS="467"/>
							<String ID="string_100" HPOS="483" VPOS="589" WIDTH="35" HEIGHT="19" WC="0.96" CONTENT="fall"/><SP WIDTH="17" VPOS="589" HPOS="518"/>
							<String ID="string_101" HPOS="535" VPOS="589" WIDTH="59" HEIGHT="27" WC="0.96" CONTENT="utgår"/><SP WIDTH="16" VPOS="589" HPOS="594"/>
							<String ID="string_102" HPOS="610" VPOS="590" WIDTH="144" HEIGHT="25" WC="0.96" CONTENT="ersättningen"/><SP WIDTH="27" VPOS="590" HPOS="754"/>
							<String ID="string_103" HPOS="781" VPOS="590" WIDTH="45" HEIGHT="19" WC="0.96" CONTENT="med"/><SP WIDTH="26" VPOS="590" HPOS="826"/>
							<String ID="string_104" HPOS="852" VPOS="589" WIDTH="44" HEIGHT="19" WC="0.96" CONTENT="lika"/><SP WIDTH="18" VPOS="589" HPOS="896"/>
							<String ID="string_105" HPOS="914" VPOS="592" WIDTH="42" HEIGHT="16" WC="0.96" CONTENT="stor"/>
						</TextLine>
						<TextLine ID="line_13" HPOS="206" VPOS="623" WIDTH="752" HEIGHT="26">
							<String ID="string_106" HPOS="206" VPOS="623" WIDTH="33" HEIGHT="20" WC="0.95" CONTENT="del"/><SP WIDTH="17" VPOS="623" HPOS="239"/>
							<String ID="string_107" HPOS="256" VPOS="623" WIDTH="23" HEIGHT="19" WC="0.93" CONTENT="af"/><SP WIDTH="14" VPOS="623" HPOS="279"/>
							<String ID="string_108" HPOS="293" VPOS="623" WIDTH="232" HEIGHT="26" WC="0.91" CONTENT="försäkringssumman,"/><SP WIDTH="20" VPOS="623" HPOS="525"/>
							<String ID="string_109" HPOS="545" VPOS="630" WIDTH="43" HEIGHT="13" WC="0.96" CONTENT="som"/><SP WIDTH="24" VPOS="630" HPOS="588"/>
							<String ID="string_110" HPOS="612" VPOS="623" WIDTH="90" HEIGHT="20" WC="0.95" CONTENT="skadans"/><SP WIDTH="26" VPOS="623" HPOS="702"/>
							<String ID="string_111" HPOS="728" VPOS="623" WIDTH="63" HEIGHT="19" WC="0.95" CONTENT="värde"/><SP WIDTH="19" VPOS="623" HPOS="791"/>
							<String ID="string_112" HPOS="810" VPOS="625" WIDTH="60" HEIGHT="24" WC="0.95" CONTENT="utgör"/><SP WIDTH="16" VPOS="625" HPOS="870"/>
							<String ID="string_113" HPOS="886" VPOS="623" WIDTH="34" HEIGHT="19" WC="0.96" CONTENT="del"/><SP WIDTH="16" VPOS="623" HPOS="920"/>
							<String ID="string_114" HPOS="936" VPOS="624" WIDTH="22" HEIGHT="18" WC="0.96" CONTENT="af"/>
						</TextLine>
						<TextLine ID="line_14" HPOS="206" VPOS="657" WIDTH="386" HEIGHT="27">
							<String ID="string_115" HPOS="206" VPOS="657" WIDTH="85" HEIGHT="27" WC="0.96" CONTENT="godsets"/><SP WIDTH="16" VPOS="657" HPOS="291"/>
							<String ID="string_116" HPOS="307" VPOS="657" WIDTH="63" HEIGHT="19" WC="0.96" CONTENT="värde"/><SP WIDTH="16" VPOS="657" HPOS="370"/>
							<String ID="string_117" HPOS="386" VPOS="657" WIDTH="6" HEIGHT="19" WC="0.93" CONTENT="i"/><SP WIDTH="16" VPOS="657" HPOS="392"/>
							<String ID="string_118" HPOS="408" VPOS="657" WIDTH="102" HEIGHT="19" WC="0.91" CONTENT="oskadadt"/><SP WIDTH="15" VPOS="657" HPOS="510"/>
							<String ID="string_119" HPOS="525" VPOS="657" WIDTH="67" HEIGHT="19" WC="0.96" CONTENT="skick."/>
						</TextLine>
					</TextBlock>
					<TextBlock ID="block_3" HPOS="204" VPOS="690" WIDTH="752" HEIGHT="198">
						<TextLine ID="line_15" HPOS="275" VPOS="690" WIDTH="679" HEIGHT="27">
							<String ID="string_120" HPOS="275" VPOS="690" WIDTH="42" HEIGHT="20" WC="0.96" CONTENT="Har"/><SP WIDTH="15" VPOS="690" HPOS="317"/>
							<String ID="string_121" HPOS="332" VPOS="690" WIDTH="48" HEIGHT="20" WC="0.93" CONTENT="icke"/><SP WIDTH="16" VPOS="690" HPOS="380"/>
							<String ID="string_122" HPOS="396" VPOS="691" WIDTH="75" HEIGHT="26" WC="0.96" CONTENT="godset"/><SP WIDTH="15" VPOS="691" HPOS="471"/>
							<String ID="string_123" HPOS="486" VPOS="691" WIDTH="140" HEIGHT="19" WC="0.96" CONTENT="framkommit"/><SP WIDTH="17" VPOS="691" HPOS="626"/>
							<String ID="string_124" HPOS="643" VPOS="691" WIDTH="29" HEIGHT="19" WC="0.92" CONTENT="till"/><SP WIDTH="19" VPOS="691" HPOS="672"/>
							<String ID="string_125" HPOS="691" VPOS="691" WIDTH="214" HEIGHT="25" WC="0.92" CONTENT="bestämmelseorten,"/><SP WIDTH="11" VPOS="691" HPOS="905"/>
							<String ID="string_126" HPOS="916" VPOS="691" WIDTH="38" HEIGHT="19" WC="0.96" CONTENT="och"/>
						</TextLine>
						<TextLine ID="line_16" HPOS="207" VPOS="725" WIDTH="749" HEIGHT="26">
							<String ID="string_127" HPOS="207" VPOS="725" WIDTH="41" HEIGHT="19" WC="0.96" CONTENT="kan"/><SP WIDTH="18" VPOS="725" HPOS="248"/>
							<String ID="string_128" HPOS="266" VPOS="726" WIDTH="18" HEIGHT="25" WC="0.91" CONTENT="ej"/><SP WIDTH="17" VPOS="726" HPOS="284"/>
							<String ID="string_129" HPOS="301" VPOS="725" WIDTH="82" HEIGHT="19" WC="0.91" CONTENT="derföre"/><SP WIDTH="17" VPOS="725" HPOS="383"/>
							<String ID="string_130" HPOS="400" VPOS="725" WIDTH="50" HEIGHT="19" WC="0.96" CONTENT="eller"/><SP WIDTH="15" VPOS="725" HPOS="450"/>
							<String ID="string_131" HPOS="465" VPOS="725" WIDTH="31" HEIGHT="19" WC="0.96" CONTENT="för"/><SP WIDTH="19" VPOS="725" HPOS="496"/>
							<String ID="string_132" HPOS="515" VPOS="732" WIDTH="68" HEIGHT="12" WC="0.91" CONTENT="annan"/><SP WIDTH="25" VPOS="732" HPOS="583"/>
							<String ID="string_133" HPOS="608" VPOS="725" WIDTH="60" HEIGHT="19" WC="0.67" CONTENT="orsak"/><SP WIDTH="26" VPOS="725" HPOS="668"/>
							<String ID="string_134" HPOS="694" VPOS="725" WIDTH="146" HEIGHT="26" WC="0.91" CONTENT="tillförlitligen"/><SP WIDTH="25" VPOS="725" HPOS="840"/>
							<String ID="string_135" HPOS="865" VPOS="727" WIDTH="91" HEIGHT="21" WC="0.92" CONTENT="utrönas,"/>
						</TextLine>
						<TextLine ID="line_17" HPOS="206" VPOS="758" WIDTH="749" HEIGHT="21">
							<String ID="string_136" HPOS="206" VPOS="762" WIDTH="29" HEIGHT="17" WC="0.95" CONTENT="att"/><SP WIDTH="25" VPOS="762" HPOS="235"/>
							<String ID="string_137" HPOS="260" VPOS="765" WIDTH="74" HEIGHT="13" WC="0.95" CONTENT="varans"/><SP WIDTH="23" VPOS="765" HPOS="334"/>
							<String ID="string_138" HPOS="357" VPOS="761" WIDTH="54" HEIGHT="17" WC="0.96" CONTENT="rätta"/><SP WIDTH="23" VPOS="761" HPOS="411"/>
							<String ID="string_139" HPOS="434" VPOS="759" WIDTH="63" HEIGHT="19" WC="0.96" CONTENT="värde"/><SP WIDTH="16" VPOS="759" HPOS="497"/>
							<String ID="string_140" HPOS="513" VPOS="760" WIDTH="4" HEIGHT="18" WC="0.93" CONTENT="i"/><SP WIDTH="18" VPOS="760" HPOS="517"/>
							<String ID="string_141" HPOS="535" VPOS="759" WIDTH="103" HEIGHT="19" WC="0.90" CONTENT="oskadadt"/><SP WIDTH="24" VPOS="759" HPOS="638"/>
							<String ID="string_142" HPOS="662" VPOS="759" WIDTH="59" HEIGHT="19" WC="0.93" CONTENT="skick"/><SP WIDTH="25" VPOS="759" HPOS="721"/>
							<String ID="string_143" HPOS="746" VPOS="759" WIDTH="82" HEIGHT="19" WC="0.92" CONTENT="afviker"/><SP WIDTH="19" VPOS="759" HPOS="828"/>
							<String ID="string_144" HPOS="847" VPOS="758" WIDTH="43" HEIGHT="20" WC="0.96" CONTENT="från"/><SP WIDTH="17" VPOS="758" HPOS="890"/>
							<String ID="string_145" HPOS="907" VPOS="759" WIDTH="48" HEIGHT="19" WC="0.95" CONTENT="dess"/>
						</TextLine>
						<TextLine ID="line_18" HPOS="207" VPOS="792" WIDTH="747" HEIGHT="27">
							<String ID="string_146" HPOS="207" VPOS="792" WIDTH="203" HEIGHT="27" WC="0.91" CONTENT="försäkringsvärde,"/><SP WIDTH="19" VPOS="792" HPOS="410"/>
							<String ID="string_147" HPOS="429" VPOS="793" WIDTH="59" HEIGHT="19" WC="0.96" CONTENT="skola"/><SP WIDTH="23" VPOS="793" HPOS="488"/>
							<String ID="string_148" HPOS="511" VPOS="793" WIDTH="61" HEIGHT="19" WC="0.96" CONTENT="dessa"/><SP WIDTH="24" VPOS="793" HPOS="572"/>
							<String ID="string_149" HPOS="596" VPOS="793" WIDTH="77" HEIGHT="19" WC="0.96" CONTENT="värden"/><SP WIDTH="25" VPOS="793" HPOS="673"/>
							<String ID="string_150" HPOS="698" VPOS="800" WIDTH="61" HEIGHT="12" WC="0.95" CONTENT="anses"/><SP WIDTH="17" VPOS="800" HPOS="759"/>
							<String ID="string_151" HPOS="776" VPOS="795" WIDTH="104" HEIGHT="17" WC="0.93" CONTENT="motsvara"/><SP WIDTH="15" VPOS="795" HPOS="880"/>
							<String ID="string_152" HPOS="895" VPOS="793" WIDTH="59" HEIGHT="19" WC="0.92" CONTENT="hvar-"/>
						</TextLine>
						<TextLine ID="line_19" HPOS="206" VPOS="827" WIDTH="749" HEIGHT="26">
							<String ID="string_153" HPOS="206" VPOS="827" WIDTH="73" HEIGHT="25" WC="0.96" CONTENT="andra,"/><SP WIDTH="17" VPOS="827" HPOS="279"/>
							<String ID="string_154" HPOS="296" VPOS="827" WIDTH="38" HEIGHT="20" WC="0.96" CONTENT="och"/><SP WIDTH="17" VPOS="827" HPOS="334"/>
							<String ID="string_155" HPOS="351" VPOS="827" WIDTH="47" HEIGHT="19" WC="0.96" CONTENT="hela"/><SP WIDTH="19" VPOS="827" HPOS="398"/>
							<String ID="string_156" HPOS="417" VPOS="827" WIDTH="98" HEIGHT="26" WC="0.96" CONTENT="beloppet"/><SP WIDTH="15" VPOS="827" HPOS="515"/>
							<String ID="string_157" HPOS="530" VPOS="827" WIDTH="23" HEIGHT="19" WC="0.96" CONTENT="af"/><SP WIDTH="13" VPOS="827" HPOS="553"/>
							<String ID="string_158" HPOS="566" VPOS="827" WIDTH="39" HEIGHT="19" WC="0.96" CONTENT="den"/><SP WIDTH="21" VPOS="827" HPOS="605"/>
							<String ID="string_159" HPOS="626" VPOS="827" WIDTH="121" HEIGHT="20" WC="0.96" CONTENT="beräknade"/><SP WIDTH="18" VPOS="827" HPOS="747"/>
							<String ID="string_160" HPOS="765" VPOS="827" WIDTH="81" HEIGHT="20" WC="0.96" CONTENT="skadan"/><SP WIDTH="16" VPOS="827" HPOS="846"/>
							<String ID="string_161" HPOS="862" VPOS="828" WIDTH="5" HEIGHT="18" WC="0.93" CONTENT="i"/><SP WIDTH="17" VPOS="828" HPOS="867"/>
							<String ID="string_162" HPOS="884" VPOS="830" WIDTH="71" HEIGHT="17" WC="0.92" CONTENT="ersätt-"/>
						</TextLine>
						<TextLine ID="line_20" HPOS="204" VPOS="861" WIDTH="164" HEIGHT="27">
							<String ID="string_163" HPOS="204" VPOS="861" WIDTH="52" HEIGHT="27" WC="0.91" CONTENT="ning"/><SP WIDTH="16" VPOS="861" HPOS="256"/>
							<String ID="string_164" HPOS="272" VPOS="861" WIDTH="96" HEIGHT="26" WC="0.91" CONTENT="utgifvas."/>
						</TextLine>
					</TextBlock>
					<TextBlock ID="block_4" HPOS="545" VPOS="890" WIDTH="72" HEIGHT="23">
						<TextLine ID="line_21" HPOS="545" VPOS="890" WIDTH="72" HEIGHT="23">
							<String ID="string_165" HPOS="545" VPOS="892" WIDTH="9" HEIGHT="21" WC="0.90" CONTENT="S"/><SP WIDTH="17" VPOS="892" HPOS="554"/>
							<String ID="string_166" HPOS="571" VPOS="890" WIDTH="46" HEIGHT="19" WC="0.96" CONTENT="218."/>
						</TextLine>
					</TextBlock>
					<TextBlock ID="block_5" HPOS="206" VPOS="928" WIDTH="752" HEIGHT="129">
						<TextLine ID="line_22" HPOS="276" VPOS="928" WIDTH="682" HEIGHT="27">
							<String ID="string_167" HPOS="276" VPOS="929" WIDTH="82" HEIGHT="19" WC="0.96" CONTENT="Förlust"/><SP WIDTH="22" VPOS="929" HPOS="358"/>
							<String ID="string_168" HPOS="380" VPOS="929" WIDTH="23" HEIGHT="19" WC="0.96" CONTENT="af"/><SP WIDTH="22" VPOS="929" HPOS="403"/>
							<String ID="string_169" HPOS="425" VPOS="928" WIDTH="54" HEIGHT="20" WC="0.95" CONTENT="frakt"/><SP WIDTH="22" VPOS="928" HPOS="479"/>
							<String ID="string_170" HPOS="501" VPOS="928" WIDTH="92" HEIGHT="20" WC="0.39" CONTENT="ersättes&quot;"/><SP WIDTH="19" VPOS="928" HPOS="593"/>
							<String ID="string_171" HPOS="612" VPOS="929" WIDTH="46" HEIGHT="19" WC="0.96" CONTENT="med"/><SP WIDTH="25" VPOS="929" HPOS="658"/>
							<String ID="string_172" HPOS="683" VPOS="929" WIDTH="34" HEIGHT="19" WC="0.96" CONTENT="det"/><SP WIDTH="21" VPOS="929" HPOS="717"/>
							<String ID="string_173" HPOS="738" VPOS="929" WIDTH="83" HEIGHT="26" WC="0.95" CONTENT="belopp,"/><SP WIDTH="16" VPOS="929" HPOS="821"/>
							<String ID="string_174" HPOS="837" VPOS="935" WIDTH="44" HEIGHT="14" WC="0.96" CONTENT="som"/><SP WIDTH="17" VPOS="935" HPOS="881"/>
							<String ID="string_175" HPOS="898" VPOS="929" WIDTH="60" HEIGHT="20" WC="0.96" CONTENT="deraf"/>
						</TextLine>
						<TextLine ID="line_23" HPOS="206" VPOS="962" WIDTH="748" HEIGHT="27">
							<String ID="string_176" HPOS="206" VPOS="963" WIDTH="44" HEIGHT="26" WC="0.93" CONTENT="gått"/><SP WIDTH="16" VPOS="963" HPOS="250"/>
							<String ID="string_177" HPOS="266" VPOS="963" WIDTH="106" HEIGHT="23" WC="0.92" CONTENT="förloradt,"/><SP WIDTH="20" VPOS="963" HPOS="372"/>
							<String ID="string_178" HPOS="392" VPOS="963" WIDTH="37" HEIGHT="19" WC="0.96" CONTENT="och"/><SP WIDTH="22" VPOS="963" HPOS="429"/>
							<String ID="string_179" HPOS="451" VPOS="962" WIDTH="49" HEIGHT="19" WC="0.93" CONTENT="brist"/><SP WIDTH="17" VPOS="962" HPOS="500"/>
							<String ID="string_180" HPOS="517" VPOS="963" WIDTH="11" HEIGHT="18" WC="0.92" CONTENT="å"/><SP WIDTH="16" VPOS="963" HPOS="528"/>
							<String ID="string_181" HPOS="544" VPOS="962" WIDTH="107" HEIGHT="20" WC="0.96" CONTENT="beräknad"/><SP WIDTH="19" VPOS="962" HPOS="651"/>
							<String ID="string_182" HPOS="670" VPOS="963" WIDTH="54" HEIGHT="19" WC="0.93" CONTENT="vinst"/><SP WIDTH="16" VPOS="963" HPOS="724"/>
							<String ID="string_183" HPOS="740" VPOS="963" WIDTH="112" HEIGHT="26" WC="0.91" CONTENT="godtgöres"/><SP WIDTH="17" VPOS="963" HPOS="852"/>
							<String ID="string_184" HPOS="869" VPOS="963" WIDTH="46" HEIGHT="19" WC="0.95" CONTENT="med"/><SP WIDTH="18" VPOS="963" HPOS="915"/>
							<String ID="string_185" HPOS="933" VPOS="963" WIDTH="21" HEIGHT="19" WC="0.96" CONTENT="så"/>
						</TextLine>
						<TextLine ID="line_24" HPOS="206" VPOS="997" WIDTH="748" HEIGHT="26">
							<String ID="string_186" HPOS="206" VPOS="999" WIDTH="43" HEIGHT="17" WC="0.96" CONTENT="stor"/><SP WIDTH="16" VPOS="999" HPOS="249"/>
							<String ID="string_187" HPOS="265" VPOS="997" WIDTH="32" HEIGHT="19" WC="0.96" CONTENT="del"/><SP WIDTH="17" VPOS="997" HPOS="297"/>
							<String ID="string_188" HPOS="314" VPOS="997" WIDTH="22" HEIGHT="19" WC="0.96" CONTENT="af"/><SP WIDTH="15" VPOS="997" HPOS="336"/>
							<String ID="string_189" HPOS="351" VPOS="997" WIDTH="47" HEIGHT="19" WC="0.96" CONTENT="hela"/><SP WIDTH="16" VPOS="997" HPOS="398"/>
							<String ID="string_190" HPOS="414" VPOS="997" WIDTH="39" HEIGHT="19" WC="0.96" CONTENT="den"/><SP WIDTH="20" VPOS="997" HPOS="453"/>
							<String ID="string_191" HPOS="473" VPOS="997" WIDTH="121" HEIGHT="19" WC="0.96" CONTENT="försäkrade"/><SP WIDTH="20" VPOS="997" HPOS="594"/>
							<String ID="string_192" HPOS="614" VPOS="997" WIDTH="90" HEIGHT="26" WC="0.96" CONTENT="vinsten,"/><SP WIDTH="17" VPOS="997" HPOS="704"/>
							<String ID="string_193" HPOS="721" VPOS="1003" WIDTH="42" HEIGHT="14" WC="0.96" CONTENT="som"/><SP WIDTH="18" VPOS="1003" HPOS="763"/>
							<String ID="string_194" HPOS="781" VPOS="997" WIDTH="79" HEIGHT="20" WC="0.93" CONTENT="skadan"/><SP WIDTH="18" VPOS="997" HPOS="860"/>
							<String ID="string_195" HPOS="878" VPOS="997" WIDTH="11" HEIGHT="19" WC="0.89" CONTENT="å"/><SP WIDTH="15" VPOS="997" HPOS="889"/>
							<String ID="string_196" HPOS="904" VPOS="997" WIDTH="50" HEIGHT="26" WC="0.91" CONTENT="god-"/>
						</TextLine>
						<TextLine ID="line_25" HPOS="206" VPOS="1031" WIDTH="559" HEIGHT="26">
							<String ID="string_197" HPOS="206" VPOS="1033" WIDTH="32" HEIGHT="17" WC="0.96" CONTENT="set"/><SP WIDTH="16" VPOS="1033" HPOS="238"/>
							<String ID="string_198" HPOS="254" VPOS="1033" WIDTH="60" HEIGHT="24" WC="0.96" CONTENT="utgör"/><SP WIDTH="16" VPOS="1033" HPOS="314"/>
							<String ID="string_199" HPOS="330" VPOS="1031" WIDTH="33" HEIGHT="19" WC="0.95" CONTENT="del"/><SP WIDTH="17" VPOS="1031" HPOS="363"/>
							<String ID="string_200" HPOS="380" VPOS="1031" WIDTH="22" HEIGHT="19" WC="0.96" CONTENT="af"/><SP WIDTH="14" VPOS="1031" HPOS="402"/>
							<String ID="string_201" HPOS="416" VPOS="1031" WIDTH="47" HEIGHT="19" WC="0.96" CONTENT="dess"/><SP WIDTH="16" VPOS="1031" HPOS="463"/>
							<String ID="string_202" HPOS="479" VPOS="1031" WIDTH="63" HEIGHT="19" WC="0.96" CONTENT="värde"/><SP WIDTH="16" VPOS="1031" HPOS="542"/>
							<String ID="string_203" HPOS="558" VPOS="1031" WIDTH="6" HEIGHT="19" WC="0.92" CONTENT="i"/><SP WIDTH="17" VPOS="1031" HPOS="564"/>
							<String ID="string_204" HPOS="581" VPOS="1031" WIDTH="102" HEIGHT="19" WC="0.92" CONTENT="oskadadt"/><SP WIDTH="15" VPOS="1031" HPOS="683"/>
							<String ID="string_205" HPOS="698" VPOS="1031" WIDTH="67" HEIGHT="20" WC="0.96" CONTENT="skick."/>
						</TextLine>
					</TextBlock>
					<TextBlock ID="block_6" HPOS="203" VPOS="1064" WIDTH="752" HEIGHT="265">
						<TextLine ID="line_26" HPOS="274" VPOS="1064" WIDTH="680" HEIGHT="27">
							<String ID="string_206" HPOS="274" VPOS="1065" WIDTH="9" HEIGHT="19" WC="0.95" CONTENT="I"/><SP WIDTH="16" VPOS="1065" HPOS="283"/>
							<String ID="string_207" HPOS="299" VPOS="1065" WIDTH="116" HEIGHT="26" WC="0.95" CONTENT="ersättning"/><SP WIDTH="17" VPOS="1065" HPOS="415"/>
							<String ID="string_208" HPOS="432" VPOS="1065" WIDTH="31" HEIGHT="19" WC="0.96" CONTENT="för"/><SP WIDTH="15" VPOS="1065" HPOS="463"/>
							<String ID="string_209" HPOS="478" VPOS="1064" WIDTH="108" HEIGHT="20" WC="0.93" CONTENT="försäkrad"/><SP WIDTH="18" VPOS="1064" HPOS="586"/>
							<String ID="string_210" HPOS="604" VPOS="1065" WIDTH="104" HEIGHT="19" WC="0.92" CONTENT="bodmeri-"/><SP WIDTH="20" VPOS="1065" HPOS="708"/>
							<String ID="string_211" HPOS="728" VPOS="1065" WIDTH="50" HEIGHT="20" WC="0.93" CONTENT="eller"/><SP WIDTH="19" VPOS="1065" HPOS="778"/>
							<String ID="string_212" HPOS="797" VPOS="1065" WIDTH="157" HEIGHT="19" WC="0.92" CONTENT="haverifordran"/>
						</TextLine>
						<TextLine ID="line_27" HPOS="206" VPOS="1098" WIDTH="749" HEIGHT="27">
							<String ID="string_213" HPOS="206" VPOS="1099" WIDTH="96" HEIGHT="26" WC="0.96" CONTENT="erlägges"/><SP WIDTH="16" VPOS="1099" HPOS="302"/>
							<String ID="string_214" HPOS="318" VPOS="1098" WIDTH="22" HEIGHT="19" WC="0.96" CONTENT="så"/><SP WIDTH="16" VPOS="1098" HPOS="340"/>
							<String ID="string_215" HPOS="356" VPOS="1100" WIDTH="42" HEIGHT="18" WC="0.96" CONTENT="stor"/><SP WIDTH="16" VPOS="1100" HPOS="398"/>
							<String ID="string_216" HPOS="414" VPOS="1098" WIDTH="33" HEIGHT="19" WC="0.96" CONTENT="del"/><SP WIDTH="17" VPOS="1098" HPOS="447"/>
							<String ID="string_217" HPOS="464" VPOS="1098" WIDTH="64" HEIGHT="26" WC="0.96" CONTENT="deraf,"/><SP WIDTH="17" VPOS="1098" HPOS="528"/>
							<String ID="string_218" HPOS="545" VPOS="1105" WIDTH="42" HEIGHT="13" WC="0.96" CONTENT="som"/><SP WIDTH="16" VPOS="1105" HPOS="587"/>
							<String ID="string_219" HPOS="603" VPOS="1098" WIDTH="32" HEIGHT="20" WC="0.96" CONTENT="för"/><SP WIDTH="11" VPOS="1098" HPOS="635"/>
							<String ID="string_220" HPOS="646" VPOS="1099" WIDTH="110" HEIGHT="19" WC="0.93" CONTENT="inträffade"/><SP WIDTH="13" VPOS="1099" HPOS="756"/>
							<String ID="string_221" HPOS="769" VPOS="1098" WIDTH="186" HEIGHT="27" WC="0.91" CONTENT="olyckshändelser"/>
						</TextLine>
						<TextLine ID="line_28" HPOS="205" VPOS="1132" WIDTH="749" HEIGHT="26">
							<String ID="string_222" HPOS="205" VPOS="1132" WIDTH="48" HEIGHT="19" WC="0.80" CONTENT="ieke"/><SP WIDTH="17" VPOS="1132" HPOS="253"/>
							<String ID="string_223" HPOS="270" VPOS="1132" WIDTH="40" HEIGHT="19" WC="0.96" CONTENT="kan"/><SP WIDTH="17" VPOS="1132" HPOS="310"/>
							<String ID="string_224" HPOS="327" VPOS="1132" WIDTH="50" HEIGHT="26" WC="0.96" CONTENT="utgå"/><SP WIDTH="16" VPOS="1132" HPOS="377"/>
							<String ID="string_225" HPOS="393" VPOS="1139" WIDTH="22" HEIGHT="12" WC="0.96" CONTENT="ur"/><SP WIDTH="16" VPOS="1139" HPOS="415"/>
							<String ID="string_226" HPOS="431" VPOS="1132" WIDTH="25" HEIGHT="19" WC="0.96" CONTENT="de"/><SP WIDTH="17" VPOS="1132" HPOS="456"/>
							<String ID="string_227" HPOS="473" VPOS="1132" WIDTH="93" HEIGHT="26" WC="0.94" CONTENT="föremål,"/><SP WIDTH="16" VPOS="1132" HPOS="566"/>
							<String ID="string_228" HPOS="582" VPOS="1133" WIDTH="23" HEIGHT="18" WC="0.96" CONTENT="af"/><SP WIDTH="14" VPOS="1133" HPOS="605"/>
							<String ID="string_229" HPOS="619" VPOS="1132" WIDTH="72" HEIGHT="20" WC="0.96" CONTENT="hvilka"/><SP WIDTH="14" VPOS="1132" HPOS="691"/>
							<String ID="string_230" HPOS="705" VPOS="1132" WIDTH="82" HEIGHT="20" WC="0.95" CONTENT="fordran"/><SP WIDTH="18" VPOS="1132" HPOS="787"/>
							<String ID="string_231" HPOS="805" VPOS="1135" WIDTH="22" HEIGHT="17" WC="0.93" CONTENT="är"/><SP WIDTH="15" VPOS="1135" HPOS="827"/>
							<String ID="string_232" HPOS="842" VPOS="1132" WIDTH="112" HEIGHT="20" WC="0.90" CONTENT="beroerde."/>
						</TextLine>
						<TextLine ID="line_29" HPOS="206" VPOS="1166" WIDTH="748" HEIGHT="26">
							<String ID="string_233" HPOS="206" VPOS="1167" WIDTH="62" HEIGHT="19" WC="0.92" CONTENT="Visar"/><SP WIDTH="20" VPOS="1167" HPOS="268"/>
							<String ID="string_234" HPOS="288" VPOS="1166" WIDTH="215" HEIGHT="26" WC="0.91" CONTENT="försäkringstagaren"/><SP WIDTH="23" VPOS="1166" HPOS="503"/>
							<String ID="string_235" HPOS="526" VPOS="1169" WIDTH="28" HEIGHT="17" WC="0.96" CONTENT="att"/><SP WIDTH="24" VPOS="1169" HPOS="554"/>
							<String ID="string_236" HPOS="578" VPOS="1167" WIDTH="38" HEIGHT="19" WC="0.96" CONTENT="han"/><SP WIDTH="22" VPOS="1167" HPOS="616"/>
							<String ID="string_237" HPOS="638" VPOS="1174" WIDTH="22" HEIGHT="12" WC="0.96" CONTENT="ur"/><SP WIDTH="18" VPOS="1174" HPOS="660"/>
							<String ID="string_238" HPOS="678" VPOS="1167" WIDTH="59" HEIGHT="25" WC="0.95" CONTENT="gods,"/><SP WIDTH="17" VPOS="1167" HPOS="737"/>
							<String ID="string_239" HPOS="754" VPOS="1173" WIDTH="43" HEIGHT="14" WC="0.96" CONTENT="som"/><SP WIDTH="19" VPOS="1173" HPOS="797"/>
							<String ID="string_240" HPOS="816" VPOS="1167" WIDTH="67" HEIGHT="19" WC="0.96" CONTENT="finnes"/><SP WIDTH="15" VPOS="1167" HPOS="883"/>
							<String ID="string_241" HPOS="898" VPOS="1167" WIDTH="6" HEIGHT="19" WC="0.93" CONTENT="i"/><SP WIDTH="16" VPOS="1167" HPOS="904"/>
							<String ID="string_242" HPOS="920" VPOS="1167" WIDTH="34" HEIGHT="20" WC="0.91" CONTENT="be-"/>
						</TextLine>
						<TextLine ID="line_30" HPOS="207" VPOS="1200" WIDTH="747" HEIGHT="27">
							<String ID="string_243" HPOS="207" VPOS="1200" WIDTH="48" HEIGHT="26" WC="0.94" CONTENT="håll,"/><SP WIDTH="16" VPOS="1200" HPOS="255"/>
							<String ID="string_244" HPOS="271" VPOS="1200" WIDTH="47" HEIGHT="20" WC="0.96" CONTENT="icke"/><SP WIDTH="16" VPOS="1200" HPOS="318"/>
							<String ID="string_245" HPOS="334" VPOS="1200" WIDTH="81" HEIGHT="20" WC="0.93" CONTENT="kunnat"/><SP WIDTH="15" VPOS="1200" HPOS="415"/>
							<String ID="string_246" HPOS="430" VPOS="1200" WIDTH="43" HEIGHT="19" WC="0.91" CONTENT="utfå"/><SP WIDTH="16" VPOS="1200" HPOS="473"/>
							<String ID="string_247" HPOS="489" VPOS="1200" WIDTH="104" HEIGHT="20" WC="0.91" CONTENT="faststäldt"/><SP WIDTH="23" VPOS="1200" HPOS="593"/>
							<String ID="string_248" HPOS="616" VPOS="1200" WIDTH="155" HEIGHT="27" WC="0.89" CONTENT="haveribidrag,"/><SP WIDTH="24" VPOS="1200" HPOS="771"/>
							<String ID="string_249" HPOS="795" VPOS="1200" WIDTH="52" HEIGHT="20" WC="0.96" CONTENT="eller"/><SP WIDTH="23" VPOS="1200" HPOS="847"/>
							<String ID="string_250" HPOS="870" VPOS="1200" WIDTH="37" HEIGHT="20" WC="0.91" CONTENT="har"/><SP WIDTH="18" VPOS="1200" HPOS="907"/>
							<String ID="string_251" HPOS="925" VPOS="1203" WIDTH="29" HEIGHT="17" WC="0.91" CONTENT="ut-"/>
						</TextLine>
						<TextLine ID="line_31" HPOS="206" VPOS="1234" WIDTH="748" HEIGHT="27">
							<String ID="string_252" HPOS="206" VPOS="1235" WIDTH="90" HEIGHT="25" WC="0.96" CONTENT="redning"/><SP WIDTH="23" VPOS="1235" HPOS="296"/>
							<String ID="string_253" HPOS="319" VPOS="1241" WIDTH="33" HEIGHT="13" WC="0.95" CONTENT="om"/><SP WIDTH="24" VPOS="1241" HPOS="352"/>
							<String ID="string_254" HPOS="376" VPOS="1235" WIDTH="47" HEIGHT="19" WC="0.95" CONTENT="dess"/><SP WIDTH="24" VPOS="1235" HPOS="423"/>
							<String ID="string_255" HPOS="447" VPOS="1234" WIDTH="75" HEIGHT="27" WC="0.96" CONTENT="belopp"/><SP WIDTH="24" VPOS="1234" HPOS="522"/>
							<String ID="string_256" HPOS="546" VPOS="1235" WIDTH="38" HEIGHT="19" WC="0.96" CONTENT="och"/><SP WIDTH="20" VPOS="1235" HPOS="584"/>
							<String ID="string_257" HPOS="604" VPOS="1235" WIDTH="121" HEIGHT="26" WC="0.95" CONTENT="fördelning"/><SP WIDTH="16" VPOS="1235" HPOS="725"/>
							<String ID="string_258" HPOS="741" VPOS="1236" WIDTH="19" HEIGHT="25" WC="0.95" CONTENT="ej"/><SP WIDTH="16" VPOS="1236" HPOS="760"/>
							<String ID="string_259" HPOS="776" VPOS="1235" WIDTH="81" HEIGHT="20" WC="0.95" CONTENT="kunnat"/><SP WIDTH="16" VPOS="1235" HPOS="857"/>
							<String ID="string_260" HPOS="873" VPOS="1235" WIDTH="31" HEIGHT="20" WC="0.93" CONTENT="för"/><SP WIDTH="15" VPOS="1235" HPOS="904"/>
							<String ID="string_261" HPOS="919" VPOS="1242" WIDTH="35" HEIGHT="13" WC="0.91" CONTENT="an-"/>
						</TextLine>
						<TextLine ID="line_32" HPOS="206" VPOS="1268" WIDTH="748" HEIGHT="27">
							<String ID="string_262" HPOS="206" VPOS="1275" WIDTH="51" HEIGHT="14" WC="0.91" CONTENT="nans"/><SP WIDTH="17" VPOS="1275" HPOS="257"/>
							<String ID="string_263" HPOS="274" VPOS="1269" WIDTH="96" HEIGHT="19" WC="0.96" CONTENT="vållande"/><SP WIDTH="16" VPOS="1269" HPOS="370"/>
							<String ID="string_264" HPOS="386" VPOS="1268" WIDTH="161" HEIGHT="27" WC="0.95" CONTENT="åstadkommas,"/><SP WIDTH="22" VPOS="1268" HPOS="547"/>
							<String ID="string_265" HPOS="569" VPOS="1275" WIDTH="47" HEIGHT="13" WC="0.93" CONTENT="vare"/><SP WIDTH="19" VPOS="1275" HPOS="616"/>
							<String ID="string_266" HPOS="635" VPOS="1269" WIDTH="226" HEIGHT="26" WC="0.91" CONTENT="försäkringsgifvaren"/><SP WIDTH="14" VPOS="1269" HPOS="861"/>
							<String ID="string_267" HPOS="875" VPOS="1269" WIDTH="79" HEIGHT="26" WC="0.92" CONTENT="jemväl"/>
						</TextLine>
						<TextLine ID="line_33" HPOS="203" VPOS="1302" WIDTH="342" HEIGHT="27">
							<String ID="string_268" HPOS="203" VPOS="1303" WIDTH="77" HEIGHT="26" WC="0.92" CONTENT="pligtig"/><SP WIDTH="15" VPOS="1303" HPOS="280"/>
							<String ID="string_269" HPOS="295" VPOS="1305" WIDTH="29" HEIGHT="17" WC="0.95" CONTENT="att"/><SP WIDTH="16" VPOS="1305" HPOS="324"/>
							<String ID="string_270" HPOS="340" VPOS="1303" WIDTH="52" HEIGHT="26" WC="0.96" CONTENT="fylla"/><SP WIDTH="15" VPOS="1303" HPOS="392"/>
							<String ID="string_271" HPOS="407" VPOS="1302" WIDTH="64" HEIGHT="20" WC="0.95" CONTENT="sådan"/><SP WIDTH="17" VPOS="1302" HPOS="471"/>
							<String ID="string_272" HPOS="488" VPOS="1303" WIDTH="57" HEIGHT="19" WC="0.95" CONTENT="brist."/>
						</TextLine>
					</TextBlock>
				</ComposedBlock>
				<ComposedBlock ID="cblock_2" HPOS="204" VPOS="1365" WIDTH="751" HEIGHT="134">
					<TextBlock ID="block_7" HPOS="204" VPOS="1365" WIDTH="751" HEIGHT="134">
						<TextLine ID="line_34" HPOS="543" VPOS="1365" WIDTH="73" HEIGHT="24">
							<String ID="string_273" HPOS="543" VPOS="1367" WIDTH="10" HEIGHT="22" WC="0.92" CONTENT="$"/><SP WIDTH="16" VPOS="1367" HPOS="553"/>
							<String ID="string_274" HPOS="569" VPOS="1365" WIDTH="47" HEIGHT="20" WC="0.95" CONTENT="219."/>
						</TextLine>
						<TextLine ID="line_35" HPOS="272" VPOS="1404" WIDTH="683" HEIGHT="27">
							<String ID="string_275" HPOS="272" VPOS="1404" WIDTH="62" HEIGHT="20" WC="0.95" CONTENT="Utom"/><SP WIDTH="18" VPOS="1404" HPOS="334"/>
							<String ID="string_276" HPOS="352" VPOS="1405" WIDTH="144" HEIGHT="26" WC="0.95" CONTENT="ersättningen"/><SP WIDTH="17" VPOS="1405" HPOS="496"/>
							<String ID="string_277" HPOS="513" VPOS="1405" WIDTH="31" HEIGHT="19" WC="0.96" CONTENT="för"/><SP WIDTH="17" VPOS="1405" HPOS="544"/>
							<String ID="string_278" HPOS="561" VPOS="1405" WIDTH="66" HEIGHT="19" WC="0.93" CONTENT="skada"/><SP WIDTH="15" VPOS="1405" HPOS="627"/>
							<String ID="string_279" HPOS="642" VPOS="1404" WIDTH="12" HEIGHT="20" WC="0.91" CONTENT="å"/><SP WIDTH="16" VPOS="1404" HPOS="654"/>
							<String ID="string_280" HPOS="670" VPOS="1405" WIDTH="119" HEIGHT="20" WC="0.92" CONTENT="försäkradt"/><SP WIDTH="15" VPOS="1405" HPOS="789"/>
							<String ID="string_281" HPOS="804" VPOS="1405" WIDTH="86" HEIGHT="20" WC="0.96" CONTENT="föremål"/><SP WIDTH="17" VPOS="1405" HPOS="890"/>
							<String ID="string_282" HPOS="907" VPOS="1412" WIDTH="48" HEIGHT="13" WC="0.96" CONTENT="vare"/>
						</TextLine>
						<TextLine ID="line_36" HPOS="204" VPOS="1438" WIDTH="751" HEIGHT="27">
							<String ID="string_283" HPOS="204" VPOS="1438" WIDTH="226" HEIGHT="26" WC="0.91" CONTENT="försäkringsgifvaren"/><SP WIDTH="19" VPOS="1438" HPOS="430"/>
							<String ID="string_284" HPOS="449" VPOS="1438" WIDTH="84" HEIGHT="27" WC="0.96" CONTENT="skyldig"/><SP WIDTH="16" VPOS="1438" HPOS="533"/>
							<String ID="string_285" HPOS="549" VPOS="1440" WIDTH="29" HEIGHT="18" WC="0.93" CONTENT="att"/><SP WIDTH="16" VPOS="1440" HPOS="578"/>
							<String ID="string_286" HPOS="594" VPOS="1439" WIDTH="104" HEIGHT="26" WC="0.91" CONTENT="godtgöra"/><SP WIDTH="15" VPOS="1439" HPOS="698"/>
							<String ID="string_287" HPOS="713" VPOS="1439" WIDTH="142" HEIGHT="19" WC="0.96" CONTENT="kostnaderna"/><SP WIDTH="11" VPOS="1439" HPOS="855"/>
							<String ID="string_288" HPOS="866" VPOS="1439" WIDTH="31" HEIGHT="20" WC="0.96" CONTENT="för"/><SP WIDTH="12" VPOS="1439" HPOS="897"/>
							<String ID="string_289" HPOS="909" VPOS="1440" WIDTH="46" HEIGHT="19" WC="0.96" CONTENT="dess"/>
						</TextLine>
						<TextLine ID="line_37" HPOS="204" VPOS="1472" WIDTH="699" HEIGHT="27">
							<String ID="string_290" HPOS="204" VPOS="1473" WIDTH="110" HEIGHT="25" WC="0.92" CONTENT="bergning,"/><SP WIDTH="16" VPOS="1473" HPOS="314"/>
							<String ID="string_291" HPOS="330" VPOS="1472" WIDTH="58" HEIGHT="26" WC="0.93" CONTENT="vård,"/><SP WIDTH="17" VPOS="1472" HPOS="388"/>
							<String ID="string_292" HPOS="405" VPOS="1473" WIDTH="126" HEIGHT="25" WC="0.91" CONTENT="besigtning,"/><SP WIDTH="18" VPOS="1473" HPOS="531"/>
							<String ID="string_293" HPOS="549" VPOS="1473" WIDTH="151" HEIGHT="26" WC="0.96" CONTENT="uppskattning"/><SP WIDTH="17" VPOS="1473" HPOS="700"/>
							<String ID="string_294" HPOS="717" VPOS="1473" WIDTH="39" HEIGHT="19" WC="0.96" CONTENT="och"/><SP WIDTH="16" VPOS="1473" HPOS="756"/>
							<String ID="string_295" HPOS="772" VPOS="1473" WIDTH="131" HEIGHT="26" WC="0.96" CONTENT="försäljning."/>
						</TextLine>
					</TextBlock>
				</ComposedBlock>
			</PrintSpace>
		</Page>
	</Layout>
</alto>
