1070 1786
805 147 34 19 307

123 212 39 20 och
178 211 68 26 bästa,
262 210 154 27 uttryckeligen
434 209 67 20 skulle
519 209 87 20 omfatta
619 209 78 26 jemväl
715 210 158 27 besättningens

123 246 97 20 fördelar.

193 279 28 27 G)
237 279 41 20 Det
293 278 105 25 ändamål,
414 284 44 14 som
473 283 76 21 genom
567 277 148 27 sjöförklaring
734 278 85 26 åsyftas,
839 279 34 21 be-

125 314 41 19 står
182 312 148 21 företrädesvis
350 312 51 25 deri,
420 313 31 18 att
469 310 153 26 befälhafvare,
643 311 27 20 då
688 312 77 26 olycka
782 313 93 21 inträffat

125 348 6 19 i
149 347 101 20 afseende
266 346 12 20 å
293 346 116 26 tillgången
430 345 73 20 dervid
523 344 22 20 så
563 345 62 26 tidigt
643 352 44 13 som
705 346 80 26 möjligt
801 347 73 21 bindes

124 388 77 19 genom
218 387 55 19 egna
289 380 105 26 uppgifter
406 380 39 20 och
457 386 26 13 en
495 385 112 21 noggrann
619 379 152 28 framställning
785 382 88 20 rörande

125 415 40 20 den
181 414 79 20 timade
279 414 123 26 händelsen,
421 413 27 27 på
467 413 36 20 det
523 415 30 17 att
572 413 40 19 han
628 419 75 15 senare
718 414 19 26 ej
754 414 33 20 må
803 415 71 21 kunna

125 448 69 26 stödja
208 448 32 26 sig
256 448 26 26 på
298 448 66 20 andra
378 448 92 26 grunder
485 447 40 20 och
541 447 97 20 förebära
651 448 66 20 andra
726 448 147 28 tilldragelser,

125 483 73 19 hvilka
220 483 41 19 han
286 482 26 20 då
334 482 47 20 med
405 482 78 20 fästadt
505 481 100 20 afseende
626 481 26 27 på
668 488 42 20 nya
725 486 56 16 emot
796 484 76 20 honom

125 517 87 26 inlupna
227 516 45 20 skäl
291 516 38 20 och
350 516 180 26 omständigheter
552 515 70 20 kunde
645 515 57 21 finna
724 516 99 28 lämpliga
845 521 30 17 att

125 551 81 25 anföra,
222 551 32 20 för
269 552 30 18 att
314 550 122 26 derigenom
456 549 100 20 urskulda
571 550 38 25 sig.
640 549 37 20 Att
692 550 101 27 fartygets
809 552 64 20 hand-

127 586 69 25 lingar
218 585 39 19 och
283 585 119 25 besättning
424 587 36 17 äro
483 583 35 20 vid
542 583 188 27 sjöförklaringens
753 585 121 26 afgifvande

126 619 107 25 tillhands,
254 618 40 20 kan
314 618 125 26 visserligen
458 618 63 19 äfven
541 623 62 14 anses
618 624 51 13 vara
684 618 23 19 af
720 619 49 26 vigt,
785 619 88 20 emedan

127 653 40 19 den
184 652 135 26 preliminära
339 651 164 27 undersökning,
522 658 44 12 som
586 651 34 20 vid
641 651 91 21 tillfället
750 652 54 26 sker,
821 653 53 19 deri-

127 693 76 20 genom
220 686 76 20 blifver
311 686 159 26 fullständigare
486 685 39 20 och
545 685 141 26 grundligare,
703 692 46 14 men
765 686 56 20 detta
837 687 38 19 vil-

127 720 39 20 kor
181 720 66 20 måste
263 720 64 20 likväl
344 720 70 20 ställas
430 720 6 18 i
452 720 67 19 andra
534 721 96 24 rummet,
644 720 54 19 helst
713 720 6 19 i
736 720 71 26 hvarje
824 721 49 19 hän-

127 754 59 20 delse
202 754 126 20 åtminstone
348 754 68 26 någon
433 753 52 20 eller
499 753 65 26 några
579 753 24 19 af
615 753 146 27 besättningen
778 754 50 20 böra
843 755 32 19 för

127 789 66 27 sagde
212 788 97 20 ändamål
332 788 71 19 kunna
427 794 49 13 vara
498 787 35 19 vid
557 787 186 27 undersökningen
766 788 109 20 tillstädes.

127 823 27 20 Då
167 842 5 3 .
181 822 147 26 ordalydelsen
344 822 6 19 i
367 823 25 19 45
412 824 10 22 $
440 823 22 18 af
480 822 40 19 den
543 821 83 27 Nådiga
648 822 156 26 propositionen
828 822 47 20 icke

127 857 54 19 lärer
197 856 71 20 kunna
283 856 69 20 tolkas
367 856 136 25 annorlunda,
520 858 26 17 än
561 858 30 16 att
608 855 154 20 befälhafvaren
775 856 36 19 bör
826 858 48 17 utan

127 890 100 26 dröjsmål
242 890 48 19 icke
305 890 89 19 allenast
409 890 80 26 afgifva
503 889 151 26 förklaringen,
671 891 48 18 utan
735 890 61 19 äfven
813 890 61 19 fram-

128 924 60 19 ställa
204 923 77 26 nödiga
297 924 79 19 vittnen
394 923 39 20 och
450 923 67 20 förete
533 923 102 26 fartygets
652 923 131 26 handlingar,
803 923 72 20 hvilka

128 958 100 26 möjligen
249 957 123 20 förkommit
386 957 39 20 och
450 957 83 20 derföre
557 956 70 20 kunde
645 963 61 14 anses
723 957 50 20 böra
787 959 88 18 ersättas

128 997 76 20 genom
222 997 48 20 nya,
286 991 136 20 annorstädes
438 991 53 20 ifrån
511 991 121 19 infordrade
647 991 90 25 skrifter,
753 991 38 20 och
807 991 26 20 då
849 998 26 13 en

128 1025 64 20 sådan
208 1025 97 26 tolkning
320 1025 71 20 kunde
407 1025 62 19 hafva
485 1024 31 20 till
532 1024 78 27 påföljd
626 1027 30 17 att
672 1025 155 20 befälhafvaren
844 1025 32 20 för

129 1059 187 27 sjöförklaringens
336 1059 54 19 skull
410 1059 84 20 komme
515 1061 30 17 att
563 1059 27 26 på
608 1059 70 20 stället
693 1059 82 20 förnöta
789 1066 26 13 en
831 1059 44 20 län-

129 1100 37 20 gre
182 1093 29 20 tid
227 1096 26 17 än
270 1092 101 27 behöfligt
386 1099 57 19 vore,
458 1093 23 19 så
500 1092 67 20 finner
590 1092 101 21 utskottet
712 1093 73 26 nödigt
799 1095 30 18 att
845 1099 31 14 or-

129 1127 89 26 dalagen
235 1127 6 19 i
257 1127 65 26 sagde
338 1129 10 22 $
367 1127 108 19 förändras
495 1126 39 20 och
555 1126 84 27 bringas
662 1127 30 19 till
715 1127 161 20 öfverensstäm-

130 1161 64 20 melse
210 1161 47 20 med
273 1160 137 21 redaktionen
431 1161 28 19 uti
479 1161 36 19 det
533 1161 147 26 ursprungliga
694 1161 106 26 förslaget,
816 1161 60 20 hvar-

129 1196 33 18 est
177 1194 90 20 vilkoret
282 1200 33 14 om
332 1194 81 20 vittnen
430 1194 38 20 och
484 1194 125 26 handlingar
627 1194 123 26 förknippas
770 1194 45 20 med
836 1197 40 18 sat-

129 1235 48 14 sen:
194 1228 68 20 sävidt
278 1228 35 20 det
329 1230 48 18 utan
394 1228 99 26 dröjsmäl
508 1228 37 20 ske
562 1228 48 20 kan.

198 1263 28 24 H)
250 1263 62 19 Emot
334 1262 125 27 stadgandet
480 1263 6 18 i
510 1263 26 19 52
555 1264 10 22 $
581 1262 72 20 derom
676 1264 30 18 att
728 1262 149 27 befälhafvare,

129 1303 44 14 som
190 1297 75 20 blifver
280 1299 56 17 emot
353 1297 31 19 sin
400 1296 52 26 vilja
471 1296 122 27 entledigad
609 1296 45 20 från
672 1296 78 20 befälet
764 1296 59 20 öfver
837 1296 40 20 far-

130 1333 44 24 tyg,
190 1330 60 20 hvari
265 1330 41 19 han
322 1333 23 16 är
361 1330 130 26 medredare,
511 1337 50 20 eger
584 1333 40 17 rätt
646 1332 30 18 att
698 1330 66 20 väcka
785 1330 91 26 anspråk

130 1371 33 13 om
180 1365 26 19 de
222 1364 67 25 öfriga
304 1363 137 27 delegarenes
456 1364 124 26 skyldighet
595 1365 29 18 att
637 1364 69 19 inlösa
716 1364 52 19 hans
779 1364 44 25 lott,
835 1363 41 20 kan

129 1399 40 19 den
189 1397 139 27 anmärkning
351 1400 69 24 göras,
442 1400 30 17 att
495 1400 30 17 ett
547 1397 69 27 dylikt
628 1391 122 33 Sliggande
765 1401 23 16 är
804 1397 31 20 för
851 1397 26 20 de

129 1433 69 25 öfriga
213 1431 81 27 ganska
310 1431 134 27 betungande
459 1432 39 19 och
515 1431 77 20 saknar
608 1431 36 20 allt
665 1431 45 20 skäl
730 1431 27 20 dä
775 1431 101 20 befälhaf-

129 1473 71 19 varen,
223 1465 68 20 säsom
315 1465 59 20 fallet
390 1466 5 19 i
414 1466 115 20 allmänhet
551 1468 29 23 är,
603 1465 75 20 blifver
701 1465 120 26 entledigad
845 1465 32 19 för
