1070 1786
779 149 22 17 43

151 211 39 20 den
208 211 130 27 erfarenhet,
359 217 44 14 som
424 211 35 20 vid
477 211 169 27 tillämpningen
662 211 30 27 af
703 211 71 21 denna
784 211 51 27 för-

150 245 94 27 ordning
260 245 93 25 vunnits,
364 247 60 25 yttra
440 245 33 28 sig
489 252 34 14 om
538 245 47 21 dess
602 245 125 28 lämplighet
742 245 44 25 och,
797 246 40 20 der

149 279 136 25 förändrade
308 279 137 27 stadganden
465 279 8 20 i
493 286 24 14 en
538 279 53 21 eller
609 286 76 14 annan
703 279 35 21 del
752 279 84 27 funnes

150 313 30 26 af
194 312 96 27 behofvet
309 312 125 28 påkallade,
454 312 107 22 inkomma
581 313 48 21 med
643 312 90 28 förslag
753 314 35 20 till
806 320 29 21 ny

146 346 140 28 författning
304 347 8 20 i
330 349 76 23 ämnet,
429 346 79 22 hvilket
531 347 94 27 derefter
648 348 60 20 torde
731 348 9 20 i
761 347 75 28 Nådig

148 381 138 27 proposition
303 380 123 21 Ständerna
442 381 36 21 vid
493 383 65 19 nästa
574 381 108 27 landtdag
697 381 138 28 föreläggas.

151 432 69 20 Jemte
245 432 35 20 det
302 432 118 20 Ständerna
439 432 5 20 i
461 432 64 27 öfrigt
548 435 68 17 ansett
638 433 32 25 sig
694 433 48 27 icke
765 433 71 19 kunna

83 467 80 26 afgifva
186 466 64 26 något
273 467 97 25 yttrande
392 467 110 25 angående
523 468 25 18 de
565 467 6 19 i
587 467 39 19 den
643 467 83 26 Nädiga
742 467 93 26 proposi-

83 501 71 19 tionen
170 501 87 25 intagna
272 501 169 19 administrativa
458 501 190 26 bestämningarne,
660 508 33 13 om
706 501 82 19 hvilkas
800 504 35 16 än-

83 534 177 27 damålsenlighet
283 534 103 20 härintills
409 534 23 20 så
455 535 60 25 ringa
538 535 121 19 erfarenhet
682 535 90 25 vunnits,
796 535 39 19 och

85 569 72 20 hvilka
172 569 105 20 dessutom
295 572 35 16 äro
347 569 105 20 beroende
468 569 23 20 af
505 576 25 13 en
547 569 53 20 eller
611 576 68 13 annan
691 570 47 25 plan
750 573 26 17 än
788 569 48 24 den,

85 609 44 13 som
147 603 68 26 ligger
231 603 31 19 till
279 603 67 26 grund
367 604 31 18 för
414 603 127 23 Ständernas
562 603 110 29 redaktion
692 603 22 19 af
731 603 40 20 den
789 602 47 20 blif-

85 637 67 19 vande
168 637 157 26 författningen,
342 637 20 19 få
378 637 117 19 Ständerna
509 637 46 19 med
572 630 136 33 åberopande
723 638 22 18 af
758 637 31 19 sin
807 637 29 19 of-

85 671 85 19 vanföre
186 671 75 27 gjorda
278 671 154 26 framställning
449 672 7 18 i
468 671 170 26 underdånighet
654 671 82 19 anmäla
752 673 29 17 att
796 671 39 19 den

85 705 83 26 Nådiga
184 705 156 26 propositionen
356 705 46 20 icke
415 705 81 19 kunnat
507 705 125 20 oförändrad
645 705 130 26 godkännas,
787 707 48 17 utan

85 742 30 16 att
129 739 119 20 Ständerna
264 738 31 20 för
310 739 30 19 sin
358 739 32 19 del
407 739 80 26 antagit
504 739 103 26 följande:

159 802 137 30 Förordning
317 800 114 32 angående
450 801 101 32 flottning
569 802 26 24 af
611 801 149 31 skogsalster.

469 869 15 26 $
499 870 20 19 1.

221 907 16 21 I
249 908 66 27 sjöar,
332 908 75 27 elfvar,
424 910 122 23 strömmar,
563 909 47 24 åar,
626 908 57 21 sund
701 909 52 20 eller
767 908 71 21 andra

154 942 113 27 naturliga
285 942 134 27 vattendrag,
439 942 38 20 der
493 943 108 26 flottning
620 942 42 21 kan
686 941 41 26 ske,
748 942 34 21 må
803 949 35 13 en-

153 976 60 25 hvar,
229 976 69 20 under
314 976 141 27 iakttagande
471 976 30 27 af
507 976 176 27 föreskrifterna
695 977 7 20 i
710 977 71 20 denna
787 976 52 27 för-

155 1010 100 27 ordning,
271 1010 117 21 verkställa
399 1010 108 27 flottning
523 1010 29 27 af
563 1010 137 27 skogsalster.

222 1043 232 28 Flottningsmanskap
470 1046 27 18 är
513 1044 132 27 berättigadt
660 1047 38 22 att,
715 1044 29 20 då
759 1045 79 20 sådant

154 1080 27 18 är
190 1077 42 27 för
242 1078 134 27 flottningen
392 1078 142 27 nödvändigt,
550 1078 90 21 beträda
655 1078 51 21 eller
716 1079 47 20 med
773 1079 65 26 flott-

154 1111 53 28 gods
230 1112 66 27 lägga
318 1111 36 21 till
376 1112 37 21 vid
434 1112 135 21 stränderna
588 1111 29 28 af
626 1112 90 27 flottled
730 1115 55 18 samt
801 1113 38 20 der

154 1145 110 28 anbringa
279 1145 111 27 bomfästen
406 1146 56 23 eller
473 1147 90 26 vidtaga
578 1146 72 21 andra
660 1145 41 28 för
716 1146 125 21 ändamålet

155 1179 146 27 erforderliga
317 1180 109 26 åtgärder.

473 1226 16 26 $
503 1227 21 20 2

223 1265 33 20 På
274 1265 84 25 ställen,
378 1265 85 21 hvarest
479 1265 84 21 allmän
577 1264 78 28 farled
665 1264 41 28 för
721 1265 53 28 äng-
789 1265 52 21 eller

155 1299 133 27 segelfartyg
309 1299 89 27 nyttjas,
415 1299 39 20 der
473 1299 44 25 bro,
533 1299 63 25 sluss,
616 1301 80 18 vatten-
711 1299 52 20 eller
773 1299 69 27 fiske-

156 1330 50 28 verk
222 1333 53 20 eller
290 1335 68 20 annat
370 1333 63 27 fiske,
448 1340 46 13 som
510 1333 137 28 regelbundet
657 1333 69 25 idkas,
738 1333 42 21 kan
791 1333 50 21 ska-

156 1367 44 25 das,
217 1367 53 21 eller
284 1367 38 20 ock
336 1367 39 20 der
385 1374 76 14 annan
471 1367 152 27 värdefullare
638 1367 135 28 anläggning
779 1367 62 28 före-

152 1401 74 27 jinnes
242 1401 52 20 eller
309 1401 131 28 skogsalster
459 1401 47 21 icke
525 1401 75 21 kunna
618 1403 54 19 utan
692 1402 149 27 uppdämniny

151 1435 145 27 fJortskaffas,
315 1435 42 27 får
374 1435 107 28 flottning
506 1435 43 21 icke
572 1435 115 27 bedrifvas,
702 1435 82 27 förrän
803 1443 39 20 syn

156 1469 38 21 och
214 1468 107 28 pröfning
334 1469 106 27 föregått,
461 1470 71 30 såsom
551 1469 42 21 här
612 1469 120 27 nedanföre
752 1469 91 28 beskrif-
