1070 1786
802 133 33 18 513

184 195 74 21 kunna
278 195 30 27 af
323 196 124 20 densamma
467 197 52 26 taga
534 195 133 26 kännedom;
685 195 39 21 och
740 195 43 21 låte
797 195 72 27 Magi-

184 232 83 19 straten
287 229 75 22 härom
384 229 172 28 tillkännagifva
574 236 75 21 genom
667 229 109 28 offentligt
791 229 78 28 anslag

185 264 38 21 och
235 265 32 26 på
283 267 69 18 annat
367 264 101 27 lämpligt
483 266 50 23 sätt,
549 263 88 22 hvarom
648 263 66 28 förut
728 264 38 21 vid
775 263 94 21 rädhus-

184 300 92 18 stämma
292 298 71 27 blifvit
378 298 110 25 bestämdt,
504 297 109 28 äfvensom
628 304 75 21 genom
718 297 129 29 kungörelse
861 299 8 19 i

184 332 88 21 stadens
287 332 92 28 tidning,
395 332 38 21 der
448 332 70 20 sådan
533 331 123 22 utkommer.

493 390 15 26 $
523 390 34 20 63.

254 434 152 28 Anmärkning
421 437 54 19 emot
490 435 140 27 debiterings-
645 434 37 22 och
696 434 173 29 uppdördsläng-

185 470 40 20 den
247 468 43 26 bör,
313 469 36 21 vid
367 468 89 28 förlust
473 468 30 28 af
514 469 75 21 vidare
611 471 45 19 rätt
672 469 81 25 dertill,
769 470 58 20 inom
843 476 26 14 en

185 503 65 21 vecka
265 503 55 27 efter
334 504 110 26 utgången
459 503 30 27 af
501 503 41 21 den
556 504 9 20 i
580 505 29 20 62
624 504 16 26 $
654 505 83 19 utsatta
752 504 32 20 tid
794 505 75 19 anmä-

186 538 33 20 las
238 538 37 20 hos
296 537 150 28 Magistraten,
465 544 45 14 som
532 537 42 21 har
594 540 32 18 att
642 538 8 20 i
665 538 119 28 anledning
804 538 69 27 deraf

185 572 97 21 meddela
297 572 78 27 utslag.
406 571 48 22 Den
469 572 48 21 med
533 572 93 27 utslaget
641 572 119 27 missnöjde
774 573 36 20 mä
821 573 48 20 der-

185 606 62 26 öfver
265 606 8 20 i
290 605 134 28 vederbörlig
442 606 95 27 ordning
556 605 80 27 anföra
656 605 80 26 besvär,
755 613 47 14 men
818 613 51 14 vare

184 640 46 20 icke
252 640 57 21 desto
332 640 85 21 mindre
435 640 83 28 pligtig
534 642 32 19 att
581 640 35 21 det
631 640 77 21 honom
718 640 101 28 päförda
834 643 35 19 ut-

184 674 170 28 skyldsbeloppet
369 674 37 21 vid
421 674 203 27 uppdördsstämma
647 675 96 27 erlägga,
762 675 48 21 med
824 677 46 19 rätt

185 710 39 23 att,
242 708 52 28 ifall
312 708 55 21 hans
390 708 73 21 besvär
481 708 135 28 godkännas,
627 708 30 28 få
672 708 34 21 det
721 708 149 28 öfverbetalda

186 742 52 21 äter.

254 771 33 26 Är
304 777 72 27 nägon
396 776 31 27 af
442 776 51 28 laga
504 776 85 28 förfall
604 776 96 21 hindrad
714 779 34 19 att
762 777 59 21 inom
836 776 34 28 of-

185 818 42 13 van
248 812 67 19 utsatt
338 810 32 21 tid
384 812 55 26 göra
454 810 147 28 anmärkning
616 813 44 18 mot
674 810 141 29 debiterings-
831 810 39 22 och

185 844 211 28 uppbördslängden,
412 851 50 14 vare
478 844 123 28 berättigad
616 847 32 18 att
663 845 101 27 missnöje
775 845 95 21 deremot

184 879 8 20 i
202 878 149 28 föreskrifven
370 878 93 27 ordning
481 879 89 20 anmäla
589 878 37 21 och
644 880 38 19 sitt
692 878 86 28 förfall
792 879 77 28 styrka

186 913 57 21 inom
258 912 87 28 fjorton
366 913 70 27 dagar
451 912 56 27 efter
523 913 34 20 det
568 912 106 27 förfallet
688 913 101 28 upphört,
804 913 66 27 äfven

186 953 34 14 om
234 946 126 28 uppbdörden
374 947 69 20 redan
458 953 49 14 vore
521 947 124 21 verkställd.

493 1005 16 27 $
524 1005 35 20 64.

256 1050 72 21 Sedan
348 1050 142 28 debiterings-
506 1050 38 21 och
560 1050 205 28 uppbördslängden
780 1051 9 20 i
804 1051 67 28 ofvan

185 1085 96 27 stadgad
300 1085 93 27 ordning
415 1085 76 20 hållits
501 1084 42 27 för
558 1085 25 20 de
598 1084 154 29 skattskyldige
768 1085 104 28 tillgäng-

186 1119 37 27 lig,
246 1119 105 20 utsänder
374 1118 209 21 drätselkammaren
601 1118 133 21 debetsedlar
753 1119 39 21 och
811 1119 60 21 verk-

186 1153 76 21 ställer
285 1153 126 27 uppbörden
430 1154 31 26 på
477 1153 39 21 den
541 1153 38 26 tid,
601 1159 45 15 som
664 1153 76 28 hvarje
758 1154 50 21 stad
827 1153 44 22 kan

181 1187 67 27 Jinna
258 1187 42 27 för
313 1187 33 27 sig
362 1187 97 27 lämplig.

495 1245 15 26 $
525 1245 35 20 65.

254 1290 63 21 Inom
343 1293 31 18 tre
397 1290 74 21 veckor
495 1290 57 27 efter
571 1290 204 28 uppbördsstämma
790 1291 82 28 ingifve

188 1325 209 20 drätselkammaren
413 1325 35 20 till
462 1324 147 27 Magistraten
625 1324 110 21 berättelse
750 1324 57 21 huru
817 1332 54 20 upp-

186 1359 80 21 börden
277 1358 85 27 utfallit
370 1358 36 21 och
419 1359 71 27 bifoge
499 1359 78 21 dervid
584 1359 112 27 restlängd
704 1359 62 27 öfver
775 1359 98 28 oguldna

185 1393 118 28 utskylder,
319 1393 72 20 hvilka
410 1393 147 27 Magistraten
573 1393 84 28 åligger
673 1393 45 20 låta
732 1393 10 20 i
757 1393 51 28 laga
823 1393 50 21 ord-

186 1428 54 27 ning
259 1429 77 25 uttaga
358 1426 39 21 och
419 1428 40 20 sist
481 1428 59 20 inom
557 1427 57 28 fyra
631 1427 104 21 månader
750 1427 55 28 efter
819 1430 54 19 rest-

187 1462 105 27 längdens
315 1461 149 28 emottagande
488 1461 37 21 till
543 1461 208 22 drätselkammaren
770 1462 102 27 aflemna,

777 1496 22 17 33
