1070 1786
812 132 35 18 263

468 195 10 22 $
496 193 45 20 190.

198 233 43 20 Har
260 232 210 26 försäkringstagare,
489 233 26 19 då
535 233 49 19 flere
606 233 140 26 försäkringar
767 233 68 20 blifvit
850 234 29 24 af-

131 266 87 26 slutade,
239 267 87 25 beviljat
345 266 69 26 någon
435 266 94 26 eftergift
547 267 3 19 i
567 267 40 19 den
628 273 40 13 ena
687 267 52 19 eller
760 267 39 20 den
815 267 66 20 andra

132 300 237 26 försäkringsgifvarens
393 300 146 26 förbindelser,
563 300 32 19 får
618 300 74 20 sådant
714 300 47 20 icke
788 301 93 19 medföra

131 334 121 26 förändring
273 334 27 19 uti
320 334 26 19 de
367 334 79 25 öfrigas
465 334 124 26 rättigheter
608 334 39 20 och
662 334 153 26 skyldigheter,
831 336 48 18 utan

131 367 60 20 skola
210 368 42 19 alla
270 368 69 26 frågor
358 368 71 19 derom
452 368 98 20 bedömas
567 368 51 20 efter
634 368 26 20 de
676 368 98 26 grunder,
790 375 43 13 som
850 369 29 20 of-

132 402 85 19 vanföre
234 402 66 19 finnas
317 401 113 20 bestämda.

470 460 9 22 $
499 458 44 19 191.

199 498 79 19 Finnes
300 498 18 26 ej
342 498 100 19 särskildt
464 498 49 20 aftal
534 498 39 20 och
592 498 102 20 förbehåll
716 504 34 14 om
773 499 56 20 tiden
849 499 32 19 för

132 532 38 20 den
195 532 50 25 fara,
274 532 73 20 hvaraf
369 532 237 26 försäkringsgifvarens
630 533 249 26 ersättningsskyldighet

133 567 66 24 beror,
216 567 39 19 och
272 567 62 19 hafva
350 567 69 26 fartyg
435 566 38 20 och
490 567 56 19 frakt
562 566 68 20 blifvit
646 567 31 19 för
694 567 67 26 någon
778 568 40 19 viss
834 574 47 13 resa

132 600 130 24 försäkrade,
281 600 52 20 skall
353 600 57 20 faran
431 600 77 20 räknas
527 600 54 20 ifrån
598 600 38 20 den
654 601 67 24 stund,
738 601 26 19 då
781 601 99 19 befälhaf-

133 641 64 13 varen
218 634 69 26 börjar
306 636 29 18 att
353 634 73 26 intaga
443 633 40 20 last
501 634 52 20 eller
575 634 79 25 ballast,
673 637 52 17 samt
744 641 59 13 anses
819 635 63 20 hafva

133 668 31 20 för
180 668 226 26 försäkringsgifvaren
427 667 96 27 upphört,
542 670 37 17 när
597 668 93 26 lossning
706 669 21 19 af
741 669 74 26 godset
830 669 52 20 eller

135 702 100 20 ballasten
252 702 62 19 slutat
330 702 57 25 eller,
404 702 36 19 der
457 702 39 19 den
514 702 67 19 blifvit
598 708 76 20 genom
693 702 188 27 försäkringstaga-

133 742 47 14 rens
197 736 143 19 försummelse
357 736 100 25 fördröjd,
473 736 61 20 bordt
549 736 71 20 kunna
635 736 60 20 sluta.

203 770 41 20 Har
264 770 68 26 fartyg
354 770 68 20 blifvit
438 770 118 20 försäkradt
571 770 31 20 för
619 770 48 20 flere
684 777 64 19 resor,
764 777 48 13 vare
828 771 53 27 gildt

133 804 67 20 såsom
217 804 193 20 öfverenskommet
424 806 29 18 är.
483 804 70 26 Lyder
569 804 17 26 ej
603 804 146 26 försäkringen
765 804 12 20 å
793 812 25 12 en
835 805 46 20 och

134 845 76 19 annan,
229 841 48 17 utan
294 838 12 20 å
320 845 26 13 en
367 838 63 20 eller
449 844 68 14 annan
535 840 37 23 ort,
589 838 80 26 upphör
684 838 197 27 försäkringsgifva-

135 880 47 12 rens
197 873 51 24 fara,
265 875 37 17 när
317 872 91 26 fartyget
426 872 67 26 någon
505 872 22 20 af
537 872 26 20 de
577 872 109 20 bestämda
701 872 114 20 hamnarne
831 880 50 19 upp-

135 907 50 19 nått.

202 937 30 22 Är
249 940 118 26 försäkring
386 940 66 19 sluten
473 939 26 26 på
516 940 41 19 viss
573 939 36 26 tid,
625 939 127 20 inberäknas
769 940 44 19 häri
829 940 54 19 både

135 975 39 19 den
192 975 46 25 dag,
254 981 44 12 som
318 974 76 25 börjar,
414 973 39 20 och
473 973 47 26 den,
537 980 43 13 som
599 973 71 26 slutar,
686 974 45 19 från
749 974 87 20 midnatt
852 974 31 19 till

136 1009 88 19 midnatt
240 1008 53 20 efter
309 1007 160 26 tideräkningen
487 1008 28 19 uti
532 1007 40 20 den
589 1009 37 24 ort,
643 1008 83 19 hvarest
742 1008 91 26 fartyget
848 1007 35 20 be-

136 1042 72 20 finnes.

474 1071 10 22 $
503 1069 45 20 192.

204 1109 55 21 Sker
279 1109 117 26 försäkring
416 1109 23 19 af
455 1109 70 26 fartyg
541 1109 31 19 för
588 1109 60 20 fram-
666 1109 38 20 och
720 1109 98 26 återresa,
835 1109 49 20 fort-

136 1145 30 18 far
183 1143 238 26 försäkringsgifvarens
440 1143 135 26 ansvarighet
595 1143 105 20 oafbrutet
715 1143 45 20 från
776 1143 72 26 början
865 1143 23 20 af

137 1178 142 25 inlastningen
297 1178 27 18 uti
344 1177 175 26 afseglingsorten
535 1177 31 19 till
581 1177 63 19 slutet
660 1176 23 20 af
696 1177 120 26 lossningen
833 1177 52 19 efter

137 1212 101 26 fartygets
263 1210 119 20 återkomst.
414 1209 42 21 Har
479 1210 120 27 försäkring
622 1210 68 20 blifvit
712 1210 89 20 tecknad
822 1210 23 20 af
859 1217 26 13 en

137 1247 31 19 för
187 1246 102 19 framresa
307 1245 39 20 och
362 1245 22 19 af
397 1251 69 13 annan
486 1245 31 19 för
535 1245 99 26 återresa,
655 1245 109 26 begynner
779 1245 58 20 faran
854 1245 32 20 för

137 1280 40 20 den
194 1280 96 24 sednare,
311 1281 36 17 när
365 1279 40 19 last
424 1278 51 20 eller
492 1278 74 20 ballast
581 1279 31 19 för
628 1279 105 20 återresan
750 1279 67 26 börjat
832 1279 53 20 inta-

137 1320 44 19 gas,
196 1313 56 20 ändå
267 1315 30 17 att
312 1312 47 20 hela
375 1312 40 20 den
432 1312 55 20 förra
502 1313 68 19 lasten
586 1316 55 16 ännu
660 1313 48 19 icke
723 1313 70 19 blifvit
808 1313 76 19 lossad.

205 1343 31 23 Är
252 1346 117 26 försäkring
380 1347 23 18 af
415 1346 69 26 fartyg
500 1347 89 19 afslutad
605 1349 30 17 att
650 1347 56 26 gälla
720 1347 53 19 efter
788 1346 98 20 ankomst

138 1381 30 20 till
184 1381 54 20 eller
261 1380 68 20 afresa
352 1380 45 19 från
421 1380 40 19 viss
485 1382 39 23 ort,
543 1380 54 28 skall
612 1381 58 18 faran
687 1387 61 12 anses
764 1380 80 26 börjad,
860 1380 27 19 då

138 1416 92 25 fartyget
251 1415 53 19 efter
322 1414 123 19 ankomsten
465 1414 29 19 uti
514 1414 89 20 hamnen
620 1414 69 20 kastat
704 1414 51 20 eller
771 1414 30 19 för
817 1414 70 20 afresa

137 1449 92 20 derifrån
245 1448 62 26 lyftat
321 1448 73 20 ankar.
