1070 1786
248 153 34 16 244

215 222 27 13 va
258 215 26 20 de
300 215 41 20 alla
357 215 116 26 företedda,
491 215 100 20 behöfver
605 215 48 20 icke
669 216 155 20 förfallotidens
840 216 79 27 utgång
935 217 30 20 för

216 251 135 26 betalningen
368 250 88 20 afbidas.

553 308 10 22 s
579 306 47 20 130.

286 353 68 19 Slutar
370 358 60 14 resan
446 352 7 19 i
469 358 68 13 annan
559 352 61 19 hamn
638 355 24 16 än
680 352 217 27 bestämmelseorten,
913 354 53 20 skall

216 387 57 20 lånet
288 387 37 19 der
340 386 127 20 återbetalas
484 388 47 17 utan
549 386 63 26 något
628 386 74 26 afdrag
718 386 38 20 och
773 387 66 19 under
855 388 110 20 enahanda

216 422 76 24 vilkor,
309 427 42 13 som
369 420 108 20 ofvanföre
493 420 108 20 bestämda
617 423 43 17 äro.
690 420 153 21 Förfallotiden
858 422 31 19 för
901 422 63 20 betal-

216 457 78 25 ningen
318 455 76 19 räknas
417 454 39 20 och
480 454 99 26 fortlöper
602 454 52 19 ifrån
679 454 39 20 den
743 454 40 27 dag
803 462 72 13 resans
895 456 70 20 vidare

216 490 136 20 fortsättande
370 489 68 19 blifvit
453 488 91 20 instäldt.
575 484 42 24 Äro
634 488 50 20 flere
701 489 108 26 exemplar
825 490 24 19 af
863 490 101 20 bodmeri-

217 524 81 20 brefvet
316 524 109 19 utfärdade
445 523 38 19 och
504 522 65 20 blifva
588 522 47 20 icke
651 522 42 20 alla
708 522 128 27 återställda,
853 530 48 14 vare
918 524 47 26 den,

216 565 44 14 som
284 558 134 26 betalningen
443 557 70 26 lyftar,
531 556 85 27 skyldig
636 559 30 18 att
685 557 82 20 derföre
783 558 61 19 ställa
860 558 104 27 säkerhet,

215 595 30 17 att
268 592 55 26 gälla
341 592 6 19 i
368 594 30 17 tre
422 591 99 19 månader
544 591 29 19 till
599 591 79 19 förmån
703 591 31 19 för
757 591 54 25 dem,
832 598 43 14 som
895 593 71 20 kunna

216 627 68 20 bättre
300 628 40 18 rätt
356 626 30 19 till
404 628 77 23 panten
497 625 50 19 visa.

555 690 10 22 $
584 688 43 19 131.

285 728 107 27 Åstundar
411 734 47 25 den,
479 740 42 13 som
543 733 130 20 bodmerilån
694 734 101 26 upptagit,
814 737 30 17 att
863 734 104 22 återkalla

216 769 80 23 aftalet,
318 775 50 13 vare
391 768 70 20 dertill
485 768 124 26 berättigad,
632 768 63 19 innan
721 768 156 24 bodmeriresan
898 770 69 19 blifvit

217 803 88 20 anträdd
328 804 38 18 och
391 803 56 19 inom
468 802 73 26 fjorton
563 802 65 26 dagar
647 802 51 20 efter
719 802 35 20 det
770 802 39 20 han
826 802 62 27 lyftat
903 803 63 25 lånet,

217 840 53 17 samt
290 836 68 20 betale
378 836 26 20 då
423 836 152 20 hufvudstoden
599 836 88 20 tillbaka
703 837 66 25 jemte
788 837 48 26 laga
851 840 61 17 ränta
927 838 38 20 och

217 872 35 19 två
268 873 86 24 procent
369 871 6 19 i
391 870 113 26 provision.

555 935 9 21 s
582 933 45 19 132.

286 979 41 20 Har
350 979 75 19 redare'
448 979 52 19 eller
523 979 47 18 med
595 979 79 19 dennes
697 978 110 27 samtycke
824 979 141 20 befälhafvare

217 1014 96 25 upptagit
328 1013 32 20 län
378 1015 49 18 utan
444 1013 73 19 sädant
536 1012 85 25 nödfall,
642 1019 44 13 som
710 1012 109 21 ofvanföre
843 1013 123 26 beskrifves,

218 1050 53 17 samt
294 1047 87 26 beviljat
402 1046 166 21 bodmerivilkor
592 1047 30 19 för
645 1046 67 20 länets
735 1047 162 27 äterbetalning,
918 1054 48 13 vare

218 1082 53 25 gildt
292 1082 68 19 såsom
380 1081 193 20 öfverenskommet
588 1084 32 22 är;
640 1087 46 13 men
704 1081 18 26 ej
740 1081 33 19 mä
788 1081 131 26 längifvaren
936 1082 31 19 för

218 1117 64 19 sådan
304 1115 154 26 försträckning
478 1116 57 24 njuta
556 1115 133 20 förmänsrätt
705 1115 53 20 efter
773 1122 69 13 annan
860 1116 52 19 eller
927 1117 39 19 för-

219 1150 115 26 mänligare
350 1150 74 26 grund,
440 1152 26 17 än
483 1150 28 19 uti
532 1151 5 22 $
555 1150 24 19 12
596 1155 61 14 mom.
674 1150 11 19 7
704 1150 131 19 bestämmes.
865 1150 43 20 Har
918 1151 48 20 last-

218 1191 64 19 egare
299 1184 95 25 upptagit
409 1183 50 20 slikt
475 1183 32 19 län
524 1183 39 19 och
580 1183 86 26 beviljat
681 1186 93 23 panträtt
789 1184 6 18 i
811 1184 81 26 godset,
908 1185 59 19 skola

218 1218 41 19 alla
275 1218 26 19 de
317 1218 5 19 i
338 1220 10 21 $
367 1217 37 20 109
422 1219 105 24 upptagna
542 1216 198 27 fordringsanspräk
756 1217 63 20 hafva
835 1218 111 21 företräde.

533 1303 31 20 Om
579 1302 71 21 haveri,

557 1367 10 21 s
585 1365 45 20 133.

290 1410 39 19 Till
345 1412 131 25 gemensamt
496 1410 71 19 haveri
587 1410 76 19 räknas
681 1410 27 19 all
724 1410 73 25 skada,
815 1417 43 13 som
876 1412 45 19 med
938 1413 29 19 af-

219 1445 41 25 sigt
282 1445 92 25 tillfogas
397 1445 69 26 fartyg
489 1444 52 19 eller
560 1444 39 19 last
618 1444 31 19 för
669 1444 104 26 räddning
789 1451 22 12 ur
827 1451 25 13 en
869 1445 46 20 dem
932 1453 35 20 ge-

220 1482 100 16 mensamt
340 1479 91 19 hotande
451 1479 49 25 fara,
521 1478 107 20 äfvensom
650 1478 64 19 sådan
734 1478 67 20 skada
816 1479 39 19 och
872 1479 95 27 kostnad,
