1070 1786
215 156 34 18 556

182 220 26 27 på
228 219 69 26 öfrige
317 219 191 27 stadsfullmäktige
531 219 40 20 och
587 221 30 18 att
632 220 6 19 i
655 219 60 21 deras
734 220 69 21 beslut
818 221 89 26 ändring
924 221 7 20 i

182 255 72 26 vanlig
269 255 91 26 ordning
371 254 71 19 kunde
453 253 72 26 sökas;
540 253 108 20 hvarutom
660 253 118 22 Ständerna
789 255 62 26 gifvit
862 255 69 20 denna

181 291 17 23 8,
214 289 63 19 äfven
294 289 6 18 i
317 288 69 26 öfrigt,
403 294 25 13 en
444 288 6 19 i
467 287 69 26 någon
553 287 46 20 mån
616 288 113 20 förändrad
744 289 89 25 lydelse.

251 322 47 20 Den
314 322 6 19 i
336 322 24 20 31
378 323 10 23 $
405 321 118 27 föreslagna
543 322 30 20 tid
591 322 23 19 af
628 324 30 18 tre
674 322 22 20 år
712 322 32 20 för
759 322 173 21 stadsfullmäkti-

182 362 38 20 ges
240 356 142 26 tjenstgöring
401 362 50 14 anse
477 355 117 21 Ständerna
615 356 6 19 i
642 356 41 20 allo
710 356 93 28 lämplig,
830 358 39 19 och
892 358 40 19 den

182 390 45 20 deri
247 390 102 25 vidtagna
366 389 274 27 redaktionsförändringen
656 390 80 26 äsyftar
752 391 75 20 endast
842 393 29 18 ett
891 391 40 19 för-

182 424 126 26 tydligande
324 424 22 19 af
360 423 118 27 ordningen
495 424 31 19 för
541 424 26 20 de
583 424 65 20 första
662 424 84 26 gängen
763 425 72 20 valdes
848 425 84 27 afgäng.

252 458 197 26 Stadsfullmäktige
465 457 60 20 skola
540 458 68 26 enligt
623 458 25 20 33
665 460 9 22 $
690 458 57 20 hälla
762 459 105 20 ordinarie
879 466 53 13 sam-

183 494 125 19 manträden
327 492 12 20 &
355 492 27 20 de
404 492 54 20 tider
477 492 38 20 och
535 492 32 19 för
583 492 25 20 de
624 492 105 26 ändamäl,
745 499 44 14 som
805 494 7 19 i
831 494 23 20 16
871 496 10 22 $
896 496 36 18 äro

184 527 110 20 bestämda
309 527 32 19 för
357 526 166 20 rädhusstämma
538 526 7 19 i
561 526 52 26 stad,
630 526 36 20 der
682 526 133 28 fullmäktige
824 529 19 25 ej
857 528 74 20 finnas.

184 562 48 20 Men
251 561 27 20 då
298 562 36 19 det
348 560 48 21 icke
412 560 128 21 tillkommer
563 561 201 27 stadsfullmäktige,
780 562 88 20 likasom
885 562 46 20 räd-

184 596 150 25 husstämman,
350 597 30 18 att
390 597 45 17 utse
449 595 158 26 taxeringsmän
623 595 39 20 och
678 596 105 20 revisorer
798 596 32 20 för
845 596 87 27 gransk-

184 630 52 26 ning
256 630 22 19 af
297 629 179 27 räkenskaperne,
495 629 62 20 hafva
581 628 119 21 Ständerna
719 632 69 18 ansett
807 632 30 18 ett
860 630 73 27 tillägg

184 664 27 26 på
230 664 58 19 detta
304 664 59 19 ställe
384 663 22 20 af
420 664 76 24 nöden,
515 663 32 19 för
565 665 30 18 att
615 664 80 25 antyda
715 664 108 20 olikheten
839 665 6 19 i
868 664 64 20 ända-

184 698 40 19 mål
242 698 32 19 för
290 697 200 27 stadsfullmäktiges
506 697 169 20 sammanträden
692 698 39 20 och
744 698 189 20 rådhusstämman.

182 732 174 20 Extraordinarie
371 731 171 20 sammanträden
557 738 51 13 anse
622 732 119 20 Ständerna
756 733 18 25 ej
786 732 88 20 allenast
886 733 45 19 fler-

184 766 53 20 talet
256 766 23 20 af
295 766 198 26 stadsfullmäktige,
516 768 49 17 utan
581 766 61 19 äfven
660 766 69 26 någon
751 767 82 19 mindre
857 766 33 20 del
913 767 23 19 af

185 800 55 26 dem,
257 803 13 17 t.
287 807 33 13 ex.
337 800 137 26 fjerdedelen,
489 800 73 20 kunna
577 800 75 20 fordra.

253 835 41 20 För
313 834 195 20 sammankallande
531 834 22 20 af
573 834 190 27 stadsfullmäktige
779 835 30 19 till
827 835 106 20 ordinarie

184 869 156 20 sammanträde
356 868 135 20 föreskrifver
507 868 26 20 34
549 870 9 22 $
575 874 79 14 samma
669 868 144 27 iakttagande,
830 876 44 13 som
885 870 7 18 i
903 869 29 20 af-

185 903 79 20 seende
274 903 13 19 å
297 903 168 19 rådhusstämma
480 903 6 18 i
505 903 22 18 17
545 904 9 22 $
570 905 23 16 är
609 902 109 20 bestämdt.
750 902 38 20 Om
805 905 60 18 extra
879 909 53 14 sam-

185 937 110 20 manträde
311 943 49 14 anse
376 937 62 19 äfven
454 936 117 20 Ständerna
586 936 191 27 stadsfullmäktige
793 937 52 20 böra
855 937 79 26 erhålla

186 971 100 20 särskildt
304 970 211 27 tillkännagifvande,
536 977 45 13 men
603 970 101 26 derjemte
725 970 38 20 och
780 970 27 20 då
822 971 112 20 fullmäkti-

186 1012 37 20 ges
242 1005 164 26 förhandlingar,
428 1004 67 20 såsom
512 1005 6 19 i
535 1004 139 26 nästföljande
690 1006 10 22 $
717 1007 66 23 säges,
805 1004 60 20 skola
884 1011 50 14 vara

186 1039 117 26 offentliga,
318 1045 64 20 synes
396 1039 62 19 äfven
475 1039 31 19 för
521 1038 75 20 sådant
610 1038 155 20 sammanträde
781 1038 107 27 offentligt
898 1045 35 14 an-

186 1074 44 25 slag
248 1073 50 20 böra
313 1073 98 20 utfärdas.
442 1072 115 20 Ständerna
573 1072 63 19 hafva
651 1072 84 20 derföre
746 1073 64 19 infört
821 1075 29 18 ett
861 1073 73 27 tillägg

184 1109 7 18 i
209 1108 58 19 detta
282 1107 61 27 syfte.
373 1107 41 20 För
429 1107 64 26 öfrigt
508 1106 63 20 hafva
587 1106 118 20 Ständerna
720 1107 90 26 vidtagit
820 1107 61 20 äfven
894 1107 41 20 den

186 1142 97 26 ändring,
300 1143 29 18 att
343 1140 48 21 icke
406 1141 144 25 Magistraten,
566 1142 48 17 utan
631 1140 47 19 dess
694 1140 125 21 ordförande
835 1141 55 20 skall
901 1147 34 14 om

186 1177 58 19 tiden
261 1177 31 19 för
312 1175 201 25 stadsfullmäktiges
533 1175 168 19 sammanträden
721 1175 138 26 underrättas,
879 1182 55 13 eme-

186 1210 41 20 dan
247 1210 62 26 eljest
328 1208 201 27 stadsfullmäktiges
548 1208 155 20 sammanträde
721 1208 72 20 kunde
809 1215 61 14 anses
887 1216 49 13 vara

187 1244 107 20 beroende
305 1243 65 25 deraf,
381 1243 102 20 huruvida
492 1243 136 26 Magistraten
645 1243 134 20 derförinnan
796 1243 37 20 har
849 1243 86 20 session.

256 1279 31 19 De
303 1277 121 26 ändringar,
440 1283 43 14 som
500 1277 23 20 af
536 1277 118 20 Ständerna
668 1277 101 26 vidtagits
784 1277 7 19 i
807 1277 83 20 35—37
907 1280 29 24 $$,

188 1313 69 26 äsyfta
272 1312 74 20 endast
362 1314 66 17 större
444 1311 112 27 tydlighet.

255 1347 10 19 1
281 1347 26 19 38
323 1348 10 22 $
349 1346 142 25 föreskrifves,
514 1347 29 18 att
563 1345 149 26 Magistratens
732 1345 127 20 ordförande
877 1346 59 27 eller,

188 1381 44 20 ifall
245 1381 74 20 hinder
336 1380 31 20 för
388 1380 76 20 honom
482 1379 91 27 uppstär,
589 1380 40 19 den
646 1379 22 20 af
682 1379 143 20 ledamöterne
841 1386 44 13 som
896 1380 43 20 Ma-

188 1417 102 25 gistraten
314 1414 68 20 dertill
407 1416 62 24 utser,
492 1417 23 16 är
537 1414 76 26 pligtig
636 1415 29 18 att
685 1413 34 20 vid
736 1413 201 28 stadsfullmäktiges

188 1448 155 21 sammanträde
364 1449 154 19 tillstädesvara
539 1448 39 19 och
594 1448 37 19 har
646 1449 41 18 rätt
702 1449 30 18 att
747 1447 6 19 i
769 1447 167 28 öfverläggning,

189 1489 47 15 men
253 1483 19 26 ej
284 1483 7 19 i
301 1482 66 20 beslut
382 1483 92 26 deltaga.
505 1481 124 27 Ständerna,
645 1488 44 13 som
701 1482 6 19 i
718 1481 42 20 allo
775 1481 95 27 godkänt
880 1483 58 20 detta
