1070 1786
219 153 35 18 538

185 214 89 26 kunnat,
295 214 33 20 vid
349 213 69 20 denna
438 213 107 26 landtdag,
565 212 147 27 undanrödjas,
736 213 63 20 hafva
819 213 117 20 Ständerna

187 248 67 20 likväl
274 249 68 19 funnit
360 248 35 19 det
413 248 46 19 dem
479 247 110 27 förelagda
607 247 142 26 lagförslaget,
766 247 101 26 jemfördt
888 247 46 19 med

186 283 36 19 det
244 289 28 12 nu
295 282 93 20 rådande
410 282 116 19 tillståndet
541 282 6 18 i
563 281 104 26 städerne,
691 281 102 20 innebära
811 283 30 18 ett
861 281 75 26 vigtigt

186 316 103 26 framsteg
305 316 73 25 deruti,
394 318 30 18 att
439 316 42 20 alla
493 315 101 20 invånare
609 316 7 19 i
631 315 105 25 städerne,
752 315 63 20 äfven
831 315 26 20 de
872 314 62 27 privi-

186 350 110 27 legierade
319 350 162 26 gårdsegarene,
503 350 65 20 blifva
592 349 132 27 berättigade
746 350 40 19 och
810 349 126 27 förpligtade

188 384 138 20 medlemmar
337 384 23 20 af
368 384 193 20 stadskommunen.
576 384 285 26 Undantagsförhållandena
871 384 65 20 verka

186 419 7 19 i
204 419 44 19 alla
263 418 122 20 hänseende
401 418 49 27 föga
464 419 5 19 i
479 418 112 26 jembredd
606 418 48 20 med
668 418 40 20 den
725 418 112 27 tillökning
852 418 7 20 i
875 418 61 20 intel-

186 453 69 26 ligens
274 453 39 19 och
333 452 100 27 förmäga,
449 459 44 13 som
509 458 76 21 genom
602 452 100 27 förslaget
718 452 85 20 tillföres
819 452 114 20 stadskom-

187 493 109 14 munerne.
326 486 44 20 Och
382 487 36 19 det
428 487 41 19 kan
479 489 72 24 tryggt
561 486 77 29 påstås,
649 489 30 17 att
688 487 193 25 stadskommunen,
892 486 44 20 ifall

186 522 58 19 detta
262 521 213 27 författningsförslag
495 521 40 20 blir
554 521 41 26 lag,
613 521 92 20 inträder
721 522 5 18 i
742 523 29 18 ett
787 524 46 23 nytt
849 521 84 20 utveck-

186 555 154 27 lingsstadium.
371 555 78 20 Härvid
473 555 62 20 hafva
557 554 118 21 Ständerna
697 555 115 27 ingalunda
833 556 101 25 förbiseti,

186 592 31 17 att
237 590 27 19 de
285 596 41 19 nya
345 589 164 20 medlemmarne
529 590 24 19 af
570 588 186 21 stadskommunen
775 590 63 20 äfven
854 590 79 19 ähvälf-

187 630 37 14 vas
239 624 49 19 icke
304 623 22 20 sä
337 624 123 26 obetydliga
475 624 91 25 utgifter,
576 634 26 3 —
614 624 39 19 och
665 624 122 26 derigenom
799 624 40 20 blir
854 624 80 20 Adelns

186 658 40 19 och
237 658 168 20 Presteständets
418 658 218 26 undantagsställning
647 660 55 17 ännu
719 665 43 13 mer
777 658 6 20 i
800 661 83 23 ögonen
897 658 37 20 fal-

186 692 69 20 lande.
287 692 46 20 Men
349 692 73 26 hvarje
439 692 144 26 berättigande
599 691 83 26 ätföljes
698 692 23 19 af
734 692 147 26 förpligtelser,
895 692 39 20 och

186 726 119 20 Ständerna
324 726 100 25 förmoda,
444 728 31 17 att
489 726 26 19 de
531 732 42 20 nya
590 726 162 20 medlemmarne
775 726 23 20 af
817 726 116 20 stadskom-

187 766 76 14 munen
283 760 48 20 icke
349 760 61 20 skola
424 760 57 20 finna
495 760 26 20 de
537 760 101 20 förökade
661 760 138 26 utskylderna
821 763 66 17 större
907 764 26 16 än

186 796 30 18 att
232 794 26 20 de
275 796 104 18 motsvara
395 794 35 20 det
443 794 117 26 inflytande
576 794 26 26 pä
622 794 138 20 kommunens
780 795 154 26 angelägenhe-

186 831 38 22 ter,
241 835 45 13 som
303 828 95 20 kommer
414 828 47 20 dem
478 828 30 20 till
525 828 41 20 del.

256 862 66 20 Bland
335 862 25 20 de
377 862 127 26 privilegier,
521 862 74 20 hvilka
609 862 48 20 icke
673 862 63 20 hafva
750 863 184 26 grundlagshelgd,

187 897 39 19 och
244 903 44 14 som
306 897 83 19 derföre
406 903 75 18 genom
497 896 70 19 denna
585 896 122 27 författning
724 897 67 20 skulle
807 897 84 20 komma
906 900 30 17 att

188 932 102 26 upphöra,
306 937 50 13 anse
372 931 31 26 sig
419 930 118 20 Ständerna
555 931 38 19 här
609 931 57 25 böra,
682 931 68 20 säsom
766 931 35 20 det
817 932 118 26 vigtigaste,

189 967 6 18 i
212 965 169 26 underdänighet
396 965 111 19 framhälla
522 965 39 19 den
579 965 60 20 frihet
660 965 46 20 frän
725 965 144 26 ingvartering
884 966 51 19 eller

188 1000 92 26 lindring
301 999 51 25 deri,
370 1005 43 14 som
434 1005 75 20 genom
531 999 104 20 särskilda
653 999 138 26 öfverhetliga
810 999 70 26 päbud
896 1000 39 19 och

188 1035 148 25 förordningar
352 1033 69 20 blifvit
436 1033 55 20 vissa
507 1033 173 26 fastighetsegare
700 1033 39 20 och
753 1033 181 21 samhällsklasser

188 1068 150 25 tillförsäkrad,
358 1067 54 20 helst
430 1067 69 20 denna
519 1067 98 20 befrielse
632 1067 7 20 i
656 1067 75 26 många
750 1067 35 20 fall
805 1071 23 16 är
846 1068 23 19 af
886 1075 48 13 ena-

188 1103 69 20 handa
269 1105 59 17 natur
344 1108 44 14 som
405 1102 40 19 den
461 1101 226 26 undantagsställning,
702 1101 86 20 hvilken
800 1103 92 26 grundar
903 1103 31 26 sig

186 1137 12 20 3
214 1136 229 27 ständsprivilegierna.
473 1136 31 19 En
516 1136 65 19 sädan
594 1135 62 20 frihet
667 1136 52 19 eller
735 1136 92 27 lindring
843 1136 91 21 tillkom-

187 1178 51 18 mer,
250 1171 48 20 med
314 1170 136 26 förbigäende
461 1170 22 19 af
495 1170 40 19 den
552 1169 98 20 befrielse
666 1169 45 20 frän
727 1170 150 26 ingvartering,
888 1177 44 13 som

186 1205 92 27 grundar
297 1204 31 26 sig
348 1204 12 20 &
380 1204 223 26 ständsprivilegierna
624 1204 52 19 eller
700 1204 67 19 blifvit
790 1204 56 20 vissa
865 1204 70 20 städer

187 1239 121 26 tillerkänd,
330 1238 68 20 säsom
418 1238 47 20 icke
482 1238 30 19 hit
532 1238 100 26 hörande,
655 1238 93 26 följande
771 1245 101 19 personer
895 1239 38 19 och

188 1273 134 27 byggnader:

260 1309 47 23 1:0).
337 1307 145 19 ledamöterne
493 1307 6 19 i
511 1306 91 20 Senaten
618 1307 40 19 och
673 1307 127 20 hofrätterne
816 1309 53 18 samt
880 1310 56 23 post-

187 1341 39 20 och
242 1341 133 26 tullbetjente
390 1341 32 19 för
438 1341 26 19 de
479 1340 83 27 gårdar,
579 1341 26 19 de
620 1341 74 26 sjelfva
710 1341 53 20 bebo
779 1341 39 20 och
835 1342 79 25 nyttja;

255 1375 51 24 2:0).
336 1375 102 25 Kronans,
462 1374 305 21 Alexanders-Universitetets
794 1377 54 18 samt
870 1375 66 20 andra

186 1409 111 26 offentliga
313 1409 158 26 myndigheters
487 1409 37 19 hus
540 1409 38 20 och
596 1409 134 26 byggnader;

255 1443 50 24 3:0).
335 1443 156 20 fabriksidkare
501 1443 40 19 och
555 1443 185 20 manufakturister
753 1444 66 25 jemte
831 1443 61 20 deras
903 1451 32 13 ar-

188 1478 78 24 betare,
283 1476 26 20 dä
325 1477 26 19 de
366 1477 19 25 ej
401 1477 51 19 idka
467 1483 70 13 annan
553 1477 107 26 borgerlig
676 1477 84 27 näring;
