<?xml version="1.0" encoding="UTF-8"?>
<alto xmlns="http://www.loc.gov/standards/alto/ns-v3#" xmlns:xlink="http://www.w3.org/1999/xlink" xmlns:xsi="http://www.w3.org/2001/XMLSchema-instance" xsi:schemaLocation="http://www.loc.gov/standards/alto/ns-v3# http://www.loc.gov/alto/v3/alto-3-0.xsd">
	<Description>
		<MeasurementUnit>pixel</MeasurementUnit>
		<sourceImageInformation>
			<fileName>/tmp/tess_ukythnxw_input.PNG</fileName>
		</sourceImageInformation>
		<OCRProcessing ID="OCR_0">
			<ocrProcessingStep>
				<processingSoftware>
					<softwareName>tesseract 5.3.4</softwareName>
				</processingSoftware>
			</ocrProcessingStep>
		</OCRProcessing>
	</Description>
	<Layout>
		<Page WIDTH="1070" HEIGHT="1786" PHYSICAL_IMG_NR="0" ID="page_0">
			<PrintSpace HPOS="0" VPOS="0" WIDTH="1070" HEIGHT="1786">
				<ComposedBlock ID="cblock_0" HPOS="823" VPOS="149" WIDTH="33" HEIGHT="18">
					<TextBlock ID="block_0" HPOS="823" VPOS="149" WIDTH="33" HEIGHT="18">
						<TextLine ID="line_0" HPOS="823" VPOS="149" WIDTH="33" HEIGHT="18">
							<String ID="string_0" HPOS="823" VPOS="149" WIDTH="33" HEIGHT="18" WC="0.90" CONTENT="277"/>
						</TextLine>
					</TextBlock>
				</ComposedBlock>
				<ComposedBlock ID="cblock_1" HPOS="141" VPOS="209" WIDTH="751" HEIGHT="188">
					<TextBlock ID="block_1" HPOS="141" VPOS="209" WIDTH="751" HEIGHT="188">
						<TextLine ID="line_1" HPOS="141" VPOS="209" WIDTH="749" HEIGHT="28">
							<String ID="string_1" HPOS="141" VPOS="209" WIDTH="53" HEIGHT="19" WC="0.95" CONTENT="varit"/><SP WIDTH="15" VPOS="209" HPOS="194"/>
							<String ID="string_2" HPOS="209" VPOS="209" WIDTH="23" HEIGHT="20" WC="0.96" CONTENT="af"/><SP WIDTH="12" VPOS="209" HPOS="232"/>
							<String ID="string_3" HPOS="244" VPOS="215" WIDTH="67" HEIGHT="13" WC="0.92" CONTENT="annan"/><SP WIDTH="22" VPOS="215" HPOS="311"/>
							<String ID="string_4" HPOS="333" VPOS="209" WIDTH="75" HEIGHT="21" WC="0.92" CONTENT="vållad,"/><SP WIDTH="20" VPOS="209" HPOS="408"/>
							<String ID="string_5" HPOS="428" VPOS="209" WIDTH="50" HEIGHT="20" WC="0.95" CONTENT="eller"/><SP WIDTH="20" VPOS="209" HPOS="478"/>
							<String ID="string_6" HPOS="498" VPOS="209" WIDTH="39" HEIGHT="20" WC="0.96" CONTENT="har"/><SP WIDTH="20" VPOS="209" HPOS="537"/>
							<String ID="string_7" HPOS="557" VPOS="209" WIDTH="40" HEIGHT="20" WC="0.91" CONTENT="han"/><SP WIDTH="17" VPOS="209" HPOS="597"/>
							<String ID="string_8" HPOS="614" VPOS="209" WIDTH="108" HEIGHT="26" WC="0.91" CONTENT="godtgjort"/><SP WIDTH="15" VPOS="209" HPOS="722"/>
							<String ID="string_9" HPOS="737" VPOS="210" WIDTH="153" HEIGHT="27" WC="0.91" CONTENT="haveribidrag,"/>
						</TextLine>
						<TextLine ID="line_2" HPOS="142" VPOS="242" WIDTH="749" HEIGHT="27">
							<String ID="string_10" HPOS="142" VPOS="242" WIDTH="72" HEIGHT="20" WC="0.96" CONTENT="hvilka"/><SP WIDTH="15" VPOS="242" HPOS="214"/>
							<String ID="string_11" HPOS="229" VPOS="242" WIDTH="65" HEIGHT="20" WC="0.96" CONTENT="sedan"/><SP WIDTH="14" VPOS="242" HPOS="294"/>
							<String ID="string_12" HPOS="308" VPOS="243" WIDTH="66" HEIGHT="19" WC="0.96" CONTENT="finnas"/><SP WIDTH="16" VPOS="243" HPOS="374"/>
							<String ID="string_13" HPOS="390" VPOS="249" WIDTH="50" HEIGHT="13" WC="0.96" CONTENT="vara"/><SP WIDTH="16" VPOS="249" HPOS="440"/>
							<String ID="string_14" HPOS="456" VPOS="243" WIDTH="78" HEIGHT="20" WC="0.95" CONTENT="honom"/><SP WIDTH="12" VPOS="243" HPOS="534"/>
							<String ID="string_15" HPOS="546" VPOS="243" WIDTH="31" HEIGHT="19" WC="0.96" CONTENT="till"/><SP WIDTH="12" VPOS="243" HPOS="577"/>
							<String ID="string_16" HPOS="589" VPOS="243" WIDTH="66" HEIGHT="20" WC="0.96" CONTENT="skada"/><SP WIDTH="11" VPOS="243" HPOS="655"/>
							<String ID="string_17" HPOS="666" VPOS="243" WIDTH="86" HEIGHT="26" WC="0.96" CONTENT="oriktigt"/><SP WIDTH="11" VPOS="243" HPOS="752"/>
							<String ID="string_18" HPOS="763" VPOS="244" WIDTH="128" HEIGHT="25" WC="0.95" CONTENT="beräknade,"/>
						</TextLine>
						<TextLine ID="line_3" HPOS="141" VPOS="276" WIDTH="750" HEIGHT="28">
							<String ID="string_19" HPOS="141" VPOS="276" WIDTH="51" HEIGHT="20" WC="0.96" CONTENT="eller"/><SP WIDTH="16" VPOS="276" HPOS="192"/>
							<String ID="string_20" HPOS="208" VPOS="276" WIDTH="37" HEIGHT="19" WC="0.96" CONTENT="har"/><SP WIDTH="16" VPOS="276" HPOS="245"/>
							<String ID="string_21" HPOS="261" VPOS="276" WIDTH="40" HEIGHT="19" WC="0.96" CONTENT="han"/><SP WIDTH="16" VPOS="276" HPOS="301"/>
							<String ID="string_22" HPOS="317" VPOS="276" WIDTH="131" HEIGHT="25" WC="0.95" CONTENT="annorledes,"/><SP WIDTH="16" VPOS="276" HPOS="448"/>
							<String ID="string_23" HPOS="464" VPOS="277" WIDTH="30" HEIGHT="18" WC="0.96" CONTENT="till"/><SP WIDTH="18" VPOS="277" HPOS="494"/>
							<String ID="string_24" HPOS="512" VPOS="277" WIDTH="51" HEIGHT="25" WC="0.96" CONTENT="följd"/><SP WIDTH="12" VPOS="277" HPOS="563"/>
							<String ID="string_25" HPOS="575" VPOS="277" WIDTH="23" HEIGHT="19" WC="0.93" CONTENT="af"/><SP WIDTH="8" VPOS="277" HPOS="598"/>
							<String ID="string_26" HPOS="606" VPOS="277" WIDTH="76" HEIGHT="26" WC="0.90" CONTENT="åtagen"/><SP WIDTH="11" VPOS="277" HPOS="682"/>
							<String ID="string_27" HPOS="693" VPOS="277" WIDTH="127" HEIGHT="27" WC="0.93" CONTENT="försäkring,"/><SP WIDTH="12" VPOS="277" HPOS="820"/>
							<String ID="string_28" HPOS="832" VPOS="278" WIDTH="59" HEIGHT="20" WC="0.92" CONTENT="kom-"/>
						</TextLine>
						<TextLine ID="line_4" HPOS="141" VPOS="309" WIDTH="751" HEIGHT="28">
							<String ID="string_29" HPOS="141" VPOS="310" WIDTH="38" HEIGHT="20" WC="0.96" CONTENT="mit"/><SP WIDTH="15" VPOS="310" HPOS="179"/>
							<String ID="string_30" HPOS="194" VPOS="312" WIDTH="30" HEIGHT="17" WC="0.93" CONTENT="att"/><SP WIDTH="16" VPOS="312" HPOS="224"/>
							<String ID="string_31" HPOS="240" VPOS="309" WIDTH="116" HEIGHT="20" WC="0.93" CONTENT="vidkännas"/><SP WIDTH="16" VPOS="309" HPOS="356"/>
							<String ID="string_32" HPOS="372" VPOS="310" WIDTH="69" HEIGHT="26" WC="0.96" CONTENT="någon"/><SP WIDTH="17" VPOS="310" HPOS="441"/>
							<String ID="string_33" HPOS="458" VPOS="310" WIDTH="68" HEIGHT="26" WC="0.96" CONTENT="utgift,"/><SP WIDTH="16" VPOS="310" HPOS="526"/>
							<String ID="string_34" HPOS="542" VPOS="310" WIDTH="32" HEIGHT="20" WC="0.93" CONTENT="för"/><SP WIDTH="16" VPOS="310" HPOS="574"/>
							<String ID="string_35" HPOS="590" VPOS="310" WIDTH="85" HEIGHT="20" WC="0.92" CONTENT="bvilken"/><SP WIDTH="17" VPOS="310" HPOS="675"/>
							<String ID="string_36" HPOS="692" VPOS="311" WIDTH="66" HEIGHT="26" WC="0.96" CONTENT="tredje"/><SP WIDTH="13" VPOS="311" HPOS="758"/>
							<String ID="string_37" HPOS="771" VPOS="317" WIDTH="46" HEIGHT="13" WC="0.93" CONTENT="man"/><SP WIDTH="13" VPOS="317" HPOS="817"/>
							<String ID="string_38" HPOS="830" VPOS="311" WIDTH="62" HEIGHT="20" WC="0.92" CONTENT="bordt"/>
						</TextLine>
						<TextLine ID="line_5" HPOS="141" VPOS="343" WIDTH="750" HEIGHT="27">
							<String ID="string_39" HPOS="141" VPOS="350" WIDTH="101" HEIGHT="18" WC="0.92" CONTENT="ansvara;"/><SP WIDTH="16" VPOS="350" HPOS="242"/>
							<String ID="string_40" HPOS="258" VPOS="343" WIDTH="51" HEIGHT="20" WC="0.92" CONTENT="söke"/><SP WIDTH="15" VPOS="343" HPOS="309"/>
							<String ID="string_41" HPOS="324" VPOS="344" WIDTH="46" HEIGHT="20" WC="0.93" CONTENT="med"/><SP WIDTH="18" VPOS="344" HPOS="370"/>
							<String ID="string_42" HPOS="388" VPOS="344" WIDTH="178" HEIGHT="26" WC="0.91" CONTENT="målseganderätt"/><SP WIDTH="20" VPOS="344" HPOS="566"/>
							<String ID="string_43" HPOS="586" VPOS="344" WIDTH="35" HEIGHT="20" WC="0.96" CONTENT="sitt"/><SP WIDTH="15" VPOS="344" HPOS="621"/>
							<String ID="string_44" HPOS="636" VPOS="344" WIDTH="44" HEIGHT="20" WC="0.96" CONTENT="åter"/><SP WIDTH="16" VPOS="344" HPOS="680"/>
							<String ID="string_45" HPOS="696" VPOS="344" WIDTH="22" HEIGHT="20" WC="0.95" CONTENT="af"/><SP WIDTH="14" VPOS="344" HPOS="718"/>
							<String ID="string_46" HPOS="732" VPOS="345" WIDTH="47" HEIGHT="25" WC="0.96" CONTENT="den,"/><SP WIDTH="16" VPOS="345" HPOS="779"/>
							<String ID="string_47" HPOS="795" VPOS="351" WIDTH="44" HEIGHT="13" WC="0.93" CONTENT="som"/><SP WIDTH="18" VPOS="351" HPOS="839"/>
							<String ID="string_48" HPOS="857" VPOS="352" WIDTH="34" HEIGHT="13" WC="0.92" CONTENT="ve-"/>
						</TextLine>
						<TextLine ID="line_6" HPOS="141" VPOS="377" WIDTH="82" HEIGHT="20">
							<String ID="string_49" HPOS="141" VPOS="377" WIDTH="82" HEIGHT="20" WC="0.89" CONTENT="derbör."/>
						</TextLine>
					</TextBlock>
				</ComposedBlock>
				<ComposedBlock ID="cblock_2" HPOS="263" VPOS="445" WIDTH="508" HEIGHT="28">
					<TextBlock ID="block_2" HPOS="263" VPOS="445" WIDTH="508" HEIGHT="28">
						<TextLine ID="line_7" HPOS="263" VPOS="445" WIDTH="508" HEIGHT="28">
							<String ID="string_50" HPOS="263" VPOS="445" WIDTH="31" HEIGHT="21" WC="0.95" CONTENT="Om"/><SP WIDTH="15" VPOS="445" HPOS="294"/>
							<String ID="string_51" HPOS="309" VPOS="446" WIDTH="43" HEIGHT="26" WC="0.96" CONTENT="laga"/><SP WIDTH="14" VPOS="446" HPOS="352"/>
							<String ID="string_52" HPOS="366" VPOS="446" WIDTH="81" HEIGHT="20" WC="0.96" CONTENT="domstol"/><SP WIDTH="14" VPOS="446" HPOS="447"/>
							<String ID="string_53" HPOS="461" VPOS="446" WIDTH="36" HEIGHT="20" WC="0.96" CONTENT="och"/><SP WIDTH="16" VPOS="446" HPOS="497"/>
							<String ID="string_54" HPOS="513" VPOS="446" WIDTH="100" HEIGHT="26" WC="0.95" CONTENT="rättegång"/><SP WIDTH="15" VPOS="446" HPOS="613"/>
							<String ID="string_55" HPOS="628" VPOS="446" WIDTH="6" HEIGHT="20" WC="0.93" CONTENT="i"/><SP WIDTH="16" VPOS="446" HPOS="634"/>
							<String ID="string_56" HPOS="650" VPOS="447" WIDTH="121" HEIGHT="26" WC="0.91" CONTENT="sjörätismäl."/>
						</TextLine>
					</TextBlock>
				</ComposedBlock>
				<ComposedBlock ID="cblock_3" HPOS="143" VPOS="508" WIDTH="753" HEIGHT="985">
					<TextBlock ID="block_3" HPOS="478" VPOS="508" WIDTH="74" HEIGHT="24">
						<TextLine ID="line_8" HPOS="478" VPOS="508" WIDTH="74" HEIGHT="24">
							<String ID="string_57" HPOS="478" VPOS="510" WIDTH="9" HEIGHT="22" WC="0.75" CONTENT="$"/><SP WIDTH="17" VPOS="510" HPOS="487"/>
							<String ID="string_58" HPOS="504" VPOS="508" WIDTH="48" HEIGHT="20" WC="0.95" CONTENT="234."/>
						</TextLine>
					</TextBlock>
					<TextBlock ID="block_4" HPOS="143" VPOS="548" WIDTH="749" HEIGHT="156">
						<TextLine ID="line_9" HPOS="210" VPOS="548" WIDTH="681" HEIGHT="28">
							<String ID="string_59" HPOS="210" VPOS="548" WIDTH="74" HEIGHT="20" WC="0.96" CONTENT="Första"/><SP WIDTH="23" VPOS="548" HPOS="284"/>
							<String ID="string_60" HPOS="307" VPOS="548" WIDTH="88" HEIGHT="21" WC="0.95" CONTENT="domstol"/><SP WIDTH="16" VPOS="548" HPOS="395"/>
							<String ID="string_61" HPOS="411" VPOS="548" WIDTH="5" HEIGHT="20" WC="0.95" CONTENT="i"/><SP WIDTH="17" VPOS="548" HPOS="416"/>
							<String ID="string_62" HPOS="433" VPOS="548" WIDTH="112" HEIGHT="25" WC="0.96" CONTENT="tvistemål,"/><SP WIDTH="20" VPOS="548" HPOS="545"/>
							<String ID="string_63" HPOS="565" VPOS="555" WIDTH="43" HEIGHT="14" WC="0.96" CONTENT="som"/><SP WIDTH="20" VPOS="555" HPOS="608"/>
							<String ID="string_64" HPOS="628" VPOS="548" WIDTH="52" HEIGHT="21" WC="0.96" CONTENT="böra"/><SP WIDTH="19" VPOS="548" HPOS="680"/>
							<String ID="string_65" HPOS="699" VPOS="549" WIDTH="52" HEIGHT="20" WC="0.96" CONTENT="efter"/><SP WIDTH="20" VPOS="549" HPOS="751"/>
							<String ID="string_66" HPOS="771" VPOS="549" WIDTH="70" HEIGHT="20" WC="0.96" CONTENT="denna"/><SP WIDTH="15" VPOS="549" HPOS="841"/>
							<String ID="string_67" HPOS="856" VPOS="550" WIDTH="35" HEIGHT="26" WC="0.96" CONTENT="lag"/>
						</TextLine>
						<TextLine ID="line_10" HPOS="143" VPOS="583" WIDTH="748" HEIGHT="26">
							<String ID="string_68" HPOS="143" VPOS="583" WIDTH="101" HEIGHT="25" WC="0.90" CONTENT="afdömas,"/><SP WIDTH="21" VPOS="583" HPOS="244"/>
							<String ID="string_69" HPOS="265" VPOS="585" WIDTH="22" HEIGHT="17" WC="0.93" CONTENT="är"/><SP WIDTH="19" VPOS="585" HPOS="287"/>
							<String ID="string_70" HPOS="306" VPOS="583" WIDTH="156" HEIGHT="19" WC="0.91" CONTENT="Rådstufvurätt"/><SP WIDTH="15" VPOS="583" HPOS="462"/>
							<String ID="string_71" HPOS="477" VPOS="583" WIDTH="6" HEIGHT="19" WC="0.96" CONTENT="i"/><SP WIDTH="17" VPOS="583" HPOS="483"/>
							<String ID="string_72" HPOS="500" VPOS="583" WIDTH="45" HEIGHT="19" WC="0.96" CONTENT="stad"/><SP WIDTH="19" VPOS="583" HPOS="545"/>
							<String ID="string_73" HPOS="564" VPOS="583" WIDTH="39" HEIGHT="19" WC="0.92" CONTENT="och"/><SP WIDTH="20" VPOS="583" HPOS="603"/>
							<String ID="string_74" HPOS="623" VPOS="583" WIDTH="123" HEIGHT="19" WC="0.89" CONTENT="Häradsrätt"/><SP WIDTH="19" VPOS="583" HPOS="746"/>
							<String ID="string_75" HPOS="765" VPOS="584" WIDTH="26" HEIGHT="25" WC="0.96" CONTENT="på"/><SP WIDTH="19" VPOS="584" HPOS="791"/>
							<String ID="string_76" HPOS="810" VPOS="584" WIDTH="81" HEIGHT="24" WC="0.96" CONTENT="landet;"/>
						</TextLine>
						<TextLine ID="line_11" HPOS="143" VPOS="616" WIDTH="749" HEIGHT="26">
							<String ID="string_77" HPOS="143" VPOS="616" WIDTH="55" HEIGHT="20" WC="0.96" CONTENT="dock"/><SP WIDTH="20" VPOS="616" HPOS="198"/>
							<String ID="string_78" HPOS="218" VPOS="616" WIDTH="60" HEIGHT="20" WC="0.96" CONTENT="skola"/><SP WIDTH="18" VPOS="616" HPOS="278"/>
							<String ID="string_79" HPOS="296" VPOS="616" WIDTH="40" HEIGHT="20" WC="0.93" CONTENT="alla"/><SP WIDTH="19" VPOS="616" HPOS="336"/>
							<String ID="string_80" HPOS="355" VPOS="616" WIDTH="136" HEIGHT="26" WC="0.92" CONTENT="försäkrings-"/><SP WIDTH="22" VPOS="616" HPOS="491"/>
							<String ID="string_81" HPOS="513" VPOS="616" WIDTH="38" HEIGHT="20" WC="0.93" CONTENT="och"/><SP WIDTH="17" VPOS="616" HPOS="551"/>
							<String ID="string_82" HPOS="568" VPOS="616" WIDTH="114" HEIGHT="20" WC="0.89" CONTENT="haverimål"/><SP WIDTH="17" VPOS="616" HPOS="682"/>
							<String ID="string_83" HPOS="699" VPOS="617" WIDTH="22" HEIGHT="19" WC="0.93" CONTENT="af"/><SP WIDTH="14" VPOS="617" HPOS="721"/>
							<String ID="string_84" HPOS="735" VPOS="617" WIDTH="157" HEIGHT="20" WC="0.91" CONTENT="Rådstufvurätt"/>
						</TextLine>
						<TextLine ID="line_12" HPOS="144" VPOS="650" WIDTH="747" HEIGHT="26">
							<String ID="string_85" HPOS="144" VPOS="650" WIDTH="122" HEIGHT="26" WC="0.93" CONTENT="behandlas,"/><SP WIDTH="11" VPOS="650" HPOS="266"/>
							<String ID="string_86" HPOS="277" VPOS="650" WIDTH="66" HEIGHT="20" WC="0.92" CONTENT="ehvad"/><SP WIDTH="17" VPOS="650" HPOS="343"/>
							<String ID="string_87" HPOS="360" VPOS="650" WIDTH="25" HEIGHT="20" WC="0.96" CONTENT="de"/><SP WIDTH="16" VPOS="650" HPOS="385"/>
							<String ID="string_88" HPOS="401" VPOS="651" WIDTH="7" HEIGHT="19" WC="0.96" CONTENT="i"/><SP WIDTH="16" VPOS="651" HPOS="408"/>
							<String ID="string_89" HPOS="424" VPOS="651" WIDTH="44" HEIGHT="19" WC="0.96" CONTENT="stad"/><SP WIDTH="16" VPOS="651" HPOS="468"/>
							<String ID="string_90" HPOS="484" VPOS="650" WIDTH="53" HEIGHT="20" WC="0.96" CONTENT="eller"/><SP WIDTH="15" VPOS="650" HPOS="537"/>
							<String ID="string_91" HPOS="552" VPOS="650" WIDTH="27" HEIGHT="26" WC="0.96" CONTENT="på"/><SP WIDTH="15" VPOS="650" HPOS="579"/>
							<String ID="string_92" HPOS="594" VPOS="650" WIDTH="72" HEIGHT="20" WC="0.96" CONTENT="landet"/><SP WIDTH="14" VPOS="650" HPOS="666"/>
							<String ID="string_93" HPOS="680" VPOS="651" WIDTH="137" HEIGHT="20" WC="0.93" CONTENT="förekomma."/><SP WIDTH="31" VPOS="651" HPOS="817"/>
							<String ID="string_94" HPOS="848" VPOS="652" WIDTH="43" HEIGHT="19" WC="0.91" CONTENT="An-"/>
						</TextLine>
						<TextLine ID="line_13" HPOS="143" VPOS="684" WIDTH="283" HEIGHT="20">
							<String ID="string_95" HPOS="143" VPOS="684" WIDTH="37" HEIGHT="20" WC="0.96" CONTENT="dra"/><SP WIDTH="16" VPOS="684" HPOS="180"/>
							<String ID="string_96" HPOS="196" VPOS="684" WIDTH="89" HEIGHT="20" WC="0.95" CONTENT="domstol"/><SP WIDTH="16" VPOS="684" HPOS="285"/>
							<String ID="string_97" HPOS="301" VPOS="687" WIDTH="22" HEIGHT="17" WC="0.93" CONTENT="är"/><SP WIDTH="15" VPOS="687" HPOS="323"/>
							<String ID="string_98" HPOS="338" VPOS="684" WIDTH="88" HEIGHT="20" WC="0.92" CONTENT="Hofrätt."/>
						</TextLine>
					</TextBlock>
					<TextBlock ID="block_5" HPOS="144" VPOS="718" WIDTH="748" HEIGHT="129">
						<TextLine ID="line_14" HPOS="212" VPOS="718" WIDTH="679" HEIGHT="26">
							<String ID="string_99" HPOS="212" VPOS="718" WIDTH="115" HEIGHT="20" WC="0.92" CONTENT="Huruledes"/><SP WIDTH="15" VPOS="718" HPOS="327"/>
							<String ID="string_100" HPOS="342" VPOS="718" WIDTH="97" HEIGHT="26" WC="0.96" CONTENT="anspråk,"/><SP WIDTH="19" VPOS="718" HPOS="439"/>
							<String ID="string_101" HPOS="458" VPOS="724" WIDTH="45" HEIGHT="14" WC="0.96" CONTENT="som"/><SP WIDTH="18" VPOS="724" HPOS="503"/>
							<String ID="string_102" HPOS="521" VPOS="718" WIDTH="84" HEIGHT="20" WC="0.96" CONTENT="härröra"/><SP WIDTH="15" VPOS="718" HPOS="605"/>
							<String ID="string_103" HPOS="620" VPOS="718" WIDTH="24" HEIGHT="20" WC="0.96" CONTENT="af"/><SP WIDTH="14" VPOS="718" HPOS="644"/>
							<String ID="string_104" HPOS="658" VPOS="718" WIDTH="70" HEIGHT="20" WC="0.96" CONTENT="haveri"/><SP WIDTH="16" VPOS="718" HPOS="728"/>
							<String ID="string_105" HPOS="744" VPOS="719" WIDTH="52" HEIGHT="19" WC="0.93" CONTENT="eller"/><SP WIDTH="16" VPOS="719" HPOS="796"/>
							<String ID="string_106" HPOS="812" VPOS="719" WIDTH="79" HEIGHT="19" WC="0.91" CONTENT="försäk-"/>
						</TextLine>
						<TextLine ID="line_15" HPOS="145" VPOS="752" WIDTH="747" HEIGHT="26">
							<String ID="string_107" HPOS="145" VPOS="753" WIDTH="52" HEIGHT="25" WC="0.95" CONTENT="ring,"/><SP WIDTH="16" VPOS="753" HPOS="197"/>
							<String ID="string_108" HPOS="213" VPOS="752" WIDTH="61" HEIGHT="20" WC="0.96" CONTENT="skola"/><SP WIDTH="14" VPOS="752" HPOS="274"/>
							<String ID="string_109" HPOS="288" VPOS="753" WIDTH="7" HEIGHT="19" WC="0.96" CONTENT="i"/><SP WIDTH="16" VPOS="753" HPOS="295"/>
							<String ID="string_110" HPOS="311" VPOS="752" WIDTH="54" HEIGHT="20" WC="0.96" CONTENT="vissa"/><SP WIDTH="16" VPOS="752" HPOS="365"/>
							<String ID="string_111" HPOS="381" VPOS="752" WIDTH="35" HEIGHT="20" WC="0.96" CONTENT="fall"/><SP WIDTH="16" VPOS="752" HPOS="416"/>
							<String ID="string_112" HPOS="432" VPOS="753" WIDTH="23" HEIGHT="19" WC="0.93" CONTENT="af"/><SP WIDTH="14" VPOS="753" HPOS="455"/>
							<String ID="string_113" HPOS="469" VPOS="752" WIDTH="122" HEIGHT="26" WC="0.91" CONTENT="dispaschör"/><SP WIDTH="17" VPOS="752" HPOS="591"/>
							<String ID="string_114" HPOS="608" VPOS="752" WIDTH="115" HEIGHT="20" WC="0.96" CONTENT="behandlas"/><SP WIDTH="14" VPOS="752" HPOS="723"/>
							<String ID="string_115" HPOS="737" VPOS="753" WIDTH="38" HEIGHT="19" WC="0.95" CONTENT="och"/><SP WIDTH="12" VPOS="753" HPOS="775"/>
							<String ID="string_116" HPOS="787" VPOS="752" WIDTH="105" HEIGHT="26" WC="0.96" CONTENT="urskiljas,"/>
						</TextLine>
						<TextLine ID="line_16" HPOS="145" VPOS="786" WIDTH="745" HEIGHT="26">
							<String ID="string_117" HPOS="145" VPOS="787" WIDTH="63" HEIGHT="19" WC="0.96" CONTENT="innan"/><SP WIDTH="16" VPOS="787" HPOS="208"/>
							<String ID="string_118" HPOS="224" VPOS="786" WIDTH="26" HEIGHT="20" WC="0.96" CONTENT="de"/><SP WIDTH="16" VPOS="786" HPOS="250"/>
							<String ID="string_119" HPOS="266" VPOS="786" WIDTH="20" HEIGHT="20" WC="0.96" CONTENT="få"/><SP WIDTH="16" VPOS="786" HPOS="286"/>
							<String ID="string_120" HPOS="302" VPOS="786" WIDTH="22" HEIGHT="20" WC="0.96" CONTENT="af"/><SP WIDTH="13" VPOS="786" HPOS="324"/>
							<String ID="string_121" HPOS="337" VPOS="786" WIDTH="88" HEIGHT="20" WC="0.93" CONTENT="domstol"/><SP WIDTH="17" VPOS="786" HPOS="425"/>
							<String ID="string_122" HPOS="442" VPOS="787" WIDTH="91" HEIGHT="25" WC="0.91" CONTENT="pröfvas,"/><SP WIDTH="16" VPOS="787" HPOS="533"/>
							<String ID="string_123" HPOS="549" VPOS="790" WIDTH="23" HEIGHT="16" WC="0.96" CONTENT="är"/><SP WIDTH="15" VPOS="790" HPOS="572"/>
							<String ID="string_124" HPOS="587" VPOS="786" WIDTH="62" HEIGHT="20" WC="0.95" CONTENT="ofvan"/><SP WIDTH="16" VPOS="786" HPOS="649"/>
							<String ID="string_125" HPOS="665" VPOS="787" WIDTH="26" HEIGHT="25" WC="0.93" CONTENT="på"/><SP WIDTH="13" VPOS="787" HPOS="691"/>
							<String ID="string_126" HPOS="704" VPOS="787" WIDTH="97" HEIGHT="19" WC="0.91" CONTENT="särskilta"/><SP WIDTH="15" VPOS="787" HPOS="801"/>
							<String ID="string_127" HPOS="816" VPOS="787" WIDTH="74" HEIGHT="19" WC="0.96" CONTENT="ställen"/>
						</TextLine>
						<TextLine ID="line_17" HPOS="144" VPOS="820" WIDTH="103" HEIGHT="27">
							<String ID="string_128" HPOS="144" VPOS="820" WIDTH="103" HEIGHT="27" WC="0.92" CONTENT="stadgadt."/>
						</TextLine>
					</TextBlock>
					<TextBlock ID="block_6" HPOS="482" VPOS="866" WIDTH="75" HEIGHT="23">
						<TextLine ID="line_18" HPOS="482" VPOS="866" WIDTH="75" HEIGHT="23">
							<String ID="string_129" HPOS="482" VPOS="868" WIDTH="10" HEIGHT="21" WC="0.91" CONTENT="$"/><SP WIDTH="18" VPOS="868" HPOS="492"/>
							<String ID="string_130" HPOS="510" VPOS="866" WIDTH="47" HEIGHT="19" WC="0.93" CONTENT="235."/>
						</TextLine>
					</TextBlock>
					<TextBlock ID="block_7" HPOS="145" VPOS="905" WIDTH="751" HEIGHT="293">
						<TextLine ID="line_19" HPOS="213" VPOS="905" WIDTH="679" HEIGHT="26">
							<String ID="string_131" HPOS="213" VPOS="906" WIDTH="35" HEIGHT="19" WC="0.93" CONTENT="Uti"/><SP WIDTH="15" VPOS="906" HPOS="248"/>
							<String ID="string_132" HPOS="263" VPOS="905" WIDTH="157" HEIGHT="20" WC="0.92" CONTENT="Rådstufvurätt"/><SP WIDTH="17" VPOS="905" HPOS="420"/>
							<String ID="string_133" HPOS="437" VPOS="905" WIDTH="67" HEIGHT="22" WC="0.96" CONTENT="skola,"/><SP WIDTH="21" VPOS="905" HPOS="504"/>
							<String ID="string_134" HPOS="525" VPOS="905" WIDTH="27" HEIGHT="20" WC="0.90" CONTENT="då"/><SP WIDTH="18" VPOS="905" HPOS="552"/>
							<String ID="string_135" HPOS="570" VPOS="905" WIDTH="124" HEIGHT="26" WC="0.90" CONTENT="sjörättsmål"/><SP WIDTH="20" VPOS="905" HPOS="694"/>
							<String ID="string_136" HPOS="714" VPOS="906" WIDTH="36" HEIGHT="19" WC="0.95" CONTENT="der"/><SP WIDTH="21" VPOS="906" HPOS="750"/>
							<String ID="string_137" HPOS="771" VPOS="905" WIDTH="121" HEIGHT="26" WC="0.95" CONTENT="behandlas,"/>
						</TextLine>
						<TextLine ID="line_20" HPOS="145" VPOS="938" WIDTH="747" HEIGHT="21">
							<String ID="string_138" HPOS="145" VPOS="939" WIDTH="105" HEIGHT="20" WC="0.92" CONTENT="domfördt"/><SP WIDTH="16" VPOS="939" HPOS="250"/>
							<String ID="string_139" HPOS="266" VPOS="939" WIDTH="55" HEIGHT="20" WC="0.96" CONTENT="antal"/><SP WIDTH="16" VPOS="939" HPOS="321"/>
							<String ID="string_140" HPOS="337" VPOS="939" WIDTH="23" HEIGHT="20" WC="0.96" CONTENT="af"/><SP WIDTH="13" VPOS="939" HPOS="360"/>
							<String ID="string_141" HPOS="373" VPOS="941" WIDTH="78" HEIGHT="18" WC="0.96" CONTENT="rättens"/><SP WIDTH="21" VPOS="941" HPOS="451"/>
							<String ID="string_142" HPOS="472" VPOS="938" WIDTH="115" HEIGHT="21" WC="0.96" CONTENT="ledamöter"/><SP WIDTH="17" VPOS="938" HPOS="587"/>
							<String ID="string_143" HPOS="604" VPOS="942" WIDTH="52" HEIGHT="17" WC="0.96" CONTENT="samt"/><SP WIDTH="17" VPOS="942" HPOS="656"/>
							<String ID="string_144" HPOS="673" VPOS="940" WIDTH="104" HEIGHT="19" WC="0.96" CONTENT="dessutom"/><SP WIDTH="18" VPOS="940" HPOS="777"/>
							<String ID="string_145" HPOS="795" VPOS="940" WIDTH="35" HEIGHT="19" WC="0.93" CONTENT="två"/><SP WIDTH="15" VPOS="940" HPOS="830"/>
							<String ID="string_146" HPOS="845" VPOS="940" WIDTH="47" HEIGHT="19" WC="0.90" CONTENT="sak-"/>
						</TextLine>
						<TextLine ID="line_21" HPOS="145" VPOS="973" WIDTH="748" HEIGHT="26">
							<String ID="string_147" HPOS="145" VPOS="974" WIDTH="93" HEIGHT="25" WC="0.92" CONTENT="kunnige"/><SP WIDTH="20" VPOS="974" HPOS="238"/>
							<String ID="string_148" HPOS="258" VPOS="976" WIDTH="46" HEIGHT="17" WC="0.96" CONTENT="män"/><SP WIDTH="19" VPOS="976" HPOS="304"/>
							<String ID="string_149" HPOS="323" VPOS="973" WIDTH="47" HEIGHT="20" WC="0.94" CONTENT="sitta"/><SP WIDTH="21" VPOS="973" HPOS="370"/>
							<String ID="string_150" HPOS="391" VPOS="973" WIDTH="39" HEIGHT="20" WC="0.96" CONTENT="och"/><SP WIDTH="16" VPOS="973" HPOS="430"/>
							<String ID="string_151" HPOS="446" VPOS="973" WIDTH="6" HEIGHT="19" WC="0.96" CONTENT="i"/><SP WIDTH="15" VPOS="973" HPOS="452"/>
							<String ID="string_152" HPOS="467" VPOS="973" WIDTH="66" HEIGHT="19" WC="0.94" CONTENT="saken"/><SP WIDTH="21" VPOS="973" HPOS="533"/>
							<String ID="string_153" HPOS="554" VPOS="973" WIDTH="68" HEIGHT="20" WC="0.93" CONTENT="döma."/><SP WIDTH="38" VPOS="973" HPOS="622"/>
							<String ID="string_154" HPOS="660" VPOS="973" WIDTH="65" HEIGHT="20" WC="0.88" CONTENT="Desse"/><SP WIDTH="29" VPOS="973" HPOS="725"/>
							<String ID="string_155" HPOS="754" VPOS="977" WIDTH="46" HEIGHT="16" WC="0.94" CONTENT="män"/><SP WIDTH="27" VPOS="977" HPOS="800"/>
							<String ID="string_156" HPOS="827" VPOS="974" WIDTH="66" HEIGHT="25" WC="0.90" CONTENT="väljas"/>
						</TextLine>
						<TextLine ID="line_22" HPOS="145" VPOS="1007" WIDTH="748" HEIGHT="27">
							<String ID="string_157" HPOS="145" VPOS="1009" WIDTH="23" HEIGHT="19" WC="0.95" CONTENT="af"/><SP WIDTH="16" VPOS="1009" HPOS="168"/>
							<String ID="string_158" HPOS="184" VPOS="1010" WIDTH="67" HEIGHT="17" WC="0.96" CONTENT="rätten"/><SP WIDTH="21" VPOS="1010" HPOS="251"/>
							<String ID="string_159" HPOS="272" VPOS="1007" WIDTH="43" HEIGHT="20" WC="0.96" CONTENT="före"/><SP WIDTH="21" VPOS="1007" HPOS="315"/>
							<String ID="string_160" HPOS="336" VPOS="1007" WIDTH="104" HEIGHT="26" WC="0.96" CONTENT="utgången"/><SP WIDTH="19" VPOS="1007" HPOS="440"/>
							<String ID="string_161" HPOS="459" VPOS="1007" WIDTH="23" HEIGHT="20" WC="0.96" CONTENT="af"/><SP WIDTH="20" VPOS="1007" HPOS="482"/>
							<String ID="string_162" HPOS="502" VPOS="1007" WIDTH="72" HEIGHT="26" WC="0.96" CONTENT="hvarje"/><SP WIDTH="20" VPOS="1007" HPOS="574"/>
							<String ID="string_163" HPOS="594" VPOS="1007" WIDTH="22" HEIGHT="20" WC="0.97" CONTENT="år"/><SP WIDTH="20" VPOS="1007" HPOS="616"/>
							<String ID="string_164" HPOS="636" VPOS="1008" WIDTH="38" HEIGHT="19" WC="0.93" CONTENT="och"/><SP WIDTH="20" VPOS="1008" HPOS="674"/>
							<String ID="string_165" HPOS="694" VPOS="1014" WIDTH="39" HEIGHT="18" WC="0.92" CONTENT="ega"/><SP WIDTH="20" VPOS="1014" HPOS="733"/>
							<String ID="string_166" HPOS="753" VPOS="1007" WIDTH="52" HEIGHT="20" WC="0.93" CONTENT="efter"/><SP WIDTH="19" VPOS="1007" HPOS="805"/>
							<String ID="string_167" HPOS="824" VPOS="1008" WIDTH="69" HEIGHT="26" WC="0.91" CONTENT="aflagd"/>
						</TextLine>
						<TextLine ID="line_23" HPOS="145" VPOS="1041" WIDTH="748" HEIGHT="26">
							<String ID="string_168" HPOS="145" VPOS="1042" WIDTH="112" HEIGHT="20" WC="0.92" CONTENT="domareed"/><SP WIDTH="29" VPOS="1042" HPOS="257"/>
							<String ID="string_169" HPOS="286" VPOS="1041" WIDTH="144" HEIGHT="26" WC="0.96" CONTENT="befattningen"/><SP WIDTH="28" VPOS="1041" HPOS="430"/>
							<String ID="string_170" HPOS="458" VPOS="1041" WIDTH="66" HEIGHT="19" WC="0.96" CONTENT="under"/><SP WIDTH="24" VPOS="1041" HPOS="524"/>
							<String ID="string_171" HPOS="548" VPOS="1041" WIDTH="35" HEIGHT="20" WC="0.96" CONTENT="det"/><SP WIDTH="23" VPOS="1041" HPOS="583"/>
							<String ID="string_172" HPOS="606" VPOS="1041" WIDTH="118" HEIGHT="26" WC="0.95" CONTENT="påföljande"/><SP WIDTH="24" VPOS="1041" HPOS="724"/>
							<String ID="string_173" HPOS="748" VPOS="1041" WIDTH="45" HEIGHT="20" WC="0.92" CONTENT="året"/><SP WIDTH="23" VPOS="1041" HPOS="793"/>
							<String ID="string_174" HPOS="816" VPOS="1042" WIDTH="77" HEIGHT="19" WC="0.91" CONTENT="utöfva."/>
						</TextLine>
						<TextLine ID="line_24" HPOS="146" VPOS="1075" WIDTH="749" HEIGHT="26">
							<String ID="string_175" HPOS="146" VPOS="1077" WIDTH="39" HEIGHT="19" WC="0.96" CONTENT="För"/><SP WIDTH="15" VPOS="1077" HPOS="185"/>
							<String ID="string_176" HPOS="200" VPOS="1078" WIDTH="30" HEIGHT="17" WC="0.95" CONTENT="att"/><SP WIDTH="15" VPOS="1078" HPOS="230"/>
							<String ID="string_177" HPOS="245" VPOS="1076" WIDTH="5" HEIGHT="19" WC="0.96" CONTENT="i"/><SP WIDTH="18" VPOS="1076" HPOS="250"/>
							<String ID="string_178" HPOS="268" VPOS="1075" WIDTH="59" HEIGHT="20" WC="0.96" CONTENT="deras"/><SP WIDTH="15" VPOS="1075" HPOS="327"/>
							<String ID="string_179" HPOS="342" VPOS="1075" WIDTH="60" HEIGHT="20" WC="0.93" CONTENT="ställe"/><SP WIDTH="16" VPOS="1075" HPOS="402"/>
							<String ID="string_180" HPOS="418" VPOS="1076" WIDTH="121" HEIGHT="25" WC="0.91" CONTENT="tjenstgöra,"/><SP WIDTH="15" VPOS="1076" HPOS="539"/>
							<String ID="string_181" HPOS="554" VPOS="1075" WIDTH="27" HEIGHT="20" WC="0.93" CONTENT="då"/><SP WIDTH="14" VPOS="1075" HPOS="581"/>
							<String ID="string_182" HPOS="595" VPOS="1075" WIDTH="33" HEIGHT="26" WC="0.92" CONTENT="jäf"/><SP WIDTH="14" VPOS="1075" HPOS="628"/>
							<String ID="string_183" HPOS="642" VPOS="1075" WIDTH="51" HEIGHT="20" WC="0.96" CONTENT="eller"/><SP WIDTH="16" VPOS="1075" HPOS="693"/>
							<String ID="string_184" HPOS="709" VPOS="1075" WIDTH="68" HEIGHT="20" WC="0.96" CONTENT="förfall"/><SP WIDTH="16" VPOS="1075" HPOS="777"/>
							<String ID="string_185" HPOS="793" VPOS="1075" WIDTH="102" HEIGHT="26" WC="0.96" CONTENT="inträffar,"/>
						</TextLine>
						<TextLine ID="line_25" HPOS="147" VPOS="1109" WIDTH="749" HEIGHT="26">
							<String ID="string_186" HPOS="147" VPOS="1111" WIDTH="50" HEIGHT="19" WC="0.96" CONTENT="böra"/><SP WIDTH="19" VPOS="1111" HPOS="197"/>
							<String ID="string_187" HPOS="216" VPOS="1109" WIDTH="35" HEIGHT="20" WC="0.96" CONTENT="två"/><SP WIDTH="18" VPOS="1109" HPOS="251"/>
							<String ID="string_188" HPOS="269" VPOS="1109" WIDTH="65" HEIGHT="20" WC="0.96" CONTENT="andra"/><SP WIDTH="19" VPOS="1109" HPOS="334"/>
							<String ID="string_189" HPOS="353" VPOS="1112" WIDTH="46" HEIGHT="17" WC="0.96" CONTENT="män"/><SP WIDTH="21" VPOS="1112" HPOS="399"/>
							<String ID="string_190" HPOS="420" VPOS="1109" WIDTH="23" HEIGHT="20" WC="0.96" CONTENT="af"/><SP WIDTH="18" VPOS="1109" HPOS="443"/>
							<String ID="string_191" HPOS="461" VPOS="1111" WIDTH="66" HEIGHT="17" WC="0.94" CONTENT="rätten"/><SP WIDTH="24" VPOS="1111" HPOS="527"/>
							<String ID="string_192" HPOS="551" VPOS="1109" WIDTH="69" HEIGHT="20" WC="0.94" CONTENT="tillika"/><SP WIDTH="22" VPOS="1109" HPOS="620"/>
							<String ID="string_193" HPOS="642" VPOS="1112" WIDTH="60" HEIGHT="17" WC="0.93" CONTENT="utses."/><SP WIDTH="31" VPOS="1112" HPOS="702"/>
							<String ID="string_194" HPOS="733" VPOS="1109" WIDTH="91" HEIGHT="26" WC="0.89" CONTENT="Uppstår"/><SP WIDTH="24" VPOS="1109" HPOS="824"/>
							<String ID="string_195" HPOS="848" VPOS="1109" WIDTH="48" HEIGHT="26" WC="0.96" CONTENT="laga"/>
						</TextLine>
						<TextLine ID="line_26" HPOS="146" VPOS="1143" WIDTH="749" HEIGHT="27">
							<String ID="string_196" HPOS="146" VPOS="1145" WIDTH="74" HEIGHT="19" WC="0.93" CONTENT="hinder"/><SP WIDTH="17" VPOS="1145" HPOS="220"/>
							<String ID="string_197" HPOS="237" VPOS="1143" WIDTH="79" HEIGHT="27" WC="0.93" CONTENT="jemväl"/><SP WIDTH="20" VPOS="1143" HPOS="316"/>
							<String ID="string_198" HPOS="336" VPOS="1143" WIDTH="31" HEIGHT="20" WC="0.96" CONTENT="för"/><SP WIDTH="20" VPOS="1143" HPOS="367"/>
							<String ID="string_199" HPOS="387" VPOS="1143" WIDTH="54" HEIGHT="26" WC="0.93" CONTENT="dem,"/><SP WIDTH="19" VPOS="1143" HPOS="441"/>
							<String ID="string_200" HPOS="460" VPOS="1150" WIDTH="40" HEIGHT="19" WC="0.92" CONTENT="ege"/><SP WIDTH="20" VPOS="1150" HPOS="500"/>
							<String ID="string_201" HPOS="520" VPOS="1146" WIDTH="67" HEIGHT="17" WC="0.96" CONTENT="rätten"/><SP WIDTH="19" VPOS="1146" HPOS="587"/>
							<String ID="string_202" HPOS="606" VPOS="1143" WIDTH="32" HEIGHT="20" WC="0.96" CONTENT="för"/><SP WIDTH="19" VPOS="1143" HPOS="638"/>
							<String ID="string_203" HPOS="657" VPOS="1144" WIDTH="71" HEIGHT="25" WC="0.96" CONTENT="hvarje"/><SP WIDTH="17" VPOS="1144" HPOS="728"/>
							<String ID="string_204" HPOS="745" VPOS="1143" WIDTH="99" HEIGHT="20" WC="0.96" CONTENT="särskildt"/><SP WIDTH="15" VPOS="1143" HPOS="844"/>
							<String ID="string_205" HPOS="859" VPOS="1143" WIDTH="36" HEIGHT="20" WC="0.94" CONTENT="fall"/>
						</TextLine>
						<TextLine ID="line_27" HPOS="145" VPOS="1177" WIDTH="175" HEIGHT="21">
							<String ID="string_206" HPOS="145" VPOS="1178" WIDTH="65" HEIGHT="20" WC="0.96" CONTENT="andra"/><SP WIDTH="16" VPOS="1178" HPOS="210"/>
							<String ID="string_207" HPOS="226" VPOS="1177" WIDTH="94" HEIGHT="20" WC="0.96" CONTENT="tillkalla."/>
						</TextLine>
					</TextBlock>
					<TextBlock ID="block_8" HPOS="145" VPOS="1210" WIDTH="751" HEIGHT="165">
						<TextLine ID="line_28" HPOS="213" VPOS="1210" WIDTH="683" HEIGHT="27">
							<String ID="string_208" HPOS="213" VPOS="1212" WIDTH="25" HEIGHT="25" WC="0.96" CONTENT="Ej"/><SP WIDTH="17" VPOS="1212" HPOS="238"/>
							<String ID="string_209" HPOS="255" VPOS="1211" WIDTH="33" HEIGHT="19" WC="0.96" CONTENT="må"/><SP WIDTH="16" VPOS="1211" HPOS="288"/>
							<String ID="string_210" HPOS="304" VPOS="1211" WIDTH="68" HEIGHT="26" WC="0.96" CONTENT="någon"/><SP WIDTH="20" VPOS="1211" HPOS="372"/>
							<String ID="string_211" HPOS="392" VPOS="1213" WIDTH="48" HEIGHT="17" WC="0.96" CONTENT="utan"/><SP WIDTH="20" VPOS="1213" HPOS="440"/>
							<String ID="string_212" HPOS="460" VPOS="1211" WIDTH="47" HEIGHT="26" WC="0.96" CONTENT="laga"/><SP WIDTH="20" VPOS="1211" HPOS="507"/>
							<String ID="string_213" HPOS="527" VPOS="1210" WIDTH="68" HEIGHT="21" WC="0.96" CONTENT="förfall"/><SP WIDTH="23" VPOS="1210" HPOS="595"/>
							<String ID="string_214" HPOS="618" VPOS="1214" WIDTH="62" HEIGHT="23" WC="0.96" CONTENT="vägra"/><SP WIDTH="20" VPOS="1214" HPOS="680"/>
							<String ID="string_215" HPOS="700" VPOS="1213" WIDTH="29" HEIGHT="17" WC="0.96" CONTENT="att"/><SP WIDTH="19" VPOS="1213" HPOS="729"/>
							<String ID="string_216" HPOS="748" VPOS="1210" WIDTH="91" HEIGHT="27" WC="0.96" CONTENT="fullgöra"/><SP WIDTH="22" VPOS="1210" HPOS="839"/>
							<String ID="string_217" HPOS="861" VPOS="1210" WIDTH="35" HEIGHT="20" WC="0.96" CONTENT="det"/>
						</TextLine>
						<TextLine ID="line_29" HPOS="147" VPOS="1244" WIDTH="748" HEIGHT="28">
							<String ID="string_218" HPOS="147" VPOS="1246" WIDTH="101" HEIGHT="26" WC="0.96" CONTENT="uppdrag,"/><SP WIDTH="16" VPOS="1246" HPOS="248"/>
							<String ID="string_219" HPOS="264" VPOS="1245" WIDTH="81" HEIGHT="20" WC="0.96" CONTENT="hvilket"/><SP WIDTH="15" VPOS="1245" HPOS="345"/>
							<String ID="string_220" HPOS="360" VPOS="1245" WIDTH="88" HEIGHT="20" WC="0.96" CONTENT="sålunda"/><SP WIDTH="15" VPOS="1245" HPOS="448"/>
							<String ID="string_221" HPOS="463" VPOS="1245" WIDTH="43" HEIGHT="20" WC="0.95" CONTENT="kan"/><SP WIDTH="18" VPOS="1245" HPOS="506"/>
							<String ID="string_222" HPOS="524" VPOS="1245" WIDTH="65" HEIGHT="20" WC="0.95" CONTENT="blifva"/><SP WIDTH="10" VPOS="1245" HPOS="589"/>
							<String ID="string_223" HPOS="599" VPOS="1245" WIDTH="77" HEIGHT="20" WC="0.93" CONTENT="honom"/><SP WIDTH="12" VPOS="1245" HPOS="676"/>
							<String ID="string_224" HPOS="688" VPOS="1245" WIDTH="123" HEIGHT="20" WC="0.90" CONTENT="anförtrodt."/><SP WIDTH="30" VPOS="1245" HPOS="811"/>
							<String ID="string_225" HPOS="841" VPOS="1244" WIDTH="54" HEIGHT="25" WC="0.94" CONTENT="Den,"/>
						</TextLine>
						<TextLine ID="line_30" HPOS="146" VPOS="1278" WIDTH="747" HEIGHT="29">
							<String ID="string_226" HPOS="146" VPOS="1287" WIDTH="44" HEIGHT="13" WC="0.96" CONTENT="som"/><SP WIDTH="16" VPOS="1287" HPOS="190"/>
							<String ID="string_227" HPOS="206" VPOS="1281" WIDTH="36" HEIGHT="19" WC="0.94" CONTENT="det"/><SP WIDTH="15" VPOS="1281" HPOS="242"/>
							<String ID="string_228" HPOS="257" VPOS="1280" WIDTH="81" HEIGHT="27" WC="0.93" CONTENT="fullgör,"/><SP WIDTH="17" VPOS="1280" HPOS="338"/>
							<String ID="string_229" HPOS="355" VPOS="1281" WIDTH="57" HEIGHT="25" WC="0.93" CONTENT="njute"/><SP WIDTH="16" VPOS="1281" HPOS="412"/>
							<String ID="string_230" HPOS="428" VPOS="1280" WIDTH="30" HEIGHT="19" WC="0.96" CONTENT="för"/><SP WIDTH="16" VPOS="1280" HPOS="458"/>
							<String ID="string_231" HPOS="474" VPOS="1279" WIDTH="73" HEIGHT="26" WC="0.96" CONTENT="hvarje"/><SP WIDTH="16" VPOS="1279" HPOS="547"/>
							<String ID="string_232" HPOS="563" VPOS="1279" WIDTH="100" HEIGHT="20" WC="0.96" CONTENT="särskildt"/><SP WIDTH="22" VPOS="1279" HPOS="663"/>
							<String ID="string_233" HPOS="685" VPOS="1279" WIDTH="40" HEIGHT="20" WC="0.96" CONTENT="mål"/><SP WIDTH="17" VPOS="1279" HPOS="725"/>
							<String ID="string_234" HPOS="742" VPOS="1278" WIDTH="77" HEIGHT="27" WC="0.93" CONTENT="skäligt"/><SP WIDTH="15" VPOS="1278" HPOS="819"/>
							<String ID="string_235" HPOS="834" VPOS="1285" WIDTH="59" HEIGHT="12" WC="0.92" CONTENT="arvo-"/>
						</TextLine>
						<TextLine ID="line_31" HPOS="146" VPOS="1312" WIDTH="748" HEIGHT="28">
							<String ID="string_236" HPOS="146" VPOS="1315" WIDTH="33" HEIGHT="25" WC="0.95" CONTENT="de,"/><SP WIDTH="16" VPOS="1315" HPOS="179"/>
							<String ID="string_237" HPOS="195" VPOS="1321" WIDTH="43" HEIGHT="13" WC="0.96" CONTENT="som"/><SP WIDTH="17" VPOS="1321" HPOS="238"/>
							<String ID="string_238" HPOS="255" VPOS="1314" WIDTH="23" HEIGHT="19" WC="0.96" CONTENT="af"/><SP WIDTH="17" VPOS="1314" HPOS="278"/>
							<String ID="string_239" HPOS="295" VPOS="1314" WIDTH="115" HEIGHT="20" WC="0.96" CONTENT="domstolen"/><SP WIDTH="20" VPOS="1314" HPOS="410"/>
							<String ID="string_240" HPOS="430" VPOS="1313" WIDTH="127" HEIGHT="20" WC="0.95" CONTENT="bestämmes"/><SP WIDTH="18" VPOS="1313" HPOS="557"/>
							<String ID="string_241" HPOS="575" VPOS="1313" WIDTH="39" HEIGHT="20" WC="0.96" CONTENT="och"/><SP WIDTH="20" VPOS="1313" HPOS="614"/>
							<String ID="string_242" HPOS="634" VPOS="1313" WIDTH="36" HEIGHT="20" WC="0.96" CONTENT="bör"/><SP WIDTH="20" VPOS="1313" HPOS="670"/>
							<String ID="string_243" HPOS="690" VPOS="1313" WIDTH="22" HEIGHT="20" WC="0.96" CONTENT="af"/><SP WIDTH="17" VPOS="1313" HPOS="712"/>
							<String ID="string_244" HPOS="729" VPOS="1313" WIDTH="40" HEIGHT="19" WC="0.92" CONTENT="den"/><SP WIDTH="19" VPOS="1313" HPOS="769"/>
							<String ID="string_245" HPOS="788" VPOS="1312" WIDTH="106" HEIGHT="26" WC="0.92" CONTENT="tappande"/>
						</TextLine>
						<TextLine ID="line_32" HPOS="145" VPOS="1348" WIDTH="191" HEIGHT="27">
							<String ID="string_246" HPOS="145" VPOS="1351" WIDTH="73" HEIGHT="24" WC="0.96" CONTENT="parten"/><SP WIDTH="17" VPOS="1351" HPOS="218"/>
							<String ID="string_247" HPOS="235" VPOS="1348" WIDTH="101" HEIGHT="26" WC="0.96" CONTENT="erläggas."/>
						</TextLine>
					</TextBlock>
					<TextBlock ID="block_9" HPOS="485" VPOS="1393" WIDTH="72" HEIGHT="24">
						<TextLine ID="line_33" HPOS="485" VPOS="1393" WIDTH="72" HEIGHT="24">
							<String ID="string_248" HPOS="485" VPOS="1395" WIDTH="10" HEIGHT="22" WC="0.79" CONTENT="$"/><SP WIDTH="16" VPOS="1395" HPOS="495"/>
							<String ID="string_249" HPOS="511" VPOS="1393" WIDTH="46" HEIGHT="20" WC="0.96" CONTENT="236."/>
						</TextLine>
					</TextBlock>
					<TextBlock ID="block_10" HPOS="214" VPOS="1431" WIDTH="679" HEIGHT="28">
						<TextLine ID="line_34" HPOS="214" VPOS="1431" WIDTH="679" HEIGHT="28">
							<String ID="string_250" HPOS="214" VPOS="1433" WIDTH="90" HEIGHT="26" WC="0.91" CONTENT="Uppstår"/><SP WIDTH="16" VPOS="1433" HPOS="304"/>
							<String ID="string_251" HPOS="320" VPOS="1433" WIDTH="48" HEIGHT="20" WC="0.96" CONTENT="tvist"/><SP WIDTH="15" VPOS="1433" HPOS="368"/>
							<String ID="string_252" HPOS="383" VPOS="1439" WIDTH="33" HEIGHT="14" WC="0.97" CONTENT="om"/><SP WIDTH="16" VPOS="1439" HPOS="416"/>
							<String ID="string_253" HPOS="432" VPOS="1432" WIDTH="80" HEIGHT="27" WC="0.95" CONTENT="fartygs"/><SP WIDTH="17" VPOS="1432" HPOS="512"/>
							<String ID="string_254" HPOS="529" VPOS="1432" WIDTH="113" HEIGHT="27" WC="0.96" CONTENT="byggande"/><SP WIDTH="16" VPOS="1432" HPOS="642"/>
							<String ID="string_255" HPOS="658" VPOS="1433" WIDTH="52" HEIGHT="19" WC="0.96" CONTENT="eller"/><SP WIDTH="16" VPOS="1433" HPOS="710"/>
							<String ID="string_256" HPOS="726" VPOS="1431" WIDTH="93" HEIGHT="26" WC="0.93" CONTENT="förande,"/><SP WIDTH="15" VPOS="1431" HPOS="819"/>
							<String ID="string_257" HPOS="834" VPOS="1431" WIDTH="59" HEIGHT="20" WC="0.92" CONTENT="reda-"/>
						</TextLine>
					</TextBlock>
					<TextBlock ID="block_11" HPOS="145" VPOS="1465" WIDTH="748" HEIGHT="28">
						<TextLine ID="line_35" HPOS="145" VPOS="1465" WIDTH="748" HEIGHT="28">
							<String ID="string_258" HPOS="145" VPOS="1475" WIDTH="33" HEIGHT="13" WC="0.94" CONTENT="res"/><SP WIDTH="23" VPOS="1475" HPOS="178"/>
							<String ID="string_259" HPOS="201" VPOS="1467" WIDTH="145" HEIGHT="26" WC="0.93" CONTENT="förbindelser,"/><SP WIDTH="24" VPOS="1467" HPOS="346"/>
							<String ID="string_260" HPOS="370" VPOS="1467" WIDTH="153" HEIGHT="20" WC="0.91" CONTENT="befälhafvares"/><SP WIDTH="24" VPOS="1467" HPOS="523"/>
							<String ID="string_261" HPOS="547" VPOS="1467" WIDTH="51" HEIGHT="20" WC="0.93" CONTENT="eller"/><SP WIDTH="23" VPOS="1467" HPOS="598"/>
							<String ID="string_262" HPOS="621" VPOS="1466" WIDTH="87" HEIGHT="26" WC="0.92" CONTENT="sjöfolks"/><SP WIDTH="22" VPOS="1466" HPOS="708"/>
							<String ID="string_263" HPOS="730" VPOS="1466" WIDTH="33" HEIGHT="20" WC="0.96" CONTENT="lön"/><SP WIDTH="20" VPOS="1466" HPOS="763"/>
							<String ID="string_264" HPOS="783" VPOS="1465" WIDTH="38" HEIGHT="21" WC="0.93" CONTENT="och"/><SP WIDTH="21" VPOS="1465" HPOS="821"/>
							<String ID="string_265" HPOS="842" VPOS="1465" WIDTH="51" HEIGHT="26" WC="0.92" CONTENT="älig-"/>
						</TextLine>
					</TextBlock>
				</ComposedBlock>
			</PrintSpace>
		</Page>
	</Layout>
</alto>
