1070 1786
215 139 34 18 592

560 201 16 27 $
590 202 35 20 73.

321 240 59 28 Eger
394 241 73 27 någon
481 240 51 21 stad
543 241 53 27 jord
611 241 53 20 eller
678 247 75 14 annan
769 239 104 28 lägenhet,
889 246 44 14 som

250 274 30 28 af
290 274 85 21 kronan
397 275 52 20 eller
468 275 95 20 enskilde
586 274 74 27 blifvit
680 275 34 20 till
733 274 76 21 staden
829 273 103 25 donerad,

249 309 60 27 gälle
328 315 33 14 om
384 308 170 28 hushållningen
576 308 86 21 dermed
684 308 57 21 hvad
756 309 8 19 i
779 308 155 20 donationsur-

250 342 88 21 kunden
354 344 26 19 är
390 342 143 27 förordnadt.

518 429 15 23 6
548 429 113 29 Kapitlet.

425 486 31 21 Om
473 486 152 27 underställning
640 486 35 21 och
691 486 74 21 besvär,

559 549 15 28 $
589 550 34 21 74.

322 589 213 28 Stadsfullmäktiges
561 589 111 27 äfvensom
693 588 187 22 rädhusstämmas
903 589 31 21 be-

250 624 46 21 slut
313 623 68 26 skola,
400 623 42 27 för
457 626 32 18 att
504 624 65 20 vinna
585 623 103 27 gällande
702 622 69 28 kraft,
786 623 149 21 underställas

253 658 104 21 Senatens
379 657 116 21 Ekonomie
518 657 164 27 Departements
701 656 110 28 pröfning
825 657 37 21 och
873 657 61 27 fast-

251 692 102 26 ställelse,
369 692 29 21 dä
414 692 93 21 besluten
523 692 70 27 angä:

324 727 22 27 a)
361 726 148 28 försäljning,
528 725 207 29 pantförskrifning
755 726 53 20 eller
825 726 71 28 utbyte
911 726 30 27 af

251 760 71 22 sådan
341 760 78 21 staden
436 760 97 28 tillhörig
544 760 115 28 fastighet,
674 766 46 15 som
734 766 75 22 genom
823 760 69 28 gäjva
908 761 28 20 el-

252 796 32 20 ler
301 797 121 19 testamente
442 795 124 21 densamma
583 794 97 27 tillfallit
694 794 39 21 och
744 794 41 26 för
799 795 53 20 visst
867 795 69 21 ända-

251 830 52 24 mål,
318 836 45 14 som
378 828 61 28 afser
454 829 86 21 stadens
555 835 156 21 gemensamma
727 830 68 26 nytta,
813 828 73 28 blifvit
896 836 38 14 an-

252 863 81 27 slagen,
348 863 108 27 äfvensom
471 862 208 28 öfverenskommelse
690 862 52 21 eller
747 862 133 28 förlikning,
891 870 45 14 ver-

252 897 70 20 kande
344 897 35 20 till
401 897 96 28 ändring
520 897 52 21 eller
594 896 162 28 inskränkning
776 897 35 20 uti
828 896 41 21 den
883 899 52 24 rätt,

252 931 127 21 kommunen
394 931 35 21 till
444 931 71 21 sädan
525 930 109 29 fastighet
649 937 61 21 eger;
724 931 25 26 b)
762 931 138 27 upptagande
911 931 30 27 af

253 965 39 21 län
307 965 69 22 stäldt
387 965 32 28 pä
435 965 76 28 längre
529 965 206 28 äterbetalningstid
750 967 29 18 än
794 965 35 20 tvä
845 965 38 26 är;
898 965 38 21 och

253 1000 22 27 e)
286 999 89 29 förslag
395 1000 35 21 till
452 1007 43 21 nya
515 1000 52 21 eller
577 999 109 28 förhöjda
702 999 95 28 afgifter
812 1000 13 20 å
841 1000 41 21 den
897 1001 41 20 all-

253 1036 82 19 männa
350 1034 102 26 rörelsen,
467 1034 70 21 säsom
552 1036 57 26 väg-,
626 1033 54 26 bro-,
696 1033 74 22 hamn-
786 1033 39 22 och
835 1033 102 29 färjpen-

253 1069 83 27 ningar
350 1075 26 14 m.
392 1075 27 14 m.

563 1120 15 27 $
593 1121 36 21 75.

324 1159 77 21 Beslut
423 1159 53 21 eller
493 1159 98 28 förslag,
611 1159 79 22 hvilket
706 1159 38 21 bör
760 1159 105 22 Senatens
879 1161 58 20 Eko-

255 1193 69 21 nomie
342 1192 165 28 Departements
525 1193 109 28 pröfning
654 1193 157 25 underställas,
827 1194 62 26 skall,
905 1195 32 20 ät-

250 1227 73 28 följät
338 1226 30 29 af
378 1227 155 28 Magistratens
548 1227 102 28 yttrande
664 1228 9 21 i
688 1229 78 25 ämnet,
781 1228 107 21 insändas
903 1228 35 21 till

255 1262 146 25 Guvernören,
417 1268 45 15 som
477 1261 42 21 har
535 1263 32 20 att
582 1261 168 29 handlingarne,
762 1263 68 26 jemte
845 1265 46 25 eget
905 1265 31 18 ut-

255 1296 94 26 lätande,
366 1296 36 21 till
416 1296 93 21 nämnde
523 1295 155 28 Departement
692 1296 140 27 öfverlemna.

562 1353 15 28 $
591 1355 35 20 76.

326 1393 150 21 Guvernörens
495 1393 110 28 pröfning
626 1393 149 22 underställas
797 1393 74 28 beslut,
895 1403 43 14 som

255 1427 48 28 afse
317 1428 23 27 a)
355 1427 113 21 allmänna
478 1427 143 28 föreskrifter
637 1427 35 21 till
687 1427 152 28 befrämjande
853 1429 31 27 af
893 1431 46 21 sed-

256 1461 73 29 lighet,
345 1461 114 21 helsovärd
473 1463 56 20 samt
544 1461 94 28 ordning
653 1461 37 22 och
705 1461 100 22 säkerhet
815 1463 58 22 inom
882 1464 57 23 kom-
