<?xml version="1.0" encoding="UTF-8"?>
<alto xmlns="http://www.loc.gov/standards/alto/ns-v3#" xmlns:xlink="http://www.w3.org/1999/xlink" xmlns:xsi="http://www.w3.org/2001/XMLSchema-instance" xsi:schemaLocation="http://www.loc.gov/standards/alto/ns-v3# http://www.loc.gov/alto/v3/alto-3-0.xsd">
	<Description>
		<MeasurementUnit>pixel</MeasurementUnit>
		<sourceImageInformation>
			<fileName>/tmp/tess_uiaa2zmk_input.PNG</fileName>
		</sourceImageInformation>
		<OCRProcessing ID="OCR_0">
			<ocrProcessingStep>
				<processingSoftware>
					<softwareName>tesseract 5.3.4</softwareName>
				</processingSoftware>
			</ocrProcessingStep>
		</OCRProcessing>
	</Description>
	<Layout>
		<Page WIDTH="1070" HEIGHT="1786" PHYSICAL_IMG_NR="0" ID="page_0">
			<PrintSpace HPOS="0" VPOS="0" WIDTH="1070" HEIGHT="1786">
				<ComposedBlock ID="cblock_0" HPOS="815" VPOS="145" WIDTH="22" HEIGHT="16">
					<TextBlock ID="block_0" HPOS="815" VPOS="145" WIDTH="22" HEIGHT="16">
						<TextLine ID="line_0" HPOS="815" VPOS="145" WIDTH="22" HEIGHT="16">
							<String ID="string_0" HPOS="815" VPOS="145" WIDTH="22" HEIGHT="16" WC="0.96" CONTENT="29"/>
						</TextLine>
					</TextBlock>
				</ComposedBlock>
				<ComposedBlock ID="cblock_1" HPOS="186" VPOS="205" WIDTH="686" HEIGHT="299">
					<TextBlock ID="block_1" HPOS="186" VPOS="205" WIDTH="686" HEIGHT="95">
						<TextLine ID="line_1" HPOS="187" VPOS="205" WIDTH="685" HEIGHT="27">
							<String ID="string_1" HPOS="187" VPOS="205" WIDTH="90" HEIGHT="20" WC="0.77" CONTENT="beträda"/><SP WIDTH="16" VPOS="205" HPOS="277"/>
							<String ID="string_2" HPOS="293" VPOS="205" WIDTH="99" HEIGHT="20" WC="0.93" CONTENT="enskilda"/><SP WIDTH="10" VPOS="205" HPOS="392"/>
							<String ID="string_3" HPOS="402" VPOS="205" WIDTH="131" HEIGHT="27" WC="0.91" CONTENT="jordegares"/><SP WIDTH="16" VPOS="205" HPOS="533"/>
							<String ID="string_4" HPOS="549" VPOS="205" WIDTH="91" HEIGHT="24" WC="0.95" CONTENT="område,"/><SP WIDTH="12" VPOS="205" HPOS="640"/>
							<String ID="string_5" HPOS="652" VPOS="205" WIDTH="108" HEIGHT="26" WC="0.93" CONTENT="äfvensom"/><SP WIDTH="15" VPOS="205" HPOS="760"/>
							<String ID="string_6" HPOS="775" VPOS="207" WIDTH="97" HEIGHT="20" WC="0.91" CONTENT="utlåtan-"/>
						</TextLine>
						<TextLine ID="line_2" HPOS="187" VPOS="238" WIDTH="684" HEIGHT="29">
							<String ID="string_7" HPOS="187" VPOS="239" WIDTH="25" HEIGHT="20" WC="0.93" CONTENT="de"/><SP WIDTH="20" VPOS="239" HPOS="212"/>
							<String ID="string_8" HPOS="232" VPOS="238" WIDTH="96" HEIGHT="28" WC="0.91" CONTENT="afgifvas"/><SP WIDTH="20" VPOS="238" HPOS="328"/>
							<String ID="string_9" HPOS="348" VPOS="245" WIDTH="34" HEIGHT="15" WC="0.96" CONTENT="om"/><SP WIDTH="19" VPOS="245" HPOS="382"/>
							<String ID="string_10" HPOS="401" VPOS="239" WIDTH="71" HEIGHT="20" WC="0.96" CONTENT="andra"/><SP WIDTH="21" VPOS="239" HPOS="472"/>
							<String ID="string_11" HPOS="493" VPOS="238" WIDTH="162" HEIGHT="25" WC="0.96" CONTENT="förhållanden,"/><SP WIDTH="21" VPOS="238" HPOS="655"/>
							<String ID="string_12" HPOS="676" VPOS="239" WIDTH="72" HEIGHT="21" WC="0.90" CONTENT="hvilka"/><SP WIDTH="15" VPOS="239" HPOS="748"/>
							<String ID="string_13" HPOS="763" VPOS="239" WIDTH="36" HEIGHT="24" WC="0.93" CONTENT="för"/><SP WIDTH="10" VPOS="239" HPOS="799"/>
							<String ID="string_14" HPOS="809" VPOS="241" WIDTH="62" HEIGHT="26" WC="0.86" CONTENT="flott-"/>
						</TextLine>
						<TextLine ID="line_3" HPOS="186" VPOS="272" WIDTH="589" HEIGHT="28">
							<String ID="string_15" HPOS="186" VPOS="273" WIDTH="92" HEIGHT="27" WC="0.95" CONTENT="ningens"/><SP WIDTH="16" VPOS="273" HPOS="278"/>
							<String ID="string_16" HPOS="294" VPOS="273" WIDTH="112" HEIGHT="20" WC="0.93" CONTENT="ordnande"/><SP WIDTH="16" VPOS="273" HPOS="406"/>
							<String ID="string_17" HPOS="422" VPOS="272" WIDTH="89" HEIGHT="27" WC="0.90" CONTENT="behöfva"/><SP WIDTH="16" VPOS="272" HPOS="511"/>
							<String ID="string_18" HPOS="527" VPOS="275" WIDTH="62" HEIGHT="25" WC="0.96" CONTENT="tagas"/><SP WIDTH="16" VPOS="275" HPOS="589"/>
							<String ID="string_19" HPOS="605" VPOS="273" WIDTH="7" HEIGHT="20" WC="0.96" CONTENT="i"/><SP WIDTH="16" VPOS="273" HPOS="612"/>
							<String ID="string_20" HPOS="628" VPOS="273" WIDTH="147" HEIGHT="21" WC="0.96" CONTENT="betraktande."/>
						</TextLine>
					</TextBlock>
					<TextBlock ID="block_2" HPOS="186" VPOS="306" WIDTH="685" HEIGHT="198">
						<TextLine ID="line_4" HPOS="257" VPOS="306" WIDTH="614" HEIGHT="27">
							<String ID="string_21" HPOS="257" VPOS="306" WIDTH="71" HEIGHT="21" WC="0.91" CONTENT="Sedan"/><SP WIDTH="28" VPOS="306" HPOS="328"/>
							<String ID="string_22" HPOS="356" VPOS="306" WIDTH="185" HEIGHT="21" WC="0.90" CONTENT="tillstädeskomne"/><SP WIDTH="27" VPOS="306" HPOS="541"/>
							<String ID="string_23" HPOS="568" VPOS="306" WIDTH="104" HEIGHT="27" WC="0.91" CONTENT="sakegare"/><SP WIDTH="28" VPOS="306" HPOS="672"/>
							<String ID="string_24" HPOS="700" VPOS="306" WIDTH="73" HEIGHT="27" WC="0.93" CONTENT="blifvit"/><SP WIDTH="25" VPOS="306" HPOS="773"/>
							<String ID="string_25" HPOS="798" VPOS="307" WIDTH="73" HEIGHT="26" WC="0.95" CONTENT="hörde,"/>
						</TextLine>
						<TextLine ID="line_5" HPOS="186" VPOS="340" WIDTH="685" HEIGHT="29">
							<String ID="string_26" HPOS="186" VPOS="340" WIDTH="58" HEIGHT="21" WC="0.93" CONTENT="skall"/><SP WIDTH="11" VPOS="340" HPOS="244"/>
							<String ID="string_27" HPOS="255" VPOS="340" WIDTH="248" HEIGHT="28" WC="0.90" CONTENT="förrättningsmannen"/><SP WIDTH="13" VPOS="340" HPOS="503"/>
							<String ID="string_28" HPOS="516" VPOS="341" WIDTH="32" HEIGHT="26" WC="0.96" CONTENT="på"/><SP WIDTH="15" VPOS="341" HPOS="548"/>
							<String ID="string_29" HPOS="563" VPOS="340" WIDTH="73" HEIGHT="21" WC="0.96" CONTENT="stället"/><SP WIDTH="15" VPOS="340" HPOS="636"/>
							<String ID="string_30" HPOS="651" VPOS="341" WIDTH="9" HEIGHT="19" WC="0.96" CONTENT="i"/><SP WIDTH="14" VPOS="341" HPOS="660"/>
							<String ID="string_31" HPOS="674" VPOS="341" WIDTH="89" HEIGHT="21" WC="0.92" CONTENT="ärendet"/><SP WIDTH="19" VPOS="341" HPOS="763"/>
							<String ID="string_32" HPOS="782" VPOS="341" WIDTH="89" HEIGHT="28" WC="0.90" CONTENT="afgifva"/>
						</TextLine>
						<TextLine ID="line_6" HPOS="186" VPOS="374" WIDTH="685" HEIGHT="28">
							<String ID="string_33" HPOS="186" VPOS="375" WIDTH="101" HEIGHT="27" WC="0.96" CONTENT="yttrande"/><SP WIDTH="25" VPOS="375" HPOS="287"/>
							<String ID="string_34" HPOS="312" VPOS="374" WIDTH="37" HEIGHT="21" WC="0.96" CONTENT="och"/><SP WIDTH="19" VPOS="374" HPOS="349"/>
							<String ID="string_35" HPOS="368" VPOS="374" WIDTH="97" HEIGHT="28" WC="0.91" CONTENT="förslag,"/><SP WIDTH="20" VPOS="374" HPOS="465"/>
							<String ID="string_36" HPOS="485" VPOS="374" WIDTH="98" HEIGHT="21" WC="0.93" CONTENT="meddela"/><SP WIDTH="25" VPOS="374" HPOS="583"/>
							<String ID="string_37" HPOS="608" VPOS="374" WIDTH="120" HEIGHT="28" WC="0.89" CONTENT="sakegarne"/><SP WIDTH="24" VPOS="374" HPOS="728"/>
							<String ID="string_38" HPOS="752" VPOS="375" WIDTH="119" HEIGHT="21" WC="0.96" CONTENT="innehållet"/>
						</TextLine>
						<TextLine ID="line_7" HPOS="186" VPOS="408" WIDTH="685" HEIGHT="30">
							<String ID="string_39" HPOS="186" VPOS="408" WIDTH="69" HEIGHT="28" WC="0.96" CONTENT="deraf"/><SP WIDTH="11" VPOS="408" HPOS="255"/>
							<String ID="string_40" HPOS="266" VPOS="411" WIDTH="54" HEIGHT="18" WC="0.88" CONTENT="samt"/><SP WIDTH="15" VPOS="411" HPOS="320"/>
							<String ID="string_41" HPOS="335" VPOS="410" WIDTH="54" HEIGHT="26" WC="0.96" CONTENT="göra"/><SP WIDTH="16" VPOS="410" HPOS="389"/>
							<String ID="string_42" HPOS="405" VPOS="416" WIDTH="33" HEIGHT="13" WC="0.96" CONTENT="om"/><SP WIDTH="20" VPOS="416" HPOS="438"/>
							<String ID="string_43" HPOS="458" VPOS="408" WIDTH="64" HEIGHT="21" WC="0.96" CONTENT="deras"/><SP WIDTH="23" VPOS="408" HPOS="522"/>
							<String ID="string_44" HPOS="545" VPOS="408" WIDTH="174" HEIGHT="28" WC="0.96" CONTENT="anmärkningar"/><SP WIDTH="22" VPOS="408" HPOS="719"/>
							<String ID="string_45" HPOS="741" VPOS="410" WIDTH="130" HEIGHT="28" WC="0.95" CONTENT="anteckning"/>
						</TextLine>
						<TextLine ID="line_8" HPOS="186" VPOS="442" WIDTH="685" HEIGHT="29">
							<String ID="string_46" HPOS="186" VPOS="444" WIDTH="33" HEIGHT="19" WC="0.94" CONTENT="uti"/><SP WIDTH="17" VPOS="444" HPOS="219"/>
							<String ID="string_47" HPOS="236" VPOS="443" WIDTH="155" HEIGHT="24" WC="0.95" CONTENT="instrumentet,"/><SP WIDTH="21" VPOS="443" HPOS="391"/>
							<String ID="string_48" HPOS="412" VPOS="442" WIDTH="78" HEIGHT="21" WC="0.96" CONTENT="hvilket"/><SP WIDTH="21" VPOS="442" HPOS="490"/>
							<String ID="string_49" HPOS="511" VPOS="442" WIDTH="95" HEIGHT="27" WC="0.96" CONTENT="derefter"/><SP WIDTH="15" VPOS="442" HPOS="606"/>
							<String ID="string_50" HPOS="621" VPOS="442" WIDTH="29" HEIGHT="28" WC="0.93" CONTENT="af"/><SP WIDTH="7" VPOS="442" HPOS="650"/>
							<String ID="string_51" HPOS="657" VPOS="442" WIDTH="214" HEIGHT="29" WC="0.92" CONTENT="förrättningsman-"/>
						</TextLine>
						<TextLine ID="line_9" HPOS="186" VPOS="476" WIDTH="562" HEIGHT="28">
							<String ID="string_52" HPOS="186" VPOS="484" WIDTH="40" HEIGHT="14" WC="0.96" CONTENT="nen"/><SP WIDTH="17" VPOS="484" HPOS="226"/>
							<String ID="string_53" HPOS="243" VPOS="480" WIDTH="52" HEIGHT="18" WC="0.95" CONTENT="utan"/><SP WIDTH="16" VPOS="480" HPOS="295"/>
							<String ID="string_54" HPOS="311" VPOS="477" WIDTH="107" HEIGHT="27" WC="0.96" CONTENT="dröjsmål"/><SP WIDTH="16" VPOS="477" HPOS="418"/>
							<String ID="string_55" HPOS="434" VPOS="477" WIDTH="35" HEIGHT="21" WC="0.96" CONTENT="till"/><SP WIDTH="16" VPOS="477" HPOS="469"/>
							<String ID="string_56" HPOS="485" VPOS="476" WIDTH="140" HEIGHT="22" WC="0.96" CONTENT="Guvernören"/><SP WIDTH="15" VPOS="476" HPOS="625"/>
							<String ID="string_57" HPOS="640" VPOS="477" WIDTH="108" HEIGHT="21" WC="0.96" CONTENT="insändes."/>
						</TextLine>
					</TextBlock>
				</ComposedBlock>
				<ComposedBlock ID="cblock_2" HPOS="180" VPOS="540" WIDTH="691" HEIGHT="953">
					<TextBlock ID="block_3" HPOS="504" VPOS="540" WIDTH="49" HEIGHT="27">
						<TextLine ID="line_10" HPOS="504" VPOS="540" WIDTH="49" HEIGHT="27">
							<String ID="string_58" HPOS="504" VPOS="540" WIDTH="14" HEIGHT="27" WC="0.92" CONTENT="$"/><SP WIDTH="15" VPOS="540" HPOS="518"/>
							<String ID="string_59" HPOS="533" VPOS="541" WIDTH="20" HEIGHT="19" WC="0.94" CONTENT="4."/>
						</TextLine>
					</TextBlock>
					<TextBlock ID="block_4" HPOS="182" VPOS="580" WIDTH="689" HEIGHT="403">
						<TextLine ID="line_11" HPOS="254" VPOS="580" WIDTH="616" HEIGHT="28">
							<String ID="string_60" HPOS="254" VPOS="580" WIDTH="66" HEIGHT="27" WC="0.96" CONTENT="Efter"/><SP WIDTH="22" VPOS="580" HPOS="320"/>
							<String ID="string_61" HPOS="342" VPOS="580" WIDTH="36" HEIGHT="20" WC="0.93" CONTENT="det"/><SP WIDTH="21" VPOS="580" HPOS="378"/>
							<String ID="string_62" HPOS="399" VPOS="581" WIDTH="203" HEIGHT="27" WC="0.91" CONTENT="syneinstrumentet"/><SP WIDTH="22" VPOS="581" HPOS="602"/>
							<String ID="string_63" HPOS="624" VPOS="581" WIDTH="35" HEIGHT="20" WC="0.93" CONTENT="till"/><SP WIDTH="19" VPOS="581" HPOS="659"/>
							<String ID="string_64" HPOS="678" VPOS="581" WIDTH="138" HEIGHT="21" WC="0.92" CONTENT="Guvernören"/><SP WIDTH="21" VPOS="581" HPOS="816"/>
							<String ID="string_65" HPOS="837" VPOS="582" WIDTH="33" HEIGHT="20" WC="0.90" CONTENT="in-"/>
						</TextLine>
						<TextLine ID="line_12" HPOS="186" VPOS="614" WIDTH="684" HEIGHT="28">
							<String ID="string_66" HPOS="186" VPOS="614" WIDTH="94" HEIGHT="26" WC="0.96" CONTENT="kommit,"/><SP WIDTH="24" VPOS="614" HPOS="280"/>
							<String ID="string_67" HPOS="304" VPOS="614" WIDTH="37" HEIGHT="20" WC="0.93" CONTENT="bör"/><SP WIDTH="23" VPOS="614" HPOS="341"/>
							<String ID="string_68" HPOS="364" VPOS="614" WIDTH="138" HEIGHT="20" WC="0.90" CONTENT="Guvernören"/><SP WIDTH="24" VPOS="614" HPOS="502"/>
							<String ID="string_69" HPOS="526" VPOS="614" WIDTH="106" HEIGHT="21" WC="0.94" CONTENT="behandla"/><SP WIDTH="23" VPOS="614" HPOS="632"/>
							<String ID="string_70" HPOS="655" VPOS="614" WIDTH="66" HEIGHT="21" WC="0.96" CONTENT="saken"/><SP WIDTH="20" VPOS="614" HPOS="721"/>
							<String ID="string_71" HPOS="741" VPOS="616" WIDTH="8" HEIGHT="19" WC="0.92" CONTENT="i"/><SP WIDTH="15" VPOS="616" HPOS="749"/>
							<String ID="string_72" HPOS="764" VPOS="615" WIDTH="106" HEIGHT="27" WC="0.92" CONTENT="öfverens-"/>
						</TextLine>
						<TextLine ID="line_13" HPOS="186" VPOS="648" WIDTH="685" HEIGHT="28">
							<String ID="string_73" HPOS="186" VPOS="648" WIDTH="119" HEIGHT="21" WC="0.92" CONTENT="stämmelse"/><SP WIDTH="21" VPOS="648" HPOS="305"/>
							<String ID="string_74" HPOS="326" VPOS="648" WIDTH="48" HEIGHT="20" WC="0.92" CONTENT="med"/><SP WIDTH="21" VPOS="648" HPOS="374"/>
							<String ID="string_75" HPOS="395" VPOS="648" WIDTH="151" HEIGHT="27" WC="0.92" CONTENT="stadgandena"/><SP WIDTH="26" VPOS="648" HPOS="546"/>
							<String ID="string_76" HPOS="572" VPOS="655" WIDTH="31" HEIGHT="13" WC="0.90" CONTENT="om"/><SP WIDTH="24" VPOS="655" HPOS="603"/>
							<String ID="string_77" HPOS="627" VPOS="648" WIDTH="75" HEIGHT="28" WC="0.90" CONTENT="dylika"/><SP WIDTH="22" VPOS="648" HPOS="702"/>
							<String ID="string_78" HPOS="724" VPOS="650" WIDTH="94" HEIGHT="20" WC="0.92" CONTENT="ärender"/><SP WIDTH="19" VPOS="650" HPOS="818"/>
							<String ID="string_79" HPOS="837" VPOS="650" WIDTH="34" HEIGHT="20" WC="0.91" CONTENT="uti"/>
						</TextLine>
						<TextLine ID="line_14" HPOS="182" VPOS="681" WIDTH="689" HEIGHT="29">
							<String ID="string_80" HPOS="182" VPOS="682" WIDTH="149" HEIGHT="27" WC="0.30" CONTENT="förenämnda"/><SP WIDTH="15" VPOS="682" HPOS="331"/>
							<String ID="string_81" HPOS="346" VPOS="682" WIDTH="90" HEIGHT="27" WC="0.92" CONTENT="Nädiga"/><SP WIDTH="16" VPOS="682" HPOS="436"/>
							<String ID="string_82" HPOS="452" VPOS="681" WIDTH="131" HEIGHT="29" WC="0.96" CONTENT="förordning"/><SP WIDTH="15" VPOS="681" HPOS="583"/>
							<String ID="string_83" HPOS="598" VPOS="682" WIDTH="29" HEIGHT="27" WC="0.93" CONTENT="af"/><SP WIDTH="11" VPOS="682" HPOS="627"/>
							<String ID="string_84" HPOS="638" VPOS="682" WIDTH="41" HEIGHT="21" WC="0.95" CONTENT="den"/><SP WIDTH="15" VPOS="682" HPOS="679"/>
							<String ID="string_85" HPOS="694" VPOS="684" WIDTH="30" HEIGHT="20" WC="0.96" CONTENT="23"/><SP WIDTH="16" VPOS="684" HPOS="724"/>
							<String ID="string_86" HPOS="740" VPOS="682" WIDTH="61" HEIGHT="22" WC="0.96" CONTENT="Mars"/><SP WIDTH="11" VPOS="682" HPOS="801"/>
							<String ID="string_87" HPOS="812" VPOS="684" WIDTH="59" HEIGHT="20" WC="0.96" CONTENT="1868"/>
						</TextLine>
						<TextLine ID="line_15" HPOS="186" VPOS="716" WIDTH="685" HEIGHT="29">
							<String ID="string_88" HPOS="186" VPOS="717" WIDTH="44" HEIGHT="25" WC="0.93" CONTENT="och,"/><SP WIDTH="17" VPOS="717" HPOS="230"/>
							<String ID="string_89" HPOS="247" VPOS="716" WIDTH="52" HEIGHT="28" WC="0.94" CONTENT="ifall"/><SP WIDTH="10" VPOS="716" HPOS="299"/>
							<String ID="string_90" HPOS="309" VPOS="716" WIDTH="88" HEIGHT="28" WC="0.93" CONTENT="frågan"/><SP WIDTH="19" VPOS="716" HPOS="397"/>
							<String ID="string_91" HPOS="416" VPOS="718" WIDTH="61" HEIGHT="19" WC="0.71" CONTENT="rörer"/><SP WIDTH="18" VPOS="718" HPOS="477"/>
							<String ID="string_92" HPOS="495" VPOS="717" WIDTH="66" HEIGHT="27" WC="0.96" CONTENT="något"/><SP WIDTH="20" VPOS="717" HPOS="561"/>
							<String ID="string_93" HPOS="581" VPOS="716" WIDTH="119" HEIGHT="28" WC="0.93" CONTENT="betydande"/><SP WIDTH="12" VPOS="716" HPOS="700"/>
							<String ID="string_94" HPOS="712" VPOS="717" WIDTH="63" HEIGHT="28" WC="0.93" CONTENT="fiske,"/><SP WIDTH="12" VPOS="717" HPOS="775"/>
							<String ID="string_95" HPOS="787" VPOS="718" WIDTH="84" HEIGHT="26" WC="0.90" CONTENT="jemväl"/>
						</TextLine>
						<TextLine ID="line_16" HPOS="186" VPOS="750" WIDTH="683" HEIGHT="28">
							<String ID="string_96" HPOS="186" VPOS="751" WIDTH="104" HEIGHT="27" WC="0.91" CONTENT="infordra"/><SP WIDTH="15" VPOS="751" HPOS="290"/>
							<String ID="string_97" HPOS="305" VPOS="750" WIDTH="153" HEIGHT="28" WC="0.89" CONTENT="Inspektörens"/><SP WIDTH="16" VPOS="750" HPOS="458"/>
							<String ID="string_98" HPOS="474" VPOS="750" WIDTH="62" HEIGHT="27" WC="0.93" CONTENT="öfver"/><SP WIDTH="11" VPOS="750" HPOS="536"/>
							<String ID="string_99" HPOS="547" VPOS="750" WIDTH="133" HEIGHT="28" WC="0.87" CONTENT="fiskerierna"/><SP WIDTH="16" VPOS="750" HPOS="680"/>
							<String ID="string_100" HPOS="696" VPOS="752" WIDTH="113" HEIGHT="20" WC="0.93" CONTENT="utlåtande"/><SP WIDTH="8" VPOS="752" HPOS="809"/>
							<String ID="string_101" HPOS="817" VPOS="752" WIDTH="52" HEIGHT="25" WC="0.93" CONTENT="deri,"/>
						</TextLine>
						<TextLine ID="line_17" HPOS="186" VPOS="784" WIDTH="685" HEIGHT="29">
							<String ID="string_102" HPOS="186" VPOS="787" WIDTH="55" HEIGHT="19" WC="0.93" CONTENT="samt"/><SP WIDTH="16" VPOS="787" HPOS="241"/>
							<String ID="string_103" HPOS="257" VPOS="784" WIDTH="95" HEIGHT="28" WC="0.92" CONTENT="derefter"/><SP WIDTH="15" VPOS="784" HPOS="352"/>
							<String ID="string_104" HPOS="367" VPOS="784" WIDTH="100" HEIGHT="21" WC="0.92" CONTENT="meddela"/><SP WIDTH="15" VPOS="784" HPOS="467"/>
							<String ID="string_105" HPOS="482" VPOS="785" WIDTH="73" HEIGHT="27" WC="0.90" CONTENT="utslag"/><SP WIDTH="17" VPOS="785" HPOS="555"/>
							<String ID="string_106" HPOS="572" VPOS="786" WIDTH="8" HEIGHT="19" WC="0.93" CONTENT="i"/><SP WIDTH="15" VPOS="786" HPOS="580"/>
							<String ID="string_107" HPOS="595" VPOS="785" WIDTH="88" HEIGHT="20" WC="0.92" CONTENT="ärendet"/><SP WIDTH="15" VPOS="785" HPOS="683"/>
							<String ID="string_108" HPOS="698" VPOS="785" WIDTH="39" HEIGHT="21" WC="0.93" CONTENT="och"/><SP WIDTH="15" VPOS="785" HPOS="737"/>
							<String ID="string_109" HPOS="752" VPOS="786" WIDTH="47" HEIGHT="20" WC="0.92" CONTENT="deri"/><SP WIDTH="15" VPOS="786" HPOS="799"/>
							<String ID="string_110" HPOS="814" VPOS="792" WIDTH="57" HEIGHT="21" WC="0.91" CONTENT="noga"/>
						</TextLine>
						<TextLine ID="line_18" HPOS="187" VPOS="818" WIDTH="684" HEIGHT="30">
							<String ID="string_111" HPOS="187" VPOS="819" WIDTH="115" HEIGHT="21" WC="0.95" CONTENT="bestämma"/><SP WIDTH="15" VPOS="819" HPOS="302"/>
							<String ID="string_112" HPOS="317" VPOS="819" WIDTH="25" HEIGHT="21" WC="0.93" CONTENT="de"/><SP WIDTH="15" VPOS="819" HPOS="342"/>
							<String ID="string_113" HPOS="357" VPOS="819" WIDTH="70" HEIGHT="21" WC="0.96" CONTENT="vilkor"/><SP WIDTH="15" VPOS="819" HPOS="427"/>
							<String ID="string_114" HPOS="442" VPOS="818" WIDTH="38" HEIGHT="21" WC="0.93" CONTENT="och"/><SP WIDTH="11" VPOS="818" HPOS="480"/>
							<String ID="string_115" HPOS="491" VPOS="818" WIDTH="151" HEIGHT="28" WC="0.95" CONTENT="föreskrifter,"/><SP WIDTH="16" VPOS="818" HPOS="642"/>
							<String ID="string_116" HPOS="658" VPOS="826" WIDTH="44" HEIGHT="14" WC="0.96" CONTENT="som"/><SP WIDTH="11" VPOS="826" HPOS="702"/>
							<String ID="string_117" HPOS="713" VPOS="819" WIDTH="42" HEIGHT="27" WC="0.93" CONTENT="för"/><SP WIDTH="8" VPOS="819" HPOS="755"/>
							<String ID="string_118" HPOS="763" VPOS="820" WIDTH="108" HEIGHT="28" WC="0.94" CONTENT="flottning"/>
						</TextLine>
						<TextLine ID="line_19" HPOS="185" VPOS="852" WIDTH="686" HEIGHT="30">
							<String ID="string_119" HPOS="185" VPOS="854" WIDTH="9" HEIGHT="20" WC="0.93" CONTENT="i"/><SP WIDTH="15" VPOS="854" HPOS="194"/>
							<String ID="string_120" HPOS="209" VPOS="854" WIDTH="150" HEIGHT="26" WC="0.92" CONTENT="vattendraget"/><SP WIDTH="11" VPOS="854" HPOS="359"/>
							<String ID="string_121" HPOS="370" VPOS="853" WIDTH="42" HEIGHT="27" WC="0.93" CONTENT="för"/><SP WIDTH="16" VPOS="853" HPOS="412"/>
							<String ID="string_122" HPOS="428" VPOS="852" WIDTH="145" HEIGHT="28" WC="0.91" CONTENT="omförmälda"/><SP WIDTH="15" VPOS="852" HPOS="573"/>
							<String ID="string_123" HPOS="588" VPOS="853" WIDTH="138" HEIGHT="27" WC="0.90" CONTENT="rättigheters"/><SP WIDTH="16" VPOS="853" HPOS="726"/>
							<String ID="string_124" HPOS="742" VPOS="854" WIDTH="129" HEIGHT="28" WC="0.90" CONTENT="betryggan-"/>
						</TextLine>
						<TextLine ID="line_20" HPOS="189" VPOS="887" WIDTH="682" HEIGHT="28">
							<String ID="string_125" HPOS="189" VPOS="888" WIDTH="26" HEIGHT="20" WC="0.93" CONTENT="de"/><SP WIDTH="15" VPOS="888" HPOS="215"/>
							<String ID="string_126" HPOS="230" VPOS="888" WIDTH="52" HEIGHT="20" WC="0.96" CONTENT="böra"/><SP WIDTH="16" VPOS="888" HPOS="282"/>
							<String ID="string_127" HPOS="298" VPOS="887" WIDTH="117" HEIGHT="27" WC="0.95" CONTENT="iakttagas,"/><SP WIDTH="17" VPOS="887" HPOS="415"/>
							<String ID="string_128" HPOS="432" VPOS="887" WIDTH="111" HEIGHT="26" WC="0.95" CONTENT="äfvensom"/><SP WIDTH="16" VPOS="887" HPOS="543"/>
							<String ID="string_129" HPOS="559" VPOS="887" WIDTH="116" HEIGHT="21" WC="0.95" CONTENT="bestämma"/><SP WIDTH="15" VPOS="887" HPOS="675"/>
							<String ID="string_130" HPOS="690" VPOS="888" WIDTH="40" HEIGHT="20" WC="0.93" CONTENT="den"/><SP WIDTH="11" VPOS="888" HPOS="730"/>
							<String ID="string_131" HPOS="741" VPOS="888" WIDTH="74" HEIGHT="27" WC="0.76" CONTENT="afgift,"/><SP WIDTH="11" VPOS="888" HPOS="815"/>
							<String ID="string_132" HPOS="826" VPOS="895" WIDTH="45" HEIGHT="13" WC="0.96" CONTENT="som"/>
						</TextLine>
						<TextLine ID="line_21" HPOS="186" VPOS="921" WIDTH="684" HEIGHT="28">
							<String ID="string_133" HPOS="186" VPOS="921" WIDTH="57" HEIGHT="21" WC="0.93" CONTENT="skall"/><SP WIDTH="15" VPOS="921" HPOS="243"/>
							<String ID="string_134" HPOS="258" VPOS="921" WIDTH="102" HEIGHT="28" WC="0.96" CONTENT="erläggas"/><SP WIDTH="22" VPOS="921" HPOS="360"/>
							<String ID="string_135" HPOS="382" VPOS="921" WIDTH="30" HEIGHT="27" WC="0.96" CONTENT="af"/><SP WIDTH="17" VPOS="921" HPOS="412"/>
							<String ID="string_136" HPOS="429" VPOS="921" WIDTH="53" HEIGHT="25" WC="0.93" CONTENT="dem,"/><SP WIDTH="16" VPOS="921" HPOS="482"/>
							<String ID="string_137" HPOS="498" VPOS="921" WIDTH="73" HEIGHT="20" WC="0.96" CONTENT="hvilka"/><SP WIDTH="15" VPOS="921" HPOS="571"/>
							<String ID="string_138" HPOS="586" VPOS="921" WIDTH="97" HEIGHT="28" WC="0.96" CONTENT="begagna"/><SP WIDTH="15" VPOS="921" HPOS="683"/>
							<String ID="string_139" HPOS="698" VPOS="922" WIDTH="8" HEIGHT="20" WC="0.93" CONTENT="i"/><SP WIDTH="14" VPOS="922" HPOS="706"/>
							<String ID="string_140" HPOS="720" VPOS="922" WIDTH="150" HEIGHT="27" WC="0.96" CONTENT="vattendraget"/>
						</TextLine>
						<TextLine ID="line_22" HPOS="187" VPOS="955" WIDTH="326" HEIGHT="28">
							<String ID="string_141" HPOS="187" VPOS="955" WIDTH="81" HEIGHT="28" WC="0.92" CONTENT="nödiga"/><SP WIDTH="11" VPOS="955" HPOS="268"/>
							<String ID="string_142" HPOS="279" VPOS="955" WIDTH="234" HEIGHT="27" WC="0.87" CONTENT="flottningsanstalter."/>
						</TextLine>
					</TextBlock>
					<TextBlock ID="block_5" HPOS="185" VPOS="989" WIDTH="685" HEIGHT="335">
						<TextLine ID="line_23" HPOS="254" VPOS="989" WIDTH="615" HEIGHT="28">
							<String ID="string_143" HPOS="254" VPOS="989" WIDTH="36" HEIGHT="20" WC="0.96" CONTENT="Då"/><SP WIDTH="16" VPOS="989" HPOS="290"/>
							<String ID="string_144" HPOS="306" VPOS="990" WIDTH="51" HEIGHT="26" WC="0.96" CONTENT="laga"/><SP WIDTH="15" VPOS="990" HPOS="357"/>
							<String ID="string_145" HPOS="372" VPOS="989" WIDTH="61" HEIGHT="26" WC="0.96" CONTENT="kraft"/><SP WIDTH="19" VPOS="989" HPOS="433"/>
							<String ID="string_146" HPOS="452" VPOS="991" WIDTH="78" HEIGHT="18" WC="0.96" CONTENT="vunnet"/><SP WIDTH="15" VPOS="991" HPOS="530"/>
							<String ID="string_147" HPOS="545" VPOS="989" WIDTH="71" HEIGHT="28" WC="0.96" CONTENT="utslag"/><SP WIDTH="17" VPOS="989" HPOS="616"/>
							<String ID="string_148" HPOS="633" VPOS="989" WIDTH="7" HEIGHT="20" WC="0.96" CONTENT="i"/><SP WIDTH="15" VPOS="989" HPOS="640"/>
							<String ID="string_149" HPOS="655" VPOS="989" WIDTH="65" HEIGHT="21" WC="0.93" CONTENT="saken"/><SP WIDTH="20" VPOS="989" HPOS="720"/>
							<String ID="string_150" HPOS="740" VPOS="989" WIDTH="129" HEIGHT="26" WC="0.95" CONTENT="tillkommit,"/>
						</TextLine>
						<TextLine ID="line_24" HPOS="186" VPOS="1022" WIDTH="684" HEIGHT="29">
							<String ID="string_151" HPOS="186" VPOS="1023" WIDTH="38" HEIGHT="21" WC="0.96" CONTENT="bör"/><SP WIDTH="19" VPOS="1023" HPOS="224"/>
							<String ID="string_152" HPOS="243" VPOS="1023" WIDTH="35" HEIGHT="21" WC="0.93" CONTENT="det"/><SP WIDTH="20" VPOS="1023" HPOS="278"/>
							<String ID="string_153" HPOS="298" VPOS="1022" WIDTH="108" HEIGHT="28" WC="0.90" CONTENT="delyifvas"/><SP WIDTH="22" VPOS="1022" HPOS="406"/>
							<String ID="string_154" HPOS="428" VPOS="1023" WIDTH="178" HEIGHT="28" WC="0.96" CONTENT="Forststyrelsen,"/><SP WIDTH="23" VPOS="1023" HPOS="606"/>
							<String ID="string_155" HPOS="629" VPOS="1030" WIDTH="44" HEIGHT="14" WC="0.96" CONTENT="som"/><SP WIDTH="22" VPOS="1030" HPOS="673"/>
							<String ID="string_156" HPOS="695" VPOS="1030" WIDTH="49" HEIGHT="21" WC="0.96" CONTENT="eger"/><SP WIDTH="22" VPOS="1030" HPOS="744"/>
							<String ID="string_157" HPOS="766" VPOS="1023" WIDTH="104" HEIGHT="27" WC="0.96" CONTENT="befordra"/>
						</TextLine>
						<TextLine ID="line_25" HPOS="185" VPOS="1057" WIDTH="685" HEIGHT="28">
							<String ID="string_158" HPOS="185" VPOS="1058" WIDTH="118" HEIGHT="20" WC="0.96" CONTENT="detsamma"/><SP WIDTH="18" VPOS="1058" HPOS="303"/>
							<String ID="string_159" HPOS="321" VPOS="1058" WIDTH="35" HEIGHT="20" WC="0.95" CONTENT="till"/><SP WIDTH="19" VPOS="1058" HPOS="356"/>
							<String ID="string_160" HPOS="375" VPOS="1057" WIDTH="122" HEIGHT="28" WC="0.96" CONTENT="tryckning,"/><SP WIDTH="15" VPOS="1057" HPOS="497"/>
							<String ID="string_161" HPOS="512" VPOS="1057" WIDTH="43" HEIGHT="26" WC="0.96" CONTENT="för"/><SP WIDTH="18" VPOS="1057" HPOS="555"/>
							<String ID="string_162" HPOS="573" VPOS="1059" WIDTH="32" HEIGHT="18" WC="0.96" CONTENT="att"/><SP WIDTH="19" VPOS="1059" HPOS="605"/>
							<String ID="string_163" HPOS="624" VPOS="1057" WIDTH="69" HEIGHT="21" WC="0.96" CONTENT="såsom"/><SP WIDTH="16" VPOS="1057" HPOS="693"/>
							<String ID="string_164" HPOS="709" VPOS="1057" WIDTH="96" HEIGHT="21" WC="0.93" CONTENT="särskild"/><SP WIDTH="16" VPOS="1057" HPOS="805"/>
							<String ID="string_165" HPOS="821" VPOS="1058" WIDTH="49" HEIGHT="21" WC="0.92" CONTENT="ord-"/>
						</TextLine>
						<TextLine ID="line_26" HPOS="186" VPOS="1091" WIDTH="683" HEIGHT="28">
							<String ID="string_166" HPOS="186" VPOS="1092" WIDTH="144" HEIGHT="27" WC="0.92" CONTENT="ningsstadga"/><SP WIDTH="15" VPOS="1092" HPOS="330"/>
							<String ID="string_167" HPOS="345" VPOS="1092" WIDTH="68" HEIGHT="27" WC="0.96" CONTENT="jemte"/><SP WIDTH="14" VPOS="1092" HPOS="413"/>
							<String ID="string_168" HPOS="427" VPOS="1091" WIDTH="174" HEIGHT="27" WC="0.95" CONTENT="föreskrifterna"/><SP WIDTH="19" VPOS="1091" HPOS="601"/>
							<String ID="string_169" HPOS="620" VPOS="1091" WIDTH="8" HEIGHT="20" WC="0.96" CONTENT="i"/><SP WIDTH="18" VPOS="1091" HPOS="628"/>
							<String ID="string_170" HPOS="646" VPOS="1091" WIDTH="71" HEIGHT="21" WC="0.96" CONTENT="denna"/><SP WIDTH="14" VPOS="1091" HPOS="717"/>
							<String ID="string_171" HPOS="731" VPOS="1091" WIDTH="138" HEIGHT="28" WC="0.96" CONTENT="förordning"/>
						</TextLine>
						<TextLine ID="line_27" HPOS="186" VPOS="1125" WIDTH="682" HEIGHT="28">
							<String ID="string_172" HPOS="186" VPOS="1127" WIDTH="58" HEIGHT="26" WC="0.94" CONTENT="tjena"/><SP WIDTH="20" VPOS="1127" HPOS="244"/>
							<String ID="string_173" HPOS="264" VPOS="1126" WIDTH="34" HEIGHT="21" WC="0.92" CONTENT="till"/><SP WIDTH="20" VPOS="1126" HPOS="298"/>
							<String ID="string_174" HPOS="318" VPOS="1125" WIDTH="144" HEIGHT="28" WC="0.90" CONTENT="efterrättelse"/><SP WIDTH="18" VPOS="1125" HPOS="462"/>
							<String ID="string_175" HPOS="480" VPOS="1125" WIDTH="37" HEIGHT="21" WC="0.96" CONTENT="vid"/><SP WIDTH="14" VPOS="1125" HPOS="517"/>
							<String ID="string_176" HPOS="531" VPOS="1125" WIDTH="108" HEIGHT="28" WC="0.95" CONTENT="flottning"/><SP WIDTH="18" VPOS="1125" HPOS="639"/>
							<String ID="string_177" HPOS="657" VPOS="1126" WIDTH="8" HEIGHT="19" WC="0.96" CONTENT="i"/><SP WIDTH="19" VPOS="1126" HPOS="665"/>
							<String ID="string_178" HPOS="684" VPOS="1125" WIDTH="34" HEIGHT="21" WC="0.96" CONTENT="det"/><SP WIDTH="15" VPOS="1125" HPOS="718"/>
							<String ID="string_179" HPOS="733" VPOS="1126" WIDTH="135" HEIGHT="27" WC="0.95" CONTENT="vattendrag,"/>
						</TextLine>
						<TextLine ID="line_28" HPOS="185" VPOS="1159" WIDTH="684" HEIGHT="28">
							<String ID="string_180" HPOS="185" VPOS="1167" WIDTH="45" HEIGHT="14" WC="0.96" CONTENT="som"/><SP WIDTH="18" VPOS="1167" HPOS="230"/>
							<String ID="string_181" HPOS="248" VPOS="1160" WIDTH="94" HEIGHT="27" WC="0.96" CONTENT="utslaget"/><SP WIDTH="19" VPOS="1160" HPOS="342"/>
							<String ID="string_182" HPOS="361" VPOS="1159" WIDTH="112" HEIGHT="27" WC="0.94" CONTENT="omfattar."/><SP WIDTH="34" VPOS="1159" HPOS="473"/>
							<String ID="string_183" HPOS="507" VPOS="1159" WIDTH="37" HEIGHT="21" WC="0.95" CONTENT="Då"/><SP WIDTH="17" VPOS="1159" HPOS="544"/>
							<String ID="string_184" HPOS="561" VPOS="1159" WIDTH="137" HEIGHT="26" WC="0.96" CONTENT="förändrade"/><SP WIDTH="12" VPOS="1159" HPOS="698"/>
							<String ID="string_185" HPOS="710" VPOS="1159" WIDTH="159" HEIGHT="27" WC="0.96" CONTENT="förhållanden"/>
						</TextLine>
						<TextLine ID="line_29" HPOS="185" VPOS="1193" WIDTH="684" HEIGHT="28">
							<String ID="string_186" HPOS="185" VPOS="1194" WIDTH="81" HEIGHT="20" WC="0.96" CONTENT="sådant"/><SP WIDTH="20" VPOS="1194" HPOS="266"/>
							<String ID="string_187" HPOS="286" VPOS="1193" WIDTH="100" HEIGHT="28" WC="0.96" CONTENT="påkalla,"/><SP WIDTH="15" VPOS="1193" HPOS="386"/>
							<String ID="string_188" HPOS="401" VPOS="1194" WIDTH="36" HEIGHT="20" WC="0.96" CONTENT="mä"/><SP WIDTH="16" VPOS="1194" HPOS="437"/>
							<String ID="string_189" HPOS="453" VPOS="1200" WIDTH="28" HEIGHT="20" WC="0.96" CONTENT="ny"/><SP WIDTH="19" VPOS="1200" HPOS="481"/>
							<String ID="string_190" HPOS="500" VPOS="1193" WIDTH="160" HEIGHT="27" WC="0.96" CONTENT="undersökning"/><SP WIDTH="23" VPOS="1193" HPOS="660"/>
							<String ID="string_191" HPOS="683" VPOS="1193" WIDTH="28" HEIGHT="27" WC="0.93" CONTENT="af"/><SP WIDTH="15" VPOS="1193" HPOS="711"/>
							<String ID="string_192" HPOS="726" VPOS="1194" WIDTH="143" HEIGHT="26" WC="0.90" CONTENT="flottlederna"/>
						</TextLine>
						<TextLine ID="line_30" HPOS="185" VPOS="1226" WIDTH="685" HEIGHT="30">
							<String ID="string_193" HPOS="185" VPOS="1228" WIDTH="53" HEIGHT="21" WC="0.83" CONTENT="eller"/><SP WIDTH="28" VPOS="1228" HPOS="238"/>
							<String ID="string_194" HPOS="266" VPOS="1228" WIDTH="62" HEIGHT="21" WC="0.83" CONTENT="delar"/><SP WIDTH="26" VPOS="1228" HPOS="328"/>
							<String ID="string_195" HPOS="354" VPOS="1227" WIDTH="68" HEIGHT="28" WC="0.91" CONTENT="deraf"/><SP WIDTH="20" VPOS="1227" HPOS="422"/>
							<String ID="string_196" HPOS="442" VPOS="1227" WIDTH="107" HEIGHT="28" WC="0.92" CONTENT="vidtagas,"/><SP WIDTH="26" VPOS="1227" HPOS="549"/>
							<String ID="string_197" HPOS="575" VPOS="1226" WIDTH="37" HEIGHT="22" WC="0.93" CONTENT="och"/><SP WIDTH="25" VPOS="1226" HPOS="612"/>
							<String ID="string_198" HPOS="637" VPOS="1228" WIDTH="72" HEIGHT="27" WC="0.89" CONTENT="utslag"/><SP WIDTH="25" VPOS="1228" HPOS="709"/>
							<String ID="string_199" HPOS="734" VPOS="1235" WIDTH="44" HEIGHT="14" WC="0.92" CONTENT="som"/><SP WIDTH="24" VPOS="1235" HPOS="778"/>
							<String ID="string_200" HPOS="802" VPOS="1228" WIDTH="68" HEIGHT="28" WC="0.91" CONTENT="derpä"/>
						</TextLine>
						<TextLine ID="line_31" HPOS="185" VPOS="1261" WIDTH="685" HEIGHT="29">
							<String ID="string_201" HPOS="185" VPOS="1262" WIDTH="99" HEIGHT="28" WC="0.92" CONTENT="grundas"/><SP WIDTH="24" VPOS="1262" HPOS="284"/>
							<String ID="string_202" HPOS="308" VPOS="1262" WIDTH="60" HEIGHT="21" WC="0.95" CONTENT="skola"/><SP WIDTH="26" VPOS="1262" HPOS="368"/>
							<String ID="string_203" HPOS="394" VPOS="1262" WIDTH="66" HEIGHT="21" WC="0.92" CONTENT="sedan"/><SP WIDTH="26" VPOS="1262" HPOS="460"/>
							<String ID="string_204" HPOS="486" VPOS="1262" WIDTH="60" HEIGHT="27" WC="0.91" CONTENT="tjena"/><SP WIDTH="25" VPOS="1262" HPOS="546"/>
							<String ID="string_205" HPOS="571" VPOS="1262" WIDTH="36" HEIGHT="21" WC="0.93" CONTENT="till"/><SP WIDTH="24" VPOS="1262" HPOS="607"/>
							<String ID="string_206" HPOS="631" VPOS="1261" WIDTH="148" HEIGHT="28" WC="0.90" CONTENT="efterrättelse,"/><SP WIDTH="20" VPOS="1261" HPOS="779"/>
							<String ID="string_207" HPOS="799" VPOS="1263" WIDTH="71" HEIGHT="20" WC="0.91" CONTENT="säsom"/>
						</TextLine>
						<TextLine ID="line_32" HPOS="185" VPOS="1297" WIDTH="113" HEIGHT="27">
							<String ID="string_208" HPOS="185" VPOS="1297" WIDTH="64" HEIGHT="27" WC="0.92" CONTENT="sagdt"/><SP WIDTH="16" VPOS="1297" HPOS="249"/>
							<String ID="string_209" HPOS="265" VPOS="1299" WIDTH="33" HEIGHT="18" WC="0.96" CONTENT="är."/>
						</TextLine>
					</TextBlock>
					<TextBlock ID="block_6" HPOS="180" VPOS="1329" WIDTH="689" HEIGHT="164">
						<TextLine ID="line_33" HPOS="256" VPOS="1329" WIDTH="613" HEIGHT="28">
							<String ID="string_210" HPOS="256" VPOS="1330" WIDTH="38" HEIGHT="21" WC="0.93" CONTENT="Om"/><SP WIDTH="16" VPOS="1330" HPOS="294"/>
							<String ID="string_211" HPOS="310" VPOS="1330" WIDTH="84" HEIGHT="21" WC="0.91" CONTENT="enskild"/><SP WIDTH="16" VPOS="1330" HPOS="394"/>
							<String ID="string_212" HPOS="410" VPOS="1336" WIDTH="81" HEIGHT="21" WC="0.96" CONTENT="person"/><SP WIDTH="18" VPOS="1336" HPOS="491"/>
							<String ID="string_213" HPOS="509" VPOS="1329" WIDTH="93" HEIGHT="21" WC="0.96" CONTENT="ansöker"/><SP WIDTH="14" VPOS="1329" HPOS="602"/>
							<String ID="string_214" HPOS="616" VPOS="1331" WIDTH="33" HEIGHT="19" WC="0.96" CONTENT="att"/><SP WIDTH="11" VPOS="1331" HPOS="649"/>
							<String ID="string_215" HPOS="660" VPOS="1331" WIDTH="32" HEIGHT="26" WC="0.96" CONTENT="pä"/><SP WIDTH="15" VPOS="1331" HPOS="692"/>
							<String ID="string_216" HPOS="707" VPOS="1331" WIDTH="73" HEIGHT="26" WC="0.95" CONTENT="grund"/><SP WIDTH="15" VPOS="1331" HPOS="780"/>
							<String ID="string_217" HPOS="795" VPOS="1331" WIDTH="30" HEIGHT="26" WC="0.93" CONTENT="af"/><SP WIDTH="11" VPOS="1331" HPOS="825"/>
							<String ID="string_218" HPOS="836" VPOS="1333" WIDTH="33" HEIGHT="18" WC="0.92" CONTENT="ut-"/>
						</TextLine>
						<TextLine ID="line_34" HPOS="184" VPOS="1363" WIDTH="685" HEIGHT="29">
							<String ID="string_219" HPOS="184" VPOS="1365" WIDTH="48" HEIGHT="27" WC="0.96" CONTENT="slag"/><SP WIDTH="11" VPOS="1365" HPOS="232"/>
							<String ID="string_220" HPOS="243" VPOS="1365" WIDTH="37" HEIGHT="26" WC="0.96" CONTENT="få,"/><SP WIDTH="16" VPOS="1365" HPOS="280"/>
							<String ID="string_221" HPOS="296" VPOS="1365" WIDTH="69" HEIGHT="20" WC="0.96" CONTENT="innan"/><SP WIDTH="15" VPOS="1365" HPOS="365"/>
							<String ID="string_222" HPOS="380" VPOS="1364" WIDTH="118" HEIGHT="21" WC="0.95" CONTENT="detsamma"/><SP WIDTH="15" VPOS="1364" HPOS="498"/>
							<String ID="string_223" HPOS="513" VPOS="1364" WIDTH="76" HEIGHT="20" WC="0.95" CONTENT="vunnit"/><SP WIDTH="15" VPOS="1364" HPOS="589"/>
							<String ID="string_224" HPOS="604" VPOS="1363" WIDTH="51" HEIGHT="28" WC="0.96" CONTENT="laga"/><SP WIDTH="15" VPOS="1363" HPOS="655"/>
							<String ID="string_225" HPOS="670" VPOS="1363" WIDTH="67" HEIGHT="26" WC="0.93" CONTENT="kraft,"/><SP WIDTH="15" VPOS="1363" HPOS="737"/>
							<String ID="string_226" HPOS="752" VPOS="1364" WIDTH="117" HEIGHT="21" WC="0.96" CONTENT="verkställa"/>
						</TextLine>
						<TextLine ID="line_35" HPOS="180" VPOS="1397" WIDTH="689" HEIGHT="29">
							<String ID="string_227" HPOS="180" VPOS="1399" WIDTH="114" HEIGHT="27" WC="0.68" CONTENT="flottning,"/><SP WIDTH="15" VPOS="1399" HPOS="294"/>
							<String ID="string_228" HPOS="309" VPOS="1399" WIDTH="35" HEIGHT="20" WC="0.96" CONTENT="må"/><SP WIDTH="16" VPOS="1399" HPOS="344"/>
							<String ID="string_229" HPOS="360" VPOS="1398" WIDTH="80" HEIGHT="20" WC="0.96" CONTENT="sådant"/><SP WIDTH="16" VPOS="1398" HPOS="440"/>
							<String ID="string_230" HPOS="456" VPOS="1398" WIDTH="91" HEIGHT="25" WC="0.96" CONTENT="tillåtas,"/><SP WIDTH="21" VPOS="1398" HPOS="547"/>
							<String ID="string_231" HPOS="568" VPOS="1397" WIDTH="53" HEIGHT="27" WC="0.96" CONTENT="ifall"/><SP WIDTH="18" VPOS="1397" HPOS="621"/>
							<String ID="string_232" HPOS="639" VPOS="1397" WIDTH="109" HEIGHT="21" WC="0.96" CONTENT="sökanden"/><SP WIDTH="19" VPOS="1397" HPOS="748"/>
							<String ID="string_233" HPOS="767" VPOS="1398" WIDTH="37" HEIGHT="21" WC="0.93" CONTENT="hos"/><SP WIDTH="21" VPOS="1398" HPOS="804"/>
							<String ID="string_234" HPOS="825" VPOS="1398" WIDTH="44" HEIGHT="21" WC="0.92" CONTENT="Gu-"/>
						</TextLine>
						<TextLine ID="line_36" HPOS="184" VPOS="1431" WIDTH="684" HEIGHT="28">
							<String ID="string_235" HPOS="184" VPOS="1435" WIDTH="104" HEIGHT="18" WC="0.92" CONTENT="vernören"/><SP WIDTH="15" VPOS="1435" HPOS="288"/>
							<String ID="string_236" HPOS="303" VPOS="1432" WIDTH="76" HEIGHT="21" WC="0.95" CONTENT="ställer"/><SP WIDTH="15" VPOS="1432" HPOS="379"/>
							<String ID="string_237" HPOS="394" VPOS="1431" WIDTH="99" HEIGHT="22" WC="0.96" CONTENT="säkerhet"/><SP WIDTH="11" VPOS="1431" HPOS="493"/>
							<String ID="string_238" HPOS="504" VPOS="1431" WIDTH="42" HEIGHT="27" WC="0.96" CONTENT="för"/><SP WIDTH="15" VPOS="1431" HPOS="546"/>
							<String ID="string_239" HPOS="561" VPOS="1432" WIDTH="32" HEIGHT="21" WC="0.96" CONTENT="all"/><SP WIDTH="14" VPOS="1432" HPOS="593"/>
							<String ID="string_240" HPOS="607" VPOS="1432" WIDTH="41" HEIGHT="20" WC="0.96" CONTENT="den"/><SP WIDTH="13" VPOS="1432" HPOS="648"/>
							<String ID="string_241" HPOS="661" VPOS="1433" WIDTH="120" HEIGHT="26" WC="0.95" CONTENT="ersättning"/><SP WIDTH="10" VPOS="1433" HPOS="781"/>
							<String ID="string_242" HPOS="791" VPOS="1432" WIDTH="77" HEIGHT="21" WC="0.95" CONTENT="honom"/>
						</TextLine>
						<TextLine ID="line_37" HPOS="184" VPOS="1466" WIDTH="654" HEIGHT="27">
							<String ID="string_243" HPOS="184" VPOS="1468" WIDTH="44" HEIGHT="20" WC="0.93" CONTENT="kan"/><SP WIDTH="16" VPOS="1468" HPOS="228"/>
							<String ID="string_244" HPOS="244" VPOS="1467" WIDTH="116" HEIGHT="25" WC="0.90" CONTENT="ådömmas,"/><SP WIDTH="16" VPOS="1467" HPOS="360"/>
							<String ID="string_245" HPOS="376" VPOS="1466" WIDTH="8" HEIGHT="20" WC="0.96" CONTENT="i"/><SP WIDTH="14" VPOS="1466" HPOS="384"/>
							<String ID="string_246" HPOS="398" VPOS="1466" WIDTH="103" HEIGHT="21" WC="0.96" CONTENT="händelse"/><SP WIDTH="16" VPOS="1466" HPOS="501"/>
							<String ID="string_247" HPOS="517" VPOS="1467" WIDTH="96" HEIGHT="26" WC="0.96" CONTENT="ändring"/><SP WIDTH="15" VPOS="1467" HPOS="613"/>
							<String ID="string_248" HPOS="628" VPOS="1467" WIDTH="8" HEIGHT="19" WC="0.96" CONTENT="i"/><SP WIDTH="14" VPOS="1467" HPOS="636"/>
							<String ID="string_249" HPOS="650" VPOS="1466" WIDTH="94" HEIGHT="27" WC="0.96" CONTENT="utslaget"/><SP WIDTH="15" VPOS="1466" HPOS="744"/>
							<String ID="string_250" HPOS="759" VPOS="1467" WIDTH="79" HEIGHT="20" WC="0.96" CONTENT="vinnes."/>
						</TextLine>
					</TextBlock>
				</ComposedBlock>
				<GraphicalElement ID="cblock_3" HPOS="1064" VPOS="529" WIDTH="5" HEIGHT="328"></GraphicalElement >
			</PrintSpace>
		</Page>
	</Layout>
</alto>
