<?xml version="1.0" encoding="UTF-8"?>
<alto xmlns="http://www.loc.gov/standards/alto/ns-v3#" xmlns:xlink="http://www.w3.org/1999/xlink" xmlns:xsi="http://www.w3.org/2001/XMLSchema-instance" xsi:schemaLocation="http://www.loc.gov/standards/alto/ns-v3# http://www.loc.gov/alto/v3/alto-3-0.xsd">
	<Description>
		<MeasurementUnit>pixel</MeasurementUnit>
		<sourceImageInformation>
			<fileName>/tmp/tess_8ypwusq8_input.PNG</fileName>
		</sourceImageInformation>
		<OCRProcessing ID="OCR_0">
			<ocrProcessingStep>
				<processingSoftware>
					<softwareName>tesseract 5.3.4</softwareName>
				</processingSoftware>
			</ocrProcessingStep>
		</OCRProcessing>
	</Description>
	<Layout>
		<Page WIDTH="1070" HEIGHT="1786" PHYSICAL_IMG_NR="0" ID="page_0">
			<PrintSpace HPOS="0" VPOS="0" WIDTH="1070" HEIGHT="1786">
				<ComposedBlock ID="cblock_0" HPOS="805" VPOS="139" WIDTH="22" HEIGHT="17">
					<TextBlock ID="block_0" HPOS="805" VPOS="139" WIDTH="22" HEIGHT="17">
						<TextLine ID="line_0" HPOS="805" VPOS="139" WIDTH="22" HEIGHT="17">
							<String ID="string_0" HPOS="805" VPOS="139" WIDTH="22" HEIGHT="17" WC="0.96" CONTENT="41"/>
						</TextLine>
					</TextBlock>
				</ComposedBlock>
				<ComposedBlock ID="cblock_1" HPOS="108" VPOS="201" WIDTH="764" HEIGHT="1286">
					<TextBlock ID="block_1" HPOS="108" VPOS="201" WIDTH="755" HEIGHT="60">
						<TextLine ID="line_1" HPOS="108" VPOS="201" WIDTH="755" HEIGHT="26">
							<String ID="string_1" HPOS="108" VPOS="201" WIDTH="37" HEIGHT="20" WC="0.96" CONTENT="dra"/><SP WIDTH="23" VPOS="201" HPOS="145"/>
							<String ID="string_2" HPOS="168" VPOS="201" WIDTH="71" HEIGHT="20" WC="0.88" CONTENT="kunna"/><SP WIDTH="23" VPOS="201" HPOS="239"/>
							<String ID="string_3" HPOS="262" VPOS="201" WIDTH="96" HEIGHT="20" WC="0.88" CONTENT="beröfvas"/><SP WIDTH="18" VPOS="201" HPOS="358"/>
							<String ID="string_4" HPOS="376" VPOS="201" WIDTH="36" HEIGHT="20" WC="0.96" CONTENT="det"/><SP WIDTH="19" VPOS="201" HPOS="412"/>
							<String ID="string_5" HPOS="431" VPOS="201" WIDTH="76" HEIGHT="26" WC="0.93" CONTENT="skydd,"/><SP WIDTH="21" VPOS="201" HPOS="507"/>
							<String ID="string_6" HPOS="528" VPOS="201" WIDTH="99" HEIGHT="20" WC="0.92" CONTENT="hvarmed"/><SP WIDTH="19" VPOS="201" HPOS="627"/>
							<String ID="string_7" HPOS="646" VPOS="201" WIDTH="61" HEIGHT="26" WC="0.96" CONTENT="lagen"/><SP WIDTH="17" VPOS="201" HPOS="707"/>
							<String ID="string_8" HPOS="724" VPOS="201" WIDTH="6" HEIGHT="20" WC="0.96" CONTENT="i"/><SP WIDTH="17" VPOS="201" HPOS="730"/>
							<String ID="string_9" HPOS="747" VPOS="201" WIDTH="116" HEIGHT="20" WC="0.96" CONTENT="allmänhet"/>
						</TextLine>
						<TextLine ID="line_2" HPOS="110" VPOS="235" WIDTH="602" HEIGHT="26">
							<String ID="string_10" HPOS="110" VPOS="235" WIDTH="79" HEIGHT="26" WC="0.92" CONTENT="hägnar"/><SP WIDTH="15" VPOS="235" HPOS="189"/>
							<String ID="string_11" HPOS="204" VPOS="235" WIDTH="27" HEIGHT="20" WC="0.96" CONTENT="all"/><SP WIDTH="17" VPOS="235" HPOS="231"/>
							<String ID="string_12" HPOS="248" VPOS="235" WIDTH="55" HEIGHT="26" WC="0.95" CONTENT="slags"/><SP WIDTH="16" VPOS="235" HPOS="303"/>
							<String ID="string_13" HPOS="319" VPOS="235" WIDTH="103" HEIGHT="26" WC="0.96" CONTENT="egendom"/><SP WIDTH="18" VPOS="235" HPOS="422"/>
							<String ID="string_14" HPOS="440" VPOS="237" WIDTH="57" HEIGHT="18" WC="0.96" CONTENT="emot"/><SP WIDTH="16" VPOS="237" HPOS="497"/>
							<String ID="string_15" HPOS="513" VPOS="235" WIDTH="78" HEIGHT="20" WC="0.96" CONTENT="skador"/><SP WIDTH="15" VPOS="235" HPOS="591"/>
							<String ID="string_16" HPOS="606" VPOS="235" WIDTH="22" HEIGHT="20" WC="0.96" CONTENT="af"/><SP WIDTH="13" VPOS="235" HPOS="628"/>
							<String ID="string_17" HPOS="641" VPOS="235" WIDTH="71" HEIGHT="20" WC="0.96" CONTENT="andra."/>
						</TextLine>
					</TextBlock>
					<TextBlock ID="block_2" HPOS="111" VPOS="269" WIDTH="756" HEIGHT="707">
						<TextLine ID="line_3" HPOS="178" VPOS="269" WIDTH="685" HEIGHT="26">
							<String ID="string_18" HPOS="178" VPOS="270" WIDTH="32" HEIGHT="19" WC="0.96" CONTENT="Då"/><SP WIDTH="21" VPOS="270" HPOS="210"/>
							<String ID="string_19" HPOS="231" VPOS="269" WIDTH="73" HEIGHT="26" WC="0.96" CONTENT="frågan"/><SP WIDTH="24" VPOS="269" HPOS="304"/>
							<String ID="string_20" HPOS="328" VPOS="269" WIDTH="52" HEIGHT="19" WC="0.96" CONTENT="huru"/><SP WIDTH="23" VPOS="269" HPOS="380"/>
							<String ID="string_21" HPOS="403" VPOS="269" WIDTH="40" HEIGHT="19" WC="0.96" CONTENT="den"/><SP WIDTH="24" VPOS="269" HPOS="443"/>
							<String ID="string_22" HPOS="467" VPOS="269" WIDTH="126" HEIGHT="26" WC="0.95" CONTENT="ersättning,"/><SP WIDTH="18" VPOS="269" HPOS="593"/>
							<String ID="string_23" HPOS="611" VPOS="275" WIDTH="44" HEIGHT="14" WC="0.96" CONTENT="som"/><SP WIDTH="24" VPOS="275" HPOS="655"/>
							<String ID="string_24" HPOS="679" VPOS="269" WIDTH="41" HEIGHT="20" WC="0.95" CONTENT="kan"/><SP WIDTH="24" VPOS="269" HPOS="720"/>
							<String ID="string_25" HPOS="744" VPOS="269" WIDTH="119" HEIGHT="20" WC="0.95" CONTENT="tillkomma"/>
						</TextLine>
						<TextLine ID="line_4" HPOS="111" VPOS="302" WIDTH="751" HEIGHT="26">
							<String ID="string_26" HPOS="111" VPOS="303" WIDTH="79" HEIGHT="19" WC="0.91" CONTENT="strand-"/><SP WIDTH="16" VPOS="303" HPOS="190"/>
							<String ID="string_27" HPOS="206" VPOS="303" WIDTH="40" HEIGHT="20" WC="0.93" CONTENT="och"/><SP WIDTH="16" VPOS="303" HPOS="246"/>
							<String ID="string_28" HPOS="262" VPOS="302" WIDTH="136" HEIGHT="20" WC="0.91" CONTENT="fiskevattens"/><SP WIDTH="15" VPOS="302" HPOS="398"/>
							<String ID="string_29" HPOS="413" VPOS="309" WIDTH="71" HEIGHT="19" WC="0.92" CONTENT="egare,"/><SP WIDTH="17" VPOS="309" HPOS="484"/>
							<String ID="string_30" HPOS="501" VPOS="302" WIDTH="31" HEIGHT="20" WC="0.93" CONTENT="för"/><SP WIDTH="16" VPOS="302" HPOS="532"/>
							<String ID="string_31" HPOS="548" VPOS="302" WIDTH="64" HEIGHT="20" WC="0.92" CONTENT="timad"/><SP WIDTH="13" VPOS="302" HPOS="612"/>
							<String ID="string_32" HPOS="625" VPOS="302" WIDTH="72" HEIGHT="26" WC="0.96" CONTENT="skada,"/><SP WIDTH="12" VPOS="302" HPOS="697"/>
							<String ID="string_33" HPOS="709" VPOS="302" WIDTH="53" HEIGHT="20" WC="0.92" CONTENT="skall"/><SP WIDTH="11" VPOS="302" HPOS="762"/>
							<String ID="string_34" HPOS="773" VPOS="302" WIDTH="89" HEIGHT="20" WC="0.91" CONTENT="bestäm-"/>
						</TextLine>
						<TextLine ID="line_5" HPOS="113" VPOS="336" WIDTH="752" HEIGHT="26">
							<String ID="string_35" HPOS="113" VPOS="344" WIDTH="49" HEIGHT="18" WC="0.95" CONTENT="mas,"/><SP WIDTH="20" VPOS="344" HPOS="162"/>
							<String ID="string_36" HPOS="182" VPOS="337" WIDTH="38" HEIGHT="19" WC="0.96" CONTENT="och"/><SP WIDTH="23" VPOS="337" HPOS="220"/>
							<String ID="string_37" HPOS="243" VPOS="337" WIDTH="51" HEIGHT="19" WC="0.93" CONTENT="huru"/><SP WIDTH="25" VPOS="337" HPOS="294"/>
							<String ID="string_38" HPOS="319" VPOS="336" WIDTH="212" HEIGHT="26" WC="0.92" CONTENT="skadeersättningen"/><SP WIDTH="23" VPOS="336" HPOS="531"/>
							<String ID="string_39" HPOS="554" VPOS="336" WIDTH="54" HEIGHT="20" WC="0.95" CONTENT="skall"/><SP WIDTH="21" VPOS="336" HPOS="608"/>
							<String ID="string_40" HPOS="629" VPOS="336" WIDTH="135" HEIGHT="20" WC="0.95" CONTENT="säkerställas"/><SP WIDTH="23" VPOS="336" HPOS="764"/>
							<String ID="string_41" HPOS="787" VPOS="336" WIDTH="23" HEIGHT="20" WC="0.94" CONTENT="sä"/><SP WIDTH="25" VPOS="336" HPOS="810"/>
							<String ID="string_42" HPOS="835" VPOS="338" WIDTH="30" HEIGHT="18" WC="0.96" CONTENT="att"/>
						</TextLine>
						<TextLine ID="line_6" HPOS="112" VPOS="370" WIDTH="751" HEIGHT="27">
							<String ID="string_43" HPOS="112" VPOS="372" WIDTH="40" HEIGHT="19" WC="0.93" CONTENT="den"/><SP WIDTH="18" VPOS="372" HPOS="152"/>
							<String ID="string_44" HPOS="170" VPOS="371" WIDTH="121" HEIGHT="26" WC="0.91" CONTENT="verkeligen"/><SP WIDTH="17" VPOS="371" HPOS="291"/>
							<String ID="string_45" HPOS="308" VPOS="370" WIDTH="90" HEIGHT="26" WC="0.95" CONTENT="utfaller,"/><SP WIDTH="16" VPOS="370" HPOS="398"/>
							<String ID="string_46" HPOS="414" VPOS="372" WIDTH="47" HEIGHT="18" WC="0.92" CONTENT="utan"/><SP WIDTH="20" VPOS="372" HPOS="461"/>
							<String ID="string_47" HPOS="481" VPOS="370" WIDTH="73" HEIGHT="20" WC="0.92" CONTENT="tvifvel"/><SP WIDTH="17" VPOS="370" HPOS="554"/>
							<String ID="string_48" HPOS="571" VPOS="373" WIDTH="22" HEIGHT="17" WC="0.97" CONTENT="är"/><SP WIDTH="16" VPOS="373" HPOS="593"/>
							<String ID="string_49" HPOS="609" VPOS="370" WIDTH="40" HEIGHT="20" WC="0.96" CONTENT="den"/><SP WIDTH="17" VPOS="370" HPOS="649"/>
							<String ID="string_50" HPOS="666" VPOS="373" WIDTH="54" HEIGHT="17" WC="0.93" CONTENT="mest"/><SP WIDTH="19" VPOS="373" HPOS="720"/>
							<String ID="string_51" HPOS="739" VPOS="370" WIDTH="124" HEIGHT="26" WC="0.92" CONTENT="maktpålig-"/>
						</TextLine>
						<TextLine ID="line_7" HPOS="112" VPOS="404" WIDTH="753" HEIGHT="28">
							<String ID="string_52" HPOS="112" VPOS="406" WIDTH="69" HEIGHT="26" WC="0.94" CONTENT="gande"/><SP WIDTH="20" VPOS="406" HPOS="181"/>
							<String ID="string_53" HPOS="201" VPOS="405" WIDTH="23" HEIGHT="19" WC="0.96" CONTENT="af"/><SP WIDTH="15" VPOS="405" HPOS="224"/>
							<String ID="string_54" HPOS="239" VPOS="405" WIDTH="41" HEIGHT="19" WC="0.95" CONTENT="alla"/><SP WIDTH="18" VPOS="405" HPOS="280"/>
							<String ID="string_55" HPOS="298" VPOS="405" WIDTH="55" HEIGHT="25" WC="0.96" CONTENT="dem,"/><SP WIDTH="21" VPOS="405" HPOS="353"/>
							<String ID="string_56" HPOS="374" VPOS="411" WIDTH="44" HEIGHT="13" WC="0.96" CONTENT="som"/><SP WIDTH="20" VPOS="411" HPOS="418"/>
							<String ID="string_57" HPOS="438" VPOS="404" WIDTH="51" HEIGHT="20" WC="0.93" CONTENT="höra"/><SP WIDTH="20" VPOS="404" HPOS="489"/>
							<String ID="string_58" HPOS="509" VPOS="404" WIDTH="32" HEIGHT="20" WC="0.96" CONTENT="till"/><SP WIDTH="18" VPOS="404" HPOS="541"/>
							<String ID="string_59" HPOS="559" VPOS="404" WIDTH="140" HEIGHT="20" WC="0.95" CONTENT="förevarande"/><SP WIDTH="19" VPOS="404" HPOS="699"/>
							<String ID="string_60" HPOS="718" VPOS="407" WIDTH="68" HEIGHT="23" WC="0.95" CONTENT="ämne,"/><SP WIDTH="15" VPOS="407" HPOS="786"/>
							<String ID="string_61" HPOS="801" VPOS="404" WIDTH="64" HEIGHT="20" WC="0.96" CONTENT="hafva"/>
						</TextLine>
						<TextLine ID="line_8" HPOS="113" VPOS="438" WIDTH="750" HEIGHT="27">
							<String ID="string_62" HPOS="113" VPOS="439" WIDTH="117" HEIGHT="20" WC="0.89" CONTENT="Ständerna"/><SP WIDTH="22" VPOS="439" HPOS="230"/>
							<String ID="string_63" HPOS="252" VPOS="439" WIDTH="111" HEIGHT="26" WC="0.91" CONTENT="sluteligen"/><SP WIDTH="27" VPOS="439" HPOS="363"/>
							<String ID="string_64" HPOS="390" VPOS="439" WIDTH="46" HEIGHT="19" WC="0.96" CONTENT="bort"/><SP WIDTH="24" VPOS="439" HPOS="436"/>
							<String ID="string_65" HPOS="460" VPOS="438" WIDTH="21" HEIGHT="20" WC="0.95" CONTENT="åt"/><SP WIDTH="23" VPOS="438" HPOS="481"/>
							<String ID="string_66" HPOS="504" VPOS="439" WIDTH="122" HEIGHT="19" WC="0.96" CONTENT="densamma"/><SP WIDTH="22" VPOS="439" HPOS="626"/>
							<String ID="string_67" HPOS="648" VPOS="445" WIDTH="54" HEIGHT="20" WC="0.96" CONTENT="egna"/><SP WIDTH="23" VPOS="445" HPOS="702"/>
							<String ID="string_68" HPOS="725" VPOS="444" WIDTH="25" HEIGHT="14" WC="0.96" CONTENT="en"/><SP WIDTH="23" VPOS="444" HPOS="750"/>
							<String ID="string_69" HPOS="773" VPOS="438" WIDTH="90" HEIGHT="20" WC="0.96" CONTENT="särskild"/>
						</TextLine>
						<TextLine ID="line_9" HPOS="115" VPOS="472" WIDTH="750" HEIGHT="27">
							<String ID="string_70" HPOS="115" VPOS="473" WIDTH="192" HEIGHT="26" WC="0.91" CONTENT="uppmärksamhet."/><SP WIDTH="45" VPOS="473" HPOS="307"/>
							<String ID="string_71" HPOS="352" VPOS="472" WIDTH="34" HEIGHT="21" WC="0.94" CONTENT="Uti"/><SP WIDTH="30" VPOS="472" HPOS="386"/>
							<String ID="string_72" HPOS="416" VPOS="472" WIDTH="40" HEIGHT="20" WC="0.93" CONTENT="den"/><SP WIDTH="25" VPOS="472" HPOS="456"/>
							<String ID="string_73" HPOS="481" VPOS="472" WIDTH="84" HEIGHT="26" WC="0.93" CONTENT="Nädiga"/><SP WIDTH="26" VPOS="472" HPOS="565"/>
							<String ID="string_74" HPOS="591" VPOS="473" WIDTH="156" HEIGHT="26" WC="0.89" CONTENT="propositionen"/><SP WIDTH="31" VPOS="473" HPOS="747"/>
							<String ID="string_75" HPOS="778" VPOS="473" WIDTH="87" HEIGHT="19" WC="0.85" CONTENT="föreslås"/>
						</TextLine>
						<TextLine ID="line_10" HPOS="113" VPOS="506" WIDTH="751" HEIGHT="28">
							<String ID="string_76" HPOS="113" VPOS="510" WIDTH="30" HEIGHT="17" WC="0.92" CONTENT="att"/><SP WIDTH="19" VPOS="510" HPOS="143"/>
							<String ID="string_77" HPOS="162" VPOS="507" WIDTH="139" HEIGHT="27" WC="0.91" CONTENT="jordegarens"/><SP WIDTH="19" VPOS="507" HPOS="301"/>
							<String ID="string_78" HPOS="320" VPOS="509" WIDTH="42" HEIGHT="17" WC="0.96" CONTENT="rätt"/><SP WIDTH="19" VPOS="509" HPOS="362"/>
							<String ID="string_79" HPOS="381" VPOS="506" WIDTH="54" HEIGHT="20" WC="0.96" CONTENT="skall"/><SP WIDTH="22" VPOS="506" HPOS="435"/>
							<String ID="string_80" HPOS="457" VPOS="506" WIDTH="6" HEIGHT="20" WC="0.93" CONTENT="i"/><SP WIDTH="21" VPOS="506" HPOS="463"/>
							<String ID="string_81" HPOS="484" VPOS="506" WIDTH="65" HEIGHT="27" WC="0.91" CONTENT="sagde"/><SP WIDTH="23" VPOS="506" HPOS="549"/>
							<String ID="string_82" HPOS="572" VPOS="506" WIDTH="100" HEIGHT="20" WC="0.91" CONTENT="afseende"/><SP WIDTH="23" VPOS="506" HPOS="672"/>
							<String ID="string_83" HPOS="695" VPOS="507" WIDTH="112" HEIGHT="26" WC="0.92" CONTENT="betryggas"/><SP WIDTH="22" VPOS="507" HPOS="807"/>
							<String ID="string_84" HPOS="829" VPOS="513" WIDTH="35" HEIGHT="20" WC="0.92" CONTENT="ge-"/>
						</TextLine>
						<TextLine ID="line_11" HPOS="115" VPOS="540" WIDTH="750" HEIGHT="28">
							<String ID="string_85" HPOS="115" VPOS="548" WIDTH="47" HEIGHT="13" WC="0.91" CONTENT="nom"/><SP WIDTH="24" VPOS="548" HPOS="162"/>
							<String ID="string_86" HPOS="186" VPOS="541" WIDTH="70" HEIGHT="27" WC="0.91" CONTENT="päbud"/><SP WIDTH="26" VPOS="541" HPOS="256"/>
							<String ID="string_87" HPOS="282" VPOS="541" WIDTH="77" HEIGHT="25" WC="0.92" CONTENT="derom,"/><SP WIDTH="23" VPOS="541" HPOS="359"/>
							<String ID="string_88" HPOS="382" VPOS="542" WIDTH="31" HEIGHT="18" WC="0.93" CONTENT="att"/><SP WIDTH="23" VPOS="542" HPOS="413"/>
							<String ID="string_89" HPOS="436" VPOS="540" WIDTH="111" HEIGHT="27" WC="0.91" CONTENT="samteliga"/><SP WIDTH="26" VPOS="540" HPOS="547"/>
							<String ID="string_90" HPOS="573" VPOS="540" WIDTH="133" HEIGHT="27" WC="0.91" CONTENT="virkesegare"/><SP WIDTH="23" VPOS="540" HPOS="706"/>
							<String ID="string_91" HPOS="729" VPOS="541" WIDTH="60" HEIGHT="20" WC="0.93" CONTENT="skola"/><SP WIDTH="22" VPOS="541" HPOS="789"/>
							<String ID="string_92" HPOS="811" VPOS="541" WIDTH="54" HEIGHT="19" WC="0.93" CONTENT="tvin-"/>
						</TextLine>
						<TextLine ID="line_12" HPOS="114" VPOS="575" WIDTH="751" HEIGHT="27">
							<String ID="string_93" HPOS="114" VPOS="582" WIDTH="37" HEIGHT="20" WC="0.94" CONTENT="gas"/><SP WIDTH="27" VPOS="582" HPOS="151"/>
							<String ID="string_94" HPOS="178" VPOS="576" WIDTH="31" HEIGHT="19" WC="0.94" CONTENT="till"/><SP WIDTH="26" VPOS="576" HPOS="209"/>
							<String ID="string_95" HPOS="235" VPOS="582" WIDTH="25" HEIGHT="13" WC="0.92" CONTENT="en"/><SP WIDTH="30" VPOS="582" HPOS="260"/>
							<String ID="string_96" HPOS="290" VPOS="575" WIDTH="132" HEIGHT="26" WC="0.90" CONTENT="bolagsartad"/><SP WIDTH="26" VPOS="575" HPOS="422"/>
							<String ID="string_97" HPOS="448" VPOS="575" WIDTH="98" HEIGHT="25" WC="0.93" CONTENT="förening"/><SP WIDTH="27" VPOS="575" HPOS="546"/>
							<String ID="string_98" HPOS="573" VPOS="575" WIDTH="39" HEIGHT="19" WC="0.79" CONTENT="och"/><SP WIDTH="29" VPOS="575" HPOS="612"/>
							<String ID="string_99" HPOS="641" VPOS="581" WIDTH="120" HEIGHT="20" WC="0.93" CONTENT="gemensam"/><SP WIDTH="30" VPOS="581" HPOS="761"/>
							<String ID="string_100" HPOS="791" VPOS="581" WIDTH="74" HEIGHT="14" WC="0.86" CONTENT="ansva-"/>
						</TextLine>
						<TextLine ID="line_13" HPOS="114" VPOS="608" WIDTH="752" HEIGHT="28">
							<String ID="string_101" HPOS="114" VPOS="610" WIDTH="69" HEIGHT="26" WC="0.92" CONTENT="righet"/><SP WIDTH="22" VPOS="610" HPOS="183"/>
							<String ID="string_102" HPOS="205" VPOS="610" WIDTH="32" HEIGHT="19" WC="0.93" CONTENT="för"/><SP WIDTH="23" VPOS="610" HPOS="237"/>
							<String ID="string_103" HPOS="260" VPOS="609" WIDTH="110" HEIGHT="20" WC="0.91" CONTENT="skadorne."/><SP WIDTH="36" VPOS="609" HPOS="370"/>
							<String ID="string_104" HPOS="406" VPOS="608" WIDTH="70" HEIGHT="20" WC="0.81" CONTENT="Ehuru"/><SP WIDTH="24" VPOS="608" HPOS="476"/>
							<String ID="string_105" HPOS="500" VPOS="608" WIDTH="99" HEIGHT="26" WC="0.95" CONTENT="flottning"/><SP WIDTH="22" VPOS="608" HPOS="599"/>
							<String ID="string_106" HPOS="621" VPOS="608" WIDTH="32" HEIGHT="20" WC="0.93" CONTENT="för"/><SP WIDTH="22" VPOS="608" HPOS="653"/>
							<String ID="string_107" HPOS="675" VPOS="615" WIDTH="120" HEIGHT="19" WC="0.86" CONTENT="gemensam"/><SP WIDTH="24" VPOS="615" HPOS="795"/>
							<String ID="string_108" HPOS="819" VPOS="609" WIDTH="47" HEIGHT="19" WC="0.92" CONTENT="räk-"/>
						</TextLine>
						<TextLine ID="line_14" HPOS="116" VPOS="642" WIDTH="749" HEIGHT="28">
							<String ID="string_109" HPOS="116" VPOS="643" WIDTH="50" HEIGHT="27" WC="0.96" CONTENT="ning"/><SP WIDTH="21" VPOS="643" HPOS="166"/>
							<String ID="string_110" HPOS="187" VPOS="644" WIDTH="6" HEIGHT="19" WC="0.92" CONTENT="i"/><SP WIDTH="25" VPOS="644" HPOS="193"/>
							<String ID="string_111" HPOS="218" VPOS="644" WIDTH="76" HEIGHT="26" WC="0.90" CONTENT="mänga"/><SP WIDTH="26" VPOS="644" HPOS="294"/>
							<String ID="string_112" HPOS="320" VPOS="642" WIDTH="36" HEIGHT="20" WC="0.96" CONTENT="fall"/><SP WIDTH="28" VPOS="642" HPOS="356"/>
							<String ID="string_113" HPOS="384" VPOS="642" WIDTH="41" HEIGHT="20" WC="0.96" CONTENT="kan"/><SP WIDTH="27" VPOS="642" HPOS="425"/>
							<String ID="string_114" HPOS="452" VPOS="648" WIDTH="49" HEIGHT="14" WC="0.91" CONTENT="vara"/><SP WIDTH="28" VPOS="648" HPOS="501"/>
							<String ID="string_115" HPOS="529" VPOS="642" WIDTH="133" HEIGHT="26" WC="0.91" CONTENT="fördelaktig,"/><SP WIDTH="23" VPOS="642" HPOS="662"/>
							<String ID="string_116" HPOS="685" VPOS="649" WIDTH="63" HEIGHT="20" WC="0.92" CONTENT="synes"/><SP WIDTH="22" VPOS="649" HPOS="748"/>
							<String ID="string_117" HPOS="770" VPOS="643" WIDTH="35" HEIGHT="19" WC="0.93" CONTENT="det"/><SP WIDTH="22" VPOS="643" HPOS="805"/>
							<String ID="string_118" HPOS="827" VPOS="642" WIDTH="38" HEIGHT="20" WC="0.93" CONTENT="lik-"/>
						</TextLine>
						<TextLine ID="line_15" HPOS="117" VPOS="676" WIDTH="749" HEIGHT="27">
							<String ID="string_119" HPOS="117" VPOS="678" WIDTH="32" HEIGHT="19" WC="0.91" CONTENT="väl"/><SP WIDTH="23" VPOS="678" HPOS="149"/>
							<String ID="string_120" HPOS="172" VPOS="678" WIDTH="48" HEIGHT="20" WC="0.91" CONTENT="icke"/><SP WIDTH="28" VPOS="678" HPOS="220"/>
							<String ID="string_121" HPOS="248" VPOS="684" WIDTH="50" HEIGHT="13" WC="0.93" CONTENT="vara"/><SP WIDTH="22" VPOS="684" HPOS="298"/>
							<String ID="string_122" HPOS="320" VPOS="676" WIDTH="78" HEIGHT="26" WC="0.92" CONTENT="skäligt"/><SP WIDTH="22" VPOS="676" HPOS="398"/>
							<String ID="string_123" HPOS="420" VPOS="676" WIDTH="39" HEIGHT="20" WC="0.93" CONTENT="och"/><SP WIDTH="24" VPOS="676" HPOS="459"/>
							<String ID="string_124" HPOS="483" VPOS="676" WIDTH="111" HEIGHT="26" WC="0.90" CONTENT="gagneligt"/><SP WIDTH="21" VPOS="676" HPOS="594"/>
							<String ID="string_125" HPOS="615" VPOS="678" WIDTH="30" HEIGHT="18" WC="0.93" CONTENT="att"/><SP WIDTH="23" VPOS="678" HPOS="645"/>
							<String ID="string_126" HPOS="668" VPOS="676" WIDTH="139" HEIGHT="27" WC="0.91" CONTENT="ovilkorligen"/><SP WIDTH="23" VPOS="676" HPOS="807"/>
							<String ID="string_127" HPOS="830" VPOS="677" WIDTH="36" HEIGHT="26" WC="0.91" CONTENT="pä-"/>
						</TextLine>
						<TextLine ID="line_16" HPOS="118" VPOS="710" WIDTH="749" HEIGHT="28">
							<String ID="string_128" HPOS="118" VPOS="712" WIDTH="62" HEIGHT="26" WC="0.89" CONTENT="bjuda"/><SP WIDTH="26" VPOS="712" HPOS="180"/>
							<String ID="string_129" HPOS="206" VPOS="712" WIDTH="80" HEIGHT="25" WC="0.89" CONTENT="sädant,"/><SP WIDTH="25" VPOS="712" HPOS="286"/>
							<String ID="string_130" HPOS="311" VPOS="711" WIDTH="55" HEIGHT="19" WC="0.96" CONTENT="helst"/><SP WIDTH="26" VPOS="711" HPOS="366"/>
							<String ID="string_131" HPOS="392" VPOS="710" WIDTH="40" HEIGHT="20" WC="0.93" CONTENT="den"/><SP WIDTH="27" VPOS="710" HPOS="432"/>
							<String ID="string_132" HPOS="459" VPOS="710" WIDTH="161" HEIGHT="27" WC="0.91" CONTENT="ifrägavarande"/><SP WIDTH="22" VPOS="710" HPOS="620"/>
							<String ID="string_133" HPOS="642" VPOS="711" WIDTH="92" HEIGHT="19" WC="0.90" CONTENT="rörelsen"/><SP WIDTH="25" VPOS="711" HPOS="734"/>
							<String ID="string_134" HPOS="759" VPOS="711" WIDTH="108" HEIGHT="19" WC="0.92" CONTENT="härstädes"/>
						</TextLine>
						<TextLine ID="line_17" HPOS="117" VPOS="744" WIDTH="750" HEIGHT="28">
							<String ID="string_135" HPOS="117" VPOS="749" WIDTH="53" HEIGHT="17" WC="0.56" CONTENT="ännu"/><SP WIDTH="16" VPOS="749" HPOS="170"/>
							<String ID="string_136" HPOS="186" VPOS="746" WIDTH="54" HEIGHT="26" WC="0.96" CONTENT="icke,"/><SP WIDTH="17" VPOS="746" HPOS="240"/>
							<String ID="string_137" HPOS="257" VPOS="746" WIDTH="67" HEIGHT="20" WC="0.96" CONTENT="såsom"/><SP WIDTH="16" VPOS="746" HPOS="324"/>
							<String ID="string_138" HPOS="340" VPOS="746" WIDTH="7" HEIGHT="19" WC="0.93" CONTENT="i"/><SP WIDTH="17" VPOS="746" HPOS="347"/>
							<String ID="string_139" HPOS="364" VPOS="745" WIDTH="64" HEIGHT="26" WC="0.96" CONTENT="några"/><SP WIDTH="20" VPOS="745" HPOS="428"/>
							<String ID="string_140" HPOS="448" VPOS="745" WIDTH="66" HEIGHT="19" WC="0.96" CONTENT="andra"/><SP WIDTH="19" VPOS="745" HPOS="514"/>
							<String ID="string_141" HPOS="533" VPOS="745" WIDTH="80" HEIGHT="25" WC="0.93" CONTENT="länder,"/><SP WIDTH="20" VPOS="745" HPOS="613"/>
							<String ID="string_142" HPOS="633" VPOS="744" WIDTH="69" HEIGHT="20" WC="0.96" CONTENT="blifvit"/><SP WIDTH="15" VPOS="744" HPOS="702"/>
							<String ID="string_143" HPOS="717" VPOS="745" WIDTH="105" HEIGHT="26" WC="0.93" CONTENT="praktiskt"/><SP WIDTH="15" VPOS="745" HPOS="822"/>
							<String ID="string_144" HPOS="837" VPOS="747" WIDTH="30" HEIGHT="17" WC="0.92" CONTENT="ut-"/>
						</TextLine>
						<TextLine ID="line_18" HPOS="118" VPOS="778" WIDTH="749" HEIGHT="28">
							<String ID="string_145" HPOS="118" VPOS="780" WIDTH="69" HEIGHT="20" WC="0.90" CONTENT="bildad"/><SP WIDTH="16" VPOS="780" HPOS="187"/>
							<String ID="string_146" HPOS="203" VPOS="780" WIDTH="21" HEIGHT="20" WC="0.95" CONTENT="ät"/><SP WIDTH="16" VPOS="780" HPOS="224"/>
							<String ID="string_147" HPOS="240" VPOS="780" WIDTH="56" HEIGHT="20" WC="0.93" CONTENT="detta"/><SP WIDTH="20" VPOS="780" HPOS="296"/>
							<String ID="string_148" HPOS="316" VPOS="779" WIDTH="49" HEIGHT="26" WC="0.88" CONTENT="häll,"/><SP WIDTH="19" VPOS="779" HPOS="365"/>
							<String ID="string_149" HPOS="384" VPOS="779" WIDTH="30" HEIGHT="19" WC="0.96" CONTENT="till"/><SP WIDTH="22" VPOS="779" HPOS="414"/>
							<String ID="string_150" HPOS="436" VPOS="778" WIDTH="50" HEIGHT="27" WC="0.87" CONTENT="följd"/><SP WIDTH="21" VPOS="778" HPOS="486"/>
							<String ID="string_151" HPOS="507" VPOS="779" WIDTH="76" HEIGHT="19" WC="0.93" CONTENT="hvaraf"/><SP WIDTH="17" VPOS="779" HPOS="583"/>
							<String ID="string_152" HPOS="600" VPOS="780" WIDTH="30" HEIGHT="18" WC="0.93" CONTENT="ett"/><SP WIDTH="22" VPOS="780" HPOS="630"/>
							<String ID="string_153" HPOS="652" VPOS="779" WIDTH="114" HEIGHT="26" WC="0.91" CONTENT="tvingande"/><SP WIDTH="23" VPOS="779" HPOS="766"/>
							<String ID="string_154" HPOS="789" VPOS="779" WIDTH="78" HEIGHT="27" WC="0.91" CONTENT="lagbud"/>
						</TextLine>
						<TextLine ID="line_19" HPOS="117" VPOS="812" WIDTH="750" HEIGHT="28">
							<String ID="string_155" HPOS="117" VPOS="814" WIDTH="124" HEIGHT="20" WC="0.89" CONTENT="derutinnan"/><SP WIDTH="20" VPOS="814" HPOS="241"/>
							<String ID="string_156" HPOS="261" VPOS="814" WIDTH="26" HEIGHT="26" WC="0.93" CONTENT="pä"/><SP WIDTH="18" VPOS="814" HPOS="287"/>
							<String ID="string_157" HPOS="305" VPOS="814" WIDTH="53" HEIGHT="19" WC="0.92" CONTENT="intet"/><SP WIDTH="18" VPOS="814" HPOS="358"/>
							<String ID="string_158" HPOS="376" VPOS="813" WIDTH="31" HEIGHT="19" WC="0.96" CONTENT="vis"/><SP WIDTH="19" VPOS="813" HPOS="407"/>
							<String ID="string_159" HPOS="426" VPOS="812" WIDTH="42" HEIGHT="20" WC="0.96" CONTENT="kan"/><SP WIDTH="20" VPOS="812" HPOS="468"/>
							<String ID="string_160" HPOS="488" VPOS="819" WIDTH="61" HEIGHT="13" WC="0.96" CONTENT="anses"/><SP WIDTH="20" VPOS="819" HPOS="549"/>
							<String ID="string_161" HPOS="569" VPOS="819" WIDTH="49" HEIGHT="13" WC="0.93" CONTENT="vara"/><SP WIDTH="16" VPOS="819" HPOS="618"/>
							<String ID="string_162" HPOS="634" VPOS="813" WIDTH="98" HEIGHT="26" WC="0.92" CONTENT="befogadt"/><SP WIDTH="16" VPOS="813" HPOS="732"/>
							<String ID="string_163" HPOS="748" VPOS="813" WIDTH="51" HEIGHT="20" WC="0.93" CONTENT="eller"/><SP WIDTH="17" VPOS="813" HPOS="799"/>
							<String ID="string_164" HPOS="816" VPOS="816" WIDTH="51" HEIGHT="17" WC="0.93" CONTENT="mot-"/>
						</TextLine>
						<TextLine ID="line_20" HPOS="117" VPOS="847" WIDTH="748" HEIGHT="26">
							<String ID="string_165" HPOS="117" VPOS="855" WIDTH="60" HEIGHT="13" WC="0.88" CONTENT="svara"/><SP WIDTH="15" VPOS="855" HPOS="177"/>
							<String ID="string_166" HPOS="192" VPOS="851" WIDTH="30" HEIGHT="17" WC="0.95" CONTENT="ett"/><SP WIDTH="14" VPOS="851" HPOS="222"/>
							<String ID="string_167" HPOS="236" VPOS="848" WIDTH="24" HEIGHT="20" WC="0.96" CONTENT="af"/><SP WIDTH="14" VPOS="848" HPOS="260"/>
							<String ID="string_168" HPOS="274" VPOS="848" WIDTH="25" HEIGHT="20" WC="0.93" CONTENT="de"/><SP WIDTH="17" VPOS="848" HPOS="299"/>
							<String ID="string_169" HPOS="316" VPOS="847" WIDTH="113" HEIGHT="20" WC="0.92" CONTENT="bestäende"/><SP WIDTH="16" VPOS="847" HPOS="429"/>
							<String ID="string_170" HPOS="445" VPOS="847" WIDTH="160" HEIGHT="19" WC="0.91" CONTENT="förhällandena"/><SP WIDTH="16" VPOS="847" HPOS="605"/>
							<String ID="string_171" HPOS="621" VPOS="847" WIDTH="103" HEIGHT="26" WC="0.91" CONTENT="uppburet"/><SP WIDTH="13" VPOS="847" HPOS="724"/>
							<String ID="string_172" HPOS="737" VPOS="848" WIDTH="87" HEIGHT="19" WC="0.93" CONTENT="allmänt"/><SP WIDTH="11" VPOS="848" HPOS="824"/>
							<String ID="string_173" HPOS="835" VPOS="848" WIDTH="30" HEIGHT="19" WC="0.92" CONTENT="in-"/>
						</TextLine>
						<TextLine ID="line_21" HPOS="117" VPOS="880" WIDTH="750" HEIGHT="27">
							<String ID="string_174" HPOS="117" VPOS="885" WIDTH="71" HEIGHT="17" WC="0.83" CONTENT="tresse."/><SP WIDTH="30" VPOS="885" HPOS="188"/>
							<String ID="string_175" HPOS="218" VPOS="882" WIDTH="118" HEIGHT="20" WC="0.83" CONTENT="Ständerna"/><SP WIDTH="15" VPOS="882" HPOS="336"/>
							<String ID="string_176" HPOS="351" VPOS="888" WIDTH="51" HEIGHT="13" WC="0.96" CONTENT="anse"/><SP WIDTH="16" VPOS="888" HPOS="402"/>
							<String ID="string_177" HPOS="418" VPOS="881" WIDTH="32" HEIGHT="26" WC="0.93" CONTENT="sig"/><SP WIDTH="15" VPOS="881" HPOS="450"/>
							<String ID="string_178" HPOS="465" VPOS="880" WIDTH="83" HEIGHT="20" WC="0.93" CONTENT="derföre"/><SP WIDTH="17" VPOS="880" HPOS="548"/>
							<String ID="string_179" HPOS="565" VPOS="880" WIDTH="47" HEIGHT="20" WC="0.96" CONTENT="icke"/><SP WIDTH="18" VPOS="880" HPOS="612"/>
							<String ID="string_180" HPOS="630" VPOS="881" WIDTH="50" HEIGHT="19" WC="0.96" CONTENT="böra"/><SP WIDTH="14" VPOS="881" HPOS="680"/>
							<String ID="string_181" HPOS="694" VPOS="881" WIDTH="114" HEIGHT="26" WC="0.93" CONTENT="godkänna"/><SP WIDTH="12" VPOS="881" HPOS="808"/>
							<String ID="string_182" HPOS="820" VPOS="888" WIDTH="47" HEIGHT="19" WC="0.91" CONTENT="pro-"/>
						</TextLine>
						<TextLine ID="line_22" HPOS="118" VPOS="914" WIDTH="749" HEIGHT="28">
							<String ID="string_183" HPOS="118" VPOS="917" WIDTH="129" HEIGHT="25" WC="0.93" CONTENT="positionens"/><SP WIDTH="15" VPOS="917" HPOS="247"/>
							<String ID="string_184" HPOS="262" VPOS="916" WIDTH="55" HEIGHT="26" WC="0.96" CONTENT="syfte"/><SP WIDTH="15" VPOS="916" HPOS="317"/>
							<String ID="string_185" HPOS="332" VPOS="915" WIDTH="7" HEIGHT="20" WC="0.96" CONTENT="i"/><SP WIDTH="17" VPOS="915" HPOS="339"/>
							<String ID="string_186" HPOS="356" VPOS="915" WIDTH="69" HEIGHT="20" WC="0.96" CONTENT="denna"/><SP WIDTH="15" VPOS="915" HPOS="425"/>
							<String ID="string_187" HPOS="440" VPOS="914" WIDTH="41" HEIGHT="26" WC="0.96" CONTENT="del,"/><SP WIDTH="16" VPOS="914" HPOS="481"/>
							<String ID="string_188" HPOS="497" VPOS="914" WIDTH="54" HEIGHT="20" WC="0.96" CONTENT="helst"/><SP WIDTH="19" VPOS="914" HPOS="551"/>
							<String ID="string_189" HPOS="570" VPOS="914" WIDTH="41" HEIGHT="20" WC="0.91" CONTENT="den"/><SP WIDTH="21" VPOS="914" HPOS="611"/>
							<String ID="string_190" HPOS="632" VPOS="915" WIDTH="87" HEIGHT="19" WC="0.91" CONTENT="afsedda"/><SP WIDTH="22" VPOS="915" HPOS="719"/>
							<String ID="string_191" HPOS="741" VPOS="915" WIDTH="126" HEIGHT="20" WC="0.92" CONTENT="säkerheten"/>
						</TextLine>
						<TextLine ID="line_23" HPOS="119" VPOS="949" WIDTH="328" HEIGHT="27">
							<String ID="string_192" HPOS="119" VPOS="950" WIDTH="40" HEIGHT="20" WC="0.93" CONTENT="kan"/><SP WIDTH="18" VPOS="950" HPOS="159"/>
							<String ID="string_193" HPOS="177" VPOS="950" WIDTH="87" HEIGHT="20" WC="0.91" CONTENT="beredas"/><SP WIDTH="16" VPOS="950" HPOS="264"/>
							<String ID="string_194" HPOS="280" VPOS="949" WIDTH="27" HEIGHT="27" WC="0.96" CONTENT="pä"/><SP WIDTH="14" VPOS="949" HPOS="307"/>
							<String ID="string_195" HPOS="321" VPOS="951" WIDTH="65" HEIGHT="18" WC="0.96" CONTENT="annat"/><SP WIDTH="14" VPOS="951" HPOS="386"/>
							<String ID="string_196" HPOS="400" VPOS="951" WIDTH="47" HEIGHT="17" WC="0.96" CONTENT="sätt."/>
						</TextLine>
					</TextBlock>
					<TextBlock ID="block_3" HPOS="119" VPOS="982" WIDTH="752" HEIGHT="436">
						<TextLine ID="line_24" HPOS="186" VPOS="982" WIDTH="681" HEIGHT="27">
							<String ID="string_197" HPOS="186" VPOS="985" WIDTH="48" HEIGHT="19" WC="0.95" CONTENT="Men"/><SP WIDTH="19" VPOS="985" HPOS="234"/>
							<String ID="string_198" HPOS="253" VPOS="984" WIDTH="27" HEIGHT="19" WC="0.96" CONTENT="då"/><SP WIDTH="19" VPOS="984" HPOS="280"/>
							<String ID="string_199" HPOS="299" VPOS="984" WIDTH="40" HEIGHT="19" WC="0.93" CONTENT="den"/><SP WIDTH="21" VPOS="984" HPOS="339"/>
							<String ID="string_200" HPOS="360" VPOS="983" WIDTH="83" HEIGHT="26" WC="0.92" CONTENT="Nädiga"/><SP WIDTH="18" VPOS="983" HPOS="443"/>
							<String ID="string_201" HPOS="461" VPOS="982" WIDTH="157" HEIGHT="26" WC="0.93" CONTENT="propositionen"/><SP WIDTH="20" VPOS="982" HPOS="618"/>
							<String ID="string_202" HPOS="638" VPOS="982" WIDTH="102" HEIGHT="27" WC="0.92" CONTENT="derjemte"/><SP WIDTH="20" VPOS="982" HPOS="740"/>
							<String ID="string_203" HPOS="760" VPOS="986" WIDTH="38" HEIGHT="23" WC="0.93" CONTENT="gör"/><SP WIDTH="23" VPOS="986" HPOS="798"/>
							<String ID="string_204" HPOS="821" VPOS="983" WIDTH="46" HEIGHT="20" WC="0.91" CONTENT="ska-"/>
						</TextLine>
						<TextLine ID="line_25" HPOS="119" VPOS="1016" WIDTH="748" HEIGHT="27">
							<String ID="string_205" HPOS="119" VPOS="1018" WIDTH="51" HEIGHT="20" WC="0.93" CONTENT="dans"/><SP WIDTH="16" VPOS="1018" HPOS="170"/>
							<String ID="string_206" HPOS="186" VPOS="1018" WIDTH="119" HEIGHT="19" WC="0.92" CONTENT="ersättande"/><SP WIDTH="18" VPOS="1018" HPOS="305"/>
							<String ID="string_207" HPOS="323" VPOS="1017" WIDTH="106" HEIGHT="20" WC="0.92" CONTENT="beroende"/><SP WIDTH="17" VPOS="1017" HPOS="429"/>
							<String ID="string_208" HPOS="446" VPOS="1016" WIDTH="65" HEIGHT="25" WC="0.91" CONTENT="deraf,"/><SP WIDTH="16" VPOS="1016" HPOS="511"/>
							<String ID="string_209" HPOS="527" VPOS="1019" WIDTH="30" HEIGHT="16" WC="0.93" CONTENT="att"/><SP WIDTH="16" VPOS="1019" HPOS="557"/>
							<String ID="string_210" HPOS="573" VPOS="1017" WIDTH="157" HEIGHT="26" WC="0.91" CONTENT="strandegaren,"/><SP WIDTH="16" VPOS="1017" HPOS="730"/>
							<String ID="string_211" HPOS="746" VPOS="1017" WIDTH="63" HEIGHT="20" WC="0.96" CONTENT="sedan"/><SP WIDTH="18" VPOS="1017" HPOS="809"/>
							<String ID="string_212" HPOS="827" VPOS="1018" WIDTH="40" HEIGHT="19" WC="0.96" CONTENT="han"/>
						</TextLine>
						<TextLine ID="line_26" HPOS="119" VPOS="1050" WIDTH="749" HEIGHT="26">
							<String ID="string_213" HPOS="119" VPOS="1053" WIDTH="70" HEIGHT="18" WC="0.95" CONTENT="erfarit"/><SP WIDTH="24" VPOS="1053" HPOS="189"/>
							<String ID="string_214" HPOS="213" VPOS="1052" WIDTH="53" HEIGHT="19" WC="0.96" CONTENT="hvad"/><SP WIDTH="25" VPOS="1052" HPOS="266"/>
							<String ID="string_215" HPOS="291" VPOS="1051" WIDTH="39" HEIGHT="20" WC="0.93" CONTENT="han"/><SP WIDTH="24" VPOS="1051" HPOS="330"/>
							<String ID="string_216" HPOS="354" VPOS="1051" WIDTH="53" HEIGHT="24" WC="0.95" CONTENT="lidit,"/><SP WIDTH="19" VPOS="1051" HPOS="407"/>
							<String ID="string_217" HPOS="426" VPOS="1050" WIDTH="53" HEIGHT="19" WC="0.93" CONTENT="skall"/><SP WIDTH="26" VPOS="1050" HPOS="479"/>
							<String ID="string_218" HPOS="505" VPOS="1053" WIDTH="48" HEIGHT="23" WC="0.95" CONTENT="taga"/><SP WIDTH="22" VPOS="1053" HPOS="553"/>
							<String ID="string_219" HPOS="575" VPOS="1050" WIDTH="114" HEIGHT="20" WC="0.96" CONTENT="initiativet"/><SP WIDTH="21" VPOS="1050" HPOS="689"/>
							<String ID="string_220" HPOS="710" VPOS="1051" WIDTH="6" HEIGHT="19" WC="0.96" CONTENT="i"/><SP WIDTH="23" VPOS="1051" HPOS="716"/>
							<String ID="string_221" HPOS="739" VPOS="1051" WIDTH="63" HEIGHT="20" WC="0.96" CONTENT="saken"/><SP WIDTH="26" VPOS="1051" HPOS="802"/>
							<String ID="string_222" HPOS="828" VPOS="1051" WIDTH="40" HEIGHT="20" WC="0.96" CONTENT="och"/>
						</TextLine>
						<TextLine ID="line_27" HPOS="120" VPOS="1085" WIDTH="748" HEIGHT="26">
							<String ID="string_223" HPOS="120" VPOS="1086" WIDTH="115" HEIGHT="19" WC="0.92" CONTENT="framställa"/><SP WIDTH="22" VPOS="1086" HPOS="235"/>
							<String ID="string_224" HPOS="257" VPOS="1086" WIDTH="46" HEIGHT="19" WC="0.93" CONTENT="sina"/><SP WIDTH="21" VPOS="1086" HPOS="303"/>
							<String ID="string_225" HPOS="324" VPOS="1085" WIDTH="92" HEIGHT="26" WC="0.92" CONTENT="anspräk"/><SP WIDTH="16" VPOS="1085" HPOS="416"/>
							<String ID="string_226" HPOS="432" VPOS="1085" WIDTH="26" HEIGHT="25" WC="0.96" CONTENT="pä"/><SP WIDTH="16" VPOS="1085" HPOS="458"/>
							<String ID="string_227" HPOS="474" VPOS="1085" WIDTH="123" HEIGHT="25" WC="0.93" CONTENT="ersättning,"/><SP WIDTH="22" VPOS="1085" HPOS="597"/>
							<String ID="string_228" HPOS="619" VPOS="1091" WIDTH="50" HEIGHT="13" WC="0.92" CONTENT="anse"/><SP WIDTH="23" VPOS="1091" HPOS="669"/>
							<String ID="string_229" HPOS="692" VPOS="1085" WIDTH="117" HEIGHT="20" WC="0.90" CONTENT="Ständerna"/><SP WIDTH="19" VPOS="1085" HPOS="809"/>
							<String ID="string_230" HPOS="828" VPOS="1085" WIDTH="40" HEIGHT="20" WC="0.96" CONTENT="den"/>
						</TextLine>
						<TextLine ID="line_28" HPOS="120" VPOS="1119" WIDTH="750" HEIGHT="27">
							<String ID="string_231" HPOS="120" VPOS="1120" WIDTH="86" HEIGHT="19" WC="0.92" CONTENT="sälunda"/><SP WIDTH="16" VPOS="1120" HPOS="206"/>
							<String ID="string_232" HPOS="222" VPOS="1120" WIDTH="21" HEIGHT="19" WC="0.93" CONTENT="ät"/><SP WIDTH="15" VPOS="1120" HPOS="243"/>
							<String ID="string_233" HPOS="258" VPOS="1126" WIDTH="77" HEIGHT="20" WC="0.92" CONTENT="egaren"/><SP WIDTH="17" VPOS="1126" HPOS="335"/>
							<String ID="string_234" HPOS="352" VPOS="1120" WIDTH="22" HEIGHT="19" WC="0.96" CONTENT="af"/><SP WIDTH="14" VPOS="1120" HPOS="374"/>
							<String ID="string_235" HPOS="388" VPOS="1119" WIDTH="35" HEIGHT="20" WC="0.93" CONTENT="det"/><SP WIDTH="20" VPOS="1119" HPOS="423"/>
							<String ID="string_236" HPOS="443" VPOS="1119" WIDTH="86" HEIGHT="20" WC="0.91" CONTENT="flottade"/><SP WIDTH="22" VPOS="1119" HPOS="529"/>
							<String ID="string_237" HPOS="551" VPOS="1119" WIDTH="74" HEIGHT="26" WC="0.91" CONTENT="godset"/><SP WIDTH="23" VPOS="1119" HPOS="625"/>
							<String ID="string_238" HPOS="648" VPOS="1119" WIDTH="115" HEIGHT="20" WC="0.90" CONTENT="förunnade"/><SP WIDTH="23" VPOS="1119" HPOS="763"/>
							<String ID="string_239" HPOS="786" VPOS="1120" WIDTH="84" HEIGHT="25" WC="0.92" CONTENT="passiva"/>
						</TextLine>
						<TextLine ID="line_29" HPOS="119" VPOS="1153" WIDTH="750" HEIGHT="27">
							<String ID="string_240" HPOS="119" VPOS="1154" WIDTH="100" HEIGHT="26" WC="0.93" CONTENT="ställning"/><SP WIDTH="19" VPOS="1154" HPOS="219"/>
							<String ID="string_241" HPOS="238" VPOS="1153" WIDTH="47" HEIGHT="20" WC="0.92" CONTENT="icke"/><SP WIDTH="23" VPOS="1153" HPOS="285"/>
							<String ID="string_242" HPOS="308" VPOS="1153" WIDTH="188" HEIGHT="20" WC="0.88" CONTENT="öfverensstämma"/><SP WIDTH="27" VPOS="1153" HPOS="496"/>
							<String ID="string_243" HPOS="523" VPOS="1153" WIDTH="45" HEIGHT="19" WC="0.92" CONTENT="med"/><SP WIDTH="27" VPOS="1153" HPOS="568"/>
							<String ID="string_244" HPOS="595" VPOS="1153" WIDTH="87" HEIGHT="20" WC="0.91" CONTENT="rättvisa"/><SP WIDTH="22" VPOS="1153" HPOS="682"/>
							<String ID="string_245" HPOS="704" VPOS="1153" WIDTH="39" HEIGHT="20" WC="0.93" CONTENT="och"/><SP WIDTH="22" VPOS="1153" HPOS="743"/>
							<String ID="string_246" HPOS="765" VPOS="1153" WIDTH="104" HEIGHT="27" WC="0.91" CONTENT="billighet,"/>
						</TextLine>
						<TextLine ID="line_30" HPOS="119" VPOS="1187" WIDTH="750" HEIGHT="26">
							<String ID="string_247" HPOS="119" VPOS="1191" WIDTH="51" HEIGHT="16" WC="0.92" CONTENT="enär"/><SP WIDTH="16" VPOS="1191" HPOS="170"/>
							<String ID="string_248" HPOS="186" VPOS="1188" WIDTH="72" HEIGHT="18" WC="0.91" CONTENT="härvid"/><SP WIDTH="17" VPOS="1188" HPOS="258"/>
							<String ID="string_249" HPOS="275" VPOS="1187" WIDTH="46" HEIGHT="19" WC="0.90" CONTENT="icke"/><SP WIDTH="18" VPOS="1187" HPOS="321"/>
							<String ID="string_250" HPOS="339" VPOS="1187" WIDTH="88" HEIGHT="19" WC="0.92" CONTENT="förbises"/><SP WIDTH="17" VPOS="1187" HPOS="427"/>
							<String ID="string_251" HPOS="444" VPOS="1187" WIDTH="40" HEIGHT="19" WC="0.96" CONTENT="kan"/><SP WIDTH="17" VPOS="1187" HPOS="484"/>
							<String ID="string_252" HPOS="501" VPOS="1189" WIDTH="30" HEIGHT="17" WC="0.93" CONTENT="att"/><SP WIDTH="16" VPOS="1189" HPOS="531"/>
							<String ID="string_253" HPOS="547" VPOS="1187" WIDTH="151" HEIGHT="25" WC="0.93" CONTENT="strandegaren"/><SP WIDTH="13" VPOS="1187" HPOS="698"/>
							<String ID="string_254" HPOS="711" VPOS="1187" WIDTH="5" HEIGHT="19" WC="0.93" CONTENT="i"/><SP WIDTH="14" VPOS="1187" HPOS="716"/>
							<String ID="string_255" HPOS="730" VPOS="1187" WIDTH="71" HEIGHT="26" WC="0.91" CONTENT="hvarje"/><SP WIDTH="16" VPOS="1187" HPOS="801"/>
							<String ID="string_256" HPOS="817" VPOS="1188" WIDTH="52" HEIGHT="19" WC="0.88" CONTENT="hän-"/>
						</TextLine>
						<TextLine ID="line_31" HPOS="119" VPOS="1220" WIDTH="750" HEIGHT="29">
							<String ID="string_257" HPOS="119" VPOS="1221" WIDTH="57" HEIGHT="28" WC="0.92" CONTENT="delse"/><SP WIDTH="19" VPOS="1221" HPOS="176"/>
							<String ID="string_258" HPOS="195" VPOS="1224" WIDTH="23" HEIGHT="17" WC="0.95" CONTENT="är"/><SP WIDTH="20" VPOS="1224" HPOS="218"/>
							<String ID="string_259" HPOS="238" VPOS="1222" WIDTH="39" HEIGHT="19" WC="0.93" CONTENT="den"/><SP WIDTH="21" VPOS="1222" HPOS="277"/>
							<String ID="string_260" HPOS="298" VPOS="1221" WIDTH="144" HEIGHT="26" WC="0.92" CONTENT="uppoffrande,"/><SP WIDTH="21" VPOS="1221" HPOS="442"/>
							<String ID="string_261" HPOS="463" VPOS="1221" WIDTH="86" HEIGHT="20" WC="0.92" CONTENT="hvilken"/><SP WIDTH="19" VPOS="1221" HPOS="549"/>
							<String ID="string_262" HPOS="568" VPOS="1221" WIDTH="44" HEIGHT="20" WC="0.93" CONTENT="ofta"/><SP WIDTH="18" VPOS="1221" HPOS="612"/>
							<String ID="string_263" HPOS="630" VPOS="1220" WIDTH="48" HEIGHT="21" WC="0.91" CONTENT="icke"/><SP WIDTH="16" VPOS="1220" HPOS="678"/>
							<String ID="string_264" HPOS="694" VPOS="1227" WIDTH="36" HEIGHT="14" WC="0.96" CONTENT="ens"/><SP WIDTH="16" VPOS="1227" HPOS="730"/>
							<String ID="string_265" HPOS="746" VPOS="1228" WIDTH="75" HEIGHT="20" WC="0.93" CONTENT="genom"/><SP WIDTH="17" VPOS="1228" HPOS="821"/>
							<String ID="string_266" HPOS="838" VPOS="1228" WIDTH="31" HEIGHT="13" WC="0.93" CONTENT="er-"/>
						</TextLine>
						<TextLine ID="line_32" HPOS="120" VPOS="1255" WIDTH="749" HEIGHT="26">
							<String ID="string_267" HPOS="120" VPOS="1256" WIDTH="92" HEIGHT="25" WC="0.87" CONTENT="sättning"/><SP WIDTH="17" VPOS="1256" HPOS="212"/>
							<String ID="string_268" HPOS="229" VPOS="1256" WIDTH="31" HEIGHT="19" WC="0.93" CONTENT="för"/><SP WIDTH="20" VPOS="1256" HPOS="260"/>
							<String ID="string_269" HPOS="280" VPOS="1256" WIDTH="63" HEIGHT="19" WC="0.92" CONTENT="timad"/><SP WIDTH="21" VPOS="1256" HPOS="343"/>
							<String ID="string_270" HPOS="364" VPOS="1255" WIDTH="66" HEIGHT="20" WC="0.96" CONTENT="skada"/><SP WIDTH="21" VPOS="1255" HPOS="430"/>
							<String ID="string_271" HPOS="451" VPOS="1255" WIDTH="41" HEIGHT="20" WC="0.93" CONTENT="kan"/><SP WIDTH="23" VPOS="1255" HPOS="492"/>
							<String ID="string_272" HPOS="515" VPOS="1255" WIDTH="120" HEIGHT="26" WC="0.90" CONTENT="godtgöras,"/><SP WIDTH="19" VPOS="1255" HPOS="635"/>
							<String ID="string_273" HPOS="654" VPOS="1255" WIDTH="39" HEIGHT="20" WC="0.95" CONTENT="och"/><SP WIDTH="23" VPOS="1255" HPOS="693"/>
							<String ID="string_274" HPOS="716" VPOS="1258" WIDTH="30" HEIGHT="17" WC="0.91" CONTENT="att"/><SP WIDTH="21" VPOS="1258" HPOS="746"/>
							<String ID="string_275" HPOS="767" VPOS="1256" WIDTH="42" HEIGHT="19" WC="0.91" CONTENT="ifall"/><SP WIDTH="25" VPOS="1256" HPOS="809"/>
							<String ID="string_276" HPOS="834" VPOS="1263" WIDTH="35" HEIGHT="12" WC="0.90" CONTENT="un-"/>
						</TextLine>
						<TextLine ID="line_33" HPOS="121" VPOS="1289" WIDTH="748" HEIGHT="27">
							<String ID="string_277" HPOS="121" VPOS="1290" WIDTH="37" HEIGHT="19" WC="0.92" CONTENT="der"/><SP WIDTH="23" VPOS="1290" HPOS="158"/>
							<String ID="string_278" HPOS="181" VPOS="1289" WIDTH="75" HEIGHT="20" WC="0.88" CONTENT="sädant"/><SP WIDTH="23" VPOS="1289" HPOS="256"/>
							<String ID="string_279" HPOS="279" VPOS="1289" WIDTH="131" HEIGHT="20" WC="0.91" CONTENT="förhällande"/><SP WIDTH="20" VPOS="1289" HPOS="410"/>
							<String ID="string_280" HPOS="430" VPOS="1289" WIDTH="69" HEIGHT="27" WC="0.92" CONTENT="nägon"/><SP WIDTH="23" VPOS="1289" HPOS="499"/>
							<String ID="string_281" HPOS="522" VPOS="1290" WIDTH="47" HEIGHT="19" WC="0.96" CONTENT="med"/><SP WIDTH="21" VPOS="1290" HPOS="569"/>
							<String ID="string_282" HPOS="590" VPOS="1289" WIDTH="74" HEIGHT="20" WC="0.90" CONTENT="besvär"/><SP WIDTH="22" VPOS="1289" HPOS="664"/>
							<String ID="string_283" HPOS="686" VPOS="1289" WIDTH="126" HEIGHT="27" WC="0.90" CONTENT="förknippad"/><SP WIDTH="23" VPOS="1289" HPOS="812"/>
							<String ID="string_284" HPOS="835" VPOS="1291" WIDTH="34" HEIGHT="25" WC="0.92" CONTENT="pä-"/>
						</TextLine>
						<TextLine ID="line_34" HPOS="121" VPOS="1324" WIDTH="749" HEIGHT="27">
							<String ID="string_285" HPOS="121" VPOS="1324" WIDTH="114" HEIGHT="26" WC="0.39" CONTENT="passlighet"/><SP WIDTH="13" VPOS="1324" HPOS="235"/>
							<String ID="string_286" HPOS="248" VPOS="1324" WIDTH="65" HEIGHT="19" WC="0.96" CONTENT="måste"/><SP WIDTH="16" VPOS="1324" HPOS="313"/>
							<String ID="string_287" HPOS="329" VPOS="1324" WIDTH="81" HEIGHT="19" WC="0.95" CONTENT="fordras"/><SP WIDTH="16" VPOS="1324" HPOS="410"/>
							<String ID="string_288" HPOS="426" VPOS="1324" WIDTH="23" HEIGHT="19" WC="0.93" CONTENT="af"/><SP WIDTH="12" VPOS="1324" HPOS="449"/>
							<String ID="string_289" HPOS="461" VPOS="1324" WIDTH="80" HEIGHT="19" WC="0.93" CONTENT="endera"/><SP WIDTH="15" VPOS="1324" HPOS="541"/>
							<String ID="string_290" HPOS="556" VPOS="1324" WIDTH="125" HEIGHT="27" WC="0.92" CONTENT="sakegaren,"/><SP WIDTH="16" VPOS="1324" HPOS="681"/>
							<String ID="string_291" HPOS="697" VPOS="1324" WIDTH="35" HEIGHT="19" WC="0.96" CONTENT="det"/><SP WIDTH="16" VPOS="1324" HPOS="732"/>
							<String ID="string_292" HPOS="748" VPOS="1324" WIDTH="49" HEIGHT="20" WC="0.69" CONTENT="väli"/><SP WIDTH="12" VPOS="1324" HPOS="797"/>
							<String ID="string_293" HPOS="809" VPOS="1325" WIDTH="61" HEIGHT="20" WC="0.69" CONTENT="främ-"/>
						</TextLine>
						<TextLine ID="line_35" HPOS="121" VPOS="1358" WIDTH="750" HEIGHT="26">
							<String ID="string_294" HPOS="121" VPOS="1360" WIDTH="32" HEIGHT="17" WC="0.93" CONTENT="sta"/><SP WIDTH="15" VPOS="1360" HPOS="153"/>
							<String ID="string_295" HPOS="168" VPOS="1360" WIDTH="87" HEIGHT="17" WC="0.92" CONTENT="rummet"/><SP WIDTH="19" VPOS="1360" HPOS="255"/>
							<String ID="string_296" HPOS="274" VPOS="1361" WIDTH="23" HEIGHT="16" WC="0.93" CONTENT="är"/><SP WIDTH="15" VPOS="1361" HPOS="297"/>
							<String ID="string_297" HPOS="312" VPOS="1358" WIDTH="149" HEIGHT="24" WC="0.92" CONTENT="virkesegaren"/><SP WIDTH="22" VPOS="1358" HPOS="461"/>
							<String ID="string_298" HPOS="483" VPOS="1359" WIDTH="39" HEIGHT="18" WC="0.93" CONTENT="och"/><SP WIDTH="16" VPOS="1359" HPOS="522"/>
							<String ID="string_299" HPOS="538" VPOS="1358" WIDTH="47" HEIGHT="20" WC="0.92" CONTENT="icke"/><SP WIDTH="16" VPOS="1358" HPOS="585"/>
							<String ID="string_300" HPOS="601" VPOS="1358" WIDTH="158" HEIGHT="26" WC="0.91" CONTENT="strandegaren,"/><SP WIDTH="14" VPOS="1358" HPOS="759"/>
							<String ID="string_301" HPOS="773" VPOS="1365" WIDTH="44" HEIGHT="14" WC="0.96" CONTENT="som"/><SP WIDTH="18" VPOS="1365" HPOS="817"/>
							<String ID="string_302" HPOS="835" VPOS="1359" WIDTH="36" HEIGHT="20" WC="0.96" CONTENT="bör"/>
						</TextLine>
						<TextLine ID="line_36" HPOS="121" VPOS="1392" WIDTH="368" HEIGHT="26">
							<String ID="string_303" HPOS="121" VPOS="1392" WIDTH="50" HEIGHT="19" WC="0.92" CONTENT="bära"/><SP WIDTH="15" VPOS="1392" HPOS="171"/>
							<String ID="string_304" HPOS="186" VPOS="1392" WIDTH="94" HEIGHT="26" WC="0.91" CONTENT="tyngden"/><SP WIDTH="16" VPOS="1392" HPOS="280"/>
							<String ID="string_305" HPOS="296" VPOS="1392" WIDTH="22" HEIGHT="19" WC="0.96" CONTENT="af"/><SP WIDTH="14" VPOS="1392" HPOS="318"/>
							<String ID="string_306" HPOS="332" VPOS="1392" WIDTH="58" HEIGHT="19" WC="0.96" CONTENT="detta"/><SP WIDTH="17" VPOS="1392" HPOS="390"/>
							<String ID="string_307" HPOS="407" VPOS="1392" WIDTH="82" HEIGHT="19" WC="0.94" CONTENT="besvär."/>
						</TextLine>
					</TextBlock>
					<TextBlock ID="block_4" HPOS="120" VPOS="1426" WIDTH="752" HEIGHT="61">
						<TextLine ID="line_37" HPOS="177" VPOS="1426" WIDTH="693" HEIGHT="27">
							<String ID="string_308" HPOS="177" VPOS="1426" WIDTH="118" HEIGHT="27" WC="0.92" CONTENT="Medgifvas"/><SP WIDTH="15" VPOS="1426" HPOS="295"/>
							<String ID="string_309" HPOS="310" VPOS="1426" WIDTH="65" HEIGHT="20" WC="0.91" CONTENT="mäste"/><SP WIDTH="13" VPOS="1426" HPOS="375"/>
							<String ID="string_310" HPOS="388" VPOS="1426" WIDTH="124" HEIGHT="27" WC="0.92" CONTENT="visserligen"/><SP WIDTH="16" VPOS="1426" HPOS="512"/>
							<String ID="string_311" HPOS="528" VPOS="1429" WIDTH="30" HEIGHT="17" WC="0.94" CONTENT="att"/><SP WIDTH="15" VPOS="1429" HPOS="558"/>
							<String ID="string_312" HPOS="573" VPOS="1426" WIDTH="36" HEIGHT="20" WC="0.96" CONTENT="det"/><SP WIDTH="15" VPOS="1426" HPOS="609"/>
							<String ID="string_313" HPOS="624" VPOS="1427" WIDTH="44" HEIGHT="19" WC="0.96" CONTENT="ofta"/><SP WIDTH="15" VPOS="1427" HPOS="668"/>
							<String ID="string_314" HPOS="683" VPOS="1426" WIDTH="41" HEIGHT="20" WC="0.93" CONTENT="kan"/><SP WIDTH="18" VPOS="1426" HPOS="724"/>
							<String ID="string_315" HPOS="742" VPOS="1426" WIDTH="63" HEIGHT="21" WC="0.92" CONTENT="blifva"/><SP WIDTH="15" VPOS="1426" HPOS="805"/>
							<String ID="string_316" HPOS="820" VPOS="1434" WIDTH="50" HEIGHT="19" WC="0.92" CONTENT="gan-"/>
						</TextLine>
						<TextLine ID="line_38" HPOS="120" VPOS="1460" WIDTH="752" HEIGHT="27">
							<String ID="string_317" HPOS="120" VPOS="1460" WIDTH="38" HEIGHT="19" WC="0.93" CONTENT="ska"/><SP WIDTH="16" VPOS="1460" HPOS="158"/>
							<String ID="string_318" HPOS="174" VPOS="1460" WIDTH="134" HEIGHT="26" WC="0.92" CONTENT="betungande"/><SP WIDTH="15" VPOS="1460" HPOS="308"/>
							<String ID="string_319" HPOS="323" VPOS="1461" WIDTH="31" HEIGHT="19" WC="0.96" CONTENT="för"/><SP WIDTH="16" VPOS="1461" HPOS="354"/>
							<String ID="string_320" HPOS="370" VPOS="1461" WIDTH="41" HEIGHT="20" WC="0.96" CONTENT="den"/><SP WIDTH="15" VPOS="1461" HPOS="411"/>
							<String ID="string_321" HPOS="426" VPOS="1467" WIDTH="44" HEIGHT="14" WC="0.93" CONTENT="som"/><SP WIDTH="13" VPOS="1467" HPOS="470"/>
							<String ID="string_322" HPOS="483" VPOS="1461" WIDTH="126" HEIGHT="20" WC="0.92" CONTENT="verkställer"/><SP WIDTH="11" VPOS="1461" HPOS="609"/>
							<String ID="string_323" HPOS="620" VPOS="1460" WIDTH="104" HEIGHT="26" WC="0.92" CONTENT="flottning,"/><SP WIDTH="13" VPOS="1460" HPOS="724"/>
							<String ID="string_324" HPOS="737" VPOS="1463" WIDTH="30" HEIGHT="17" WC="0.93" CONTENT="att"/><SP WIDTH="11" VPOS="1463" HPOS="767"/>
							<String ID="string_325" HPOS="778" VPOS="1461" WIDTH="94" HEIGHT="26" WC="0.91" CONTENT="uppsöka"/>
						</TextLine>
					</TextBlock>
				</ComposedBlock>
				<GraphicalElement ID="cblock_2" HPOS="1062" VPOS="601" WIDTH="8" HEIGHT="438"></GraphicalElement >
			</PrintSpace>
		</Page>
	</Layout>
</alto>
