1070 1786
111 585 12 19 2
133 585 40 25 Kap.

121 684 14 29 $
151 683 11 21 7

127 1019 12 28 $
156 1021 18 20 8.

126 1087 12 28 $
154 1072 20 48 9.

209 147 36 17 470

176 209 84 26 liggöra
271 207 103 21 fattandet
388 205 24 22 af
425 207 72 25 hvarje
513 205 75 20 beslut.
617 205 109 21 Utskottet
734 206 37 20 har
779 206 83 21 derföre
873 207 52 19 före-

176 243 66 27 slagit
257 249 27 13 en
300 241 90 26 ändring
407 241 23 20 af
442 243 11 22 $
468 241 7 19 i
491 240 58 20 detta
563 239 61 28 syfte.

246 276 104 26 Slutligen
362 275 38 20 har
411 275 101 20 utskottet
523 276 68 18 ansett
605 274 32 26 sig
653 273 51 21 böra
719 273 76 27 bringa
810 275 26 19 de
853 281 74 13 senare

177 313 22 22 $$
214 311 8 19 i
238 310 59 20 detta
316 309 80 26 kapitel
410 309 7 19 i
434 315 25 13 en
475 308 125 26 lämpligare
618 308 40 19 och
674 308 128 26 naturligare
818 308 108 26 ordnings-

177 344 60 26 följd.
269 343 58 20 Efter
339 343 35 20 det
385 343 25 19 de
426 342 97 27 grunder,
539 342 28 26 på
582 341 72 20 hvilka
669 348 101 20 personer
785 341 60 21 skola
860 342 67 20 såsom

179 378 138 20 medlemmar
332 377 23 20 af
368 377 128 20 kommunen
511 382 68 20 anses,
595 376 69 19 blifvit
679 376 116 26 faststälde,
810 376 51 26 följa
877 376 51 20 såle-

179 412 37 20 des
232 411 132 27 stadganden
386 417 34 14 om
441 411 60 19 dessa
518 410 147 20 medlemmars
681 410 101 26 rättighet
797 412 31 18 att
843 410 85 26 deltaga

178 447 8 19 i
197 446 141 20 kommunens
349 445 172 25 beslutanderätt,
538 444 65 20 sedan
619 444 158 27 bestämningar
793 451 32 13 om
843 445 84 20 stadens

180 480 104 26 egendom
301 480 40 20 och
357 480 47 19 dess
415 481 41 18 rätt
464 481 30 18 att
509 478 95 21 beskatta
612 479 46 19 sina
666 478 144 27 medlemmar,
819 482 54 17 samt
880 479 49 20 slut-

180 515 58 26 ligen
248 513 245 27 undantagsstadgandet
501 513 6 19 i
516 512 99 20 afseende
625 512 12 20 å
646 512 25 20 de
680 512 137 21 kommunala
827 513 100 27 rättighe-

180 552 32 17 ter
221 548 40 21 och
270 548 149 27 förpligtelser,
425 554 44 13 som
478 547 50 20 bero
537 546 24 21 af
567 546 103 27 grundlag
680 546 39 21 och
728 546 200 28 ståndsprivilegier.

175 600 4 5 N
252 582 90 20 Andra
360 581 122 27 kapitlet,
502 581 152 25 innefattande,
674 581 65 19 sedan
756 582 11 18 5
783 582 39 19 och
839 582 11 19 6
867 583 21 22 $$
904 581 26 26 pä

181 616 89 20 anförda
293 615 45 20 skäl
354 615 33 19 till
405 616 8 18 1
431 615 89 26 kapitlet
535 614 129 27 uppflyttats,
680 615 70 19 7—23
765 617 28 24 $$,
814 615 67 27 gifver
904 614 26 20 de

184 653 97 17 närmare
301 650 185 26 bestämningarna
508 656 33 13 om
561 648 167 20 rädhusstämma
747 649 39 20 och
802 649 129 20 förfarandet

185 684 81 20 dervid.
297 683 190 20 Rädhusstämman
498 682 98 21 omfattar
607 683 85 19 stadens
708 683 97 26 samtlige
820 683 110 19 röstberät-

184 718 72 27 tigade
276 717 108 20 invånare.
414 717 107 20 Utskottet
544 717 68 19 fiuner
630 716 35 20 det
685 716 83 20 derföre
783 718 6 18 i
806 717 43 19 allo
868 717 63 26 lämp-

183 752 45 27 ligt,
244 754 31 18 att
290 752 47 19 dess
353 751 168 20 sammanträden
538 750 122 26 offentligen
677 750 67 20 hällas
760 751 12 19 &
786 751 100 19 rädhuset
895 757 35 13 un-

184 786 37 20 der
242 784 181 27 ordförandeskap
439 785 22 20 af
475 785 163 26 borgmästaren,
654 784 69 20 säsom
739 785 50 19 chef
802 785 31 19 för
849 785 83 19 stadens

184 820 97 26 styrelse,
297 820 51 19 eller
370 820 42 20 den
428 820 51 19 hans
495 819 60 19 ställe
569 818 123 20 företräder.
722 819 12 19 7
750 821 10 21 $
775 819 95 19 förordas
886 818 45 20 der-

184 854 45 20 före
245 854 23 20 af
282 854 102 20 utskottet
398 854 33 19 till
447 853 125 27 antagande.

253 888 38 19 Att
306 888 196 19 stadskommunens
522 886 165 20 beslutanderätt
706 886 40 20 kan
763 887 82 19 utöfvas
865 888 66 19 antin-

184 927 40 20 gen
237 921 23 20 af
269 921 169 20 rädhusstämma
452 921 52 20 eller
520 921 23 19 af
556 921 197 26 stadsfullmäktige,
770 923 54 17 samt
838 923 38 17 när
891 921 40 20 den

184 961 42 14 ena
236 955 52 20 eller
299 955 40 20 den
355 955 67 19 andra
437 954 80 20 formen
533 955 32 19 för
580 954 78 20 besluts
674 954 93 20 fattande
784 954 53 20 skall
853 958 77 17 använ-

186 989 44 26 das,
251 991 23 17 är
294 989 65 19 redan
374 989 7 18 i
398 989 11 19 5
426 989 39 19 och
481 989 11 19 6
509 990 21 23 $$
546 988 106 25 stadgadt.
680 988 36 19 Ett
735 989 123 26 ytterligare
882 995 49 20 upp-

185 1023 94 26 repande
300 1023 22 20 af
336 1029 79 13 samma
429 1022 45 26 sak,
489 1022 75 20 sädant
579 1023 116 19 detsamma
711 1023 6 19 i
733 1023 12 19 8
760 1025 10 22 $
786 1023 147 26 förekommer,

186 1063 64 20 synes
273 1057 101 20 utskottet
396 1057 94 26 onödigt,
513 1057 39 19 och
573 1056 88 20 föreslår
680 1056 102 21 utskottet
801 1057 83 20 derföre
904 1059 30 18 att

185 1091 105 26 sistsagde
304 1093 9 22 $
326 1091 44 20 helt
386 1091 38 20 och
441 1091 65 19 hållet
521 1091 63 19 måtte
600 1091 56 26 utgå.
686 1091 48 19 Men
751 1091 61 20 äfven
829 1091 6 20 i
851 1091 26 20 de
893 1093 40 18 stä-

184 1125 44 26 der,
245 1125 37 20 der
301 1125 194 20 beslutanderätten
511 1127 23 17 är
550 1125 21 19 åt
585 1125 135 26 fullmäktige
735 1125 129 26 anförtrodd,
879 1125 53 20 åter-

184 1159 33 19 stå
228 1158 32 20 för
270 1158 183 20 rådhusstämman
470 1159 81 26 vigtiga
566 1159 128 20 funktioner.
724 1159 37 20 Hit
775 1159 38 20 hör
825 1160 7 19 i
848 1159 86 21 främsta

185 1194 91 18 rummet
295 1192 55 20 valet
369 1192 23 20 af
411 1192 196 27 stadsfullmäktige.
638 1192 111 20 Dessutom
769 1196 23 16 är
811 1194 6 18 i
835 1193 99 27 förslaget

185 1226 182 20 rådhusstämman
390 1226 130 21 förbehållen
536 1227 127 26 rättigheten
679 1229 31 18 att
726 1227 55 26 välja
796 1227 116 21 ledamöter
928 1229 7 19 i

186 1261 41 20 den
244 1261 84 25 nämnd,
347 1267 44 13 som
408 1261 38 20 har
461 1263 30 18 att
506 1263 74 18 taxera
595 1261 84 20 stadens
695 1261 100 20 invånare
811 1261 6 20 i
833 1262 100 20 afseende

186 1295 12 19 å
213 1295 129 26 erläggande
362 1295 22 19 af
402 1295 135 20 kommunala
555 1295 116 26 utskylder,
687 1297 55 18 samt
756 1297 31 18 att
802 1297 45 18 utse
863 1302 71 19 perso-

186 1335 37 13 ner
238 1329 32 19 för
285 1329 133 26 granskning
433 1329 23 20 af
469 1329 84 20 stadens
569 1329 150 26 räkenskaper.
750 1329 107 20 Utskottet
872 1336 62 14 anser

186 1363 62 20 dessa
267 1363 78 20 tvänne
364 1363 129 20 sistnämnda
513 1363 157 26 bestämningar
686 1363 7 20 i
709 1363 41 20 allo
771 1365 50 18 böra
839 1363 94 26 godkän-

185 1403 45 14 nas.
261 1396 31 27 Ty
309 1396 35 20 det
364 1397 60 20 torde
444 1397 59 20 alltid
524 1404 49 13 vara
592 1397 131 26 välbetänkt,
743 1399 30 18 att
789 1397 25 20 de
830 1397 103 21 skattdra-

186 1431 70 26 gande
268 1430 23 20 så
302 1431 132 20 omedelbart
444 1431 75 20 sådant
534 1431 53 20 blott
602 1431 53 20 låter
669 1431 32 26 sig
717 1433 52 24 göra
784 1431 85 26 deltaga
879 1432 7 19 i
898 1432 34 20 be-

186 1464 134 26 skattningen
340 1465 55 19 ochi
408 1465 159 27 granskningen
584 1466 23 19 af
620 1465 26 20 de
664 1465 105 25 beviljade
789 1465 94 20 medlens
898 1473 35 13 an-
