1070 1786
252 157 34 18 206

219 219 41 20 Vid
278 219 123 26 försäljning
420 225 76 20 genom
517 218 105 27 offentligt
642 221 60 24 utrop
721 225 50 20 eger
786 219 47 20 icke
849 219 64 20 sådan
931 219 38 19 lös-

220 253 103 26 ningsrätt
338 260 51 13 rum.

566 299 9 22 s
594 298 31 19 10.

289 338 38 19 Om
344 338 70 26 fartyg
428 337 52 20 eller
499 337 61 19 andel
583 337 44 19 deri
646 337 107 26 öfvergått
768 338 30 19 till
815 344 68 13 annan
899 344 72 19 egare,

220 378 50 14 vare
294 372 89 25 säljaren
408 371 52 20 dock
484 371 47 19 icke
555 370 96 20 frikallad
676 371 46 20 från
742 371 26 20 de
784 372 138 20 förbindelser
939 371 30 19 till

220 406 66 26 tredje
304 412 54 18 man,
374 406 31 19 för
420 405 72 20 hvilka
507 405 40 19 han
565 405 67 19 såsom
649 405 103 27 fartygets
768 406 72 20 redare
854 406 61 19 bordt
925 412 45 19 per-

219 440 96 26 sonligen
332 446 95 13 ansvara.

570 486 10 22 $
599 486 30 18 11.

290 524 42 19 Har
356 524 68 26 någon
441 524 23 19 af
477 530 68 13 annan
570 524 83 19 beställt
675 524 77 26 fartyg,
772 524 39 20 och
832 524 31 20 för
881 524 90 20 arbetets

220 558 109 20 utförande
345 558 60 26 gifvit
422 558 87 19 förskott
523 558 6 19 i
541 558 117 26 penningar
673 558 53 20 eller
742 565 60 13 varor
819 561 54 17 samt
888 558 81 20 derföre

220 593 119 25 skriftligen
363 592 121 19 förbehållit
504 592 32 25 sig
552 592 134 19 förmånsrätt
702 593 5 18 i
726 593 133 25 byggnaden,
876 599 38 19 ege
929 593 40 19 han

220 626 64 19 sådan
301 628 39 17 rätt
356 626 84 19 framför
458 626 66 19 andra
539 626 169 26 fordringsegare
726 626 153 26 tillgodonjuta.
910 626 61 19 Låter

221 660 68 26 någon
307 660 69 25 bygga
392 659 68 26 fartyg
477 660 30 19 för
523 666 54 18 egen
594 659 96 26 räkning,
708 660 39 19 och
764 660 36 20 har
817 660 39 20 han
869 660 22 19 af
902 666 67 13 annan

220 694 84 19 erhållit
327 693 75 20 sådant
424 693 95 24 förskott,
539 694 58 25 njute
613 694 68 19 denne
698 694 66 19 under
779 694 44 19 lika
839 694 68 19 vilkor
922 700 48 13 ena-

220 728 70 20 handa
305 727 139 25 förmånsrätt,
461 728 38 19 och
515 728 44 19 ifall
576 728 50 19 tlere
642 727 80 20 sådana
737 728 68 26 förlag
825 728 67 19 blifvit
907 728 64 25 gifna,

220 762 53 20 skall
294 762 36 19 det
348 762 90 25 tidigare
457 762 62 19 hafva
538 761 105 20 företräde
663 761 87 20 framför
769 762 35 19 det
819 768 81 18 senare,
916 761 53 20 dock

220 796 69 26 gånge
305 795 204 27 bergningskostnad
531 798 21 16 ut
573 796 45 18 med
639 795 59 19 bästa
719 798 40 17 rätt
779 802 32 13 om
828 796 71 19 haveri
916 795 55 20 skett

220 830 29 19 uti
266 830 69 23 hamn,
352 829 53 20 efter
421 830 35 18 det
471 830 68 25 fartyg
555 830 38 19 der
612 830 68 19 blifvit
697 829 72 26 bygdt.
800 829 34 19 All
851 829 22 19 så
889 829 81 19 beskaf-

221 864 34 19 fad
272 863 134 19 förmånsrätt
421 863 6 19 i
443 863 69 26 fartyg
535 863 81 26 upphör
639 864 64 18 sedan
721 864 35 19 det
774 863 75 25 utlupit
866 870 22 12 ur
904 863 67 25 hamn,

220 897 40 20 och
276 897 128 25 gäldenären
425 903 47 13 vare
489 896 85 26 skyldig
590 899 29 16 att
635 897 146 19 dessförinnan
799 897 82 25 förnöja
897 896 71 27 borge-

220 933 72 17 nären.
505 927 4 3 i

569 961 10 21 s
599 959 29 19 12.

288 998 162 20 Nedanstäende
467 998 196 27 fordringsanspräk
681 998 63 19 hafva
759 998 134 19 förmänsrätt
908 998 5 19 i
930 998 38 19 far-

221 1037 37 22 tyg
272 1033 8 19 i
297 1032 92 26 följande
405 1032 97 26 ordning:

292 1067 40 24 1:0)
348 1066 93 20 Kostnad
458 1067 31 19 för
504 1067 104 26 bergning
622 1067 22 19 af
657 1067 71 26 fartyg
744 1067 52 19 efter
811 1066 64 19 timad
892 1066 78 25 sjöska-

220 1101 33 24 da,
270 1100 86 26 sålänge
372 1100 92 26 fartyget
479 1103 56 17 ännu
551 1100 94 20 befinnes
661 1100 12 19 &
688 1100 40 20 den
741 1102 38 23 ort,
791 1100 36 19 der
839 1099 63 20 sådan
914 1099 55 20 kost-

221 1135 39 19 nad
278 1135 60 19 bordt
353 1135 106 26 erläggas:

288 1169 43 23 2:0)
348 1168 104 19 Obetalda
467 1169 56 24 lots-,
539 1168 48 19 bäk-
605 1169 39 18 och
666 1168 175 26 hamnumgälder
860 1170 52 17 samt
935 1175 34 12 an-

220 1203 38 19 dra
273 1202 110 20 enahanda
399 1202 106 20 allmänna
521 1202 89 25 afgifter,
628 1202 45 19 med
690 1202 44 20 lika
751 1202 74 24 vilkor,
841 1208 43 13 som
900 1202 70 19 iföre-

220 1237 82 26 gäende
318 1239 93 16 moment
427 1237 86 19 nämndt
528 1239 33 22 är;

289 1271 42 22 3:0)
356 1270 94 26 Ogulden
475 1271 33 18 lön
533 1271 38 18 och
591 1271 52 24 hyra
662 1270 29 19 till
710 1270 101 26 fartygets
829 1270 140 19 befälhafvare

219 1305 39 19 och
276 1304 126 26 besättning,
418 1304 91 19 räknadt
531 1303 45 20 från
593 1304 40 19 den
650 1304 36 25 tid,
703 1303 26 20 då
745 1303 49 20 aftal
812 1309 33 14 om
863 1304 59 25 tjenst
940 1310 29 13 se-

219 1341 47 18 nast
282 1338 67 20 blifvit
367 1338 110 26 ingänget;

289 1373 42 23 4:0)
348 1372 111 26 Fartygets
476 1372 74 25 bidrag
566 1372 30 19 till
613 1371 119 20 ersättande
749 1372 21 19 af
785 1371 71 19 haveri
873 1371 37 19 och
923 1371 45 20 last-

219 1413 74 19 egares
317 1406 83 19 fordran
425 1406 31 19 för
480 1406 59 26 gods,
558 1413 43 12 som
619 1405 143 20 befälhafvare
779 1406 4 18 i
802 1405 79 19 nödfall
899 1405 70 26 förytt-

219 1443 43 18 rat;
277 1440 107 19 äfvensom
410 1440 129 19 bodmerilän
558 1441 65 24 jemte
639 1442 60 17 ränta
715 1439 39 20 och
771 1439 78 25 premie
866 1441 53 16 samt
934 1445 35 13 an-

218 1481 41 13 nan
277 1473 161 26 försträckning,
453 1480 43 13 som
515 1474 142 19 befälhafvare
674 1473 66 19 under
755 1479 46 12 resa
817 1472 40 19 och
873 1472 31 19 för
921 1473 48 18 nöd-
