1070 1786
806 143 31 18 185

188 207 59 26 ning,
260 206 32 27 på
307 206 35 20 det
362 205 123 21 Ständerna
505 205 30 20 då
554 205 69 27 blefve
639 206 7 20 i
662 205 90 27 tillfälle
766 208 33 18 att
809 205 62 28 fatta

188 240 68 21 beslut
272 241 8 19 i
294 240 70 20 denna
380 239 193 27 maktpåliggande
588 239 162 28 angelägenhet.

190 308 102 26 Slutligen
309 308 35 20 har
360 307 108 20 Utskottet
483 310 70 17 ansett
564 314 25 13 en
601 307 157 27 omständighet
773 307 47 20 icke
837 308 34 19 bö-

123 349 22 13 ra
161 342 99 26 förbigås,
277 342 85 19 hvilken
383 342 72 19 kunde
472 341 65 20 blifva
552 342 23 18 af
589 341 107 26 betydelse
714 342 26 19 då
756 342 35 19 det
806 342 66 26 gäller

123 379 29 17 att
168 376 68 20 utföra
259 376 26 20 de
311 376 145 26 ifrågakomna
475 375 211 26 jernvägsplanerna,
710 376 104 26 nemligen
838 376 35 19 det

125 410 73 26 bidrag
214 416 43 14 som
274 410 6 19 i
296 412 29 18 ett
341 410 51 19 eller
408 412 65 17 annat
487 410 100 19 afseende
601 409 69 20 kunde
686 410 22 19 af
722 410 151 19 kommunerna

123 444 79 20 lemnas
218 444 30 19 till
262 444 217 26 jernvägsföretagen.
510 444 40 19 Det
566 444 59 19 torde
642 444 105 25 nemligen
762 443 47 20 icke
822 444 49 19 kun-

124 484 26 13 na
174 478 102 20 bestridas
295 480 29 17 att
342 478 23 19 så
384 478 130 19 omfattande
529 478 260 26 jernvägsanläggningar,
805 484 44 14 som
865 478 7 19 i

123 512 57 20 detta
196 512 128 20 vidsträckta
342 512 40 20 och
402 512 54 26 glest
477 512 114 20 befolkade
608 512 48 19 land
673 512 110 25 erfordras,
799 513 74 19 endast

123 546 27 20 då
165 546 63 20 hafva
244 546 67 27 någon
329 546 63 27 utsigt
407 548 30 17 att
454 546 64 19 blifva
533 552 26 13 en
576 546 125 26 verklighet,
711 553 32 13 om
761 546 38 20 den
816 547 56 20 kost-

124 581 47 25 nad,
187 580 126 20 statskassan
336 581 30 19 för
385 580 108 19 desamma
517 580 65 19 måste
606 580 124 24 vidkännas,
747 580 126 26 nedbringas

124 614 30 19 till
170 614 40 20 den
227 614 76 20 minsta
318 614 92 26 möjliga.
436 614 31 19 Då
483 621 26 12 nu
526 614 26 20 de
567 614 125 20 kommuner
707 620 76 20 genom
795 614 78 26 hvilka,

124 648 50 20 eller
194 648 6 19 i
224 648 81 20 hvilkas
326 649 113 25 granskap,
452 649 143 25 jernvägarne
619 648 94 20 kommer
735 650 29 18 att
787 648 86 26 framgå,

124 682 59 20 skola
198 682 78 20 skörda
298 682 116 26 väsentliga
433 682 91 20 fördelar
543 682 66 24 deraf,
629 688 63 20 synes
709 682 35 20 det
758 682 47 20 icke
821 683 52 19 obil-

125 717 44 25 ligt,
185 719 31 17 att
230 723 26 13 en
274 716 126 20 medverkan
418 716 45 19 från
480 716 61 20 deras
557 716 45 19 sida
617 716 54 26 egde
686 723 50 13 rum.
767 716 107 20 Utskottet

126 750 36 20 har
178 750 59 20 tänkt
253 751 31 25 sig
300 752 29 18 att
345 752 13 18 t.
375 757 33 13 ex.
425 750 27 20 all
468 750 156 26 expropriation
641 750 22 19 af
677 750 122 26 erforderlig
815 751 58 19 mark

126 784 30 20 för
170 784 231 26 jernvägsanläggning
424 784 63 20 borde
504 784 71 20 kunna
591 784 22 20 af
627 784 126 20 kommunen
777 784 98 20 bekostas

126 818 38 20 och
180 820 30 18 att
226 818 138 26 dagsverken,
380 818 123 26 isynnerhet
520 824 33 14 om
568 819 107 19 vintrarne
689 819 106 19 äfvensom
808 818 66 26 bygg-

127 852 58 20 nads-
203 852 39 20 och
258 852 152 26 sleepersvirke
426 852 67 20 skulle
511 854 47 17 utan
577 852 93 20 särdeles
689 852 118 26 uppoffring
824 852 49 20 kun-

127 893 25 12 na
168 886 6 19 i
191 886 95 26 betydlig
303 886 75 26 mängd
395 889 104 23 presteras
515 886 23 19 af
551 886 275 26 lägenhetsinnehafvarene
846 887 29 18 uti

127 920 87 20 berörda
230 920 130 20 kommuner.
390 920 9 19 1
415 920 74 25 sjelfva
506 920 73 19 verket
599 921 62 18 hafva
680 920 63 19 också
760 920 67 20 beslut
841 927 32 13 om

126 954 68 20 anbud
212 955 22 18 af
248 955 63 19 sådan
328 954 128 20 medverkan
473 954 66 19 blifvit
558 954 77 19 fattade
647 955 5 18 i
664 961 25 12 en
704 957 42 17 stor
761 955 32 19 del
811 957 63 17 öster-

127 988 105 20 bottniska
256 989 129 19 kommuner.
416 988 105 20 Utskottet
546 988 36 19 har
606 988 37 19 allt
664 988 82 19 derföre
761 991 68 17 ansett
844 989 31 26 sig

126 1023 50 19 böra
200 1023 105 19 vördsamt
324 1022 117 26 hemställa,
457 1028 33 13 om
507 1022 47 19 icke
570 1022 162 26 ifrågavarande
755 1023 119 19 svarsskrif-

126 1057 56 19 velse
195 1057 79 25 jemväl
292 1056 63 20 borde
371 1056 108 20 innehålla
494 1063 25 12 en
537 1055 131 27 underdånig
682 1055 96 20 anhållan
795 1056 80 26 derom,

279 1126 32 19 att
325 1123 64 21 Hans
406 1123 125 28 Kejserliga
546 1123 104 27 Majestät
666 1123 8 20 i
688 1123 77 21 Nåder
778 1124 49 20 ville
837 1131 39 14 an-

195 1158 83 27 befalla
301 1157 158 21 vederbörande
483 1157 143 25 Guvernörer,
650 1159 38 24 att,
705 1158 69 20 innan
796 1158 81 27 omför-

195 1192 75 20 mälda
288 1191 298 27 jernvägsundersökningar
601 1191 149 27 påbegynnas,
773 1192 46 20 låta
841 1192 36 20 vid

196 1226 113 27 behörigen
324 1226 82 27 utlysta
422 1224 227 22 kommunalstämmor
664 1225 8 20 i
688 1225 25 20 de
728 1225 98 26 socknar,
841 1233 36 20 ge-

196 1267 48 14 nom
260 1260 71 20 hvilka
347 1260 51 20 eller
414 1259 8 20 i
437 1259 84 20 hvilkas
537 1259 76 20 närhet
622 1260 95 27 jernväg
732 1259 44 21 kan
794 1259 83 22 komma

194 1297 33 18 att
243 1294 85 27 dragas,
346 1293 94 21 inhemta
455 1293 122 27 utredning,
587 1293 109 20 huruvida
712 1293 61 21 dessa
784 1293 93 22 kommu-

194 1335 40 14 ner
249 1335 48 14 vore
312 1328 76 27 villiga
403 1330 33 18 att
452 1327 112 28 öfvertaga
575 1327 302 27 expropriationskostnader-

194 1369 30 14 na
237 1361 42 28 för
292 1361 275 28 jernvägsanläggningen,
586 1363 55 18 samt
661 1367 33 14 om
712 1361 38 20 ock
769 1361 35 21 till
823 1361 56 22 hvad

196 1396 74 27 belopp
286 1395 76 28 bidrag
375 1395 35 21 till
417 1395 111 27 företaget
542 1395 70 20 kunde
627 1402 54 13 vara
696 1397 33 19 att
744 1395 30 27 af
785 1395 93 22 kommu-

195 1437 68 14 nerna
279 1429 113 28 påräknas
411 1429 83 26 jemväl
510 1430 7 19 i
527 1429 62 27 form
611 1429 29 27 af
659 1429 138 27 dagsverken,
821 1430 58 21 virke

195 1464 38 21 och
248 1464 71 21 andra
334 1464 233 26 naturaprestationer.
