1070 1786
803 145 34 19 363

123 215 40 19 gen
186 207 40 20 den
252 207 112 26 svärighet,
380 209 30 18 att
437 207 26 26 pä
481 207 147 26 landsbygden
648 208 47 19 icke
718 208 67 19 finnes
800 208 69 26 nägon

124 242 31 19 för
179 242 57 19 detta
259 241 96 20 ändamål
378 241 86 26 lämplig
494 241 128 26 myndighet,
647 248 46 13 men
717 241 27 20 då
766 242 34 19 det
823 242 48 20 icke

125 276 40 19 blir
188 275 77 26 görligt
287 277 29 18 att
338 276 6 19 i
367 275 42 20 alla
431 275 74 26 dylika
532 275 37 19 fall
593 275 108 20 fortskaffa
724 275 146 26 besättningen

125 310 31 19 till
174 311 104 18 närmaste
296 309 44 19 stad
360 309 32 19 för
411 311 30 17 att
459 309 37 19 der
511 308 137 26 pämönstras,
664 309 38 20 och
718 309 27 20 dä
762 316 46 13 man
824 309 47 19 icke

125 343 67 20 heller
212 343 125 19 ätminstone
356 345 57 17 snart
432 343 40 19 kan
495 345 79 17 emotse
590 343 127 20 tillkomsten
734 343 23 19 af
769 344 101 25 sjömans-

124 378 38 18 hus
177 377 27 26 pä
219 376 77 26 landet,
312 383 50 13 anse
377 376 118 20 Ständerna
512 378 30 18 att
557 376 171 27 pämönstringen
748 376 37 20 bör
800 376 71 20 kunna

125 411 103 19 anförtros
244 410 21 20 ät
280 412 70 18 ortens
368 410 169 24 kronolänsman,
558 410 82 20 biträdd
660 411 23 19 af
696 411 34 19 tvä
746 411 54 26 gode
816 413 55 23 män,

125 444 58 26 eller,
195 445 37 19 der
248 444 73 20 sädant
338 444 95 26 lämpligt
448 444 73 25 finnes,
537 444 26 26 pä
579 444 66 26 grund
661 444 23 20 af
697 444 85 20 särskilt
796 444 74 26 styrel-

125 485 48 13 sens
192 478 140 20 förordnande
352 478 20 19 åt
393 484 68 13 annan
483 478 145 26 myndighet
619 473 16 35 i
649 480 66 18 orten.
748 479 40 19 För
807 478 64 26 öfrigt

126 516 22 16 är
163 512 36 20 det
216 512 106 26 sjelffallet
344 512 38 20 och
406 512 227 20 öfverensstämmande
658 512 45 20 med
726 512 144 26 grundprinci-

125 553 66 20 perna
206 547 6 19 i
228 546 106 27 förslaget,
350 548 30 18 att
395 546 64 26 sagde
475 548 63 24 utväg
554 546 30 19 får
603 546 75 20 anlitas
695 546 52 20 både
758 546 32 20 för
805 546 66 21 stads-

127 587 83 13 manna-
236 581 40 19 och
302 580 215 26 landtmannafartyg,
540 580 26 19 då
589 580 25 19 de
636 580 70 20 direkt
732 581 72 25 utlöpa
825 580 44 20 från

128 615 128 19 landthamn.
275 610 13 35 —
294 614 117 20 Ständerna
430 614 62 19 hafva
515 614 37 19 allt
567 614 84 20 derföre
670 614 68 19 funnit
754 614 31 26 sig
801 614 68 20 föran-

125 649 57 19 låtna
197 651 30 17 att
242 648 65 20 ändra
322 648 56 20 såväl
395 648 116 20 innehållet
525 654 43 13 som
586 648 94 26 lydelsen
696 648 6 19 i
718 648 91 20 nämnda
825 650 16 22 $.

195 683 9 19 I
220 683 26 19 62
262 684 10 22 $
288 683 36 19 har
343 682 62 20 bland
428 682 135 25 straffmedel,
580 682 47 20 dem
652 682 141 20 befälhafvare
817 682 52 26 egde

127 716 97 20 använda
240 719 42 17 mot
298 717 90 25 sjömans
406 716 99 20 förseelse
527 716 7 19 i
550 717 96 25 tjensten,
663 717 104 25 upptagits
783 716 86 26 kropps-

125 756 47 20 aga,
189 750 85 20 hvilken
292 750 156 20 befälhafvaren
460 750 54 20 dock
530 750 67 20 skulle
609 750 19 20 få
644 750 42 20 låta
701 750 80 20 tilldela
796 750 75 20 endast

127 785 52 19 efter
194 784 161 27 öfverläggning
372 785 46 19 med
442 784 34 20 två
499 784 91 26 ojäfvige
606 784 22 20 af
642 784 26 20 de
683 785 6 19 i
706 785 89 25 tjensten
812 784 59 20 äldre

129 818 61 20 bland
208 818 146 26 besättningen
371 819 39 19 och
426 819 6 19 i
448 818 93 26 enlighet
564 818 46 20 med
627 818 54 20 hvad
698 818 72 20 dervid
787 819 23 19 af
823 818 46 20 fler-

126 852 51 20 talet
192 852 98 20 beslötes.
326 852 83 20 Jemväl
430 852 65 26 enligt
510 852 127 20 Ständernas
662 852 62 20 tanke
741 852 36 20 bör
793 852 77 20 omför-

127 886 68 19 mälda
211 886 127 20 straffmedel
355 893 50 12 vara
416 886 156 19 befälhafvaren
588 886 123 26 medgifvet;
728 893 46 12 men
790 886 27 20 då
828 893 41 12 om-

126 920 172 26 ständigheterna
313 920 43 20 ofta
371 920 84 26 påkalla
470 922 30 17 att
516 920 116 20 detsamma
650 920 127 20 oförtöfvadt
793 920 77 27 begag-

127 961 42 18 nas,
186 954 68 19 skulle
270 954 36 20 det
320 954 104 26 dröjsmål,
442 954 164 19 verkställandet
628 954 22 19 af
664 954 154 20 ofvannämnda
833 961 36 13 un-

126 988 129 25 dersökning
271 988 161 26 nödvändigtvis
451 988 65 19 måste
539 988 100 25 medföra,
655 988 69 20 kunna
742 988 63 20 blifva
821 989 49 19 våd-

126 1022 38 25 ligt
186 1022 31 19 för
233 1022 127 26 ordningens
384 1022 183 26 upprätthållande
591 1023 38 19 och
652 1023 85 19 dermed
761 1023 60 20 äfven
839 1023 31 19 för

127 1056 100 26 fartygets
243 1056 105 19 säkerhet.
385 1056 117 20 Ständerna
517 1062 50 13 anse
587 1056 89 26 derföre,
692 1058 30 17 att
737 1057 133 19 föreskriften

127 1096 33 13 om
176 1090 66 25 sagda
264 1089 157 26 undersökning
438 1090 35 19 bör
491 1090 103 25 bortfalla,
613 1097 47 12 men
684 1090 62 20 hafva
762 1091 109 25 derjemte,

127 1124 31 19 för
173 1126 29 17 att
219 1125 77 19 bereda
311 1127 65 17 större
392 1125 74 19 lätthet
481 1127 31 16 att
527 1125 121 19 konstatera
663 1125 35 19 det
714 1124 94 26 verkliga
823 1125 47 19 sak-

126 1158 142 19 förhållandet
291 1158 39 19 och
354 1159 121 25 derigenom
491 1159 42 18 öka
556 1159 134 25 garantierna
709 1161 42 17 mot
767 1158 103 20 missbruk

126 1192 23 20 af
162 1192 40 20 den
220 1192 64 25 makt,
300 1198 43 14 som
360 1192 87 20 sålunda
461 1192 89 26 inrymts
561 1192 21 19 åt
598 1192 163 26 befälhafvaren,
773 1192 30 20 till
815 1192 54 20 stad-

125 1226 79 27 gandet
220 1232 32 13 om
268 1226 127 26 anteckning
418 1226 7 20 i
441 1226 189 26 skeppsdagboken
654 1226 23 20 af
697 1226 111 21 förseelsen
831 1226 39 20 och

125 1260 80 20 straffet
221 1260 69 26 tillagt
304 1267 25 12 en
348 1261 129 25 bestämning
501 1267 34 13 om
552 1261 68 19 denna
642 1261 139 26 antecknings
797 1261 72 26 upplä-

126 1295 64 19 sande
207 1294 31 19 för
254 1294 40 19 den
312 1293 126 20 bestraffade
452 1294 39 19 och
508 1294 38 19 den
563 1294 67 27 öfriga
641 1295 157 26 besättningen;
810 1295 60 19 hvar-

126 1329 36 19 hos
174 1328 118 20 Ständerna
303 1328 77 25 förhöjt
392 1328 181 26 minimibeloppet
582 1329 22 19 af
619 1329 65 25 böter,
700 1335 43 13 som
760 1329 31 19 för
803 1329 66 20 makt-

126 1362 103 20 missbruk
246 1361 71 20 kunna
334 1362 155 20 befälhafvaren
507 1363 92 19 ådömas.
624 1363 94 19 Emedan
735 1363 26 19 de
777 1363 28 19 uti
821 1363 49 20 ifrå-

125 1395 121 28 gavarande
262 1398 10 22 $
286 1396 78 25 jemväl
382 1400 105 22 upptagna
503 1397 152 19 straffarterne:
671 1399 66 18 arrest
752 1397 39 20 och
803 1397 67 20 straff-

125 1430 67 26 afgift,
208 1429 66 26 enligt
289 1430 127 20 Ständernas
432 1431 60 25 äsigt,
509 1431 44 19 dels
572 1431 47 19 icke
636 1431 70 19 kunna
721 1433 48 17 utan
785 1431 85 25 olägen-

127 1465 35 19 het
177 1463 112 26 tillämpas,
301 1464 88 20 emedan
406 1464 26 20 de
449 1464 99 26 möjligen
561 1465 93 19 medföra
664 1471 26 13 en
702 1465 80 19 känbar
793 1465 77 19 minsk-
