<?xml version="1.0" encoding="UTF-8"?>
<alto xmlns="http://www.loc.gov/standards/alto/ns-v3#" xmlns:xlink="http://www.w3.org/1999/xlink" xmlns:xsi="http://www.w3.org/2001/XMLSchema-instance" xsi:schemaLocation="http://www.loc.gov/standards/alto/ns-v3# http://www.loc.gov/alto/v3/alto-3-0.xsd">
	<Description>
		<MeasurementUnit>pixel</MeasurementUnit>
		<sourceImageInformation>
			<fileName>/tmp/tess_ml8xvx5z_input.PNG</fileName>
		</sourceImageInformation>
		<OCRProcessing ID="OCR_0">
			<ocrProcessingStep>
				<processingSoftware>
					<softwareName>tesseract 5.3.4</softwareName>
				</processingSoftware>
			</ocrProcessingStep>
		</OCRProcessing>
	</Description>
	<Layout>
		<Page WIDTH="1070" HEIGHT="1786" PHYSICAL_IMG_NR="0" ID="page_0">
			<PrintSpace HPOS="0" VPOS="0" WIDTH="1070" HEIGHT="1786">
				<ComposedBlock ID="cblock_0" HPOS="817" VPOS="145" WIDTH="34" HEIGHT="18">
					<TextBlock ID="block_0" HPOS="817" VPOS="145" WIDTH="34" HEIGHT="18">
						<TextLine ID="line_0" HPOS="817" VPOS="145" WIDTH="34" HEIGHT="18">
							<String ID="string_0" HPOS="817" VPOS="145" WIDTH="34" HEIGHT="18" WC="0.96" CONTENT="469"/>
						</TextLine>
					</TextBlock>
				</ComposedBlock>
				<ComposedBlock ID="cblock_1" HPOS="111" VPOS="202" WIDTH="824" HEIGHT="1288">
					<TextBlock ID="block_1" HPOS="132" VPOS="202" WIDTH="752" HEIGHT="642">
						<TextLine ID="line_1" HPOS="135" VPOS="202" WIDTH="748" HEIGHT="31">
							<String ID="string_1" HPOS="135" VPOS="203" WIDTH="45" HEIGHT="19" WC="0.96" CONTENT="Den"/><SP WIDTH="17" VPOS="203" HPOS="180"/>
							<String ID="string_2" HPOS="197" VPOS="202" WIDTH="53" HEIGHT="21" WC="0.95" CONTENT="skall"/><SP WIDTH="16" VPOS="202" HPOS="250"/>
							<String ID="string_3" HPOS="266" VPOS="203" WIDTH="64" HEIGHT="20" WC="0.96" CONTENT="också"/><SP WIDTH="12" VPOS="203" HPOS="330"/>
							<String ID="string_4" HPOS="342" VPOS="203" WIDTH="119" HEIGHT="20" WC="0.94" CONTENT="måhända"/><SP WIDTH="-11" VPOS="203" HPOS="461"/>
							<String ID="string_5" HPOS="450" VPOS="198" WIDTH="11" HEIGHT="39" WC="0.94" CONTENT="i"/><SP WIDTH="12" VPOS="198" HPOS="461"/>
							<String ID="string_6" HPOS="473" VPOS="203" WIDTH="31" HEIGHT="20" WC="0.96" CONTENT="sin"/><SP WIDTH="17" VPOS="203" HPOS="504"/>
							<String ID="string_7" HPOS="521" VPOS="203" WIDTH="107" HEIGHT="28" WC="0.96" CONTENT="egenskap"/><SP WIDTH="17" VPOS="203" HPOS="628"/>
							<String ID="string_8" HPOS="645" VPOS="205" WIDTH="23" HEIGHT="20" WC="0.96" CONTENT="af"/><SP WIDTH="14" VPOS="205" HPOS="668"/>
							<String ID="string_9" HPOS="682" VPOS="205" WIDTH="95" HEIGHT="28" WC="0.93" CONTENT="offentlig"/><SP WIDTH="16" VPOS="205" HPOS="777"/>
							<String ID="string_10" HPOS="793" VPOS="208" WIDTH="90" HEIGHT="20" WC="0.92" CONTENT="embets-"/>
						</TextLine>
						<TextLine ID="line_2" HPOS="136" VPOS="237" WIDTH="747" HEIGHT="29">
							<String ID="string_11" HPOS="136" VPOS="237" WIDTH="123" HEIGHT="26" WC="0.96" CONTENT="myndighet"/><SP WIDTH="19" VPOS="237" HPOS="259"/>
							<String ID="string_12" HPOS="278" VPOS="237" WIDTH="55" HEIGHT="20" WC="0.95" CONTENT="finna"/><SP WIDTH="19" VPOS="237" HPOS="333"/>
							<String ID="string_13" HPOS="352" VPOS="237" WIDTH="36" HEIGHT="20" WC="0.95" CONTENT="det"/><SP WIDTH="19" VPOS="237" HPOS="388"/>
							<String ID="string_14" HPOS="407" VPOS="237" WIDTH="32" HEIGHT="20" WC="0.95" CONTENT="för"/><SP WIDTH="19" VPOS="237" HPOS="439"/>
							<String ID="string_15" HPOS="458" VPOS="237" WIDTH="32" HEIGHT="27" WC="0.96" CONTENT="sig"/><SP WIDTH="20" VPOS="237" HPOS="490"/>
							<String ID="string_16" HPOS="510" VPOS="238" WIDTH="81" HEIGHT="19" WC="0.96" CONTENT="mindre"/><SP WIDTH="20" VPOS="238" HPOS="591"/>
							<String ID="string_17" HPOS="611" VPOS="239" WIDTH="97" HEIGHT="27" WC="0.96" CONTENT="lämpligt"/><SP WIDTH="16" VPOS="239" HPOS="708"/>
							<String ID="string_18" HPOS="724" VPOS="242" WIDTH="29" HEIGHT="17" WC="0.96" CONTENT="att"/><SP WIDTH="15" VPOS="242" HPOS="753"/>
							<String ID="string_19" HPOS="768" VPOS="241" WIDTH="115" HEIGHT="20" WC="0.96" CONTENT="verkställa"/>
						</TextLine>
						<TextLine ID="line_3" HPOS="135" VPOS="271" WIDTH="749" HEIGHT="31">
							<String ID="string_20" HPOS="135" VPOS="272" WIDTH="29" HEIGHT="18" WC="0.96" CONTENT="ett"/><SP WIDTH="15" VPOS="272" HPOS="164"/>
							<String ID="string_21" HPOS="179" VPOS="271" WIDTH="51" HEIGHT="19" WC="0.96" CONTENT="eller"/><SP WIDTH="16" VPOS="271" HPOS="230"/>
							<String ID="string_22" HPOS="246" VPOS="273" WIDTH="63" HEIGHT="18" WC="0.96" CONTENT="annat"/><SP WIDTH="15" VPOS="273" HPOS="309"/>
							<String ID="string_23" HPOS="324" VPOS="271" WIDTH="137" HEIGHT="25" WC="0.95" CONTENT="kommunens"/><SP WIDTH="16" VPOS="271" HPOS="461"/>
							<String ID="string_24" HPOS="477" VPOS="271" WIDTH="74" HEIGHT="26" WC="0.95" CONTENT="beslut,"/><SP WIDTH="16" VPOS="271" HPOS="551"/>
							<String ID="string_25" HPOS="567" VPOS="278" WIDTH="43" HEIGHT="13" WC="0.96" CONTENT="som"/><SP WIDTH="17" VPOS="278" HPOS="610"/>
							<String ID="string_26" HPOS="627" VPOS="273" WIDTH="47" HEIGHT="20" WC="0.90" CONTENT="icke"/><SP WIDTH="16" VPOS="273" HPOS="674"/>
							<String ID="string_27" HPOS="690" VPOS="273" WIDTH="27" HEIGHT="26" WC="0.96" CONTENT="på"/><SP WIDTH="13" VPOS="273" HPOS="717"/>
							<String ID="string_28" HPOS="730" VPOS="275" WIDTH="67" HEIGHT="25" WC="0.96" CONTENT="grund"/><SP WIDTH="12" VPOS="275" HPOS="797"/>
							<String ID="string_29" HPOS="809" VPOS="275" WIDTH="22" HEIGHT="20" WC="0.91" CONTENT="af"/><SP WIDTH="9" VPOS="275" HPOS="831"/>
							<String ID="string_30" HPOS="840" VPOS="275" WIDTH="44" HEIGHT="27" WC="0.91" CONTENT="lag-"/>
						</TextLine>
						<TextLine ID="line_4" HPOS="135" VPOS="305" WIDTH="748" HEIGHT="30">
							<String ID="string_31" HPOS="135" VPOS="305" WIDTH="111" HEIGHT="27" WC="0.92" CONTENT="stridighet"/><SP WIDTH="15" VPOS="305" HPOS="246"/>
							<String ID="string_32" HPOS="261" VPOS="305" WIDTH="41" HEIGHT="19" WC="0.93" CONTENT="kan"/><SP WIDTH="16" VPOS="305" HPOS="302"/>
							<String ID="string_33" HPOS="318" VPOS="305" WIDTH="159" HEIGHT="26" WC="0.86" CONTENT="undertryckas."/><SP WIDTH="30" VPOS="305" HPOS="477"/>
							<String ID="string_34" HPOS="507" VPOS="305" WIDTH="36" HEIGHT="19" WC="0.93" CONTENT="Ett"/><SP WIDTH="15" VPOS="305" HPOS="543"/>
							<String ID="string_35" HPOS="558" VPOS="306" WIDTH="74" HEIGHT="20" WC="0.96" CONTENT="sådant"/><SP WIDTH="15" VPOS="306" HPOS="632"/>
							<String ID="string_36" HPOS="647" VPOS="307" WIDTH="53" HEIGHT="20" WC="0.93" CONTENT="skall"/><SP WIDTH="17" VPOS="307" HPOS="700"/>
							<String ID="string_37" HPOS="717" VPOS="308" WIDTH="82" HEIGHT="20" WC="0.92" CONTENT="derföre"/><SP WIDTH="17" VPOS="308" HPOS="799"/>
							<String ID="string_38" HPOS="816" VPOS="309" WIDTH="67" HEIGHT="26" WC="0.92" CONTENT="möjli-"/>
						</TextLine>
						<TextLine ID="line_5" HPOS="134" VPOS="339" WIDTH="749" HEIGHT="29">
							<String ID="string_39" HPOS="134" VPOS="345" WIDTH="41" HEIGHT="20" WC="0.96" CONTENT="gen"/><SP WIDTH="20" VPOS="345" HPOS="175"/>
							<String ID="string_40" HPOS="195" VPOS="339" WIDTH="63" HEIGHT="27" WC="0.96" CONTENT="länge"/><SP WIDTH="22" VPOS="339" HPOS="258"/>
							<String ID="string_41" HPOS="280" VPOS="339" WIDTH="19" HEIGHT="20" WC="0.96" CONTENT="få"/><SP WIDTH="20" VPOS="339" HPOS="299"/>
							<String ID="string_42" HPOS="319" VPOS="341" WIDTH="63" HEIGHT="17" WC="0.96" CONTENT="vänta"/><SP WIDTH="20" VPOS="341" HPOS="382"/>
							<String ID="string_43" HPOS="402" VPOS="339" WIDTH="26" HEIGHT="26" WC="0.96" CONTENT="på"/><SP WIDTH="20" VPOS="339" HPOS="428"/>
							<String ID="string_44" HPOS="448" VPOS="339" WIDTH="168" HEIGHT="27" WC="0.94" CONTENT="verkställighet."/><SP WIDTH="30" VPOS="339" HPOS="616"/>
							<String ID="string_45" HPOS="646" VPOS="341" WIDTH="40" HEIGHT="20" WC="0.94" CONTENT="Det"/><SP WIDTH="15" VPOS="341" HPOS="686"/>
							<String ID="string_46" HPOS="701" VPOS="348" WIDTH="63" HEIGHT="20" WC="0.96" CONTENT="synes"/><SP WIDTH="16" VPOS="348" HPOS="764"/>
							<String ID="string_47" HPOS="780" VPOS="342" WIDTH="103" HEIGHT="21" WC="0.96" CONTENT="utskottet"/>
						</TextLine>
						<TextLine ID="line_6" HPOS="135" VPOS="373" WIDTH="747" HEIGHT="27">
							<String ID="string_48" HPOS="135" VPOS="373" WIDTH="83" HEIGHT="20" WC="0.92" CONTENT="derföre"/><SP WIDTH="11" VPOS="373" HPOS="218"/>
							<String ID="string_49" HPOS="229" VPOS="373" WIDTH="131" HEIGHT="27" WC="0.96" CONTENT="lämpligare,"/><SP WIDTH="11" VPOS="373" HPOS="360"/>
							<String ID="string_50" HPOS="371" VPOS="376" WIDTH="29" HEIGHT="17" WC="0.95" CONTENT="att"/><SP WIDTH="16" VPOS="376" HPOS="400"/>
							<String ID="string_51" HPOS="416" VPOS="373" WIDTH="188" HEIGHT="27" WC="0.95" CONTENT="verkställigheten"/><SP WIDTH="16" VPOS="373" HPOS="604"/>
							<String ID="string_52" HPOS="620" VPOS="374" WIDTH="24" HEIGHT="20" WC="0.96" CONTENT="af"/><SP WIDTH="14" VPOS="374" HPOS="644"/>
							<String ID="string_53" HPOS="658" VPOS="375" WIDTH="139" HEIGHT="21" WC="0.96" CONTENT="kommunens"/><SP WIDTH="17" VPOS="375" HPOS="797"/>
							<String ID="string_54" HPOS="814" VPOS="376" WIDTH="68" HEIGHT="20" WC="0.96" CONTENT="beslut"/>
						</TextLine>
						<TextLine ID="line_7" HPOS="135" VPOS="407" WIDTH="746" HEIGHT="30">
							<String ID="string_55" HPOS="135" VPOS="408" WIDTH="118" HEIGHT="26" WC="0.91" CONTENT="uppdrages"/><SP WIDTH="21" VPOS="408" HPOS="253"/>
							<String ID="string_56" HPOS="274" VPOS="408" WIDTH="101" HEIGHT="26" WC="0.95" CONTENT="antingen"/><SP WIDTH="21" VPOS="408" HPOS="375"/>
							<String ID="string_57" HPOS="396" VPOS="407" WIDTH="20" HEIGHT="20" WC="0.96" CONTENT="åt"/><SP WIDTH="21" VPOS="407" HPOS="416"/>
							<String ID="string_58" HPOS="437" VPOS="410" WIDTH="138" HEIGHT="24" WC="0.96" CONTENT="permanenta"/><SP WIDTH="19" VPOS="410" HPOS="575"/>
							<String ID="string_59" HPOS="594" VPOS="409" WIDTH="102" HEIGHT="20" WC="0.96" CONTENT="nämnder"/><SP WIDTH="20" VPOS="409" HPOS="696"/>
							<String ID="string_60" HPOS="716" VPOS="410" WIDTH="38" HEIGHT="20" WC="0.96" CONTENT="och"/><SP WIDTH="21" VPOS="410" HPOS="754"/>
							<String ID="string_61" HPOS="775" VPOS="411" WIDTH="106" HEIGHT="26" WC="0.96" CONTENT="styrelser,"/>
						</TextLine>
						<TextLine ID="line_8" HPOS="135" VPOS="442" WIDTH="746" HEIGHT="29">
							<String ID="string_62" HPOS="135" VPOS="443" WIDTH="81" HEIGHT="19" WC="0.96" CONTENT="hvilkas"/><SP WIDTH="24" VPOS="443" HPOS="216"/>
							<String ID="string_63" HPOS="240" VPOS="443" WIDTH="135" HEIGHT="20" WC="0.96" CONTENT="medlemmar"/><SP WIDTH="20" VPOS="443" HPOS="375"/>
							<String ID="string_64" HPOS="395" VPOS="442" WIDTH="32" HEIGHT="19" WC="0.96" CONTENT="för"/><SP WIDTH="20" VPOS="442" HPOS="427"/>
							<String ID="string_65" HPOS="447" VPOS="442" WIDTH="42" HEIGHT="20" WC="0.96" CONTENT="viss"/><SP WIDTH="20" VPOS="442" HPOS="489"/>
							<String ID="string_66" HPOS="509" VPOS="442" WIDTH="28" HEIGHT="20" WC="0.95" CONTENT="tid"/><SP WIDTH="19" VPOS="442" HPOS="537"/>
							<String ID="string_67" HPOS="556" VPOS="442" WIDTH="23" HEIGHT="20" WC="0.96" CONTENT="af"/><SP WIDTH="18" VPOS="442" HPOS="579"/>
							<String ID="string_68" HPOS="597" VPOS="443" WIDTH="127" HEIGHT="21" WC="0.96" CONTENT="kommunen"/><SP WIDTH="16" VPOS="443" HPOS="724"/>
							<String ID="string_69" HPOS="740" VPOS="444" WIDTH="73" HEIGHT="27" WC="0.96" CONTENT="väljas,"/><SP WIDTH="16" VPOS="444" HPOS="813"/>
							<String ID="string_70" HPOS="829" VPOS="445" WIDTH="52" HEIGHT="20" WC="0.96" CONTENT="eller"/>
						</TextLine>
						<TextLine ID="line_9" HPOS="134" VPOS="476" WIDTH="745" HEIGHT="29">
							<String ID="string_71" HPOS="134" VPOS="476" WIDTH="21" HEIGHT="20" WC="0.95" CONTENT="åt"/><SP WIDTH="15" VPOS="476" HPOS="155"/>
							<String ID="string_72" HPOS="170" VPOS="479" WIDTH="30" HEIGHT="17" WC="0.96" CONTENT="ett"/><SP WIDTH="15" VPOS="479" HPOS="200"/>
							<String ID="string_73" HPOS="215" VPOS="479" WIDTH="65" HEIGHT="17" WC="0.96" CONTENT="större"/><SP WIDTH="16" VPOS="479" HPOS="280"/>
							<String ID="string_74" HPOS="296" VPOS="477" WIDTH="50" HEIGHT="19" WC="0.96" CONTENT="eller"/><SP WIDTH="17" VPOS="477" HPOS="346"/>
							<String ID="string_75" HPOS="363" VPOS="477" WIDTH="80" HEIGHT="19" WC="0.96" CONTENT="mindre"/><SP WIDTH="16" VPOS="477" HPOS="443"/>
							<String ID="string_76" HPOS="459" VPOS="476" WIDTH="57" HEIGHT="20" WC="0.96" CONTENT="antal"/><SP WIDTH="16" VPOS="476" HPOS="516"/>
							<String ID="string_77" HPOS="532" VPOS="483" WIDTH="106" HEIGHT="20" WC="0.95" CONTENT="personer,"/><SP WIDTH="16" VPOS="483" HPOS="638"/>
							<String ID="string_78" HPOS="654" VPOS="484" WIDTH="45" HEIGHT="13" WC="0.96" CONTENT="som"/><SP WIDTH="16" VPOS="484" HPOS="699"/>
							<String ID="string_79" HPOS="715" VPOS="478" WIDTH="31" HEIGHT="20" WC="0.96" CONTENT="för"/><SP WIDTH="16" VPOS="478" HPOS="746"/>
							<String ID="string_80" HPOS="762" VPOS="478" WIDTH="64" HEIGHT="27" WC="0.93" CONTENT="något"/><SP WIDTH="12" VPOS="478" HPOS="826"/>
							<String ID="string_81" HPOS="838" VPOS="479" WIDTH="41" HEIGHT="20" WC="0.92" CONTENT="till-"/>
						</TextLine>
						<TextLine ID="line_10" HPOS="134" VPOS="507" WIDTH="745" HEIGHT="33">
							<String ID="string_82" HPOS="134" VPOS="511" WIDTH="68" HEIGHT="27" WC="0.92" CONTENT="fälligt"/><SP WIDTH="19" VPOS="511" HPOS="202"/>
							<String ID="string_83" HPOS="221" VPOS="511" WIDTH="94" HEIGHT="27" WC="0.96" CONTENT="uppdrag"/><SP WIDTH="19" VPOS="511" HPOS="315"/>
							<String ID="string_84" HPOS="334" VPOS="511" WIDTH="100" HEIGHT="20" WC="0.96" CONTENT="särskildt"/><SP WIDTH="20" VPOS="511" HPOS="434"/>
							<String ID="string_85" HPOS="454" VPOS="512" WIDTH="62" HEIGHT="18" WC="0.95" CONTENT="utses."/><SP WIDTH="31" VPOS="512" HPOS="516"/>
							<String ID="string_86" HPOS="547" VPOS="507" WIDTH="65" HEIGHT="24" WC="0.96" CONTENT="Öfver"/><SP WIDTH="20" VPOS="507" HPOS="612"/>
							<String ID="string_87" HPOS="632" VPOS="512" WIDTH="62" HEIGHT="20" WC="0.96" CONTENT="dessa"/><SP WIDTH="20" VPOS="512" HPOS="694"/>
							<String ID="string_88" HPOS="714" VPOS="512" WIDTH="106" HEIGHT="26" WC="0.93" CONTENT="nämnder,"/><SP WIDTH="17" VPOS="512" HPOS="820"/>
							<String ID="string_89" HPOS="837" VPOS="516" WIDTH="42" HEIGHT="24" WC="0.91" CONTENT="sty-"/>
						</TextLine>
						<TextLine ID="line_11" HPOS="133" VPOS="545" WIDTH="747" HEIGHT="28">
							<String ID="string_90" HPOS="133" VPOS="546" WIDTH="66" HEIGHT="19" WC="0.91" CONTENT="relser"/><SP WIDTH="11" VPOS="546" HPOS="199"/>
							<String ID="string_91" HPOS="210" VPOS="546" WIDTH="38" HEIGHT="19" WC="0.96" CONTENT="och"/><SP WIDTH="12" VPOS="546" HPOS="248"/>
							<String ID="string_92" HPOS="260" VPOS="552" WIDTH="100" HEIGHT="20" WC="0.96" CONTENT="personer"/><SP WIDTH="15" VPOS="552" HPOS="360"/>
							<String ID="string_93" HPOS="375" VPOS="545" WIDTH="67" HEIGHT="19" WC="0.96" CONTENT="skulle"/><SP WIDTH="16" VPOS="545" HPOS="442"/>
							<String ID="string_94" HPOS="458" VPOS="545" WIDTH="143" HEIGHT="26" WC="0.95" CONTENT="Magistraten,"/><SP WIDTH="17" VPOS="545" HPOS="601"/>
							<String ID="string_95" HPOS="618" VPOS="546" WIDTH="66" HEIGHT="27" WC="0.96" CONTENT="enligt"/><SP WIDTH="13" VPOS="546" HPOS="684"/>
							<String ID="string_96" HPOS="697" VPOS="546" WIDTH="110" HEIGHT="21" WC="0.93" CONTENT="utskottets"/><SP WIDTH="11" VPOS="546" HPOS="807"/>
							<String ID="string_97" HPOS="818" VPOS="546" WIDTH="62" HEIGHT="27" WC="0.93" CONTENT="åsigt,"/>
						</TextLine>
						<TextLine ID="line_12" HPOS="133" VPOS="579" WIDTH="746" HEIGHT="27">
							<String ID="string_98" HPOS="133" VPOS="580" WIDTH="118" HEIGHT="19" WC="0.96" CONTENT="tillkomma"/><SP WIDTH="14" VPOS="580" HPOS="251"/>
							<String ID="string_99" HPOS="265" VPOS="581" WIDTH="29" HEIGHT="18" WC="0.96" CONTENT="att"/><SP WIDTH="11" VPOS="581" HPOS="294"/>
							<String ID="string_100" HPOS="305" VPOS="579" WIDTH="62" HEIGHT="20" WC="0.93" CONTENT="hafva"/><SP WIDTH="10" VPOS="579" HPOS="367"/>
							<String ID="string_101" HPOS="377" VPOS="579" WIDTH="100" HEIGHT="20" WC="0.92" CONTENT="inseende"/><SP WIDTH="17" VPOS="579" HPOS="477"/>
							<String ID="string_102" HPOS="494" VPOS="582" WIDTH="54" HEIGHT="16" WC="0.97" CONTENT="samt"/><SP WIDTH="12" VPOS="582" HPOS="548"/>
							<String ID="string_103" HPOS="560" VPOS="580" WIDTH="54" HEIGHT="19" WC="0.93" CONTENT="vaka"/><SP WIDTH="10" VPOS="580" HPOS="614"/>
							<String ID="string_104" HPOS="624" VPOS="580" WIDTH="104" HEIGHT="26" WC="0.91" CONTENT="deröfver,"/><SP WIDTH="8" VPOS="580" HPOS="728"/>
							<String ID="string_105" HPOS="736" VPOS="583" WIDTH="30" HEIGHT="17" WC="0.96" CONTENT="att"/><SP WIDTH="12" VPOS="583" HPOS="766"/>
							<String ID="string_106" HPOS="778" VPOS="581" WIDTH="25" HEIGHT="19" WC="0.93" CONTENT="de"/><SP WIDTH="13" VPOS="581" HPOS="803"/>
							<String ID="string_107" HPOS="816" VPOS="581" WIDTH="63" HEIGHT="20" WC="0.92" CONTENT="behö-"/>
						</TextLine>
						<TextLine ID="line_13" HPOS="133" VPOS="613" WIDTH="746" HEIGHT="28">
							<String ID="string_108" HPOS="133" VPOS="614" WIDTH="58" HEIGHT="26" WC="0.91" CONTENT="rigen"/><SP WIDTH="13" VPOS="614" HPOS="191"/>
							<String ID="string_109" HPOS="204" VPOS="614" WIDTH="88" HEIGHT="26" WC="0.96" CONTENT="fullgöra"/><SP WIDTH="13" VPOS="614" HPOS="292"/>
							<String ID="string_110" HPOS="305" VPOS="614" WIDTH="45" HEIGHT="19" WC="0.96" CONTENT="sina"/><SP WIDTH="11" VPOS="614" HPOS="350"/>
							<String ID="string_111" HPOS="361" VPOS="613" WIDTH="133" HEIGHT="27" WC="0.95" CONTENT="åligganden."/><SP WIDTH="31" VPOS="613" HPOS="494"/>
							<String ID="string_112" HPOS="525" VPOS="614" WIDTH="72" HEIGHT="19" WC="0.95" CONTENT="Redan"/><SP WIDTH="18" VPOS="614" HPOS="597"/>
							<String ID="string_113" HPOS="615" VPOS="620" WIDTH="26" HEIGHT="13" WC="0.95" CONTENT="nu"/><SP WIDTH="16" VPOS="620" HPOS="641"/>
							<String ID="string_114" HPOS="657" VPOS="614" WIDTH="59" HEIGHT="20" WC="0.95" CONTENT="torde"/><SP WIDTH="15" VPOS="614" HPOS="716"/>
							<String ID="string_115" HPOS="731" VPOS="614" WIDTH="148" HEIGHT="27" WC="0.96" CONTENT="förhållandet,"/>
						</TextLine>
						<TextLine ID="line_14" HPOS="133" VPOS="648" WIDTH="746" HEIGHT="28">
							<String ID="string_116" HPOS="133" VPOS="648" WIDTH="125" HEIGHT="20" WC="0.96" CONTENT="åtminstone"/><SP WIDTH="12" VPOS="648" HPOS="258"/>
							<String ID="string_117" HPOS="270" VPOS="648" WIDTH="6" HEIGHT="19" WC="0.96" CONTENT="i"/><SP WIDTH="12" VPOS="648" HPOS="276"/>
							<String ID="string_118" HPOS="288" VPOS="648" WIDTH="25" HEIGHT="20" WC="0.96" CONTENT="de"/><SP WIDTH="11" VPOS="648" HPOS="313"/>
							<String ID="string_119" HPOS="324" VPOS="650" WIDTH="67" HEIGHT="17" WC="0.93" CONTENT="större"/><SP WIDTH="16" VPOS="650" HPOS="391"/>
							<String ID="string_120" HPOS="407" VPOS="648" WIDTH="104" HEIGHT="25" WC="0.91" CONTENT="städerne,"/><SP WIDTH="17" VPOS="648" HPOS="511"/>
							<String ID="string_121" HPOS="528" VPOS="648" WIDTH="98" HEIGHT="26" WC="0.95" CONTENT="gestaltat"/><SP WIDTH="10" VPOS="648" HPOS="626"/>
							<String ID="string_122" HPOS="636" VPOS="648" WIDTH="32" HEIGHT="26" WC="0.96" CONTENT="sig"/><SP WIDTH="11" VPOS="648" HPOS="668"/>
							<String ID="string_123" HPOS="679" VPOS="649" WIDTH="6" HEIGHT="19" WC="0.96" CONTENT="i"/><SP WIDTH="13" VPOS="649" HPOS="685"/>
							<String ID="string_124" HPOS="698" VPOS="649" WIDTH="69" HEIGHT="20" WC="0.96" CONTENT="denna"/><SP WIDTH="10" VPOS="649" HPOS="767"/>
							<String ID="string_125" HPOS="777" VPOS="649" WIDTH="102" HEIGHT="27" WC="0.96" CONTENT="riktning."/>
						</TextLine>
						<TextLine ID="line_15" HPOS="132" VPOS="681" WIDTH="745" HEIGHT="27">
							<String ID="string_126" HPOS="132" VPOS="682" WIDTH="9" HEIGHT="20" WC="0.96" CONTENT="I"/><SP WIDTH="13" VPOS="682" HPOS="141"/>
							<String ID="string_127" HPOS="154" VPOS="682" WIDTH="42" HEIGHT="20" WC="0.95" CONTENT="alla"/><SP WIDTH="15" VPOS="682" HPOS="196"/>
							<String ID="string_128" HPOS="211" VPOS="682" WIDTH="69" HEIGHT="20" WC="0.96" CONTENT="städer"/><SP WIDTH="12" VPOS="682" HPOS="280"/>
							<String ID="string_129" HPOS="292" VPOS="681" WIDTH="66" HEIGHT="21" WC="0.96" CONTENT="finnas"/><SP WIDTH="11" VPOS="681" HPOS="358"/>
							<String ID="string_130" HPOS="369" VPOS="682" WIDTH="104" HEIGHT="19" WC="0.96" CONTENT="särskilda"/><SP WIDTH="10" VPOS="682" HPOS="473"/>
							<String ID="string_131" HPOS="483" VPOS="682" WIDTH="100" HEIGHT="26" WC="0.96" CONTENT="styrelser"/><SP WIDTH="11" VPOS="682" HPOS="583"/>
							<String ID="string_132" HPOS="594" VPOS="682" WIDTH="52" HEIGHT="20" WC="0.93" CONTENT="eller"/><SP WIDTH="11" VPOS="682" HPOS="646"/>
							<String ID="string_133" HPOS="657" VPOS="683" WIDTH="130" HEIGHT="20" WC="0.92" CONTENT="direktioner"/><SP WIDTH="11" VPOS="683" HPOS="787"/>
							<String ID="string_134" HPOS="798" VPOS="683" WIDTH="31" HEIGHT="20" WC="0.93" CONTENT="för"/><SP WIDTH="11" VPOS="683" HPOS="829"/>
							<String ID="string_135" HPOS="840" VPOS="684" WIDTH="37" HEIGHT="20" WC="0.92" CONTENT="fat-"/>
						</TextLine>
						<TextLine ID="line_16" HPOS="132" VPOS="716" WIDTH="746" HEIGHT="27">
							<String ID="string_136" HPOS="132" VPOS="716" WIDTH="109" HEIGHT="26" WC="0.92" CONTENT="tigvärden"/><SP WIDTH="25" VPOS="716" HPOS="241"/>
							<String ID="string_137" HPOS="266" VPOS="716" WIDTH="38" HEIGHT="20" WC="0.93" CONTENT="och"/><SP WIDTH="23" VPOS="716" HPOS="304"/>
							<String ID="string_138" HPOS="327" VPOS="716" WIDTH="214" HEIGHT="26" WC="0.92" CONTENT="folkskoleväsendet,"/><SP WIDTH="25" VPOS="716" HPOS="541"/>
							<String ID="string_139" HPOS="566" VPOS="716" WIDTH="161" HEIGHT="27" WC="0.92" CONTENT="mängenstädes"/><SP WIDTH="17" VPOS="716" HPOS="727"/>
							<String ID="string_140" HPOS="744" VPOS="717" WIDTH="82" HEIGHT="26" WC="0.88" CONTENT="-jemväl"/><SP WIDTH="21" VPOS="717" HPOS="826"/>
							<String ID="string_141" HPOS="847" VPOS="717" WIDTH="31" HEIGHT="20" WC="0.96" CONTENT="för"/>
						</TextLine>
						<TextLine ID="line_17" HPOS="133" VPOS="750" WIDTH="746" HEIGHT="25">
							<String ID="string_142" HPOS="133" VPOS="750" WIDTH="97" HEIGHT="25" WC="0.90" CONTENT="drätseln,"/><SP WIDTH="25" VPOS="750" HPOS="230"/>
							<String ID="string_143" HPOS="255" VPOS="750" WIDTH="175" HEIGHT="25" WC="0.90" CONTENT="brandväsendet,"/><SP WIDTH="21" VPOS="750" HPOS="430"/>
							<String ID="string_144" HPOS="451" VPOS="750" WIDTH="179" HEIGHT="20" WC="0.91" CONTENT="sundhetsvärden"/><SP WIDTH="20" VPOS="750" HPOS="630"/>
							<String ID="string_145" HPOS="650" VPOS="757" WIDTH="18" HEIGHT="13" WC="0.90" CONTENT="o."/><SP WIDTH="20" VPOS="757" HPOS="668"/>
							<String ID="string_146" HPOS="688" VPOS="757" WIDTH="15" HEIGHT="13" WC="0.96" CONTENT="s."/><SP WIDTH="19" VPOS="757" HPOS="703"/>
							<String ID="string_147" HPOS="722" VPOS="758" WIDTH="18" HEIGHT="12" WC="0.92" CONTENT="v."/><SP WIDTH="31" VPOS="758" HPOS="740"/>
							<String ID="string_148" HPOS="771" VPOS="750" WIDTH="108" HEIGHT="21" WC="0.92" CONTENT="Utskottet"/>
						</TextLine>
						<TextLine ID="line_18" HPOS="132" VPOS="784" WIDTH="746" HEIGHT="27">
							<String ID="string_149" HPOS="132" VPOS="784" WIDTH="32" HEIGHT="19" WC="0.91" CONTENT="fär"/><SP WIDTH="16" VPOS="784" HPOS="164"/>
							<String ID="string_150" HPOS="180" VPOS="784" WIDTH="82" HEIGHT="20" WC="0.93" CONTENT="derföre"/><SP WIDTH="15" VPOS="784" HPOS="262"/>
							<String ID="string_151" HPOS="277" VPOS="784" WIDTH="30" HEIGHT="19" WC="0.96" CONTENT="till"/><SP WIDTH="15" VPOS="784" HPOS="307"/>
							<String ID="string_152" HPOS="322" VPOS="784" WIDTH="120" HEIGHT="26" WC="0.93" CONTENT="antagande"/><SP WIDTH="15" VPOS="784" HPOS="442"/>
							<String ID="string_153" HPOS="457" VPOS="784" WIDTH="79" HEIGHT="20" WC="0.92" CONTENT="föreslä"/><SP WIDTH="15" VPOS="784" HPOS="536"/>
							<String ID="string_154" HPOS="551" VPOS="791" WIDTH="26" HEIGHT="13" WC="0.96" CONTENT="en"/><SP WIDTH="16" VPOS="791" HPOS="577"/>
							<String ID="string_155" HPOS="593" VPOS="784" WIDTH="27" HEIGHT="26" WC="0.96" CONTENT="pä"/><SP WIDTH="15" VPOS="784" HPOS="620"/>
							<String ID="string_156" HPOS="635" VPOS="791" WIDTH="28" HEIGHT="13" WC="0.93" CONTENT="nu"/><SP WIDTH="16" VPOS="791" HPOS="663"/>
							<String ID="string_157" HPOS="679" VPOS="784" WIDTH="121" HEIGHT="20" WC="0.92" CONTENT="framstälda"/><SP WIDTH="15" VPOS="784" HPOS="800"/>
							<String ID="string_158" HPOS="815" VPOS="791" WIDTH="63" HEIGHT="20" WC="0.91" CONTENT="grun-"/>
						</TextLine>
						<TextLine ID="line_19" HPOS="132" VPOS="818" WIDTH="449" HEIGHT="26">
							<String ID="string_159" HPOS="132" VPOS="818" WIDTH="37" HEIGHT="20" WC="0.93" CONTENT="der"/><SP WIDTH="15" VPOS="818" HPOS="169"/>
							<String ID="string_160" HPOS="184" VPOS="818" WIDTH="59" HEIGHT="26" WC="0.92" CONTENT="gjord"/><SP WIDTH="17" VPOS="818" HPOS="243"/>
							<String ID="string_161" HPOS="260" VPOS="818" WIDTH="134" HEIGHT="26" WC="0.92" CONTENT="formulering"/><SP WIDTH="15" VPOS="818" HPOS="394"/>
							<String ID="string_162" HPOS="409" VPOS="818" WIDTH="23" HEIGHT="19" WC="0.96" CONTENT="af"/><SP WIDTH="14" VPOS="818" HPOS="432"/>
							<String ID="string_163" HPOS="446" VPOS="818" WIDTH="57" HEIGHT="20" WC="0.93" CONTENT="detta"/><SP WIDTH="16" VPOS="818" HPOS="503"/>
							<String ID="string_164" HPOS="519" VPOS="824" WIDTH="62" HEIGHT="14" WC="0.96" CONTENT="mom."/>
						</TextLine>
					</TextBlock>
					<TextBlock ID="block_2" HPOS="129" VPOS="852" WIDTH="806" HEIGHT="367">
						<TextLine ID="line_20" HPOS="200" VPOS="852" WIDTH="735" HEIGHT="32">
							<String ID="string_165" HPOS="200" VPOS="852" WIDTH="11" HEIGHT="19" WC="0.87" CONTENT="6"/><SP WIDTH="16" VPOS="852" HPOS="211"/>
							<String ID="string_166" HPOS="227" VPOS="853" WIDTH="10" HEIGHT="22" WC="0.92" CONTENT="$"/><SP WIDTH="17" VPOS="853" HPOS="237"/>
							<String ID="string_167" HPOS="254" VPOS="852" WIDTH="123" HEIGHT="19" WC="0.96" CONTENT="framställer"/><SP WIDTH="15" VPOS="852" HPOS="377"/>
							<String ID="string_168" HPOS="392" VPOS="852" WIDTH="7" HEIGHT="19" WC="0.96" CONTENT="i"/><SP WIDTH="16" VPOS="852" HPOS="399"/>
							<String ID="string_169" HPOS="415" VPOS="852" WIDTH="107" HEIGHT="20" WC="0.95" CONTENT="allmänna"/><SP WIDTH="11" VPOS="852" HPOS="522"/>
							<String ID="string_170" HPOS="533" VPOS="852" WIDTH="51" HEIGHT="26" WC="0.93" CONTENT="drag"/><SP WIDTH="11" VPOS="852" HPOS="584"/>
							<String ID="string_171" HPOS="595" VPOS="852" WIDTH="105" HEIGHT="20" WC="0.95" CONTENT="formerna"/><SP WIDTH="11" VPOS="852" HPOS="700"/>
							<String ID="string_172" HPOS="711" VPOS="852" WIDTH="31" HEIGHT="20" WC="0.93" CONTENT="för"/><SP WIDTH="12" VPOS="852" HPOS="742"/>
							<String ID="string_173" HPOS="754" VPOS="852" WIDTH="122" HEIGHT="20" WC="0.91" CONTENT="utöfvandet"/><SP WIDTH="11" VPOS="852" HPOS="876"/>
							<String ID="string_174" HPOS="887" VPOS="855" WIDTH="14" HEIGHT="29" WC="0.54" CONTENT="8"/><SP WIDTH="15" VPOS="855" HPOS="901"/>
							<String ID="string_175" HPOS="916" VPOS="856" WIDTH="19" HEIGHT="21" WC="0.93" CONTENT="6."/>
						</TextLine>
						<TextLine ID="line_21" HPOS="130" VPOS="886" WIDTH="744" HEIGHT="20">
							<String ID="string_176" HPOS="130" VPOS="886" WIDTH="23" HEIGHT="19" WC="0.96" CONTENT="af"/><SP WIDTH="19" VPOS="886" HPOS="153"/>
							<String ID="string_177" HPOS="172" VPOS="886" WIDTH="137" HEIGHT="19" WC="0.93" CONTENT="kommunens"/><SP WIDTH="20" VPOS="886" HPOS="309"/>
							<String ID="string_178" HPOS="329" VPOS="886" WIDTH="172" HEIGHT="19" WC="0.95" CONTENT="beslutanderätt."/><SP WIDTH="35" VPOS="886" HPOS="501"/>
							<String ID="string_179" HPOS="536" VPOS="886" WIDTH="37" HEIGHT="19" WC="0.96" CONTENT="Att"/><SP WIDTH="19" VPOS="886" HPOS="573"/>
							<String ID="string_180" HPOS="592" VPOS="886" WIDTH="69" HEIGHT="20" WC="0.96" CONTENT="denna"/><SP WIDTH="22" VPOS="886" HPOS="661"/>
							<String ID="string_181" HPOS="683" VPOS="887" WIDTH="6" HEIGHT="18" WC="0.94" CONTENT="i"/><SP WIDTH="17" VPOS="887" HPOS="689"/>
							<String ID="string_182" HPOS="706" VPOS="886" WIDTH="26" HEIGHT="20" WC="0.94" CONTENT="de"/><SP WIDTH="18" VPOS="886" HPOS="732"/>
							<String ID="string_183" HPOS="750" VPOS="888" WIDTH="65" HEIGHT="18" WC="0.93" CONTENT="större"/><SP WIDTH="19" VPOS="888" HPOS="815"/>
							<String ID="string_184" HPOS="834" VPOS="889" WIDTH="40" HEIGHT="17" WC="0.93" CONTENT="stä-"/>
						</TextLine>
						<TextLine ID="line_22" HPOS="131" VPOS="920" WIDTH="744" HEIGHT="27">
							<String ID="string_185" HPOS="131" VPOS="920" WIDTH="64" HEIGHT="19" WC="0.92" CONTENT="derne"/><SP WIDTH="20" VPOS="920" HPOS="195"/>
							<String ID="string_186" HPOS="215" VPOS="920" WIDTH="37" HEIGHT="19" WC="0.92" CONTENT="bör"/><SP WIDTH="19" VPOS="920" HPOS="252"/>
							<String ID="string_187" HPOS="271" VPOS="920" WIDTH="117" HEIGHT="27" WC="0.92" CONTENT="uppdragas"/><SP WIDTH="16" VPOS="920" HPOS="388"/>
							<String ID="string_188" HPOS="404" VPOS="920" WIDTH="22" HEIGHT="19" WC="0.93" CONTENT="ät"/><SP WIDTH="15" VPOS="920" HPOS="426"/>
							<String ID="string_189" HPOS="441" VPOS="920" WIDTH="60" HEIGHT="20" WC="0.92" CONTENT="valde"/><SP WIDTH="18" VPOS="920" HPOS="501"/>
							<String ID="string_190" HPOS="519" VPOS="920" WIDTH="76" HEIGHT="20" WC="0.91" CONTENT="ombud"/><SP WIDTH="17" VPOS="920" HPOS="595"/>
							<String ID="string_191" HPOS="612" VPOS="920" WIDTH="52" HEIGHT="20" WC="0.93" CONTENT="eller"/><SP WIDTH="15" VPOS="920" HPOS="664"/>
							<String ID="string_192" HPOS="679" VPOS="920" WIDTH="196" HEIGHT="27" WC="0.92" CONTENT="stadsfullmäktige,"/>
						</TextLine>
						<TextLine ID="line_23" HPOS="131" VPOS="949" WIDTH="742" HEIGHT="26">
							<String ID="string_193" HPOS="131" VPOS="955" WIDTH="37" HEIGHT="19" WC="0.90" CONTENT="har"/><SP WIDTH="19" VPOS="955" HPOS="168"/>
							<String ID="string_194" HPOS="187" VPOS="954" WIDTH="100" HEIGHT="20" WC="0.91" CONTENT="utskottet"/><SP WIDTH="18" VPOS="954" HPOS="287"/>
							<String ID="string_195" HPOS="305" VPOS="955" WIDTH="64" HEIGHT="19" WC="0.93" CONTENT="redan"/><SP WIDTH="19" VPOS="955" HPOS="369"/>
							<String ID="string_196" HPOS="388" VPOS="954" WIDTH="119" HEIGHT="20" WC="0.87" CONTENT="framhällit."/><SP WIDTH="30" VPOS="954" HPOS="507"/>
							<String ID="string_197" HPOS="537" VPOS="949" WIDTH="30" HEIGHT="25" WC="0.91" CONTENT="Ät"/><SP WIDTH="18" VPOS="949" HPOS="567"/>
							<String ID="string_198" HPOS="585" VPOS="955" WIDTH="26" HEIGHT="19" WC="0.96" CONTENT="de"/><SP WIDTH="16" VPOS="955" HPOS="611"/>
							<String ID="string_199" HPOS="627" VPOS="955" WIDTH="81" HEIGHT="19" WC="0.93" CONTENT="mindre"/><SP WIDTH="16" VPOS="955" HPOS="708"/>
							<String ID="string_200" HPOS="724" VPOS="955" WIDTH="98" HEIGHT="20" WC="0.93" CONTENT="städerne"/><SP WIDTH="16" VPOS="955" HPOS="822"/>
							<String ID="string_201" HPOS="838" VPOS="961" WIDTH="35" HEIGHT="14" WC="0.93" CONTENT="an-"/>
						</TextLine>
						<TextLine ID="line_24" HPOS="131" VPOS="988" WIDTH="744" HEIGHT="27">
							<String ID="string_202" HPOS="131" VPOS="995" WIDTH="33" HEIGHT="13" WC="0.93" CONTENT="ser"/><SP WIDTH="15" VPOS="995" HPOS="164"/>
							<String ID="string_203" HPOS="179" VPOS="989" WIDTH="61" HEIGHT="19" WC="0.92" CONTENT="äfven"/><SP WIDTH="17" VPOS="989" HPOS="240"/>
							<String ID="string_204" HPOS="257" VPOS="988" WIDTH="101" HEIGHT="20" WC="0.91" CONTENT="utskottet"/><SP WIDTH="14" VPOS="988" HPOS="358"/>
							<String ID="string_205" HPOS="372" VPOS="989" WIDTH="35" HEIGHT="19" WC="0.96" CONTENT="det"/><SP WIDTH="17" VPOS="989" HPOS="407"/>
							<String ID="string_206" HPOS="424" VPOS="995" WIDTH="49" HEIGHT="13" WC="0.93" CONTENT="vara"/><SP WIDTH="15" VPOS="995" HPOS="473"/>
							<String ID="string_207" HPOS="488" VPOS="988" WIDTH="124" HEIGHT="20" WC="0.92" CONTENT="välbetänkt"/><SP WIDTH="15" VPOS="988" HPOS="612"/>
							<String ID="string_208" HPOS="627" VPOS="990" WIDTH="30" HEIGHT="18" WC="0.93" CONTENT="att"/><SP WIDTH="15" VPOS="990" HPOS="657"/>
							<String ID="string_209" HPOS="672" VPOS="989" WIDTH="129" HEIGHT="20" WC="0.91" CONTENT="öfverlemna"/><SP WIDTH="16" VPOS="989" HPOS="801"/>
							<String ID="string_210" HPOS="817" VPOS="989" WIDTH="58" HEIGHT="26" WC="0.91" CONTENT="afgö-"/>
						</TextLine>
						<TextLine ID="line_25" HPOS="130" VPOS="1022" WIDTH="745" HEIGHT="27">
							<String ID="string_211" HPOS="130" VPOS="1023" WIDTH="81" HEIGHT="26" WC="0.92" CONTENT="randet,"/><SP WIDTH="19" VPOS="1023" HPOS="211"/>
							<String ID="string_212" HPOS="230" VPOS="1023" WIDTH="102" HEIGHT="19" WC="0.96" CONTENT="huruvida"/><SP WIDTH="19" VPOS="1023" HPOS="332"/>
							<String ID="string_213" HPOS="351" VPOS="1023" WIDTH="26" HEIGHT="19" WC="0.96" CONTENT="de"/><SP WIDTH="20" VPOS="1023" HPOS="377"/>
							<String ID="string_214" HPOS="397" VPOS="1023" WIDTH="51" HEIGHT="26" WC="0.93" CONTENT="vilja"/><SP WIDTH="19" VPOS="1023" HPOS="448"/>
							<String ID="string_215" HPOS="467" VPOS="1023" WIDTH="71" HEIGHT="19" WC="0.92" CONTENT="utöfva"/><SP WIDTH="21" VPOS="1023" HPOS="538"/>
							<String ID="string_216" HPOS="559" VPOS="1023" WIDTH="31" HEIGHT="18" WC="0.93" CONTENT="sin"/><SP WIDTH="18" VPOS="1023" HPOS="590"/>
							<String ID="string_217" HPOS="608" VPOS="1022" WIDTH="164" HEIGHT="20" WC="0.92" CONTENT="beslutanderätt"/><SP WIDTH="16" VPOS="1022" HPOS="772"/>
							<String ID="string_218" HPOS="788" VPOS="1023" WIDTH="34" HEIGHT="19" WC="0.93" CONTENT="vid"/><SP WIDTH="17" VPOS="1023" HPOS="822"/>
							<String ID="string_219" HPOS="839" VPOS="1023" WIDTH="36" HEIGHT="20" WC="0.93" CONTENT="all-"/>
						</TextLine>
						<TextLine ID="line_26" HPOS="131" VPOS="1056" WIDTH="745" HEIGHT="27">
							<String ID="string_220" HPOS="131" VPOS="1060" WIDTH="47" HEIGHT="16" WC="0.93" CONTENT="män"/><SP WIDTH="24" VPOS="1060" HPOS="178"/>
							<String ID="string_221" HPOS="202" VPOS="1057" WIDTH="166" HEIGHT="19" WC="0.89" CONTENT="rädhusstämma"/><SP WIDTH="22" VPOS="1057" HPOS="368"/>
							<String ID="string_222" HPOS="390" VPOS="1057" WIDTH="53" HEIGHT="20" WC="0.96" CONTENT="eller"/><SP WIDTH="24" VPOS="1057" HPOS="443"/>
							<String ID="string_223" HPOS="467" VPOS="1063" WIDTH="77" HEIGHT="20" WC="0.92" CONTENT="genom"/><SP WIDTH="21" VPOS="1063" HPOS="544"/>
							<String ID="string_224" HPOS="565" VPOS="1056" WIDTH="138" HEIGHT="27" WC="0.90" CONTENT="fullmäktige."/><SP WIDTH="38" VPOS="1056" HPOS="703"/>
							<String ID="string_225" HPOS="741" VPOS="1057" WIDTH="40" HEIGHT="19" WC="0.89" CONTENT="Det"/><SP WIDTH="19" VPOS="1057" HPOS="781"/>
							<String ID="string_226" HPOS="800" VPOS="1056" WIDTH="76" HEIGHT="21" WC="0.90" CONTENT="blifver"/>
						</TextLine>
						<TextLine ID="line_27" HPOS="130" VPOS="1090" WIDTH="745" HEIGHT="27">
							<String ID="string_227" HPOS="130" VPOS="1091" WIDTH="33" HEIGHT="19" WC="0.95" CONTENT="väl"/><SP WIDTH="21" VPOS="1091" HPOS="163"/>
							<String ID="string_228" HPOS="184" VPOS="1091" WIDTH="58" HEIGHT="20" WC="0.93" CONTENT="alltid"/><SP WIDTH="20" VPOS="1091" HPOS="242"/>
							<String ID="string_229" HPOS="262" VPOS="1091" WIDTH="133" HEIGHT="26" WC="0.92" CONTENT="godtyckligt"/><SP WIDTH="18" VPOS="1091" HPOS="395"/>
							<String ID="string_230" HPOS="413" VPOS="1093" WIDTH="30" HEIGHT="17" WC="0.93" CONTENT="att"/><SP WIDTH="18" VPOS="1093" HPOS="443"/>
							<String ID="string_231" HPOS="461" VPOS="1091" WIDTH="104" HEIGHT="26" WC="0.92" CONTENT="uppställa"/><SP WIDTH="20" VPOS="1091" HPOS="565"/>
							<String ID="string_232" HPOS="585" VPOS="1093" WIDTH="29" HEIGHT="17" WC="0.96" CONTENT="ett"/><SP WIDTH="20" VPOS="1093" HPOS="614"/>
							<String ID="string_233" HPOS="634" VPOS="1091" WIDTH="50" HEIGHT="19" WC="0.96" CONTENT="visst"/><SP WIDTH="18" VPOS="1091" HPOS="684"/>
							<String ID="string_234" HPOS="702" VPOS="1091" WIDTH="56" HEIGHT="19" WC="0.93" CONTENT="antal"/><SP WIDTH="16" VPOS="1091" HPOS="758"/>
							<String ID="string_235" HPOS="774" VPOS="1090" WIDTH="101" HEIGHT="20" WC="0.92" CONTENT="invänare"/>
						</TextLine>
						<TextLine ID="line_28" HPOS="129" VPOS="1124" WIDTH="746" HEIGHT="27">
							<String ID="string_236" HPOS="129" VPOS="1125" WIDTH="69" HEIGHT="20" WC="0.91" CONTENT="säsom"/><SP WIDTH="20" VPOS="1125" HPOS="198"/>
							<String ID="string_237" HPOS="218" VPOS="1125" WIDTH="164" HEIGHT="26" WC="0.91" CONTENT="bestämmande,"/><SP WIDTH="19" VPOS="1125" HPOS="382"/>
							<String ID="string_238" HPOS="401" VPOS="1125" WIDTH="103" HEIGHT="20" WC="0.96" CONTENT="huruvida"/><SP WIDTH="19" VPOS="1125" HPOS="504"/>
							<String ID="string_239" HPOS="523" VPOS="1131" WIDTH="26" HEIGHT="13" WC="0.96" CONTENT="en"/><SP WIDTH="21" VPOS="1131" HPOS="549"/>
							<String ID="string_240" HPOS="570" VPOS="1125" WIDTH="45" HEIGHT="20" WC="0.96" CONTENT="stad"/><SP WIDTH="22" VPOS="1125" HPOS="615"/>
							<String ID="string_241" HPOS="637" VPOS="1125" WIDTH="54" HEIGHT="20" WC="0.93" CONTENT="skall"/><SP WIDTH="19" VPOS="1125" HPOS="691"/>
							<String ID="string_242" HPOS="710" VPOS="1125" WIDTH="76" HEIGHT="19" WC="0.93" CONTENT="räknas"/><SP WIDTH="16" VPOS="1125" HPOS="786"/>
							<String ID="string_243" HPOS="802" VPOS="1124" WIDTH="31" HEIGHT="19" WC="0.97" CONTENT="till"/><SP WIDTH="16" VPOS="1124" HPOS="833"/>
							<String ID="string_244" HPOS="849" VPOS="1125" WIDTH="26" HEIGHT="20" WC="0.97" CONTENT="de"/>
						</TextLine>
						<TextLine ID="line_29" HPOS="129" VPOS="1159" WIDTH="747" HEIGHT="26">
							<String ID="string_245" HPOS="129" VPOS="1162" WIDTH="65" HEIGHT="18" WC="0.96" CONTENT="större"/><SP WIDTH="15" VPOS="1162" HPOS="194"/>
							<String ID="string_246" HPOS="209" VPOS="1159" WIDTH="52" HEIGHT="20" WC="0.95" CONTENT="eller"/><SP WIDTH="12" VPOS="1159" HPOS="261"/>
							<String ID="string_247" HPOS="273" VPOS="1159" WIDTH="85" HEIGHT="20" WC="0.94" CONTENT="mindre."/><SP WIDTH="31" VPOS="1159" HPOS="358"/>
							<String ID="string_248" HPOS="389" VPOS="1159" WIDTH="59" HEIGHT="20" WC="0.96" CONTENT="Dock"/><SP WIDTH="11" VPOS="1159" HPOS="448"/>
							<String ID="string_249" HPOS="459" VPOS="1165" WIDTH="63" HEIGHT="13" WC="0.93" CONTENT="anser"/><SP WIDTH="11" VPOS="1165" HPOS="522"/>
							<String ID="string_250" HPOS="533" VPOS="1159" WIDTH="100" HEIGHT="20" WC="0.93" CONTENT="utskottet"/><SP WIDTH="11" VPOS="1159" HPOS="633"/>
							<String ID="string_251" HPOS="644" VPOS="1161" WIDTH="30" HEIGHT="18" WC="0.93" CONTENT="att"/><SP WIDTH="15" VPOS="1161" HPOS="674"/>
							<String ID="string_252" HPOS="689" VPOS="1159" WIDTH="100" HEIGHT="26" WC="0.92" CONTENT="förslaget"/><SP WIDTH="10" VPOS="1159" HPOS="789"/>
							<String ID="string_253" HPOS="799" VPOS="1159" WIDTH="7" HEIGHT="18" WC="0.96" CONTENT="i"/><SP WIDTH="11" VPOS="1159" HPOS="806"/>
							<String ID="string_254" HPOS="817" VPOS="1159" WIDTH="59" HEIGHT="20" WC="0.96" CONTENT="detta"/>
						</TextLine>
						<TextLine ID="line_30" HPOS="129" VPOS="1192" WIDTH="747" HEIGHT="27">
							<String ID="string_255" HPOS="129" VPOS="1193" WIDTH="99" HEIGHT="19" WC="0.91" CONTENT="afseende"/><SP WIDTH="19" VPOS="1193" HPOS="228"/>
							<String ID="string_256" HPOS="247" VPOS="1192" WIDTH="70" HEIGHT="20" WC="0.92" CONTENT="träffat"/><SP WIDTH="19" VPOS="1192" HPOS="317"/>
							<String ID="string_257" HPOS="336" VPOS="1192" WIDTH="40" HEIGHT="20" WC="0.96" CONTENT="den"/><SP WIDTH="22" VPOS="1192" HPOS="376"/>
							<String ID="string_258" HPOS="398" VPOS="1192" WIDTH="59" HEIGHT="20" WC="0.93" CONTENT="bästa"/><SP WIDTH="18" VPOS="1192" HPOS="457"/>
							<String ID="string_259" HPOS="475" VPOS="1192" WIDTH="86" HEIGHT="27" WC="0.92" CONTENT="möjliga"/><SP WIDTH="19" VPOS="1192" HPOS="561"/>
							<String ID="string_260" HPOS="580" VPOS="1192" WIDTH="78" HEIGHT="20" WC="0.91" CONTENT="siffran."/><SP WIDTH="30" VPOS="1192" HPOS="658"/>
							<String ID="string_261" HPOS="688" VPOS="1192" WIDTH="37" HEIGHT="20" WC="0.96" CONTENT="Att"/><SP WIDTH="17" VPOS="1192" HPOS="725"/>
							<String ID="string_262" HPOS="742" VPOS="1192" WIDTH="88" HEIGHT="20" WC="0.96" CONTENT="beslutet"/><SP WIDTH="16" VPOS="1192" HPOS="830"/>
							<String ID="string_263" HPOS="846" VPOS="1194" WIDTH="30" HEIGHT="18" WC="0.96" CONTENT="att"/>
						</TextLine>
					</TextBlock>
					<TextBlock ID="block_3" HPOS="111" VPOS="1226" WIDTH="764" HEIGHT="264">
						<TextLine ID="line_31" HPOS="111" VPOS="1226" WIDTH="764" HEIGHT="27">
							<String ID="string_264" HPOS="111" VPOS="1237" WIDTH="2" HEIGHT="2" WC="0.75" CONTENT=":"/><SP WIDTH="16" VPOS="1237" HPOS="113"/>
							<String ID="string_265" HPOS="129" VPOS="1227" WIDTH="108" HEIGHT="26" WC="0.90" CONTENT="uppdraga"/><SP WIDTH="20" VPOS="1227" HPOS="237"/>
							<String ID="string_266" HPOS="257" VPOS="1233" WIDTH="25" HEIGHT="13" WC="0.96" CONTENT="en"/><SP WIDTH="25" VPOS="1233" HPOS="282"/>
							<String ID="string_267" HPOS="307" VPOS="1226" WIDTH="56" HEIGHT="21" WC="0.93" CONTENT="stads"/><SP WIDTH="21" VPOS="1226" HPOS="363"/>
							<String ID="string_268" HPOS="384" VPOS="1226" WIDTH="165" HEIGHT="21" WC="0.96" CONTENT="beslutanderätt"/><SP WIDTH="21" VPOS="1226" HPOS="549"/>
							<String ID="string_269" HPOS="570" VPOS="1226" WIDTH="21" HEIGHT="20" WC="0.93" CONTENT="ät"/><SP WIDTH="19" VPOS="1226" HPOS="591"/>
							<String ID="string_270" HPOS="610" VPOS="1226" WIDTH="190" HEIGHT="27" WC="0.92" CONTENT="stadsfullmäktige"/><SP WIDTH="23" VPOS="1226" HPOS="800"/>
							<String ID="string_271" HPOS="823" VPOS="1226" WIDTH="52" HEIGHT="21" WC="0.96" CONTENT="eller"/>
						</TextLine>
						<TextLine ID="line_32" HPOS="128" VPOS="1260" WIDTH="747" HEIGHT="27">
							<String ID="string_272" HPOS="128" VPOS="1264" WIDTH="30" HEIGHT="17" WC="0.93" CONTENT="att"/><SP WIDTH="11" VPOS="1264" HPOS="158"/>
							<String ID="string_273" HPOS="169" VPOS="1261" WIDTH="105" HEIGHT="26" WC="0.91" CONTENT="upphäfva"/><SP WIDTH="10" VPOS="1261" HPOS="274"/>
							<String ID="string_274" HPOS="284" VPOS="1263" WIDTH="29" HEIGHT="17" WC="0.93" CONTENT="ett"/><SP WIDTH="15" VPOS="1263" HPOS="313"/>
							<String ID="string_275" HPOS="328" VPOS="1261" WIDTH="72" HEIGHT="20" WC="0.92" CONTENT="derom"/><SP WIDTH="16" VPOS="1261" HPOS="400"/>
							<String ID="string_276" HPOS="416" VPOS="1261" WIDTH="55" HEIGHT="20" WC="0.92" CONTENT="förut"/><SP WIDTH="16" VPOS="1261" HPOS="471"/>
							<String ID="string_277" HPOS="487" VPOS="1261" WIDTH="77" HEIGHT="19" WC="0.92" CONTENT="fattadt"/><SP WIDTH="17" VPOS="1261" HPOS="564"/>
							<String ID="string_278" HPOS="581" VPOS="1260" WIDTH="67" HEIGHT="20" WC="0.97" CONTENT="beslut"/><SP WIDTH="17" VPOS="1260" HPOS="648"/>
							<String ID="string_279" HPOS="665" VPOS="1261" WIDTH="37" HEIGHT="19" WC="0.93" CONTENT="bör"/><SP WIDTH="15" VPOS="1261" HPOS="702"/>
							<String ID="string_280" HPOS="717" VPOS="1261" WIDTH="68" HEIGHT="25" WC="0.92" CONTENT="stödja"/><SP WIDTH="15" VPOS="1261" HPOS="785"/>
							<String ID="string_281" HPOS="800" VPOS="1260" WIDTH="32" HEIGHT="26" WC="0.96" CONTENT="sig"/><SP WIDTH="16" VPOS="1260" HPOS="832"/>
							<String ID="string_282" HPOS="848" VPOS="1260" WIDTH="27" HEIGHT="26" WC="0.96" CONTENT="pä"/>
						</TextLine>
						<TextLine ID="line_33" HPOS="128" VPOS="1294" WIDTH="745" HEIGHT="27">
							<String ID="string_283" HPOS="128" VPOS="1301" WIDTH="25" HEIGHT="14" WC="0.96" CONTENT="en"/><SP WIDTH="13" VPOS="1301" HPOS="153"/>
							<String ID="string_284" HPOS="166" VPOS="1295" WIDTH="119" HEIGHT="26" WC="0.93" CONTENT="betydande"/><SP WIDTH="17" VPOS="1295" HPOS="285"/>
							<String ID="string_285" HPOS="302" VPOS="1295" WIDTH="110" HEIGHT="26" WC="0.95" CONTENT="majoritet,"/><SP WIDTH="16" VPOS="1295" HPOS="412"/>
							<String ID="string_286" HPOS="428" VPOS="1295" WIDTH="67" HEIGHT="20" WC="0.96" CONTENT="finner"/><SP WIDTH="16" VPOS="1295" HPOS="495"/>
							<String ID="string_287" HPOS="511" VPOS="1295" WIDTH="101" HEIGHT="19" WC="0.96" CONTENT="utskottet"/><SP WIDTH="15" VPOS="1295" HPOS="612"/>
							<String ID="string_288" HPOS="627" VPOS="1295" WIDTH="7" HEIGHT="19" WC="0.96" CONTENT="i"/><SP WIDTH="16" VPOS="1295" HPOS="634"/>
							<String ID="string_289" HPOS="650" VPOS="1295" WIDTH="31" HEIGHT="19" WC="0.96" CONTENT="sin"/><SP WIDTH="17" VPOS="1295" HPOS="681"/>
							<String ID="string_290" HPOS="698" VPOS="1294" WIDTH="96" HEIGHT="26" WC="0.93" CONTENT="ordning."/><SP WIDTH="31" VPOS="1294" HPOS="794"/>
							<String ID="string_291" HPOS="825" VPOS="1294" WIDTH="48" HEIGHT="19" WC="0.91" CONTENT="Lik-"/>
						</TextLine>
						<TextLine ID="line_34" HPOS="128" VPOS="1328" WIDTH="745" HEIGHT="27">
							<String ID="string_292" HPOS="128" VPOS="1329" WIDTH="32" HEIGHT="19" WC="0.93" CONTENT="väl"/><SP WIDTH="15" VPOS="1329" HPOS="160"/>
							<String ID="string_293" HPOS="175" VPOS="1331" WIDTH="43" HEIGHT="17" WC="0.96" CONTENT="tror"/><SP WIDTH="11" VPOS="1331" HPOS="218"/>
							<String ID="string_294" HPOS="229" VPOS="1328" WIDTH="100" HEIGHT="20" WC="0.96" CONTENT="utskottet"/><SP WIDTH="11" VPOS="1328" HPOS="329"/>
							<String ID="string_295" HPOS="340" VPOS="1329" WIDTH="30" HEIGHT="19" WC="0.96" CONTENT="för"/><SP WIDTH="12" VPOS="1329" HPOS="370"/>
							<String ID="string_296" HPOS="382" VPOS="1329" WIDTH="30" HEIGHT="19" WC="0.96" CONTENT="sin"/><SP WIDTH="13" VPOS="1329" HPOS="412"/>
							<String ID="string_297" HPOS="425" VPOS="1329" WIDTH="40" HEIGHT="26" WC="0.96" CONTENT="del,"/><SP WIDTH="16" VPOS="1329" HPOS="465"/>
							<String ID="string_298" HPOS="481" VPOS="1331" WIDTH="30" HEIGHT="17" WC="0.97" CONTENT="att"/><SP WIDTH="16" VPOS="1331" HPOS="511"/>
							<String ID="string_299" HPOS="527" VPOS="1328" WIDTH="113" HEIGHT="27" WC="0.96" CONTENT="tillräcklig"/><SP WIDTH="16" VPOS="1328" HPOS="640"/>
							<String ID="string_300" HPOS="656" VPOS="1329" WIDTH="82" HEIGHT="26" WC="0.96" CONTENT="garanti"/><SP WIDTH="15" VPOS="1329" HPOS="738"/>
							<String ID="string_301" HPOS="753" VPOS="1328" WIDTH="65" HEIGHT="20" WC="0.93" CONTENT="redan"/><SP WIDTH="17" VPOS="1328" HPOS="818"/>
							<String ID="string_302" HPOS="835" VPOS="1329" WIDTH="38" HEIGHT="26" WC="0.91" CONTENT="lig-"/>
						</TextLine>
						<TextLine ID="line_35" HPOS="128" VPOS="1362" WIDTH="745" HEIGHT="27">
							<String ID="string_303" HPOS="128" VPOS="1369" WIDTH="38" HEIGHT="20" WC="0.93" CONTENT="ger"/><SP WIDTH="16" VPOS="1369" HPOS="166"/>
							<String ID="string_304" HPOS="182" VPOS="1363" WIDTH="50" HEIGHT="25" WC="0.91" CONTENT="deri,"/><SP WIDTH="16" VPOS="1363" HPOS="232"/>
							<String ID="string_305" HPOS="248" VPOS="1364" WIDTH="30" HEIGHT="18" WC="0.93" CONTENT="att"/><SP WIDTH="15" VPOS="1364" HPOS="278"/>
							<String ID="string_306" HPOS="293" VPOS="1363" WIDTH="34" HEIGHT="19" WC="0.96" CONTENT="två"/><SP WIDTH="17" VPOS="1363" HPOS="327"/>
							<String ID="string_307" HPOS="344" VPOS="1363" WIDTH="126" HEIGHT="26" WC="0.96" CONTENT="tredjedelar"/><SP WIDTH="15" VPOS="1363" HPOS="470"/>
							<String ID="string_308" HPOS="485" VPOS="1363" WIDTH="23" HEIGHT="19" WC="0.96" CONTENT="af"/><SP WIDTH="14" VPOS="1363" HPOS="508"/>
							<String ID="string_309" HPOS="522" VPOS="1363" WIDTH="35" HEIGHT="19" WC="0.96" CONTENT="det"/><SP WIDTH="16" VPOS="1363" HPOS="557"/>
							<String ID="string_310" HPOS="573" VPOS="1362" WIDTH="130" HEIGHT="20" WC="0.93" CONTENT="närvarande"/><SP WIDTH="16" VPOS="1362" HPOS="703"/>
							<String ID="string_311" HPOS="719" VPOS="1362" WIDTH="108" HEIGHT="19" WC="0.96" CONTENT="röstetalet"/><SP WIDTH="10" VPOS="1362" HPOS="827"/>
							<String ID="string_312" HPOS="837" VPOS="1365" WIDTH="36" HEIGHT="17" WC="0.96" CONTENT="äro"/>
						</TextLine>
						<TextLine ID="line_36" HPOS="128" VPOS="1396" WIDTH="746" HEIGHT="27">
							<String ID="string_313" HPOS="128" VPOS="1403" WIDTH="33" HEIGHT="13" WC="0.96" CONTENT="om"/><SP WIDTH="22" VPOS="1403" HPOS="161"/>
							<String ID="string_314" HPOS="183" VPOS="1396" WIDTH="89" HEIGHT="20" WC="0.93" CONTENT="beslutet"/><SP WIDTH="18" VPOS="1396" HPOS="272"/>
							<String ID="string_315" HPOS="290" VPOS="1403" WIDTH="56" HEIGHT="19" WC="0.90" CONTENT="ense,"/><SP WIDTH="20" VPOS="1403" HPOS="346"/>
							<String ID="string_316" HPOS="366" VPOS="1399" WIDTH="48" HEIGHT="17" WC="0.96" CONTENT="utan"/><SP WIDTH="19" VPOS="1399" HPOS="414"/>
							<String ID="string_317" HPOS="433" VPOS="1399" WIDTH="32" HEIGHT="17" WC="0.96" CONTENT="att"/><SP WIDTH="15" VPOS="1399" HPOS="465"/>
							<String ID="string_318" HPOS="480" VPOS="1403" WIDTH="25" HEIGHT="13" WC="0.96" CONTENT="en"/><SP WIDTH="17" VPOS="1403" HPOS="505"/>
							<String ID="string_319" HPOS="522" VPOS="1397" WIDTH="125" HEIGHT="26" WC="0.92" CONTENT="ytterligare"/><SP WIDTH="16" VPOS="1397" HPOS="647"/>
							<String ID="string_320" HPOS="663" VPOS="1396" WIDTH="134" HEIGHT="26" WC="0.92" CONTENT="bestämning"/><SP WIDTH="16" VPOS="1396" HPOS="797"/>
							<String ID="string_321" HPOS="813" VPOS="1396" WIDTH="61" HEIGHT="26" WC="0.92" CONTENT="ingär"/>
						</TextLine>
						<TextLine ID="line_37" HPOS="128" VPOS="1429" WIDTH="747" HEIGHT="27">
							<String ID="string_322" HPOS="128" VPOS="1431" WIDTH="79" HEIGHT="25" WC="0.91" CONTENT="derom,"/><SP WIDTH="15" VPOS="1431" HPOS="207"/>
							<String ID="string_323" HPOS="222" VPOS="1432" WIDTH="30" HEIGHT="17" WC="0.97" CONTENT="att"/><SP WIDTH="15" VPOS="1432" HPOS="252"/>
							<String ID="string_324" HPOS="267" VPOS="1429" WIDTH="79" HEIGHT="21" WC="0.96" CONTENT="hälften"/><SP WIDTH="16" VPOS="1429" HPOS="346"/>
							<String ID="string_325" HPOS="362" VPOS="1431" WIDTH="24" HEIGHT="19" WC="0.95" CONTENT="af"/><SP WIDTH="13" VPOS="1431" HPOS="386"/>
							<String ID="string_326" HPOS="399" VPOS="1431" WIDTH="139" HEIGHT="19" WC="0.96" CONTENT="kommunens"/><SP WIDTH="16" VPOS="1431" HPOS="538"/>
							<String ID="string_327" HPOS="554" VPOS="1430" WIDTH="49" HEIGHT="20" WC="0.93" CONTENT="hela"/><SP WIDTH="14" VPOS="1430" HPOS="603"/>
							<String ID="string_328" HPOS="617" VPOS="1430" WIDTH="121" HEIGHT="26" WC="0.92" CONTENT="röstbelopp"/><SP WIDTH="16" VPOS="1430" HPOS="738"/>
							<String ID="string_329" HPOS="754" VPOS="1429" WIDTH="53" HEIGHT="20" WC="0.96" CONTENT="skall"/><SP WIDTH="17" VPOS="1429" HPOS="807"/>
							<String ID="string_330" HPOS="824" VPOS="1435" WIDTH="51" HEIGHT="14" WC="0.96" CONTENT="vara"/>
						</TextLine>
						<TextLine ID="line_38" HPOS="128" VPOS="1463" WIDTH="745" HEIGHT="27">
							<String ID="string_331" HPOS="128" VPOS="1464" WIDTH="33" HEIGHT="19" WC="0.93" CONTENT="vid"/><SP WIDTH="12" VPOS="1464" HPOS="161"/>
							<String ID="string_332" HPOS="173" VPOS="1467" WIDTH="102" HEIGHT="16" WC="0.91" CONTENT="stämman"/><SP WIDTH="12" VPOS="1467" HPOS="275"/>
							<String ID="string_333" HPOS="287" VPOS="1465" WIDTH="167" HEIGHT="25" WC="0.91" CONTENT="representerad,"/><SP WIDTH="11" VPOS="1465" HPOS="454"/>
							<String ID="string_334" HPOS="465" VPOS="1464" WIDTH="82" HEIGHT="20" WC="0.93" CONTENT="hvilket"/><SP WIDTH="10" VPOS="1464" HPOS="547"/>
							<String ID="string_335" HPOS="557" VPOS="1464" WIDTH="7" HEIGHT="19" WC="0.96" CONTENT="i"/><SP WIDTH="11" VPOS="1464" HPOS="564"/>
							<String ID="string_336" HPOS="575" VPOS="1464" WIDTH="26" HEIGHT="19" WC="0.96" CONTENT="de"/><SP WIDTH="11" VPOS="1464" HPOS="601"/>
							<String ID="string_337" HPOS="612" VPOS="1463" WIDTH="60" HEIGHT="20" WC="0.96" CONTENT="flesta"/><SP WIDTH="14" VPOS="1463" HPOS="672"/>
							<String ID="string_338" HPOS="686" VPOS="1464" WIDTH="36" HEIGHT="20" WC="0.97" CONTENT="fall"/><SP WIDTH="16" VPOS="1464" HPOS="722"/>
							<String ID="string_339" HPOS="738" VPOS="1463" WIDTH="54" HEIGHT="20" WC="0.93" CONTENT="skall"/><SP WIDTH="16" VPOS="1463" HPOS="792"/>
							<String ID="string_340" HPOS="808" VPOS="1464" WIDTH="65" HEIGHT="26" WC="0.91" CONTENT="omöj-"/>
						</TextLine>
					</TextBlock>
				</ComposedBlock>
				<GraphicalElement ID="cblock_2" HPOS="1051" VPOS="825" WIDTH="19" HEIGHT="948"></GraphicalElement >
			</PrintSpace>
		</Page>
	</Layout>
</alto>
