1070 1786
812 129 22 18 61

117 193 97 20 tenstånd
235 193 89 21 emellan
346 194 70 20 denna
435 195 31 24 sjö
487 193 38 20 och
543 193 143 26 nyssnämnda
700 193 52 25 stad,
768 193 60 20 anslå
843 200 25 13 en

117 228 54 26 årlig
186 234 82 14 summa
284 228 23 20 af
320 228 279 20 etthundratrettiotretusen
619 227 114 20 trehundra
750 227 120 26 sjuttiofyra

118 263 112 25 (133,374)
254 262 64 25 mark,
336 264 31 17 att
384 262 5 19 i
410 265 30 17 tre
458 261 33 20 års
513 261 29 20 tid
563 261 38 20 och
622 261 81 20 således
727 261 74 20 inalles
821 261 47 20 med

118 297 189 25 fyrahundratusen
326 296 112 20 etthundra
457 295 95 27 tjugutvå
570 295 111 25 (400,122)
697 295 59 19 mark
772 295 45 19 från
835 295 34 19 be-

119 330 185 26 villningsmedlen
325 329 55 27 utgå.
411 329 117 21 Ständerna
547 328 63 20 hafva
628 329 22 19 af
668 329 40 20 den
724 329 83 26 Nädiga
823 335 46 20 pro-

118 364 119 26 positionen
256 364 62 20 bland
338 366 64 17 annat
416 364 109 25 inhemtat,
542 366 30 17 att
588 363 33 19 vid
638 363 26 19 de
680 363 190 26 undersökningar,

119 398 72 19 hvilka
209 398 7 19 i
236 398 38 20 och
294 398 30 19 för
343 398 161 26 ifrågavarande
523 397 152 27 arbetsföretag
695 404 76 19 genom
791 397 78 26 Styrel-

118 438 48 13 sens
181 432 82 26 försorg
280 431 117 26 verkstälts,
418 432 58 26 fråga
491 431 93 27 uppstått
599 434 36 23 att,
652 432 46 19 med
715 431 154 20 åsidolemnan-

119 466 26 20 de
160 466 23 19 af
197 466 40 20 den
254 466 120 20 nuvarande
394 466 104 19 farledens
517 466 113 26 grundaste
649 466 39 19 och
704 466 22 19 af
740 465 131 27 krökningar

119 502 53 17 mest
191 500 115 20 besvärade
326 500 41 24 del,
382 499 147 20 åstadkomma
544 506 25 13 en
586 500 90 25 kortare,
692 499 31 20 för
739 499 131 27 segelfartyg

119 533 205 27 ändamälsenligare
345 536 39 24 väg
405 529 100 35 medelst:
523 534 170 26 genomgräfning
711 534 23 19 af
752 533 117 20 Warkaan-

120 568 78 26 taipale
222 568 50 20 och.
285 567 158 27 Kirkontaipale
467 571 37 17 näs
523 569 6 18 i
549 568 92 19 Kristina
658 568 86 26 socken,
767 570 54 17 samt
840 569 30 18 att

120 601 137 20 statsverkets
264 597 8 36 :
277 602 119 26 disponibla
415 602 112 26 tillgångar
547 602 18 26 ej
586 601 70 20 tillåtit
672 602 109 20 utförande
797 602 22 19 af
833 608 36 13 an-

121 635 37 20 dra
172 635 86 21 arbeten
275 636 29 19 uti
319 636 144 26 ifrågakomne
480 636 73 24 farled,
573 636 31 19 för
620 635 84 20 hvilken
722 636 47 19 hela
785 636 84 20 kostna-

120 669 40 20 den
185 669 69 20 blifvit
276 669 106 21 beräknad
405 672 30 17 att
457 670 71 26 uppgå
550 670 30 19 till
604 665 265 31 fyrahundrasextontusen

120 703 96 27 tjugutvå
236 704 110 25 (416,022)
364 704 57 19 mark
437 704 126 26 fyratiofyra
578 704 47 24 (44)
641 704 69 25 penni,
726 706 26 17 än
770 710 99 20 upprens-

121 738 49 26 ning
191 737 23 19 af
232 737 120 20 Juurisalmi
372 738 52 19 sund
439 738 7 19 i
463 738 93 19 Kristina
574 737 78 21 socken
671 740 53 17 samt
739 737 131 27 uppförande

119 771 24 19 af
155 777 26 13 en
197 771 79 26 lyftbro
296 771 58 20 öfver
375 771 91 20 nämnda
489 771 51 20 sund
562 771 31 20 för
611 778 26 13 en
654 771 143 27 sammanlagd
814 771 56 20 kost-

121 805 39 19 nad
181 805 23 19 af
222 805 140 20 femtontusen
386 805 117 20 niohundra
523 805 97 25 (15,900)
640 805 66 26 mark,
722 805 85 20 hvilken
825 805 45 19 sist-

121 838 92 20 nämnda
232 845 81 14 summa
334 839 88 20 sålunda
441 839 84 20 komme
544 841 31 18 att
592 839 49 27 afgå
658 839 45 20 från
720 840 40 19 den
777 839 30 20 för
823 839 48 19 hela

121 872 92 21 arbetets
229 873 156 20 verkställande
401 873 120 20 beräknade
537 880 101 13 summan.

190 907 41 19 Vid
254 907 157 26 öfvervägande
430 907 24 20 af
470 907 39 20 den
530 907 84 26 Nådiga
632 907 156 26 propositionen
808 907 63 20 hafva

123 940 32 20 väl
178 941 117 19 Ständerna
314 941 12 19 å
346 947 39 14 ena
408 941 58 20 sidan
487 941 48 20 icke
554 941 96 20 förbisett
668 941 35 20 det
719 941 130 26 berättigade
865 941 6 19 i

121 974 31 20 S:t
173 975 89 19 Michels
284 975 56 19 stads
360 975 90 26 anspråk
470 977 31 18 att
520 975 86 19 komma
623 975 6 19 i
648 975 123 26 åtnjutande
787 975 23 20 af
822 981 48 14 ena-

122 1008 69 21 handa
210 1008 105 20 förmåner
335 1009 47 20 med
403 1009 99 20 afseende
518 1008 12 20 å
545 1009 47 20 dess
608 1008 78 27 sjöfart,
702 1013 43 15 som
762 1009 25 19 de
803 1009 69 26 öfriga

122 1043 34 19 vid
176 1043 84 20 Saimen
285 1042 90 27 belägna
394 1043 98 20 städerna
511 1043 84 20 erhållit
613 1049 76 20 genom
710 1042 69 20 Saima
798 1042 73 20 kanals

121 1076 139 27 anläggning,
280 1077 52 20 helst
351 1077 91 19 nämnda
456 1077 57 20 stads
529 1076 107 20 förkofran
652 1077 38 19 och
708 1076 82 20 tillväxt
805 1077 66 19 måste

122 1116 61 14 anses
206 1117 50 13 vara
278 1110 60 20 häraf
355 1111 6 19 i
380 1111 42 26 hög
441 1111 52 26 grad
514 1111 113 25 beroende,
644 1117 46 13 men
706 1110 27 26 på
748 1110 40 20 den
805 1110 66 20 andra

122 1144 59 19 sidan
204 1144 64 20 hafva
287 1144 80 26 jemväl
390 1144 118 20 Ständerna
530 1144 88 20 kommit
636 1144 31 20 till
686 1144 64 27 insigt
769 1144 61 20 deraf
843 1146 30 18 att

122 1177 162 27 ifrågavarande
302 1178 229 20 kommunikationsled
552 1178 47 20 icke
618 1178 68 19 skulle
706 1177 21 20 åt
742 1178 69 26 någon
827 1178 44 19 vid-

122 1211 116 21 sträcktare
254 1212 93 20 landsort
363 1212 94 20 medföra
472 1212 112 25 förmåner,
601 1212 25 20 de
641 1212 89 20 derien
747 1217 48 14 snar
810 1211 61 20 fram-

123 1245 29 20 tid
168 1246 71 20 kunde
260 1248 105 18 motsvara
383 1246 272 26 anläggningskostnaden;
675 1246 95 19 hvarföre
791 1245 38 20 och
845 1245 27 20 då

124 1279 40 20 den
183 1280 29 19 till
235 1279 31 20 S:t
283 1280 87 19 Michels
392 1280 45 19 stad
457 1280 124 27 begagnade
600 1279 74 26 farled,
688 1279 65 20 ehuru
770 1279 100 20 besvärad

123 1313 22 19 af
158 1316 101 24 omvägar
278 1313 39 20 och
336 1313 81 27 grunda
436 1314 60 23 sund,
516 1313 65 20 likväl
598 1314 66 19 under
679 1320 24 13 en
720 1315 65 18 större
801 1313 33 20 del
851 1313 24 19 af

122 1353 116 14 sommaren
256 1347 37 20 har
308 1347 122 26 tillräckligt
448 1350 70 17 vatten
535 1348 31 19 till
582 1350 157 23 varutransport
754 1347 46 20 med
817 1347 56 19 ända

122 1381 31 19 till
169 1383 31 18 tre
215 1382 13 19 &
242 1381 48 26 fyra
304 1382 30 19 fot
350 1381 132 27 djupgående
499 1381 103 20 farkoster
617 1381 39 20 och
670 1381 79 26 jemväl
763 1380 110 20 trafikeras

122 1415 23 19 af
165 1415 85 26 ångbåt,
274 1415 117 20 Ständerna
410 1415 32 20 för
460 1415 32 20 sin
514 1415 32 20 del
566 1415 152 26 underdånigst
736 1416 68 18 ansett
820 1413 51 20 utfö-

122 1448 74 21 randet
218 1449 23 20 af
259 1449 25 20 de
305 1449 120 27 föreslagna
450 1449 114 20 kanalerne
587 1455 76 20 genom
687 1447 185 28 Warkaantaipale
