1070 1786
803 149 36 18 569

130 213 93 20 tilldelar
240 212 47 20 dem
305 211 145 20 motsvarande
463 211 117 27 inflytande
596 211 27 27 på
638 211 139 21 kommunens
793 212 85 26 angelä-

131 247 109 27 genheter,
256 247 23 19 så
294 246 68 20 skulle
378 246 158 21 bibehållandet
554 246 23 20 af
590 246 56 20 förut
665 246 101 26 stadgade
786 246 92 21 beskatt-

132 281 154 27 ningsgrunder
302 280 157 26 otvifvelaktigt
474 281 142 25 omintetgöra
631 280 28 20 all
675 280 148 26 hufvudsaklig
834 287 45 13 ver-

132 315 42 19 kan
190 314 23 20 af
226 314 40 20 den
282 314 95 26 åsyftade
394 314 110 20 reformen.
535 314 117 20 Ständerna
667 314 63 20 hafva
745 314 83 20 derföre
845 314 34 20 be-

132 349 58 19 slutit
206 350 30 18 att
251 348 58 20 detta
324 354 62 14 mom.
403 348 43 20 helt
461 348 39 20 och
516 348 67 20 hållet
597 348 54 20 skall
667 348 55 27 utgå.

201 382 124 26 Ständerna,
345 382 72 20 hvilka
436 382 85 20 härmed
541 382 48 20 sökt
610 382 86 26 utlägga
714 382 19 26 ej
753 382 82 20 mindre
854 382 27 20 de

133 418 46 19 skäl
200 417 39 20 och
259 416 98 27 grunder,
378 422 43 14 som
438 416 176 26 hufvudsakligen
631 416 105 20 bestämdt
751 415 129 22 Ständernas

132 452 74 26 åtgärd
223 451 129 20 beträffande
369 450 26 20 de
411 450 57 20 delar
483 450 24 20 af
520 450 242 27 författningsförslaget,
777 451 72 19 hvilka
860 450 23 20 af

133 486 119 20 Ständerna
269 485 97 26 antagits,
382 487 24 17 än
424 484 116 20 innehållet
560 484 39 20 och
615 485 63 26 syftet
694 485 6 19 i
716 485 26 20 de
758 485 121 25 ändringar,

132 520 118 20 Ständerna
269 519 66 19 funnit
354 519 38 26 sig,
411 519 23 19 af
446 519 68 19 tillika
534 519 94 26 antydda
646 519 93 26 orsaker,
763 518 118 20 föranlåtna

133 555 29 18 att
177 554 7 19 i
200 552 104 21 särskilda
320 553 58 20 delar
394 552 22 21 af
429 552 101 27 förslaget
546 553 91 26 vidtaga,
654 553 20 20 få
689 554 7 19 i
712 552 169 27 underdånighet

133 588 90 25 anmäla,
246 589 29 18 att
297 587 123 25 Ständerna,
435 587 27 26 på
477 587 68 26 grund
565 587 22 19 af
609 587 54 20 hvad
686 588 89 20 sålunda
797 587 84 20 anfördt

130 622 78 25 blifvit,
224 622 32 19 för
271 622 31 19 sin
319 621 34 20 del
369 621 81 27 antagit
465 628 26 13 en
507 621 23 20 så
546 622 104 25 lydande:

214 696 146 32 Förordning,
378 696 113 31 angående
510 696 259 32 kommunalförvaltning
787 698 7 24 i
813 698 56 24 stad.

468 760 10 21 1
493 758 112 29 Kapitlet.

443 804 31 20 Om
489 804 151 21 stadskommun.

514 862 51 26 $1

268 900 83 28 Hvarje
368 901 56 26 stad,
443 901 47 20 med
505 901 111 21 derunder
631 901 94 28 lydande
740 903 93 25 omräde,
849 907 34 18 ut-

199 936 41 26 gör
245 935 43 26 för
298 936 33 26 sig
342 941 25 14 en
382 934 96 21 särskild
493 935 106 25 kommun,
615 935 65 21 hvars
695 937 139 21 medlemmar
844 944 40 21 ega

200 971 39 23 att,
251 969 8 20 i
270 968 93 28 enlighet
373 969 47 20 med
431 969 70 20 denna
518 969 43 27 lag,
577 969 70 21 värda
662 970 50 21 sina
726 977 158 21 gemensamma

201 1003 115 27 ordnings-
338 1002 38 21 och
399 1002 339 29 hushällmingsangelägenheter,
758 1005 71 21 sävidt
848 1006 37 21 de-

200 1044 82 14 samma
303 1038 27 26 ej,
350 1037 67 27 enligt
435 1037 104 27 gällande
549 1037 175 28 författningar,
736 1039 33 27 pä
785 1040 100 29 offentlig

200 1070 214 28 embetsmyndighets
430 1070 167 29 handläggning
612 1071 120 22 ankomma.

274 1104 39 21 Om
335 1103 130 29 behandling
487 1104 32 27 af
533 1105 102 28 kyrkliga
657 1107 180 27 angelägenheter
858 1110 27 19 är

200 1138 107 21 särskildt
320 1138 110 27 stadgadt.

516 1195 16 27 $
546 1197 23 20 2.

272 1235 73 22 Stads-
362 1235 38 21 och
416 1235 166 22 landskommun
597 1237 35 20 mä
644 1237 8 20 i
662 1237 118 22 allmänhet
790 1239 47 20 icke
846 1247 40 14 un-

202 1271 39 20 der
252 1277 120 20 gemensam
387 1269 261 29 kommunalförvaltning
658 1270 100 27 förenas.
788 1272 47 21 Der
845 1273 42 21 lik-

202 1305 35 20 väl
256 1311 25 14 en
298 1304 72 21 sädan
388 1304 157 27 gemensamhet
560 1305 9 20 i
583 1307 29 18 ett
627 1305 53 20 eller
700 1309 68 18 annat
783 1307 103 26 afseende

202 1345 49 21 eger
266 1339 52 20 eller
332 1345 64 14 anses
412 1338 51 21 böra
479 1345 40 21 ega
533 1345 56 19 rum,
604 1339 36 21 mä
654 1340 59 27 uppä
727 1340 160 23 vederbörande

202 1373 124 20 kommuner
340 1372 114 21 ankomma
465 1375 32 18 att
507 1373 49 20 med
566 1373 66 28 nödig
642 1374 118 28 utredning
776 1376 111 27 angäende

202 1407 63 20 dessa
283 1407 160 26 förhällanden
465 1407 37 20 och
517 1407 91 28 förslag
627 1407 35 21 till
687 1408 64 21 deras
774 1409 113 22 ordnande

202 1442 53 27 ingå
276 1441 35 21 till
330 1441 145 25 Guvernören,
495 1448 45 13 som
560 1441 42 21 har
620 1444 32 18 att
663 1442 86 27 frågan
769 1443 36 20 till
821 1443 66 22 Sena-

203 1478 46 18 tens
264 1475 116 20 Ekonomie
395 1475 167 27 Departements
577 1475 125 28 afgörande
717 1476 139 27 öfverlemna.
