1070 1786
807 141 34 18 331

204 205 25 21 så
239 205 51 27 fort
305 205 119 27 lämpligen
438 204 36 21 ske
489 204 50 26 kan,
555 205 34 20 uti
604 203 204 22 bestämmelseorten
824 204 52 21 eller

206 239 110 20 nödhamn
326 239 146 20 underkastas
481 238 122 28 besigtning
613 238 38 21 och
662 239 117 26 värdering
789 238 30 27 af
825 238 51 21 sak-

204 273 96 27 kunnige
309 274 57 24 män,
378 272 74 21 hvilka
463 272 87 27 behörig
560 272 124 28 myndighet
698 275 75 23 utsett;
788 272 37 21 och
840 273 36 20 må

204 306 22 27 ej
240 305 154 28 dessförinnan
410 306 72 27 någon
504 306 87 28 åtgärd,
607 312 45 15 som
674 306 44 21 kan
739 306 136 28 uppskjutas,

205 340 35 21 till
254 340 96 21 skadans
366 340 142 27 afhjelpande
523 340 107 27 vidtagas.
655 340 155 28 Synemännen,
822 340 54 20 hvil-

204 374 28 20 ka
243 380 39 21 ega
288 373 94 28 förfoga
393 374 59 26 öfver
463 373 80 29 fartyg
559 374 37 20 och
612 374 49 26 last,
677 374 71 21 såsom
763 374 74 27 nödigt
848 376 27 18 är

200 407 41 28 för
262 414 115 22 noggrann
400 408 127 27 besigtning,
546 408 61 21 skola
622 408 115 20 bestämma
752 408 62 21 såväl
823 408 53 27 far-

206 444 68 25 tygets
288 442 66 20 värde
365 442 9 20 i
385 442 47 20 dess
442 442 99 20 skadade
558 441 65 26 skick,
641 448 45 14 som
704 442 37 21 ock
756 442 119 22 kostnaden

206 474 35 25 för
264 476 41 20 den
326 482 156 21 gemensamma
503 476 97 21 skadans
616 476 97 26 botande,
728 479 56 19 samt
799 476 77 22 dervid

205 510 107 28 iakttaga,
323 512 33 18 att
366 510 44 20 icke
415 509 163 28 felaktigheter,
589 510 73 21 hvilka
678 510 93 22 härröra
786 510 30 28 af
825 513 51 19 röta

206 544 52 21 eller
278 544 124 21 tillkommit
423 544 13 20 å
455 544 93 27 redskap
570 544 37 25 för
625 544 64 22 deras
712 544 163 29 bristfällighet,

206 578 70 27 blifva
298 578 128 28 inbegripna
450 578 37 21 och
505 578 128 26 beräknade,
649 581 54 18 utan
717 581 33 19 att
765 579 53 21 blott
833 579 42 20 den

200 612 86 28 förlust
308 613 111 25 värderas,
440 619 44 14 som
502 613 9 20 i
528 612 95 21 haveriet
644 614 105 26 uppstått,
765 613 111 27 äfvensom

205 649 32 19 att
253 647 119 21 kostnaden
384 646 42 28 för
442 647 187 21 iståndsättandet
643 647 30 27 af
684 647 73 28 hvarje
772 648 35 20 del
821 647 54 27 blif-

204 688 37 14 ver
255 681 105 21 särskildt
375 680 118 28 uppgifven
509 680 37 21 och
562 680 101 22 bestämd.

464 758 10 23 s
491 756 46 20 143.

194 796 72 21 Under
282 796 38 20 litt.
338 796 12 20 R
360 796 38 20 har
415 796 101 20 utskottet
533 796 96 20 ofvanför
647 796 111 20 framställt
777 797 26 19 de
821 797 53 25 skäl,

127 831 97 20 hvarföre
240 831 36 19 det
290 830 65 20 andra
372 832 114 18 momentet
496 830 6 20 i
514 830 69 20 denna
596 832 10 22 $
618 830 59 20 torde
694 830 50 20 böra
759 831 116 26 förändras,

127 865 39 20 och
182 864 87 20 föreslås
285 865 31 19 för
332 865 116 19 detsamma
463 864 63 20 sådan
543 864 143 26 ordalydelse:

274 909 103 27 Beloppet
393 911 89 18 ersättes
493 907 63 29 fullt,
571 915 33 14 om
612 908 101 28 fartyget
726 911 26 18 är
763 911 54 26 nytt,
828 916 48 14 men

205 944 9 20 i
235 946 70 18 annat
321 943 48 26 fall
390 943 58 20 skall
467 943 106 26 derifrån,
596 942 37 26 för
650 943 115 20 skilnaden
785 943 91 21 emellan

204 977 106 28 gammalt
324 977 39 20 och
377 979 54 25 nytt,
448 976 107 28 afdragas
571 983 25 14 en
615 977 103 27 tredjedel
735 977 30 27 af
782 977 94 20 kostnad

205 1012 14 20 å
229 1011 112 28 fartygets
356 1010 87 21 stående
458 1010 67 21 tackel
544 1010 38 21 och
600 1010 66 27 skrof,
683 1017 33 14 om
734 1011 59 20 detta
808 1011 69 20 redan

205 1046 57 20 varit
278 1048 32 18 tre
325 1046 27 19 år
366 1045 8 20 i
389 1045 54 27 sjön,
459 1045 46 20 lika
522 1045 80 26 mycket
620 1044 37 26 för
670 1045 70 20 skada
754 1045 14 20 å
783 1045 93 27 löpande

206 1079 67 22 tackel
296 1079 37 21 och
348 1079 62 27 segel,
427 1079 53 27 ifall
495 1079 63 20 dessa
580 1079 58 20 varit
659 1079 125 28 begagnade
805 1079 71 22 under

205 1116 29 19 ett
252 1114 37 20 års
308 1113 38 24 tid,
362 1115 56 18 samt
436 1119 25 14 en
480 1113 63 26 sjette
558 1113 35 20 del
606 1112 58 27 från
682 1113 70 20 skada
766 1114 13 19 å
795 1113 81 21 ankar-

205 1147 116 27 kettingar,
336 1153 46 14 som
399 1146 57 21 varit
475 1147 36 20 två
526 1147 27 20 år
567 1147 9 20 i
591 1146 61 25 bruk,
668 1147 109 21 hvaremot
793 1147 82 28 afdray

206 1182 13 20 å
234 1180 92 22 kostnad
336 1180 40 27 för
391 1179 82 21 ankare
488 1180 8 20 i
511 1181 54 19 intet
575 1180 48 27 fall
638 1187 49 21 eger
701 1187 55 14 rum.

328 1256 22 23 $$
368 1255 38 19 144
422 1254 40 20 och
479 1255 39 19 145
535 1255 144 20 oförändrade.

464 1319 10 21 S
492 1317 45 19 146.

193 1358 56 19 Ifrån
266 1357 122 26 uttrycket
382 1353 11 34 i
401 1357 65 19 första
482 1359 115 18 momentet
612 1357 22 19 af
648 1357 70 20 denna
732 1359 21 22 $:
769 1357 53 20 ”den
840 1357 34 20 be-

125 1392 94 21 räknade
235 1391 165 21 haveriskadans
416 1391 77 19 värde”
509 1391 88 20 föreslås
612 1393 30 18 att
657 1391 74 20 orden:

262 1441 55 21 ”den
332 1441 133 21 beräknade?
480 1442 36 20 må
530 1442 71 20 såsom
618 1441 141 28 öfverflödiga
777 1442 98 21 bortlem-

229 1482 46 14 nas.
