1070 1786
244 131 35 18 298

210 193 134 21 föreskriften
361 195 6 18 i
383 195 25 19 37
425 196 17 24 $,
458 201 42 13 som
518 194 107 27 förbjuder
641 194 170 27 fordringsegare
822 198 30 17 att
865 196 31 19 för
912 197 48 25 gäld

210 228 87 20 anhålla
317 230 29 18 ett
364 228 137 27 segelfärdigt
520 229 75 26 fartyg,
615 235 32 13 om
664 229 75 26 gälden
756 229 47 20 icke
820 233 22 16 är
859 230 45 19 med
920 230 39 19 för-

212 263 101 19 månsrätt
329 263 5 18 i
352 263 90 26 fartyget
465 263 93 25 förenad,
582 269 45 13 men
652 263 58 19 detta
733 263 116 26 stadgande
865 264 37 19 har
918 263 43 20 lika

212 297 33 19 väl
262 297 32 18 sin
310 296 54 26 plats
383 297 2 18 i
402 297 150 25 sammanhang
572 297 46 19 med
640 297 55 25 dem,
712 297 72 19 hvilka
799 297 55 26 angå
870 297 90 19 förbere-

212 330 97 20 delserna
325 330 30 19 till
372 330 39 20 och
427 330 138 20 anträdandet
581 330 23 19 af
617 337 25 13 en
659 331 88 25 sjöresa,
758 331 88 19 emedan
863 331 97 25 stadgan-

212 365 36 19 det
268 364 26 20 då
315 364 37 20 har
371 371 25 13 en
418 364 186 26 maktpåliggande
626 364 109 26 betydelse
751 365 39 19 och
806 366 30 18 sin
853 368 53 16 rätta
922 364 39 20 till-

212 399 115 26 lämpning.
358 397 85 21 Samma
458 398 130 20 förhållande
605 405 49 19 eger
671 398 26 26 på
709 399 50 19 visst
770 401 39 17 sätt
825 406 43 13 rum
886 399 75 20 beträf-

212 433 64 19 fande
292 432 159 20 föreskrifterna
466 439 32 13 om
515 432 171 27 skeppsdagbok.
717 432 31 20 Fn
765 433 63 20 sådan
847 434 35 19 bör
896 433 66 20 finnas

212 466 28 26 på
256 466 72 26 hvarje
345 466 79 20 utrikes
444 466 81 26 gående
546 466 75 26 fartyg,
643 473 45 13 men
707 473 46 13 man
769 467 68 19 fiuner
852 467 64 19 likväl
933 469 29 17 att

212 500 74 27 frågan
305 500 70 20 derom
396 500 46 20 icke
462 507 35 13 ens
519 500 66 20 blifvit
606 500 82 20 vidrörd
710 501 28 19 uti
756 501 10 19 6
782 503 17 23 $,
815 507 44 13 som
876 501 87 19 handlar

212 541 33 13 om
274 536 28 18 ett
330 534 79 27 fartygs
434 534 77 27 nödiga
540 534 131 26 handlingar.
717 535 62 19 Detta
810 542 62 19 synes
901 535 61 19 hafva

214 569 68 20 berott
303 569 44 19 dels
368 569 62 20 deraf
445 571 29 17 att
494 569 118 26 dagboken,
632 575 44 13 som
696 569 38 19 har
750 569 107 26 betydelse
873 569 88 20 hufvud-

214 603 96 25 sakligen
326 603 75 19 endast
416 602 67 20 såsom
506 602 193 26 bevisningsmedel
718 603 110 25 angående
848 603 113 26 tilldragel-

214 643 62 14 serna
291 637 65 19 under
372 643 26 13 en
416 643 51 19 resa,
483 636 46 20 icke
546 636 41 20 kan
603 636 6 19 i
625 636 95 26 egentlig
740 637 84 26 mening
841 637 75 19 räknas
932 637 30 19 till

214 671 25 19 de
256 670 213 26 fartygshandlingar,
486 670 75 20 hvaraf
574 676 25 14 en
616 671 79 25 sjöresa
712 670 102 26 betingas,
832 670 45 20 dels
890 671 23 19 af
922 671 39 19 den

214 705 184 26 omständigheten
421 706 29 18 att
473 704 95 26 påbuden
593 710 32 14 om
650 704 203 26 skeppsdagbokens
876 704 86 20 förande

214 739 121 26 lämpligast
358 739 51 19 böra
432 738 123 20 framställas
574 739 5 18 i
603 738 153 26 sammanhang
779 739 46 19 med
849 739 24 19 de
897 739 66 26 öfriga

214 773 136 27 åligganden,
367 773 72 19 hvilka
455 772 157 20 befälhafvaren
629 772 66 20 under
711 772 114 26 påstående
840 779 47 13 resa
898 773 65 27 enligt

214 808 35 26 lag
266 807 37 20 bör
318 807 100 26 iakttaga.

283 841 31 19 En
338 841 90 19 ledande
451 841 110 26 grundsats
585 841 29 19 uti
630 841 39 19 den
694 840 83 27 Nådiga
799 842 164 25 propositionen,

215 882 44 13 som
276 876 29 18 uti
324 875 123 19 förberörda
463 875 87 19 motiver
566 874 46 20 icke
632 874 70 20 blifvit
720 875 47 19 med
787 875 114 26 tillräcklig
918 876 44 19 full-

215 909 121 26 ständighet
348 909 132 25 framhållen,
491 908 64 26 angår
569 908 141 20 förhållandet
721 909 88 19 emellan
821 910 142 19 stadsmanna-

216 944 39 19 och
271 943 212 26 landtmannafartyg.
515 942 72 20 Under
609 943 46 19 hela
675 943 43 19 16:e
734 943 38 19 och
792 944 43 19 17:e
852 947 53 16 samt
921 944 41 19 del-

216 979 30 18 vis
263 981 55 16 ännu
337 977 66 20 under
425 977 44 19 18:e
489 977 139 19 århundradet
644 976 142 20 förekommer
802 978 5 18 i
825 977 35 19 vår
876 977 87 26 lagstift-

216 1013 58 25 ning,
296 1011 68 20 såsom
389 1014 29 17 ett
440 1011 82 26 uttryck
539 1011 24 20 af
576 1011 38 19 den
632 1011 26 19 då
678 1011 93 20 rådande
795 1011 117 26 tidsandan,
936 1014 29 17 ett

216 1046 117 26 synnerligt
352 1045 121 19 sträfvande
488 1047 28 17 att
534 1045 73 26 bringa
625 1045 105 25 städerna,
747 1045 60 20 deras
824 1045 82 26 handel,
922 1046 40 25 sjö-

216 1081 40 19 fart
271 1080 39 19 och
326 1079 68 26 öfriga
412 1079 87 20 industri
515 1079 30 19 till
563 1079 130 26 blomstring.
725 1079 56 19 Både
805 1080 97 25 regering
925 1079 39 20 och

216 1115 84 19 ständer
319 1113 125 20 utvecklade
464 1113 26 20 då
509 1113 31 20 för
560 1113 57 20 detta
635 1113 98 19 ändamål
752 1115 29 18 ett
797 1113 116 26 synnerligt
929 1113 36 19 nit.

216 1149 47 20 Med
284 1147 119 27 uppoffring
419 1147 22 20 af
455 1148 70 25 vanlig
544 1148 86 19 rättvisa
650 1147 70 20 blefvo
740 1147 67 20 medel
825 1147 81 20 derföre
923 1147 42 20 ofta

216 1183 104 24 använda,
336 1182 72 19 hvilka
424 1181 25 26 på
467 1181 157 26 landsbygdens
640 1181 99 19 ekonomi
756 1181 97 19 utöfvade
865 1183 29 17 ett
904 1181 60 19 skad-

216 1218 39 25 ligt
269 1216 117 26 inflytande
403 1216 38 19 och
457 1216 122 25 derigenom
596 1215 61 20 äfven
674 1214 93 21 indirekt
778 1215 83 20 kommo
873 1216 29 18 att
914 1217 50 17 mot-

216 1252 73 19 arbeta
304 1251 41 24 det,
362 1256 44 13 som
424 1256 46 13 man
491 1249 53 20 dock
563 1251 76 24 ytterst
654 1249 97 26 åsyftade
767 1251 30 18 att
812 1249 108 26 befrämja,
937 1251 29 18 ett

216 1286 88 19 allmänt
318 1284 94 19 välstånd
430 1284 4 19 i
452 1283 40 20 alla
508 1283 81 20 landets
605 1283 64 20 delar.

284 1319 39 19 Det
343 1325 36 12 var
399 1318 98 25 naturligt
516 1319 29 18 att
564 1317 269 26 landtmannaseglationen
854 1318 6 19 i
879 1325 86 19 synner-

216 1355 36 19 het
271 1353 65 20 måste
360 1352 66 20 under
449 1352 78 20 sådana
551 1352 145 19 förhållanden
720 1352 85 19 komma
824 1354 29 17 att
872 1352 46 20 föra
938 1355 27 18 ett

215 1387 92 28 tynande
323 1387 29 19 lif.
383 1387 159 19 Landtmannen
559 1386 39 19 fick
617 1386 97 26 begagna
730 1393 52 18 egen
800 1386 80 19 farkost
895 1387 31 19 för
936 1390 30 17 att

215 1423 31 19 till
262 1422 86 19 hamnar
369 1421 56 19 inom
446 1421 54 20 riket
517 1421 67 19 utföra
599 1421 31 19 sin
647 1427 54 19 egen
718 1420 54 20 afvel
789 1420 40 19 och
845 1420 66 26 afrad,
926 1421 39 20 och

215 1460 37 17 när
272 1456 51 19 hans
343 1455 123 26 rättigheter
486 1455 130 26 utvidgades,
634 1455 56 26 fingo
711 1455 60 19 äfven
793 1461 128 19 grannarnes
937 1455 28 20 af-
