1070 1786
796 140 34 18 337

380 204 10 22 $
406 202 42 20 222
463 202 134 20 oförändrad.

450 261 10 22 s
477 259 48 20 223.

180 299 70 19 Orden
267 299 6 19 i
290 299 70 25 början
376 299 23 19 af
412 299 70 19 denna
500 300 20 22 $:

179 332 141 20 ”tillkommer
332 332 79 26 jemväl
427 332 224 28 försäkringstagare”,

179 366 59 20 torde
254 366 51 20 böra
319 366 107 20 omkastas
441 366 39 20 och
494 366 61 26 lyda:

180 410 129 22 tillkommer
318 410 220 28 försäkringstagare
547 412 89 27 jemväl,

331 471 22 22 $$
369 470 110 20 224—231
497 470 145 20 oförändrade.

450 528 10 23 $
476 527 47 19 232.

180 565 76 26 Början
272 566 23 19 af
307 566 69 20 denna
391 569 10 21 $
417 566 23 20 så
455 567 102 26 lydande:

180 599 61 20 ”Alla
252 600 202 26 fordringsanspråk,
463 600 73 20 hvilka
548 600 73 26 uppstå
632 600 75 20 mellan
720 600 137 27 försäkrings-

113 636 71 24 tagare
200 634 38 20 och
254 634 219 26 försäkringsgifvare,
489 634 71 20 skola”

181 668 87 20 föreslås
286 668 29 20 till
336 668 135 20 undvikande
489 669 24 19 af
532 668 140 26 misstydning
691 671 30 17 att
741 668 64 20 blifva
827 668 31 20 så-

114 701 64 20 lunda
193 702 103 26 uttryckt:

250 740 218 29 Fordringsanspråk
477 742 9 20 i
496 741 118 28 anledning
625 741 31 27 af
661 740 202 29 försäkringsaftal

205 789 2 3 +
225 774 61 21 skola

381 834 11 22 $
408 832 40 20 233
464 832 133 20 oförändrad.

452 896 9 22 S
477 894 48 20 234.

183 933 95 20 Emedan
298 933 34 20 det
355 940 93 19 numera,
467 934 63 20 sedan
554 935 197 26 instansordningen
774 934 33 19 för
821 933 43 20 alla

116 967 103 19 tvistemål
236 973 75 20 genom
327 967 83 27 Nådiga
425 968 160 27 Förordningen
601 968 23 20 af
638 968 40 20 den
694 969 25 19 27
731 968 59 26 April
808 967 54 20 1868

115 1001 65 25 gjorts
203 1001 114 26 likformig,
336 1001 48 20 icke
403 1008 62 19 synes
482 1002 74 26 nödigt
579 1004 30 17 att
624 1004 92 24 upptaga
730 1008 25 13 en
773 1001 90 20 bestäm-

116 1034 51 26 ning
183 1035 78 25 derom,
277 1037 29 17 att
321 1035 78 20 hofrätt
414 1038 22 17 är
452 1036 67 19 andra
534 1036 88 20 domstol
638 1037 7 18 i
660 1035 133 27 sjörättsmål,
809 1035 53 20 före-

116 1067 48 26 slås,
180 1068 47 19 med
244 1068 69 20 tillika
332 1069 76 20 fästadt
426 1069 100 20 afseende
547 1069 27 27 på
590 1069 164 27 ordställningen
770 1070 6 19 i
793 1069 71 20 denna

115 1103 28 22 $:s
160 1101 67 27 begge
244 1105 122 24 momenter,
383 1103 31 20 för
430 1103 35 20 det
480 1104 66 19 första
562 1105 114 18 momentet
692 1103 87 20 sålunda
794 1103 69 20 förän-

115 1135 51 19 drad
182 1135 142 26 ordalydelse:

263 1175 79 21 Första
357 1175 92 21 domstol
458 1177 9 19 i
478 1177 113 24 tvistemål,
601 1183 45 14 som
657 1176 52 20 böra
724 1175 55 27 efter
793 1175 72 21 denna

196 1208 36 28 lag
248 1208 127 27 afdömmas,
392 1212 26 18 är
432 1210 170 27 Rådstufvurätt
620 1211 9 20 i
646 1210 51 21 stad
712 1210 37 20 och
763 1208 102 22 Härads-

194 1245 46 18 rätt
256 1243 33 27 pä
307 1243 83 26 landet;
411 1244 52 21 dock
482 1244 61 21 skola
561 1245 46 20 alla
627 1244 82 21 haveri-
724 1243 36 21 och
777 1243 89 27 försäk-

194 1277 108 27 ringsmäl
317 1277 29 27 af
356 1277 172 28 Rädstufvurätt
543 1278 125 25 behandlas,
684 1277 67 22 ehvad
762 1277 25 21 de
797 1278 9 19 i
815 1276 52 21 stad

195 1311 52 20 eller
259 1311 32 27 pä
307 1311 71 21 landet
388 1311 144 28 förekomma.

456 1381 9 22 $
481 1379 48 20 235.

184 1419 31 20 De
231 1418 36 21 tvä
283 1419 63 20 första
362 1419 138 26 meningarne
516 1419 6 19 i
538 1419 70 20 denna
622 1421 10 22 $
648 1419 61 26 lyda:

184 1453 48 20 ”Uti
248 1453 156 20 Rädstufvurätt
424 1453 67 26 skola,
507 1453 27 20 dä
549 1453 125 26 sjörättsmä]l
691 1453 36 20 der
743 1453 123 25 behandlas,

763 1486 22 16 22
