1070 1786
797 143 34 19 531

116 207 37 19 der
167 209 56 18 ännu
240 207 59 26 lägre
314 206 85 26 belopp.
429 206 41 19 Vid
487 206 126 20 inträffande
629 207 47 26 krig
691 207 7 20 i
714 203 108 30 Östersjön
833 215 32 12 er-

115 241 73 26 lägges
204 241 88 26 afgiften
307 240 133 20 fördubblad.
471 241 120 26 Rätteligen
602 244 23 17 är
636 241 168 26 vakansafgiften
817 241 49 20 icke

117 275 69 26 någon
201 275 216 25 kommunalutskyld,
434 276 49 18 utan
499 281 26 14 en
541 275 56 20 skatt
612 275 32 20 till
659 275 89 20 kronan.
778 276 48 19 Men
838 275 27 20 då

116 310 66 26 enligt
202 310 62 19 ofvan
284 309 120 26 åberopade
424 308 122 20 Resolution
569 309 72 19 staden
659 309 31 19 för
705 309 123 21 densamma
843 312 23 17 är

117 343 81 20 kronan
221 343 103 25 ansvarig,
348 342 22 20 så
394 342 42 20 kan
460 342 39 20 den
524 342 101 27 möjligen
641 343 21 19 få
677 344 112 20 utseendet
803 344 24 19 af
839 350 26 13 en

117 377 185 20 kommunalskatt.
338 376 91 20 Emedan
451 376 102 20 utskottet
572 383 67 19 anser,
659 379 31 18 att
708 378 63 19 äfven
790 377 76 21 skenet

117 412 23 19 af
152 414 31 17 att
199 412 51 26 vilja
264 411 82 27 ingripa
361 411 27 26 på
404 410 143 27 grundlagens
563 411 84 20 område
664 412 37 19 bör
716 412 111 26 undvikas,
842 412 23 20 så

117 446 41 20 kan
174 446 101 20 utskottet
292 445 48 20 icke
356 445 32 19 till
402 445 157 25 godkännande
579 445 83 20 förorda
681 446 56 20 förra
760 446 61 20 delen
845 446 23 20 af

118 480 169 20 reservationens
307 479 144 27 formulering,
471 480 137 26 hvarigenom
625 480 32 19 väl
673 480 63 26 ingen
754 481 89 26 ändring
859 481 7 19 i

119 514 103 27 grundlag
238 514 67 20 skulle
321 514 45 25 ske,
382 520 48 13 men
446 520 44 13 som
507 513 66 20 likväl
589 513 71 21 kunde
676 514 57 26 gifva
749 515 116 27 anledning

119 549 29 20 till
172 548 150 21 missförstånd.
352 548 101 19 Deremot
471 554 63 20 synes
557 547 102 21 utskottet
678 554 74 15 senare
767 549 62 20 delen
845 550 23 19 af

119 584 39 19 den
170 584 6 18 i
187 583 157 19 reservationen
360 582 139 20 formulerade
516 584 9 22 $
541 582 107 20 innehålla
663 585 30 17 ett
708 583 157 27 förtydligande

119 617 80 26 tillägg,
219 623 44 13 som
280 617 6 19 i
303 616 108 20 bestämda
429 616 37 20 ord
485 616 76 20 uttalar
582 616 54 20 hvad
652 616 62 20 äfven
730 617 7 19 i
752 617 113 21 utskottets

119 651 134 20 betänkande
270 650 118 20 innefattas.
420 650 108 20 Utskottet
543 650 31 20 får
589 650 82 20 derföre
688 651 83 27 föreslå,
782 654 31 18 att
823 652 40 20 den

118 686 5 18 i
137 685 142 20 betänkandet
294 684 140 20 formulerade
449 686 10 22 $
475 684 91 20 erhåller
577 686 30 18 ett
618 684 73 27 tillägg
702 685 5 19 i
719 691 80 15 samma
809 686 56 26 syfte

119 726 43 13 som
178 726 74 13 senare
268 719 61 19 delen
345 718 23 20 af
381 718 41 20 den
434 718 7 19 i
452 718 158 20 reservationen
626 718 125 27 föreslagna,
768 720 96 26 hvarige-

119 760 48 14 nom
184 754 11 19 7
210 755 10 23 $
236 753 84 20 komme
336 754 30 18 att
380 752 79 20 erhålla
475 752 93 26 följande
584 752 90 26 lydelse:

254 798 78 21 Denna
342 797 137 28 förordning
493 799 42 26 gör
549 797 47 21 icke
606 798 72 28 någon
688 799 97 28 ändring
795 800 34 20 uti
839 800 26 20 de

186 832 138 22 kommunala
344 831 127 28 rättigheter
498 831 39 21 och
555 831 159 28 förpligtelser,
733 840 46 14 som
797 834 69 27 enligt

186 861 104 37 grundlag
299 866 56 26 eller
365 866 129 27 privilegier
504 866 49 20 med
563 866 186 28 grundlagshelgd
759 867 107 21 särskildt

187 900 118 22 tillkomma
320 901 57 20 vissa
392 899 138 21 medlemmar
543 899 30 27 af
580 907 26 13 en
615 899 167 28 stadskommun,
791 901 75 21 hvare-

186 937 44 19 mot
240 935 46 21 alla
301 934 75 28 öfriga
390 933 140 22 kommunala
545 933 128 28 rättigheter
688 934 36 21 och
741 935 125 28 skyldighe-

187 972 38 23 ter,
251 969 72 20 hvilka
346 968 79 21 hittills
447 968 58 21 varit
532 968 129 27 borgerskap
677 968 37 21 och
734 969 133 28 gårdsegare

185 1003 109 28 samfäldt
309 1003 51 21 eller
372 1002 108 21 hvardera
495 1001 108 22 särskildt
612 1001 149 28 förbehållna,
779 1003 85 22 hädan-

186 1038 56 27 efter
264 1037 69 28 blifva
346 1036 42 28 för
410 1036 46 21 alla
475 1036 139 21 medlemmar
633 1035 31 28 af
677 1037 189 22 stadskommunen

186 1079 163 21 gemensamma.

461 1130 10 22 $
489 1128 32 19 10.

187 1169 160 27 Ridderskapet
362 1167 38 22 och
415 1167 72 21 Adeln
504 1168 39 20 har
559 1168 91 26 beslutit,
665 1170 31 18 att
714 1169 2 19 i
740 1169 4 20 2
760 1175 61 14 mom.
833 1176 32 13 or-

121 1206 50 19 den:
188 1204 75 20 ”hvars
279 1203 87 27 styrelse
382 1202 67 20 finnes
464 1202 57 20 inom
539 1202 141 20 kommunen”
695 1202 67 21 skulle
778 1204 55 26 utgå.

186 1237 163 28 Presteståndet
364 1243 38 19 har
418 1242 94 27 godkänt
528 1242 149 20 betänkandet.

187 1283 185 28 Borgareståndet
388 1283 37 20 har
441 1283 84 19 stadnat
535 1283 7 19 i
553 1282 111 20 enahanda
680 1282 68 20 beslut
760 1289 45 14 som
816 1283 49 20 Rid-

119 1319 114 26 derskapet
248 1318 39 20 och
303 1317 75 20 Adeln.
435 1322 7 6 :

187 1357 162 22 Bondeståndet
364 1357 38 19 har
418 1356 77 20 biträdt
510 1355 151 20 betänkandet.

188 1398 74 20 Såsom
282 1397 101 19 utskottet
403 1397 6 18 i
431 1396 36 19 sitt
485 1395 135 20 betänkande
642 1395 48 20 sökt
708 1395 117 26 framhålla,
844 1399 24 17 är

121 1433 128 19 kommunen
272 1431 48 20 icke
339 1430 69 27 någon
430 1429 92 26 tillfällig
543 1429 81 20 enskild
644 1429 103 26 förening,
760 1429 108 27 jemförlig

121 1467 47 20 med
188 1466 62 26 bolag
270 1465 40 20 och
329 1464 66 20 andra
414 1464 32 19 för
465 1463 102 27 speciella
582 1463 96 20 ändamål
694 1463 103 20 inrättade
813 1469 54 14 sam-
