1070 1786
222 153 35 17 572

255 214 140 25 nämnderne,
414 214 88 21 hvarom
516 214 9 20 i
539 214 30 21 54
583 214 15 27 $
612 216 68 25 säges,
696 214 38 21 och
750 214 29 27 af
786 215 107 20 revisorer
900 214 41 27 för

256 251 34 18 att
307 248 97 28 granska
424 249 149 27 redogörelsen
591 248 60 25 öfver
672 248 137 21 kommunens
821 248 120 27 penninge-

250 281 150 28 förvaltning,
420 282 110 26 äfvensom
554 283 35 19 till
607 282 168 27 handläggning
794 282 29 27 af
839 283 41 19 den
901 283 8 19 i
927 283 14 20 3

256 322 62 14 mom.
334 316 13 20 5
362 316 15 26 $
392 315 147 28 omförmälda
549 316 78 27 fråga.

558 373 16 27 $
589 374 34 20 10.

326 418 83 28 Hvarje
436 418 129 28 välfräjdad
587 419 88 21 medlem
698 418 29 28 af
745 418 195 26 stadskommunen,

256 459 52 14 man
325 452 53 21 eller
392 453 85 27 gvinna,
493 460 44 14 som
553 454 98 26 åtnjuter
660 452 62 28 finsk
736 453 151 27 medborgares
895 454 45 19 rät-

257 486 92 28 tigheter
375 487 38 21 och
432 487 42 21 har
496 490 33 18 att
551 487 58 27 sjelf
627 487 60 27 öfver
708 488 34 26 sig
757 481 48 37 och
827 488 38 20 sitt
887 486 53 28 gods

258 521 58 21 råda
333 524 62 23 samt,
418 521 69 27 enligt
508 521 57 21 hvad
580 522 9 19 i
603 522 28 20 53
651 522 15 26 $
685 522 102 20 närmare
811 521 129 25 bestämmes,

258 556 26 20 är
305 554 87 29 skyldig
409 557 33 19 att
460 556 35 20 till
514 555 126 21 kommunen
658 556 91 27 erlägga
773 555 64 25 skatt,
857 556 19 27 ej
891 555 51 28 häf-

258 592 37 18 tar
305 589 41 27 för
355 589 58 27 flere
428 592 28 18 än
473 589 199 27 nästförutgångna
687 590 57 20 årets
762 590 95 26 oguldna
874 590 69 20 stads-

257 623 120 27 utskylder,
405 623 44 21 icke
467 624 46 20 står
529 624 68 20 under
617 630 86 14 annans
719 623 171 21 husbondevälde
904 624 36 20 och

258 658 20 26 ej
288 657 66 21 heller
364 657 127 27 förklarats
506 657 166 28 medborgerligt
682 657 131 27 förtroende
824 657 116 28 förlustig,

258 693 27 18 är
304 690 123 28 berättigad
450 693 38 24 att,
509 692 9 20 i
537 691 93 27 enlighet
648 691 48 21 med
714 691 173 28 föreskrifterna
909 692 34 20 uti

258 725 72 21 denna
342 724 144 28 förordning,
503 725 37 21 vid
559 725 175 21 rådhusstämma
750 726 88 28 deltaga
853 726 8 20 i
871 726 71 27 öfver-

259 759 133 27 läggningar
407 759 38 21 och
460 759 74 21 beslut.

326 793 126 21 Enahanda
469 793 105 28 rättighet
594 793 128 21 tillkommer
740 794 37 20 ock
793 794 68 28 bolag,
878 794 63 21 hvars

258 828 90 27 styrelse
358 827 75 27 finnes
448 827 57 21 inom
520 827 133 21 kommunen.

571 885 15 26 $
601 886 33 19 11.

344 930 46 21 För
408 930 101 28 omyndig
529 931 56 20 röste
598 929 146 29 förmyndare
763 931 58 25 eller,
838 932 38 20 der
887 932 55 27 flere

253 965 147 28 förmyndare
415 967 45 23 äro,
477 965 40 20 den
531 971 46 14 som
591 965 59 20 desse
664 965 68 20 bland
746 965 33 28 sig
794 968 53 18 utse.

326 999 32 27 Ej
372 999 36 20 må
422 999 41 26 för
479 998 96 27 samfäld
594 999 102 27 egendom
713 1006 45 13 mer
775 1001 29 19 än
824 1007 25 13 en
861 1007 80 20 person

254 1033 57 28 föra
334 1033 63 21 talan
418 1033 37 20 vid
476 1033 182 20 rådhusstämma.
691 1033 46 20 För
760 1033 62 28 bolag
841 1035 35 20 må
895 1035 47 20 dess

259 1068 89 27 styrelse
370 1067 38 21 och
424 1066 42 28 för
488 1066 105 28 oskiftadt
612 1067 24 20 bo
657 1067 126 27 delegarene
803 1068 48 21 deri
867 1069 75 20 ombud

259 1104 52 19 utse.

327 1135 47 21 För
388 1135 50 27 fast
457 1135 106 28 egendom,
579 1135 81 28 näring
676 1135 53 21 eller
743 1137 86 24 rörelse,
845 1143 44 14 som
904 1144 39 14 un-

261 1171 39 20 der
315 1170 140 27 borgenärers
467 1169 139 27 förvaltning
621 1170 53 24 står,
690 1170 36 20 må
742 1171 21 25 ej
777 1172 78 19 röstas.

569 1226 16 27 $
599 1227 36 21 12.

328 1273 101 21 Pösträtt
443 1273 128 20 tillkommer
582 1272 138 21 kommunens
730 1273 139 22 medlemmar
879 1275 8 20 i
893 1275 51 26 för-

261 1307 102 22 hållande
387 1307 35 20 till
440 1307 34 20 det
492 1307 63 20 antal
573 1306 117 25 skattören,
710 1313 45 15 som
769 1308 68 27 enligt
855 1309 34 25 54,
908 1310 36 25 55,

261 1343 29 20 56
305 1341 37 22 och
352 1342 30 20 57
392 1341 29 27 $$
432 1340 71 27 blifvit
513 1341 80 20 enhvar
603 1341 35 20 vid
646 1340 181 29 nästföregående
843 1344 101 27 taxering

258 1376 100 28 påfördt,
378 1375 94 21 sålunda
491 1377 33 19 att
544 1377 30 18 ett
590 1375 96 21 skattöre
700 1375 85 27 medför
800 1383 25 14 en
840 1378 52 25 röst,
909 1379 35 19 två

262 1411 111 20 skattören
388 1410 35 20 två
437 1411 75 23 röster,
529 1411 32 19 tre
575 1409 111 20 skattören
702 1411 32 18 tre
748 1411 70 19 röster
831 1411 38 20 och
879 1412 25 20 så
914 1413 31 19 vi-

262 1445 53 20 dare
324 1443 60 21 ända
395 1443 35 21 till
440 1443 108 27 tjugufem
558 1445 74 24 röster,
644 1449 45 14 som
700 1445 38 18 äro
749 1444 34 20 det
791 1443 78 28 högsta
879 1447 66 19 röste-

264 1479 32 21 tal
314 1478 73 27 någon
400 1477 43 21 kan
460 1477 125 27 innehafva.
615 1477 31 27 Ej
663 1477 36 20 må
708 1477 53 21 dock
770 1478 72 27 någon
857 1479 37 21 vid
905 1480 40 20 all-
