1070 1786
794 145 34 16 255

113 213 75 20 genom
205 207 127 26 besigtning,
348 205 81 20 såsnart
444 205 38 20 ske
497 205 42 20 kan
556 205 39 20 och
612 205 22 20 så
650 205 43 20 ofta
709 205 35 20 det
756 205 107 27 behöfves,

91 243 97 27 Gtröna
203 241 47 20 dess
266 240 93 20 tillstånd
376 239 40 20 och
432 239 40 20 den
489 239 44 20 fara
549 240 32 19 för
597 239 151 27 förskämning,
757 246 44 13 som
813 240 50 26 god-

113 277 32 18 set
160 275 41 19 kan
220 281 50 13 vara
284 273 158 21 underkastadt.
473 273 82 20 Honom
572 273 128 20 tillkommer
712 274 39 20 ock
762 276 30 17 att
802 281 61 19 gran-

113 309 40 20 ska
175 309 40 20 och
238 308 30 20 till
292 308 128 26 riktigheten
444 307 101 27 bestyrka
564 308 42 19 alla
624 308 114 26 räkningar
754 308 110 26 angående

113 342 265 28 bergningskostnaderna.

453 406 10 22 s
480 404 47 20 162.

180 441 31 23 Är
227 445 45 20 fara
292 447 30 17 att
341 444 134 26 förolyckadt
496 444 70 26 fartyg
587 443 51 20 eller
656 444 53 26 gods
724 446 59 25 tager
797 446 66 25 ylter-

112 479 66 26 ligare
198 479 74 25 skada,
292 479 64 19 innan
376 478 90 25 redares,
486 478 129 26 godsegares
632 477 51 20 eller
699 478 60 20 deras
774 479 89 20 ombuds

112 513 108 20 föreskrift
235 514 75 18 hinner
326 512 114 25 meddelas,
461 512 85 26 vidtage
567 512 158 20 befälhafvaren
742 513 52 20 efter
809 514 54 20 före-

114 547 82 27 gängen
215 547 121 26 besigtning
352 546 74 27 ätgärd
442 546 71 21 derom
531 549 30 17 att
580 546 140 27 egendomen,
735 546 64 21 sedan
816 548 48 25 den,

113 581 27 20 dä
162 581 75 20 sådant
259 581 110 24 erfordras,
394 581 111 25 undergätt
529 580 175 26 tullbehandling,
720 581 76 20 blifver
812 582 6 18 i
834 581 29 19 öf-

114 615 195 20 verensstämmelse
326 615 46 19 med
389 615 40 19 den
447 615 6 19 i
469 616 58 18 orten
545 614 99 26 gällande
655 614 34 27 lag
700 622 75 19 genom
790 615 73 21 offent-

114 650 38 26 ligt
167 652 60 24 utrop
244 649 109 26 föryttrad.
384 649 42 26 Lag
442 655 80 13 samma
538 655 56 19 vare,
610 655 33 13 om
659 649 35 19 det
705 649 102 27 bergades
818 652 45 18 vär-

114 683 25 19 de
155 686 22 17 är
193 683 23 20 sä
231 684 68 26 ringa,
315 685 29 18 att
360 685 66 18 större
443 683 61 20 delen
525 683 61 20 deraf
599 682 67 20 skulle
683 683 49 27 ätgä
747 684 31 19 till
793 684 70 20 betäe-

114 718 68 20 kande
202 718 24 19 af
242 718 143 19 kostnaderna
404 718 32 19 för
455 717 47 20 dess
522 717 119 19 bevarande
658 718 65 19 under
738 718 73 26 längre
827 718 37 20 tid.

114 752 45 20 Kan
176 751 131 27 egendomen
327 754 48 17 utan
396 752 73 19 förlust
488 751 76 19 värdas
583 751 39 20 och
642 751 95 26 bevaras,
754 752 53 20 skall
823 752 40 20 den

113 786 79 20 lemnas
208 785 91 21 oförsäld
315 786 39 20 och
370 792 89 20 egarens
475 785 108 20 föreskrift
598 786 71 19 derom
686 786 103 20 inväntas.

453 850 10 22 $
481 848 46 20 163.

181 884 31 23 Är
232 888 142 19 befälhafvare
399 887 108 20 nödsakad
528 889 30 18 att
577 887 95 26 aflägsna
691 888 31 26 sig
742 888 44 19 från
803 888 60 27 berg-

116 921 133 27 ningsstället
264 922 63 19 innan
345 921 131 26 egendomen
494 921 69 20 blifvit
578 921 78 20 försäld
668 921 51 20 eller
730 928 68 13 annan
815 922 49 20 slut-

115 956 29 26 lig
160 956 72 26 åtgärd
252 955 85 20 dermed
357 955 106 26 vidtagen,
483 954 52 21 eller
554 955 90 20 erhåller
663 955 39 20 han
722 962 74 20 egares
812 963 52 13 sam-

115 989 63 27 tycke
194 992 30 17 att
240 989 86 26 begifva
340 989 32 26 sig
388 989 100 26 derifrän,
504 995 50 14 vare
569 989 77 26 pligtig
656 991 30 18 att
697 989 67 27 enligt
774 990 90 20 förteck-

116 1024 50 26 ning
190 1023 130 20 öfverlemna
342 1023 36 20 det
401 1023 92 26 bergade
513 1023 28 19 uti
560 1023 82 26 pälitlig
662 1030 58 13 mans
740 1024 53 20 hand
813 1025 52 20 eller

116 1058 66 19 under
197 1057 97 26 offentlig
311 1057 134 26 myndighets
461 1057 58 26 värd,
535 1057 39 20 och
591 1060 47 23 tage
654 1057 71 20 derom
743 1058 64 20 bevis.

453 1121 10 22 $
481 1120 44 19 164.

184 1159 127 27 Bergarelön
338 1159 37 20 bör
390 1159 6 19 i
412 1159 121 26 allmänhet,
554 1159 27 20 dä
599 1159 99 21 särskildt
720 1161 50 19 aftal
793 1161 71 20 derom

115 1194 19 25 ej
151 1193 62 26 skett,
229 1193 105 20 beräknas
350 1193 31 19 till
398 1193 62 19 minst
475 1200 25 13 en
517 1193 107 20 tiondedel
640 1194 40 20 och
696 1194 62 26 högst
773 1201 25 13 en
811 1196 54 20 tred-

113 1227 59 26 jedel
187 1228 23 19 af
224 1227 35 20 det
276 1227 101 26 bergades
393 1227 70 26 värde,
474 1227 46 20 ifall
536 1227 145 21 befälhafvare
694 1228 38 20 och
745 1228 120 29 besättning

115 1262 29 19 uti
161 1262 131 26 bergningen
313 1261 94 26 deltagit,
423 1264 54 17 samt
491 1262 45 19 frän
553 1269 25 13 en
595 1262 104 26 fjerdedel
715 1263 31 19 till
763 1263 38 20 och
818 1265 46 19 med

115 1296 87 25 hälften,
218 1302 34 13 om
269 1295 35 20 det
320 1295 92 26 bergade
428 1295 69 20 blifvit
513 1298 48 17 utan
578 1296 60 20 deras
654 1303 83 20 omsorg
753 1297 39 20 och
808 1298 57 20 med-

115 1330 78 20 verkan
212 1330 22 19 af
248 1330 65 19 andra
329 1330 146 26 tillvarataget.
506 1330 45 19 Kan
569 1330 35 20 det
618 1330 92 26 styrkas,
722 1333 30 18 att
767 1331 98 27 bergnin-

114 1371 40 19 gen
172 1363 90 20 medfört
277 1367 42 16 stor
334 1364 45 19 fara
394 1364 52 19 eller
462 1364 123 26 synnerliga
602 1364 72 20 mödor
690 1365 38 19 och
745 1365 120 27 kostnader,

114 1398 74 20 hvilka
205 1397 48 20 icke
274 1397 71 20 kunna
364 1404 61 13 anses
444 1397 96 27 skäligen
562 1398 126 26 godtgjorda
708 1405 76 20 genom
800 1399 65 21 sådan

115 1432 115 25 betalning,
246 1431 34 20 mä
295 1434 65 17 större
382 1432 123 25 bergarelön
529 1432 53 20 efter
605 1432 208 27 omständigheterna
832 1433 33 20 be-

114 1466 83 25 räknas,
214 1465 54 20 dock
284 1465 47 20 icke
347 1466 6 19 i
370 1465 63 27 något
448 1466 35 19 fall
501 1466 80 20 utöfver
597 1466 35 20 det
648 1466 104 26 bergades
769 1467 70 21 värde.
