1070 1786
803 147 34 18 153

121 211 13 20 å
149 211 26 20 de
196 211 76 26 nådiga
287 212 180 25 propositionerna
481 213 7 18 i
505 211 61 20 dessa
581 215 83 22 ämnen,
680 211 48 20 ville
744 212 6 19 i
767 211 102 20 underdå-

123 246 72 25 nighet
211 245 103 20 förklara:

258 293 32 17 att
307 290 124 20 Ständerna
446 291 64 20 anslå
526 291 90 24 140,000
632 290 35 21 mk
682 291 35 20 till
733 290 138 27 uppförande

191 324 29 26 af
238 326 73 18 tvenne
329 324 113 27 fyrbåkar
457 325 8 19 i
479 324 92 27 Ladoga
591 325 41 26 sjö,
657 325 4 19 å
676 324 141 27 Hanhipaasi
833 324 38 20 och

190 358 130 20 Heinäluoto
337 358 91 24 holmar,
443 361 55 18 samt
515 360 91 24 160,000
621 358 35 21 mk
668 358 35 20 till
713 358 158 28 uppbyggande

191 392 31 26 af
233 399 25 13 en
269 392 84 27 fyrbåk
369 392 13 20 å
397 392 112 28 Bogskärs
526 392 75 27 klippa
616 392 62 21 söder
693 399 33 13 om
741 386 76 26 Åland
832 392 39 20 och

190 429 33 17 att
246 426 58 21 detta
326 427 78 27 anslag
425 433 33 14 om
479 427 145 20 tillsammans
644 428 90 24 300,000
749 426 68 25 mark,
829 426 42 27 för

191 460 63 21 hvars
270 460 142 21 användande
426 460 139 28 redovisning
581 461 7 19 i
603 460 76 20 Nåder
694 460 60 21 torde
765 460 36 21 till
811 462 61 19 näst-

190 494 205 21 sammanträdande
415 494 94 21 Ständer
529 493 103 28 afgifvas,
654 494 88 27 beviljas
765 496 32 19 att
819 496 53 25 utgå

190 535 74 21 genom
284 535 25 13 en
328 528 70 21 under
413 535 66 14 namn
494 528 30 27 af
535 528 209 28 sjöfartsbevillning
760 529 112 27 uppburen

192 563 145 21 tillskottstull
352 563 13 20 å
380 563 113 27 importen.

192 608 136 27 Helsingfors,
346 608 39 20 den
403 609 25 19 18
445 608 60 26 April
523 608 60 20 1872.

192 655 34 19 Ett
246 654 98 20 särskildt
362 654 99 26 yttrande
477 654 7 18 i
500 653 66 21 saken
582 654 87 26 afgifvet
684 654 22 20 af
720 661 25 13 en
762 654 63 20 bland
841 656 31 18 ut-

124 689 88 20 skottets
229 689 115 20 ledamöter
360 688 81 26 bifogas
454 688 81 26 jemväl
552 688 156 20 vördsammast.

393 790 212 23 Reservation:

261 847 30 19 Af
305 847 220 20 Kommunalrådet
539 847 27 20 A.
582 846 119 21 Meurman.

194 893 42 19 Mot
256 892 111 20 utskottets
386 892 151 20 ofvanstående
555 892 131 20 betänkande
703 899 60 13 anser
777 894 36 24 jag
830 893 42 26 mig

126 927 50 19 böra
192 927 73 19 anföra
281 926 127 19 reservation
424 927 5 18 i
447 926 93 26 följande
557 926 98 26 punkter:

193 961 32 19 Då
240 960 127 26 fyrbåkarne
382 961 7 18 i
404 960 87 26 Ladoga
506 963 37 17 äro
558 960 119 27 föreslagna
692 962 29 18 att
737 960 80 27 byggas
833 961 37 18 100

125 995 30 19 fot
171 995 55 26 höga
242 995 38 19 och
296 994 81 19 således
394 994 83 19 komma
494 997 31 16 att
541 994 61 19 hafva
618 1001 24 12 en
659 994 83 26 lysvidd
759 995 22 19 af
798 995 22 19 15
832 995 40 24 sjö-

127 1029 42 25 mil,
186 1029 74 19 medan
278 1035 25 13 en
320 1028 40 20 båk
376 1028 24 19 af
413 1028 98 27 omkring
529 1029 26 19 60
571 1029 28 19 fot
616 1028 54 26 lyser
690 1029 23 19 12
728 1028 75 26 sjömil,
821 1028 51 19 hvil-

126 1063 35 19 ket
180 1063 32 19 för
227 1063 85 26 Ladoga
326 1063 31 25 sjö
373 1062 59 20 torde
450 1061 65 21 blifva
531 1063 207 26 tillfyllestgörande,
754 1069 47 13 men
817 1063 56 19 kost-

127 1097 99 25 naderna,
247 1097 71 19 hvilka
333 1097 61 19 äfven
411 1097 106 19 dessutom
534 1097 5 19 i
557 1097 34 19 det
607 1097 31 18 för
654 1097 99 19 utskottet
769 1096 106 26 upptedda

125 1131 101 26 förslaget
245 1137 63 20 synas
327 1137 40 20 nog
382 1131 64 26 drygt
461 1131 104 26 tilltagna,
581 1137 75 20 genom
672 1137 26 13 en
714 1130 58 26 dylik
788 1131 85 20 reduce-

126 1165 46 25 ring
195 1165 21 19 af
239 1165 101 19 båkarnes
364 1165 48 26 höjd
434 1165 65 20 måste
521 1165 105 26 betydligt
646 1165 75 26 nedgå,
737 1164 86 19 föreslår
835 1165 38 26 jag

125 1202 30 16 att
178 1199 31 19 för
232 1199 60 19 dessa
315 1199 123 26 byggnader
463 1199 32 19 må
516 1199 76 19 inalles
612 1198 69 20 anslås
702 1198 61 26 högst
785 1198 88 26 100,000

128 1233 65 20 mark.

194 1267 73 20 Sävidt
290 1267 42 26 mig
352 1270 22 17 är
394 1267 84 23 bekant,
495 1267 38 20 har
549 1267 35 20 det
600 1267 22 20 af
636 1267 28 20 Hr
681 1273 39 13 von
736 1262 135 25 Heidenstam

126 1302 118 26 uppgjorda
267 1301 177 26 kostnadsförslag
467 1301 32 20 för
523 1308 25 13 en
573 1301 74 26 fyrbäk
668 1301 12 20 &
699 1301 99 26 Bogskär,
823 1308 49 19 upp-

126 1336 82 26 gäende
223 1335 29 20 till
274 1335 85 25 160,000
376 1335 65 26 mark,
457 1335 40 20 och
515 1335 26 26 pä
557 1335 66 26 grund
640 1335 74 19 hvaraf
728 1335 99 20 utskottet
843 1335 29 20 till

126 1370 57 19 detta
202 1369 98 20 ändamål
317 1369 83 26 beviljat
416 1375 80 13 samma
513 1369 83 26 belopp,
612 1369 47 20 icke
676 1369 68 19 blifvit
758 1369 115 26 granskadt

125 1404 23 19 af
167 1403 133 26 vederbörlig
315 1403 113 19 auktoritet
443 1403 6 19 i
467 1403 46 19 vårt
529 1403 56 26 land,
601 1403 38 19 och
656 1403 26 19 då
698 1402 81 20 derföre
795 1403 18 26 ej
831 1403 41 19 hel-

126 1439 30 18 ler
172 1437 162 26 öfverstyrelsen
351 1437 31 19 för
397 1437 107 19 allmänna
522 1437 156 26 byggnaderna,
695 1436 59 19 hvars
766 1436 108 20 kostnads-

125 1472 78 26 förslag
227 1471 79 26 uppgår
325 1471 31 19 till
376 1471 91 24 345,000
486 1471 60 19 mark
563 1471 27 26 på
606 1471 63 27 något
684 1471 30 19 vis
731 1471 58 20 torde
805 1471 70 19 kunna
