1070 1786
0 930 1 9 A.
0 765 17 149 O.,
0 712 1 31 hu,

244 149 23 18 20

204 211 130 26 fattningens
350 211 108 27 generella
474 211 39 19 och
534 210 100 27 utslagets
654 210 106 21 särskilda
779 211 131 20 föreskrifter
926 211 30 19 till

204 245 78 20 allmän
306 247 147 24 transportväg
477 245 112 26 begagnas.
627 245 30 18 De
682 245 87 19 stående
791 245 39 20 och
854 245 101 20 kostsam-

205 285 57 14 mare
288 279 51 20 verk
365 279 39 20 och
430 279 161 26 anläggningar,
614 285 43 13 som
680 279 32 19 för
736 279 136 26 flottningens
895 279 61 20 verk-

204 312 103 20 ställande
323 312 71 20 kunde
409 312 67 20 finnas
492 312 107 26 behöfliga
609 312 39 20 och
665 312 65 20 blifva
742 312 132 26 föreskrifna,
887 313 68 19 skulle

204 347 120 26 öfvertagas
340 346 23 20 af
377 349 167 23 entreprenörer,
561 346 71 20 hvilka
655 347 33 19 det
714 346 59 27 ålåge
792 349 30 17 att
837 347 54 20 efter
906 346 48 20 fast-

204 380 61 20 ställd
290 383 50 17 taxa
362 380 85 26 upplåta
469 380 47 20 dem
537 380 30 20 till
587 380 77 20 andras
686 380 145 27 begagnande,
848 381 108 19 hvaremot

205 416 94 19 bommar
315 415 38 19 och
370 414 64 20 andra
459 414 80 20 mindre
562 414 120 26 betydande
702 415 107 25 anstalter,
825 421 45 13 som
887 415 68 19 fillfäl-

204 448 72 26 ligtvis
296 448 70 20 kunde
388 448 64 20 blifva
470 448 113 27 behöfliga,
602 448 68 20 skulle
686 450 22 18 af
722 449 79 19 euhvar
817 449 32 19 för
865 449 32 26 sig
913 455 41 13 om-

205 483 93 26 besörjas
320 483 40 20 och
381 482 105 22 bekostas,
516 483 41 20 För
577 485 30 17 att
626 483 104 27 betrygga
749 484 80 19 strand-
845 483 40 20 och
899 484 55 25 jord-

204 524 75 19 egares
294 517 91 26 anspråk
402 517 26 26 på
443 518 116 26 ersättning
575 518 31 19 för
621 518 65 19 timad
702 517 73 26 skada,
795 517 64 20 borde
877 516 77 21 virkes-

205 557 71 20 egare,
292 551 64 20 innan
373 551 40 20 han
431 551 26 26 på
472 551 79 20 sådana
566 551 82 26 ställen,
669 551 37 20 der
719 551 123 27 jordegares
859 553 40 18 rätt
914 551 40 20 kan

205 586 129 25 äfventyras,
358 585 98 20 beträder
479 586 80 19 dennes
582 585 92 26 område,
694 586 71 20 derom
788 586 56 22 föryt
866 586 89 24 anmäla,

205 619 40 20 och
266 619 44 19 ifall
330 619 66 20 skada
416 620 64 19 sedan
503 620 55 25 sker,
577 619 88 26 erbjuda
687 620 32 26 sig
739 622 30 17 att
789 620 6 19 i
816 619 138 20 föreskrifven

205 653 90 26 ordning
318 653 104 26 godtgöra
444 654 127 25 densamma,
594 654 34 19 vid
648 654 98 26 äfventyr
765 656 30 18 att
815 654 36 20 det
871 653 85 20 flottade

206 687 69 20 virket
300 694 76 14 annars
400 688 71 20 kunde
493 688 32 19 för
547 687 213 28 skadeersättningen
785 688 99 26 beläggas
907 687 47 19 med

205 722 105 26 qvarstad.
934 744 2 2 ,

274 756 110 26 Betydligt
405 756 113 20 afvikande
541 756 91 20 derifrän
657 758 23 17 är
703 756 35 20 det
760 756 66 20 andra
849 756 106 26 förslaget,

206 790 82 20 hvilket
310 790 114 26 uppställer
447 790 67 20 såsom
531 796 25 14 en
578 790 151 20 dominerande
751 791 156 26 grundprincip,
927 793 29 17 att

205 825 48 25 alla,
273 824 73 20 hvilka
362 824 107 26 samtidigt
489 824 66 20 önska
578 824 109 20 fortskaffa
710 825 129 27 skogsalster
859 825 6 19 i
886 824 68 27 någon

206 858 89 26 flottled,
317 861 36 17 äro
377 858 116 20 förbundna
511 861 30 17 att
557 858 31 20 för
608 859 120 20 ändamålet
751 860 49 26 ingå
823 860 63 26 bolag
909 860 45 19 med

207 893 123 19 hvarandra.
360 893 78 26 Hvarje
459 892 56 27 gång
533 899 26 13 en
579 892 64 20 sådan
659 893 98 26 förening
773 893 101 26 bildades,
892 893 63 20 borde

207 933 29 20 ny
253 927 159 26 undersökning
427 927 38 20 ske
481 927 39 20 och
536 929 46 24 nytt
598 927 93 20 tillstånd
704 927 104 26 utverkas,
820 934 47 13 men
879 927 26 20 då
915 927 39 20 frå-

207 968 27 20 ga
250 961 74 20 endast
347 967 49 14 vore
419 967 33 14 om
476 967 42 20 nya
539 961 147 20 intressenters
705 962 82 19 inträde
803 963 5 18 i
825 962 130 27 föreningen,

207 995 68 20 skulle
291 997 29 18 ett
336 997 64 18 annat
415 995 134 20 föreskrifvet
565 995 118 20 förfarande
698 995 105 27 iakttagas
817 996 40 20 och
873 996 26 20 de
915 1003 41 20 nya

207 1029 127 26 delegarene
358 1029 137 20 underkastas
519 1029 94 26 bolagets
635 1036 159 20 gemensamma
816 1031 39 19 och
875 1030 80 27 årligen

208 1063 125 20 reviderade
349 1063 136 26 reglemente.
515 1063 48 20 Alla
579 1063 30 20 för
626 1063 125 27 flottningen
775 1064 78 27 nödiga
877 1064 77 27 bygna-

207 1097 37 20 der
268 1097 40 20 och
333 1098 140 26 inrättningar
498 1097 64 20 borde
588 1097 46 20 med
660 1104 156 20 gemensamma
844 1099 112 26 tillgångar

206 1131 158 20 åstadkommas
385 1131 38 20 och
443 1131 139 20 underhållas.
612 1131 134 21 Beträffande
766 1133 144 26 ersättvingen
926 1133 30 19 till

207 1165 160 21 vederbörande
384 1166 113 25 jordegare
507 1159 36 26 för
561 1165 84 26 möjliga
666 1166 83 26 skador,
770 1167 68 26 hyllar
857 1167 100 25 förslaget

207 1200 42 20 den
264 1200 111 26 grundsats
390 1202 30 17 att
435 1200 111 26 samteliga
561 1200 99 26 delegare
677 1200 65 20 borde
758 1207 49 13 vara
823 1201 82 19 derföre
921 1208 35 19 ge-

208 1236 105 17 mensamt
335 1234 112 26 ansvariga
462 1234 6 19 i
484 1234 131 20 förhållande
634 1234 31 19 till
688 1235 40 19 den
750 1235 147 26 virkesmassa,
913 1242 43 13 som

208 1267 26 20 de
250 1267 31 20 till
298 1267 97 27 flottning
410 1268 85 19 anmält.
525 1269 32 19 Då
573 1269 100 26 förslaget
688 1269 87 20 sålunda
791 1269 48 20 sökt
854 1269 103 27 betrygga

205 1302 140 26 jordegarens
365 1302 98 26 anspråk,
485 1303 36 19 har
541 1303 35 19 det
591 1303 94 20 deremot
700 1303 6 19 i
722 1303 99 20 afseende
837 1303 12 20 å
865 1304 91 25 liqviden

208 1342 34 13 om
258 1336 146 26 ersättningen
428 1336 110 20 framställt
560 1337 80 19 mindre
656 1339 85 24 stränga
756 1337 125 27 fordringar.
911 1338 45 20 Den

208 1375 44 14 som
273 1369 125 20 verkställer
421 1370 97 26 flottning
541 1370 107 21 förbindes
671 1371 93 20 hvarken
781 1373 30 18 att
826 1371 27 26 på
869 1371 87 20 förhand

206 1403 85 20 anmäla
307 1409 32 14 om
356 1403 35 20 det
409 1403 86 21 flottade
517 1405 85 26 godsets
624 1405 135 20 annalkande
782 1405 30 20 till
833 1406 123 26 jordegares

208 1437 87 20 område
311 1437 50 20 eller
376 1439 36 24 att,
428 1438 27 19 då
470 1438 67 20 skada
551 1439 62 26 skett,
629 1441 49 24 taga
696 1440 113 19 initiativet
831 1439 30 20 till
885 1443 71 17 ersätt-

209 1471 90 25 ningens
315 1471 164 27 bestämmande,
495 1475 48 17 utan
559 1473 36 19 det
610 1473 55 26 finge
685 1473 50 20 bero
751 1474 22 19 af
787 1474 48 25 den,
850 1480 45 14 som
911 1475 45 19 ska-
