1070 1786
803 155 33 18 209

120 216 41 19 han
185 215 44 20 lika
253 215 87 26 förmån,
358 215 67 20 såsom
447 222 26 13 nu
493 222 33 13 om
543 222 69 13 annan
632 217 74 19 redare
722 216 61 26 sagdt
799 219 29 23 är,
844 216 27 20 då

120 249 64 26 något
200 249 91 26 anspråk
306 249 47 20 icke
366 252 60 23 göres
443 249 26 26 på
484 249 67 26 grund
563 250 24 19 af
596 250 51 19 hans
658 250 97 20 särskilta
767 250 102 19 vållande.

465 324 10 22 $
493 323 32 19 18.

190 357 30 23 Är
243 362 85 19 redares
350 361 178 27 gäldförbindelse
551 362 110 20 inskränkt
684 363 29 19 till
740 363 69 25 fartyg
831 363 39 20 och

122 395 61 25 frakt,
200 402 50 12 vare
266 395 28 19 all
309 395 54 20 talan
381 396 69 19 derom
467 397 57 18 emot
542 396 91 20 rederiet
651 396 103 25 förfallen,
770 396 43 20 ifall
830 397 40 19 den

121 429 47 19 icke
189 429 79 20 väckes
287 430 56 19 inom
360 430 35 19 två
411 429 29 25 år,
456 430 63 19 sedan
537 430 39 19 den
588 436 54 20 resa,
653 430 118 20 hvarunder
786 430 84 20 fordran

121 463 98 26 uppstått,
236 463 68 20 blifvit
319 464 67 19 slutad
402 464 6 18 i
425 463 54 20 finsk
492 464 69 25 hamn,
573 464 37 19 der
625 464 73 27 slutlig
712 464 92 27 lossning
815 464 54 20 sker.

465 539 10 22 $
493 537 32 19 19.

189 577 57 26 Vilja
264 577 51 20 flere
336 577 137 20 tillsammans
489 579 79 17 utrusta
583 577 77 26 fartyg,
677 577 50 20 böra
743 578 25 19 de
783 579 86 19 skriftli-

121 618 39 19 gen
178 618 55 19 noga
249 611 119 26 uppteckna
384 611 42 20 alla
438 610 112 27 betingade
567 611 69 20 vilkor
652 618 32 13 om
701 612 89 19 enhvars
806 612 62 20 andel

123 645 37 19 och
178 645 88 19 insatser
282 645 6 19 i
305 645 85 25 bolaget
406 644 22 20 sä
444 644 38 20 ock
499 651 34 13 om
553 644 46 20 dess
623 645 127 26 förvaltning
772 646 39 19 och
835 648 35 17 än-

123 678 75 20 damäl.
229 678 29 20 De
276 685 40 20 ega
329 679 79 25 jemväl
432 680 44 18 utse
501 685 26 13 en
550 679 153 20 hufvudredare
727 679 51 20 eller
801 680 68 26 dispo-

123 714 48 18 nent
188 712 31 20 för
235 712 166 26 förvaltningens
418 712 168 20 handhafvande.

467 782 10 22 S
493 780 33 20 20.

191 820 42 20 Der
248 820 19 26 ej
283 826 69 13 annan
374 820 89 26 ordning
482 822 23 17 är
522 826 76 20 genom
621 820 49 20 aftal
695 820 100 26 bestämd,
811 820 60 20 skola

123 854 99 25 delegare
238 854 155 19 sammanträda
409 853 31 19 till
456 853 77 20 allmän
551 853 168 27 bolagsstämma,
735 854 23 20 sä
773 854 43 20 ofta
827 854 43 20 huf-

123 888 131 19 vudredaren
270 888 47 19 dem
333 887 71 20 dertill
420 887 72 20 kallar.
523 888 43 18 Vill
582 888 69 25 nägon
668 888 99 26 delegare
782 888 90 19 klandra

123 921 79 20 dennes
219 921 135 26 förvaltning,
370 927 39 20 ege
429 921 38 19 ock
488 921 39 19 han
544 923 41 17 rätt
600 923 30 17 att
646 921 26 20 de
687 921 67 26 öfriga
769 927 101 14 samman-

123 955 62 26 kalla,
209 961 33 14 om
266 955 168 20 hufvudredaren
457 955 147 26 undandrager
626 955 32 26 sig
681 957 29 17 att
732 955 74 20 sädant
825 955 46 20 full-

123 992 56 23 göra.

192 1023 77 26 Hvarje
285 1023 133 26 personligen
436 1023 51 19 eller
503 1029 76 20 genom
597 1022 77 20 ombud
685 1023 131 20 närvarande
828 1023 43 20 del-

124 1063 62 20 egare
202 1057 91 26 åtnjuter
309 1057 34 19 vid
359 1059 101 17 stämman
477 1058 85 18 rösträtt
580 1057 53 19 efter
648 1057 31 18 sin
695 1057 62 19 andel
772 1057 7 18 i
794 1056 78 26 fartyg.

124 1087 43 24 Äro
183 1094 96 17 rösterna
294 1091 30 19 för
341 1091 122 26 skiljaktiga
479 1091 109 26 meningar
603 1091 51 24 lika,
671 1090 36 20 bör
722 1091 40 19 den
779 1091 92 26 mening,

125 1125 57 20 hvari
200 1125 167 19 hufvudredaren
384 1125 129 25 instämmer,
529 1125 56 25 gälla
604 1124 66 20 säsom
688 1125 92 25 bolagets
796 1124 75 20 beslut.

192 1159 41 19 Vid
258 1160 100 18 stämman
382 1158 53 19 skall
460 1158 114 26 ordentligt
597 1158 104 26 protokoll
725 1158 54 19 föras
797 1157 39 20 och
852 1157 23 20 af

123 1192 131 20 närvarande
270 1192 98 26 delegare
384 1192 163 20 underskrifvas.

467 1262 10 22 $
493 1260 34 19 21.

192 1300 68 19 Hafva
276 1300 99 26 delegare
391 1300 7 19 i
414 1299 133 26 rederibolag
563 1299 34 19 vid
613 1299 78 19 allmän
706 1301 95 22 stämma,
813 1299 59 19 hvar-

125 1334 30 19 tili
173 1334 88 26 behörig
277 1334 89 19 kallelse
383 1334 47 19 dem
448 1333 41 20 alla
504 1333 63 26 ägätt,
587 1333 85 19 beslutit
686 1334 30 17 att
731 1332 32 19 för
779 1332 94 26 bolagets

125 1368 87 19 afsedda
237 1368 97 19 ändamäl
357 1367 102 20 utskrifva
479 1373 42 20 nya
536 1367 92 26 afgifter,
644 1367 70 26 äligge
730 1365 34 20 det
780 1372 26 13 en
823 1366 50 19 hvar

124 1402 23 19 af
160 1402 47 19 dem
224 1403 31 18 att
274 1402 31 19 sin
325 1401 63 20 andel
408 1401 44 20 deri
472 1401 27 26 pä
517 1402 64 18 utsatt
600 1400 29 20 tid
648 1400 99 20 inbetala.
776 1400 97 19 Försum-

125 1442 45 13 mas
186 1436 57 19 detta
258 1435 23 20 af
295 1435 67 26 nägon
380 1435 105 26 delegare,
501 1435 61 19 hafve
579 1435 26 19 de
620 1434 66 26 öfrige
702 1433 59 20 makt
775 1435 30 18 att
817 1434 56 19 med-

127 1472 33 17 len
173 1469 103 25 förskjuta
286 1469 50 20 eller
348 1469 97 25 uppläna,
456 1469 39 19 och
511 1469 57 24 njute
584 1468 184 26 fordringsegaren
785 1467 31 20 för
832 1468 40 19 för-

784 1500 22 16 14
