1070 1786
836 139 11 17 7

131 199 95 27 vägande
251 199 98 27 beloppet
368 200 24 20 af
408 200 40 20 den
464 200 61 27 afgift
541 200 87 20 hvilken
644 200 71 21 derför
730 201 38 21 bör
783 203 97 27 erläggas

130 233 30 20 till
177 233 47 26 den,
241 240 43 13 som
301 233 107 21 flottleden
425 234 93 20 inrättat.

198 267 68 20 Sedan
288 267 180 21 tillstädeskomne
483 268 103 26 sakegare
603 268 69 20 blifvit
687 269 72 26 hörde,
775 269 53 21 skall
843 271 35 20 Di-

130 302 197 26 striktsingeniören
351 302 27 25 på
400 302 70 20 stället
485 302 6 20 i
508 302 89 20 ärendet
618 302 80 27 afgifva
719 304 98 25 yttrande
840 305 40 19 och

131 336 77 26 förslag
232 336 38 20 och
292 336 96 20 meddela
408 336 46 20 dem
476 336 116 20 innehållet
607 336 62 20 deraf
682 339 60 24 samt,
758 338 5 19 i
779 338 100 21 händelse

130 370 164 26 anmärkningar
309 370 94 21 deremot
418 371 24 20 af
455 371 69 27 någon
540 370 104 27 sakegare
660 370 129 28 framställas,
806 372 71 20 härom

130 406 51 24 göra
203 404 129 27 anteckning
356 405 28 19 uti
407 405 153 25 instrumentet,
583 404 83 20 hvilket
687 405 91 21 derefter
800 406 23 20 af
843 407 35 20 Di-

130 438 196 26 striktsingeniören
343 441 48 18 utan
408 439 97 27 dröjsmål
523 438 31 20 till
570 438 138 21 Guvernören
723 440 106 20 insändes.

485 503 10 22 S
511 502 18 19 5.

198 540 58 20 Efter
279 540 35 20 det
335 541 201 26 syneinstrumentet
556 540 32 20 till
609 540 136 21 Guvernören
761 542 118 27 inkommit,

131 574 37 20 bör
191 574 145 26 Guvernören,
358 581 34 14 om
413 575 93 20 tillständ
526 575 31 20 till
574 574 120 21 flottledens
708 575 119 22 inrättande
843 583 35 14 an-

131 608 58 20 sökts
206 608 24 20 af
243 608 81 20 enskild
340 615 84 20 person,
440 608 91 20 tillhälla
545 608 77 20 honom
639 610 35 24 att,
691 608 36 20 der
743 609 74 21 sådant
831 610 48 21 icke

131 642 65 20 redan
216 642 62 26 skett,
294 643 61 19 ställa
370 642 98 28 godkänd
485 642 99 21 säkerhet
600 642 31 20 för
646 642 26 20 de
688 644 140 26 ersättningar
843 645 35 20 ho-

132 682 48 14 nom
203 676 71 20 kunna
297 676 107 20 ädömmas
426 677 32 19 för
478 676 77 21 skador
575 676 38 20 och
635 676 104 27 förluster,
755 684 44 13 som
815 678 65 20 vällas

132 710 61 20 deraf
205 712 31 18 att
250 710 26 20 de
292 710 215 28 flottningsanstalter,
523 710 83 20 hvilkas
620 710 110 20 underhåll
741 711 76 21 honom
828 712 53 27 älig-

131 751 44 20 ger,
191 744 49 20 icke
255 747 36 17 ärv
306 745 7 19 i
328 744 177 27 ändamålsenligt
519 744 68 20 skick.
617 744 76 20 Ställes
709 745 58 27 dylik
783 746 99 20 säkerhet

131 779 57 19 inom
204 778 40 20 den
256 779 30 19 tid
298 778 136 21 Guvernören
446 778 143 26 föreskrifver,
601 785 50 20 eger
660 778 143 28 Guvernören,
811 780 72 21 derest

133 812 163 27 anmärkningar
315 815 56 18 emot
390 812 236 28 Distriktsingeniörens
645 813 76 26 förslag
736 813 69 21 blifvit
820 814 61 20 fram-

132 847 76 20 ställda
227 847 51 19 eller
298 846 137 21 Guvernören
454 847 61 27 eljest
530 847 68 19 finner
613 847 115 27 anledning
744 848 68 20 dertill
828 848 53 20 före-

133 880 90 26 komma,
239 881 93 20 infordra
348 881 169 20 vederbörandes
532 881 117 26 förklaring
664 881 7 19 i
686 881 76 26 saken;
778 882 51 19 derå
839 882 42 20 Gu-

133 917 110 23 vernören,
259 915 65 20 sedan
340 915 162 26 Kronofogdens
517 915 52 19 eller
584 915 147 26 Magistratens
746 915 7 19 i
768 917 57 18 orten
842 917 39 26 ytt-

133 949 65 20 rande
214 949 46 26 och,
276 949 7 19 i
299 949 101 20 händelse
416 949 132 26 betydligare
564 948 52 20 fiske
631 949 7 19 i
654 949 147 26 vattendraget
814 949 68 26 idkas,

131 983 79 26 jemväl
226 983 150 26 Inspektörens
392 983 30 20 för
438 983 122 19 fiskerierne
577 982 106 20 utlåtande
694 983 118 26 inhemtats,
825 984 57 20 med-

133 1017 59 20 delar
212 1017 74 26 utslag,
306 1017 29 19 uti
355 1017 87 26 hvilket,
457 1016 24 20 sä
496 1016 63 20 framt
574 1016 91 20 flottleds
681 1017 118 20 inrättande
814 1017 6 20 i
838 1020 43 17 vat-

132 1051 112 26 tendraget
266 1051 88 25 bifalles,
378 1051 60 20 skola
460 1053 102 24 upptagas
583 1057 123 20 noggranna
726 1050 156 27 bestämningar

133 1085 110 26 angäende
259 1085 174 20 beskaffenheten
450 1084 21 20 af
485 1085 26 19 de
527 1084 107 26 anstalter,
648 1090 44 14 som
704 1084 52 20 böra
765 1084 32 20 för
807 1085 75 20 sädant

133 1118 98 20 ändamä!
254 1119 93 25 inrättas,
371 1119 57 19 tiden
451 1119 57 19 inom
529 1117 86 24 hvilken
635 1118 107 20 desamma
757 1118 59 20 skola
832 1125 51 14 vara

134 1152 119 20 fulländade
274 1153 39 19 och
333 1152 55 20 hvad
409 1152 33 20 vid
460 1152 61 20 deras
537 1151 195 20 vidmakthällande
748 1155 22 16 är
784 1154 31 18 att
829 1152 54 20 iakt-

135 1189 55 23 taga,
213 1186 25 20 de
262 1187 53 19 tider
338 1186 22 20 af
382 1186 46 20 året
450 1186 38 20 och
509 1186 25 19 de
555 1186 68 26 öfriga
639 1185 74 25 vilkor,
730 1185 66 20 under
811 1186 73 20 hvilka

135 1220 123 27 flottningen
281 1220 30 20 fär
331 1220 130 26 verkställas,
481 1222 54 18 samt
550 1219 99 27 beloppet
664 1219 22 20 af
699 1219 40 20 den
755 1220 67 27 afgift,
838 1226 45 14 som

133 1255 30 19 till
186 1255 129 26 anläggaren
340 1255 36 20 bör
398 1254 73 27 gäldas
491 1254 22 20 af
531 1254 54 26 dem,
602 1251 72 22 hvilka
690 1254 146 27 vattendraget
851 1254 31 20 till

134 1289 80 20 flottled
238 1289 104 26 begagna,
362 1289 40 20 och
422 1289 40 20 den
483 1288 38 26 tid,
537 1288 66 20 under
618 1287 85 21 hvilken
719 1288 41 20 slik
775 1288 62 27 afgift
852 1288 31 20 får

137 1323 109 27 uppbäras.

250 1362 2 2 i
489 1353 10 22 S
515 1351 19 20 6.

202 1390 88 27 Styrker
313 1390 47 26 den,
384 1397 44 13 som
452 1390 91 21 ansöker
567 1397 33 14 om
620 1390 92 20 tillständ
732 1390 30 20 till
779 1390 105 27 flottning,

134 1425 46 20 med
200 1425 59 20 bevis
278 1424 24 20 af
318 1424 156 27 kronobetjent,
485 1424 57 20 -eller
558 1425 115 26 Magistrat,
689 1424 52 21 eller
755 1424 23 20 af
791 1425 34 19 tvä
841 1426 42 19 tro-

134 1459 86 26 värdige
239 1461 55 23 män,
312 1460 30 18 att
357 1459 73 19 endast
445 1458 64 27 något
525 1459 80 20 mindre
621 1458 121 27 betydande
760 1459 123 20 vattenverk
