1070 1786
807 150 33 18 355

123 212 81 20 afstånd
227 211 45 20 från
295 211 51 19 stad.
383 210 29 20 På
429 205 76 30 Åland,
521 209 84 20 hvarest
627 215 25 14 en
674 209 81 27 ganska
774 211 95 27 betydlig

122 246 73 27 sjöfart
209 245 67 26 idkas,
293 245 67 20 skulle
383 244 31 20 till
430 243 98 26 exempel
544 243 39 20 den
605 243 23 20 af
641 243 101 20 utskottet
757 245 111 20 förordade

123 282 58 18 orten
198 280 32 19 för
245 279 79 26 fartygs
342 278 128 26 inskrifning
487 277 56 20 vålla
561 283 24 14 en
601 283 47 14 resa
664 277 43 20 från
727 279 24 19 15
767 279 55 20 ända
837 280 30 19 till

124 314 26 19 20
167 313 34 19 mil
218 313 31 19 till
265 314 103 18 närmaste
384 312 46 20 stad
447 305 54 26 Åbo.
531 311 62 20 Utom
609 311 25 19 de
651 311 136 26 olägenheter
803 319 25 13 en
845 313 22 19 så

123 347 49 26 lång
188 347 39 19 och
244 346 90 20 kostsam
355 352 53 19 resa,
424 346 63 19 oftast
510 345 65 19 under
599 352 25 12 en
641 346 81 25 ganska
738 346 77 26 dyrbar
831 348 36 25 tid,

123 381 84 19 komme
222 382 31 18 att
268 380 94 20 medföra
376 380 42 19 kan
435 379 34 19 det
493 379 101 26 derjemte
617 379 43 20 ofta
680 380 70 20 hända
765 383 30 17 att
810 381 57 20 skär-

125 416 59 24 boen,
200 414 31 20 till
248 414 50 26 följd
315 414 22 19 af
358 413 101 25 menföre,
475 412 48 20 icke
546 412 40 20 kan
610 412 70 27 slippa
700 414 30 19 till
747 414 73 21 staden
837 416 31 19 för

125 451 29 18 att
171 449 41 19 låta
227 448 101 20 inskrifva
344 448 35 19 sitt
395 448 76 26 fartyg.

191 483 47 19 Man
255 482 37 19 har
307 483 55 18 emot
378 482 58 19 detta
451 481 78 26 förslag
544 482 7 18 i
567 481 101 20 utskottet
678 482 97 20 anmärkt
790 485 30 18 att
833 490 33 14 om

125 517 107 25 fartygens
255 515 126 26 inskrifning
402 515 67 20 skulle
493 515 92 26 splittras
608 515 27 26 på
656 516 23 18 så
695 516 75 26 många
785 518 74 20 ställen

124 550 68 20 skulle
206 550 81 19 landets
303 549 166 26 skeppsregister
487 549 66 20 blifva
572 549 43 20 helt
630 549 38 20 och
685 550 64 20 hållet
764 551 105 21 förfeladt.

125 584 124 20 Grunderna
264 583 31 19 till
310 583 60 19 dessa
393 583 97 25 farhågor
513 583 41 19 kan
568 584 37 25 jag
621 583 47 20 icke
684 584 73 26 riktigt
772 586 58 25 fatta,
847 589 21 23 ty

125 618 79 20 likaväl
222 624 43 13 som
286 616 158 21 vederbörande
466 617 108 25 magistrat
596 617 38 19 och
651 618 130 25 sjömanshus
798 619 72 21 kunna

125 652 30 20 till
173 652 87 26 behörig
276 650 124 26 myndighet
414 650 89 20 insända
519 650 121 26 fullständig
664 651 132 27 förteckning
811 654 59 19 öfver

125 687 57 19 inom
205 686 61 19 deras
289 684 85 20 område
398 684 109 26 befintliga
529 684 76 26 fartyg,
622 684 63 20 borde
705 686 32 19 väl
758 686 111 28 kronofog-

127 720 65 20 darne
207 720 51 19 hvar
274 719 6 19 i
296 719 34 19 sitt
346 718 62 20 härad
426 718 23 20 af
461 718 159 20 vederbörande
639 718 162 22 kronolänsmän
818 721 51 20 kun-

127 760 27 13 na
169 754 65 19 samla
249 752 105 26 uppgifter
369 752 59 20 öfver
447 752 25 20 de
488 752 77 26 fartyg,
581 759 43 13 som
648 753 56 20 inom
720 754 87 21 häradet
824 756 45 19 blif-

127 788 29 18 vit
173 786 103 20 inskrifna
299 786 37 19 och
360 792 26 13 en
410 785 133 27 förteckning
566 786 58 20 öfver
647 786 107 21 desamma
768 792 101 23 uppgöra,

127 823 48 18 utan
192 823 29 17 att
236 820 66 26 några
317 820 43 19 skäl
380 820 114 19 förefinnas
517 820 30 18 till
564 820 39 20 den
620 820 106 20 förmodan
743 824 30 18 att
788 824 81 26 uppgif-

127 858 58 17 terne
202 854 87 20 sålunda
304 853 68 20 blefve
389 854 81 19 mindre
493 854 139 26 tillförlitliga.
670 854 29 20 Pä
713 855 61 20 dessa
789 857 40 19 och
845 857 25 20 de

127 890 6 18 i
149 888 101 20 utskottet
273 888 134 19 härförinnan
431 888 92 19 uttalade
546 888 53 23 skäl,
614 888 40 19 kan
672 889 36 26 jag
726 889 81 20 således
823 890 48 20 icke

127 924 64 18 annat
206 925 26 16 än
248 921 27 26 på
290 921 34 20 det
340 921 140 20 bestämdaste
496 923 117 24 protestera
623 925 56 16 emot
695 923 176 21 landtmannafar-

129 959 47 24 tygs
192 956 125 25 inskrifning
333 955 37 20 hos
385 955 136 26 Magistraten
538 956 7 19 i
561 958 103 17 närmaste
681 957 52 19 stad.

196 989 76 20 Likaså
287 989 40 20 kan
342 990 36 29 jag
394 989 48 20 icke
457 989 31 19 till
509 989 42 20 alla
566 989 57 20 delar
638 990 113 26 godkänna
766 992 26 20 de
808 993 6 19 i
830 993 41 19 för-

129 1025 77 26 slagöts
223 1024 22 19 31
265 1026 9 21 $
290 1023 82 20 införda
389 1023 185 26 bestämningarne
585 1030 33 13 om
635 1024 116 21 öfverbefäl
767 1025 26 26 pä
808 1026 63 20 finskt

129 1059 76 25 fartyg.
236 1058 9 19 I
261 1057 68 20 denna
344 1059 9 22 $
370 1057 115 26 medgifves
501 1057 34 19 väl
552 1059 29 18 att
597 1057 115 20 öfverbefäl
729 1059 27 26 pä
771 1060 100 26 segelfar-

129 1095 43 23 tyg,
189 1091 72 20 hvilka
276 1091 106 26 begagnas
399 1091 29 19 till
447 1091 88 19 kustfart
551 1091 56 20 inom
626 1091 72 20 landet
712 1092 51 20 eller
779 1093 29 20 till
825 1100 46 21 seg-

129 1126 63 19 lation
209 1125 13 20 &
236 1124 65 27 ryska
322 1125 86 20 hamnar
428 1125 34 19 vid
479 1125 68 19 finska
570 1125 70 25 viken,
656 1121 107 31 Östersjön
780 1127 39 20 och
835 1128 37 20 La-

129 1160 55 26 doga
199 1162 53 17 samt
268 1159 30 20 till
315 1159 91 20 svenska
425 1159 86 20 hamnar
534 1159 34 20 vid
584 1159 110 20 Bottniska
710 1160 62 20 viken
789 1162 38 19 och
845 1156 27 25 Ä-

129 1194 59 20 lands
204 1194 38 19 haf
256 1194 106 19 äfvensom
379 1193 30 19 till
426 1192 130 26 Stockholm,
568 1193 30 19 får
613 1193 103 20 anförtros
731 1194 22 20 åt
766 1201 107 21 personer,

130 1228 72 20 hvilka
217 1227 47 20 icke
279 1226 111 27 undergått
406 1227 127 20 föreskrifna
548 1226 159 27 kunskapsprof.
738 1228 61 20 Detta
816 1230 57 19 med-

130 1262 98 27 gifvande
252 1261 63 20 borde
337 1261 67 26 enligt
428 1261 40 19 min
485 1261 64 19 tanke
573 1261 116 20 utsträckas
709 1262 30 19 till
756 1263 40 19 alla
812 1263 62 26 tyska

129 1297 38 19 och
183 1295 81 20 danska
279 1295 86 20 hamnar
384 1295 57 20 inom
458 1291 107 30 Östersjön
582 1295 38 20 och
637 1294 105 21 Belterna.
776 1296 45 20 Den
839 1297 34 20 be-

130 1329 123 26 fälhafvare,
269 1335 43 14 som
329 1329 40 20 kan
391 1329 101 26 navigera
514 1331 30 18 ett
559 1329 69 26 fartyg
644 1329 6 19 i
666 1329 78 20 Finska
762 1330 38 19 och
816 1331 57 19 Bott-

131 1363 60 20 niska
213 1363 94 25 vikarne,
323 1363 39 20 kan
386 1363 119 26 säkerligen
530 1363 45 20 med
597 1369 80 14 samma
699 1363 110 27 framgång
823 1367 51 23 göra

130 1398 35 19 det
187 1398 56 19 inom
266 1397 49 20 hela
330 1394 115 29 Östersjön,
461 1397 85 20 hvarest
568 1397 98 26 sjöfarten
690 1400 23 17 är
731 1398 48 19 vida
796 1401 78 24 vägnar

130 1433 75 18 lättare
228 1434 25 17 än
276 1431 6 19 i
299 1431 143 20 förstnämnde
465 1432 110 19 farvatten.
611 1431 41 26 Jag
671 1431 41 20 kan
728 1431 82 20 derföre
826 1432 49 20 icke

130 1466 58 19 finna
204 1464 72 20 hvilka
300 1465 63 20 vådor
378 1471 44 14 som
446 1472 49 13 vore
519 1465 99 20 förenade
635 1465 85 20 dermed
736 1467 29 18 att
780 1466 93 19 oexami-
