1070 1786
807 136 33 17 441

123 198 63 27 gång,
206 197 125 21 ordförande
351 203 38 14 sex
405 197 39 20 och
464 197 47 20 vice
526 197 127 20 ordförande
668 197 52 20 eller
735 198 94 20 ledamot
843 200 32 19 tre

125 233 65 25 mark,
207 239 47 12 men
270 231 86 20 dubbelt
371 231 23 20 så
411 231 92 27 mycket,
520 232 37 19 der
573 232 153 21 sammanträde
743 232 31 20 för
789 232 26 20 de
828 235 45 17 när-

125 266 103 20 varandes
244 265 108 28 fåtalighet
368 265 66 20 måste
450 266 101 19 inställas.

469 330 10 22 s
496 328 34 20 38.

194 368 146 30 Magistratens
362 368 127 20 ordförande
509 368 59 26 eller,
589 367 44 21 ifall
653 368 74 20 hinder
746 368 32 20 för
797 368 76 20 honom

126 402 91 27 uppstår,
228 402 41 20 den
285 402 22 20 af
320 402 150 26 ledamöterne,
487 408 44 14 som
542 402 136 26 Magistraten
695 402 69 20 dertill
780 404 62 24 utser,
853 405 23 17 är

127 437 75 26 pligtig
220 438 30 18 att
270 436 34 20 vid
322 436 202 26 stadsfullmäktiges
545 436 154 20 sammanträde
720 437 156 20 tillstädesvara

127 471 38 20 och
177 471 37 20 har
225 472 41 18 rätt
276 471 45 20 att
316 466 12 36 i
336 470 198 28 öfverläggningen,
552 477 47 13 men
615 470 48 20 icke
678 471 6 19 i
701 470 68 21 beslut
784 471 91 27 deltaga.

470 535 10 22 S
497 534 33 19 39.

195 574 69 20 Sedan
275 573 164 27 öfverläggning
450 574 6 19 i
467 573 73 27 hvarje
555 573 59 27 fråga
630 573 101 27 afslutats,
742 574 71 19 tillhör
829 574 47 20 ord-

127 608 101 20 föranden
240 609 30 19 att
280 608 31 20 för
322 607 193 27 stadsfullmäktige
530 607 116 20 framställa
660 608 137 26 proposition,
809 607 23 20 så
845 608 30 20 af-

128 642 72 26 fattad,
219 644 30 18 att
267 642 39 20 den
327 642 33 20 må
379 642 71 20 kunna
469 642 47 20 med
533 642 22 26 ja
572 642 52 20 eller
639 642 33 26 nej
688 642 105 20 besvaras.
823 642 52 20 Ord-

128 676 87 20 förande
232 676 56 26 gifve
302 676 91 20 derefter
409 676 104 20 tillkänna
527 676 52 20 huru
595 676 66 26 enligt
676 676 51 20 hans
743 676 134 26 uppfattning

130 710 89 21 beslutet
229 710 76 20 utfallit
320 710 40 20 och
375 710 81 20 befäste
473 710 122 26 detsamma,
607 710 37 20 der
660 711 18 25 ej
694 712 131 24 omröstning
841 710 35 20 be-

128 748 67 24 gäres,
209 744 47 20 med
269 744 115 27 klubbslag.
407 741 69 23 Äskas
491 745 137 26 omröstning,
645 744 123 20 verkställes
784 744 40 20 den
840 747 36 24 öp-

128 782 42 23 pet,
184 774 55 25 utom
256 779 33 19 vid
305 779 40 19 val.
373 779 102 20 Rösterna
495 779 89 26 afgifvas
600 779 53 20 efter
667 785 88 20 upprop,
771 779 38 20 och
827 785 50 20 eger

128 814 72 25 hvarje
216 812 175 27 stadsfullmäktig
407 819 26 14 en
449 815 49 19 röst.
529 813 111 27 Utgängen
658 814 124 19 bestämmes
798 819 77 21 genom

128 847 64 20 enkel
212 847 153 26 röstpluralitet.
395 846 79 21 Utfalla
489 847 35 20 vid
541 850 68 23 öppen
630 847 132 27 omröstning
782 849 96 18 rösterna

128 882 32 19 för
180 881 58 20 olika
255 881 109 26 meningar
380 881 50 26 lika,
450 881 55 26 gälle
525 881 40 20 den
585 881 85 26 mening
688 881 140 20 ordföranden
847 881 30 20 bi-

128 915 76 20 träder.
234 915 99 20 Deremot
350 915 127 20 bestämmes
491 921 76 20 genom
584 915 89 26 lottning
684 915 114 20 företrädet
813 915 64 20 emel-

130 950 33 19 lan
180 949 54 26 dem,
248 955 44 14 som
308 949 34 20 vid
358 949 34 20 val
408 949 85 20 erhållit
507 949 44 20 lika
567 949 56 20 antal
638 951 73 18 röster.

467 1013 10 22 5
494 1011 34 20 40.

197 1052 40 20 Vid
260 1051 201 27 stadsfullmäktiges
482 1051 169 20 sammanträden
673 1051 55 20 föres
749 1051 130 27 protokollet

129 1088 39 19 och
179 1087 128 26 ombesörjes
318 1086 150 26 expeditionen
481 1085 23 20 af
515 1085 140 20 ordföranden
670 1086 58 25 eller,
744 1086 65 20 under
825 1087 53 19 hans

129 1122 79 26 tillsyn,
223 1121 23 20 af
260 1121 39 20 den
315 1127 83 20 person,
413 1127 43 13 som
472 1119 134 27 fullmäktige
621 1119 71 20 dertill
707 1122 69 18 utsett.
806 1120 72 20 Proto-

129 1155 67 20 kollet
210 1155 54 20 skall
279 1155 98 25 antingen
390 1156 73 25 genast
475 1154 52 20 eller
541 1154 34 20 vid
591 1154 141 27 fullmäktiges
749 1156 59 18 nästa
823 1161 54 13 sam-

130 1189 108 20 manträde
251 1189 96 25 justeras.
377 1188 60 20 Dock
449 1189 72 19 kunna
532 1188 132 26 fullmäktige
675 1188 109 26 uppdraga
799 1188 22 19 ät
831 1188 46 19 ord-

129 1223 103 20 föranden
250 1223 40 20 och
305 1223 62 20 minst
386 1222 34 21 tvä
436 1222 117 21 ledamöter
572 1224 30 18 att
618 1222 131 27 justeringen
765 1221 115 21 verkställa

129 1257 13 20 &
156 1263 70 14 annan
237 1257 48 26 dag,
296 1263 43 14 som
356 1257 69 20 dertill
441 1257 22 20 af
477 1257 133 26 fullmäktige
627 1257 150 26 bestämmes,
770 1252 12 36 i
793 1256 86 20 hvilken

129 1291 101 20 händelse
246 1291 35 20 det
294 1291 106 26 justerade
412 1291 127 26 protokollet
559 1291 36 20 bör
614 1291 53 20 efter
683 1291 72 20 derom
775 1291 106 20 utfärdadt

129 1325 73 26 anslag
222 1325 34 20 vid
275 1325 143 26 fiilmäktiges
438 1325 141 26 nästföljande
603 1325 154 20 sammanträde
781 1325 100 28 uppläsas

129 1360 30 20 till
176 1359 26 20 de
222 1359 77 26 öfriges
314 1359 128 20 kännedom.

475 1424 10 22 $
502 1423 33 19 41.

198 1462 52 25 Den,
266 1467 44 14 som
323 1461 6 20 i
341 1461 115 26 afgörande
471 1461 23 20 af
508 1463 30 18 ett
553 1462 38 20 hos
606 1462 191 27 stadsfullmäktige
812 1463 66 21 hand-
