<?xml version="1.0" encoding="UTF-8"?>
<alto xmlns="http://www.loc.gov/standards/alto/ns-v3#" xmlns:xlink="http://www.w3.org/1999/xlink" xmlns:xsi="http://www.w3.org/2001/XMLSchema-instance" xsi:schemaLocation="http://www.loc.gov/standards/alto/ns-v3# http://www.loc.gov/alto/v3/alto-3-0.xsd">
	<Description>
		<MeasurementUnit>pixel</MeasurementUnit>
		<sourceImageInformation>
			<fileName>/tmp/tess__zogzj08_input.PNG</fileName>
		</sourceImageInformation>
		<OCRProcessing ID="OCR_0">
			<ocrProcessingStep>
				<processingSoftware>
					<softwareName>tesseract 5.3.4</softwareName>
				</processingSoftware>
			</ocrProcessingStep>
		</OCRProcessing>
	</Description>
	<Layout>
		<Page WIDTH="1070" HEIGHT="1786" PHYSICAL_IMG_NR="0" ID="page_0">
			<PrintSpace HPOS="0" VPOS="0" WIDTH="1070" HEIGHT="1786">
				<GraphicalElement ID="cblock_0" HPOS="12" VPOS="1285" WIDTH="16" HEIGHT="461"></GraphicalElement >
				<ComposedBlock ID="cblock_1" HPOS="201" VPOS="143" WIDTH="35" HEIGHT="18">
					<TextBlock ID="block_0" HPOS="201" VPOS="143" WIDTH="35" HEIGHT="18">
						<TextLine ID="line_0" HPOS="201" VPOS="143" WIDTH="35" HEIGHT="18">
							<String ID="string_0" HPOS="201" VPOS="143" WIDTH="35" HEIGHT="18" WC="0.96" CONTENT="472"/>
						</TextLine>
					</TextBlock>
				</ComposedBlock>
				<ComposedBlock ID="cblock_2" HPOS="167" VPOS="201" WIDTH="759" HEIGHT="1286">
					<TextBlock ID="block_1" HPOS="167" VPOS="201" WIDTH="754" HEIGHT="471">
						<TextLine ID="line_1" HPOS="167" VPOS="201" WIDTH="751" HEIGHT="27">
							<String ID="string_1" HPOS="167" VPOS="205" WIDTH="130" HEIGHT="20" WC="0.92" CONTENT="husstämma"/><SP WIDTH="14" VPOS="205" HPOS="297"/>
							<String ID="string_2" HPOS="311" VPOS="203" WIDTH="7" HEIGHT="18" WC="0.95" CONTENT="i"/><SP WIDTH="16" VPOS="203" HPOS="318"/>
							<String ID="string_3" HPOS="334" VPOS="202" WIDTH="115" HEIGHT="20" WC="0.93" CONTENT="allmänhet"/><SP WIDTH="20" VPOS="202" HPOS="449"/>
							<String ID="string_4" HPOS="469" VPOS="201" WIDTH="186" HEIGHT="27" WC="0.91" CONTENT="röstberättigades"/><SP WIDTH="23" VPOS="201" HPOS="655"/>
							<String ID="string_5" HPOS="678" VPOS="201" WIDTH="186" HEIGHT="27" WC="0.91" CONTENT="öfverläggningar"/><SP WIDTH="15" VPOS="201" HPOS="864"/>
							<String ID="string_6" HPOS="879" VPOS="201" WIDTH="39" HEIGHT="20" WC="0.96" CONTENT="och"/>
						</TextLine>
						<TextLine ID="line_2" HPOS="168" VPOS="235" WIDTH="749" HEIGHT="28">
							<String ID="string_7" HPOS="168" VPOS="239" WIDTH="70" HEIGHT="20" WC="0.92" CONTENT="beslut"/><SP WIDTH="16" VPOS="239" HPOS="238"/>
							<String ID="string_8" HPOS="254" VPOS="237" WIDTH="130" HEIGHT="26" WC="0.91" CONTENT="undantager"/><SP WIDTH="16" VPOS="237" HPOS="384"/>
							<String ID="string_9" HPOS="400" VPOS="237" WIDTH="26" HEIGHT="20" WC="0.95" CONTENT="de"/><SP WIDTH="16" VPOS="237" HPOS="426"/>
							<String ID="string_10" HPOS="442" VPOS="236" WIDTH="184" HEIGHT="26" WC="0.96" CONTENT="angelägenheter,"/><SP WIDTH="16" VPOS="236" HPOS="626"/>
							<String ID="string_11" HPOS="642" VPOS="235" WIDTH="74" HEIGHT="20" WC="0.96" CONTENT="hvilka"/><SP WIDTH="14" VPOS="235" HPOS="716"/>
							<String ID="string_12" HPOS="730" VPOS="235" WIDTH="66" HEIGHT="27" WC="0.96" CONTENT="enligt"/><SP WIDTH="11" VPOS="235" HPOS="796"/>
							<String ID="string_13" HPOS="807" VPOS="235" WIDTH="110" HEIGHT="27" WC="0.96" CONTENT="grundlag,"/>
						</TextLine>
						<TextLine ID="line_3" HPOS="168" VPOS="269" WIDTH="753" HEIGHT="33">
							<String ID="string_14" HPOS="168" VPOS="272" WIDTH="123" HEIGHT="27" WC="0.95" CONTENT="privilegier"/><SP WIDTH="20" VPOS="272" HPOS="291"/>
							<String ID="string_15" HPOS="311" VPOS="271" WIDTH="51" HEIGHT="20" WC="0.96" CONTENT="eller"/><SP WIDTH="19" VPOS="271" HPOS="362"/>
							<String ID="string_16" HPOS="381" VPOS="270" WIDTH="104" HEIGHT="32" WC="0.96" CONTENT="särskilda"/><SP WIDTH="19" VPOS="270" HPOS="485"/>
							<String ID="string_17" HPOS="504" VPOS="269" WIDTH="146" HEIGHT="26" WC="0.95" CONTENT="författningar"/><SP WIDTH="20" VPOS="269" HPOS="650"/>
							<String ID="string_18" HPOS="670" VPOS="272" WIDTH="36" HEIGHT="17" WC="0.95" CONTENT="äro"/><SP WIDTH="20" VPOS="272" HPOS="706"/>
							<String ID="string_19" HPOS="726" VPOS="269" WIDTH="57" HEIGHT="20" WC="0.96" CONTENT="vissa"/><SP WIDTH="20" VPOS="269" HPOS="783"/>
							<String ID="string_20" HPOS="803" VPOS="269" WIDTH="80" HEIGHT="20" WC="0.96" CONTENT="klasser"/><SP WIDTH="16" VPOS="269" HPOS="883"/>
							<String ID="string_21" HPOS="899" VPOS="269" WIDTH="22" HEIGHT="20" WC="0.96" CONTENT="af"/>
						</TextLine>
						<TextLine ID="line_4" HPOS="168" VPOS="302" WIDTH="750" HEIGHT="27">
							<String ID="string_22" HPOS="168" VPOS="306" WIDTH="86" HEIGHT="20" WC="0.96" CONTENT="stadens"/><SP WIDTH="16" VPOS="306" HPOS="254"/>
							<String ID="string_23" HPOS="270" VPOS="304" WIDTH="138" HEIGHT="20" WC="0.96" CONTENT="medlemmar"/><SP WIDTH="16" VPOS="304" HPOS="408"/>
							<String ID="string_24" HPOS="424" VPOS="303" WIDTH="136" HEIGHT="26" WC="0.96" CONTENT="förbehållna,"/><SP WIDTH="16" VPOS="303" HPOS="560"/>
							<String ID="string_25" HPOS="576" VPOS="309" WIDTH="50" HEIGHT="13" WC="0.96" CONTENT="vara"/><SP WIDTH="9" VPOS="309" HPOS="626"/>
							<String ID="string_26" HPOS="635" VPOS="302" WIDTH="129" HEIGHT="27" WC="0.93" CONTENT="fullkomligt"/><SP WIDTH="14" VPOS="302" HPOS="764"/>
							<String ID="string_27" HPOS="778" VPOS="303" WIDTH="140" HEIGHT="26" WC="0.92" CONTENT="öfverflödigt."/>
						</TextLine>
						<TextLine ID="line_5" HPOS="168" VPOS="337" WIDTH="750" HEIGHT="27">
							<String ID="string_28" HPOS="168" VPOS="340" WIDTH="94" HEIGHT="20" WC="0.95" CONTENT="Härmed"/><SP WIDTH="10" VPOS="340" HPOS="262"/>
							<String ID="string_29" HPOS="272" VPOS="339" WIDTH="43" HEIGHT="20" WC="0.95" CONTENT="kan"/><SP WIDTH="11" VPOS="339" HPOS="315"/>
							<String ID="string_30" HPOS="326" VPOS="338" WIDTH="67" HEIGHT="26" WC="0.96" CONTENT="enligt"/><SP WIDTH="13" VPOS="338" HPOS="393"/>
							<String ID="string_31" HPOS="406" VPOS="337" WIDTH="111" HEIGHT="20" WC="0.93" CONTENT="utskottets"/><SP WIDTH="16" VPOS="337" HPOS="517"/>
							<String ID="string_32" HPOS="533" VPOS="337" WIDTH="54" HEIGHT="26" WC="0.89" CONTENT="åsigt"/><SP WIDTH="14" VPOS="337" HPOS="587"/>
							<String ID="string_33" HPOS="601" VPOS="337" WIDTH="49" HEIGHT="20" WC="0.96" CONTENT="icke"/><SP WIDTH="16" VPOS="337" HPOS="650"/>
							<String ID="string_34" HPOS="666" VPOS="337" WIDTH="78" HEIGHT="27" WC="0.96" CONTENT="åsyftas"/><SP WIDTH="17" VPOS="337" HPOS="744"/>
							<String ID="string_35" HPOS="761" VPOS="340" WIDTH="64" HEIGHT="17" WC="0.95" CONTENT="annat"/><SP WIDTH="11" VPOS="340" HPOS="825"/>
							<String ID="string_36" HPOS="836" VPOS="340" WIDTH="25" HEIGHT="17" WC="0.95" CONTENT="än"/><SP WIDTH="13" VPOS="340" HPOS="861"/>
							<String ID="string_37" HPOS="874" VPOS="337" WIDTH="44" HEIGHT="20" WC="0.96" CONTENT="dels"/>
						</TextLine>
						<TextLine ID="line_6" HPOS="169" VPOS="371" WIDTH="749" HEIGHT="28">
							<String ID="string_38" HPOS="169" VPOS="372" WIDTH="226" HEIGHT="27" WC="0.90" CONTENT="landtdagsmannaval"/><SP WIDTH="21" VPOS="372" HPOS="395"/>
							<String ID="string_39" HPOS="416" VPOS="372" WIDTH="31" HEIGHT="19" WC="0.96" CONTENT="för"/><SP WIDTH="20" VPOS="372" HPOS="447"/>
							<String ID="string_40" HPOS="467" VPOS="371" WIDTH="98" HEIGHT="20" WC="0.92" CONTENT="städerne"/><SP WIDTH="16" VPOS="371" HPOS="565"/>
							<String ID="string_41" HPOS="581" VPOS="371" WIDTH="39" HEIGHT="19" WC="0.97" CONTENT="och"/><SP WIDTH="17" VPOS="371" HPOS="620"/>
							<String ID="string_42" HPOS="637" VPOS="371" WIDTH="26" HEIGHT="19" WC="0.96" CONTENT="de"/><SP WIDTH="16" VPOS="371" HPOS="663"/>
							<String ID="string_43" HPOS="679" VPOS="371" WIDTH="77" HEIGHT="27" WC="0.96" CONTENT="frågor,"/><SP WIDTH="15" VPOS="371" HPOS="756"/>
							<String ID="string_44" HPOS="771" VPOS="378" WIDTH="45" HEIGHT="13" WC="0.96" CONTENT="som"/><SP WIDTH="17" VPOS="378" HPOS="816"/>
							<String ID="string_45" HPOS="833" VPOS="372" WIDTH="85" HEIGHT="20" WC="0.95" CONTENT="dermed"/>
						</TextLine>
						<TextLine ID="line_7" HPOS="170" VPOS="405" WIDTH="748" HEIGHT="27">
							<String ID="string_46" HPOS="170" VPOS="408" WIDTH="32" HEIGHT="20" WC="0.96" CONTENT="stå"/><SP WIDTH="15" VPOS="408" HPOS="202"/>
							<String ID="string_47" HPOS="217" VPOS="408" WIDTH="7" HEIGHT="19" WC="0.96" CONTENT="i"/><SP WIDTH="16" VPOS="408" HPOS="224"/>
							<String ID="string_48" HPOS="240" VPOS="406" WIDTH="159" HEIGHT="26" WC="0.95" CONTENT="sammanhang,"/><SP WIDTH="20" VPOS="406" HPOS="399"/>
							<String ID="string_49" HPOS="419" VPOS="405" WIDTH="44" HEIGHT="20" WC="0.96" CONTENT="dels"/><SP WIDTH="16" VPOS="405" HPOS="463"/>
							<String ID="string_50" HPOS="479" VPOS="405" WIDTH="99" HEIGHT="26" WC="0.95" CONTENT="möjligen"/><SP WIDTH="17" VPOS="405" HPOS="578"/>
							<String ID="string_51" HPOS="595" VPOS="405" WIDTH="63" HEIGHT="19" WC="0.96" CONTENT="äfven"/><SP WIDTH="16" VPOS="405" HPOS="658"/>
							<String ID="string_52" HPOS="674" VPOS="405" WIDTH="79" HEIGHT="20" WC="0.93" CONTENT="sådana"/><SP WIDTH="14" VPOS="405" HPOS="753"/>
							<String ID="string_53" HPOS="767" VPOS="405" WIDTH="151" HEIGHT="27" WC="0.92" CONTENT="yrkesangelä-"/>
						</TextLine>
						<TextLine ID="line_8" HPOS="170" VPOS="439" WIDTH="749" HEIGHT="29">
							<String ID="string_54" HPOS="170" VPOS="442" WIDTH="110" HEIGHT="26" WC="0.91" CONTENT="genheter,"/><SP WIDTH="18" VPOS="442" HPOS="280"/>
							<String ID="string_55" HPOS="298" VPOS="447" WIDTH="42" HEIGHT="13" WC="0.96" CONTENT="som"/><SP WIDTH="17" VPOS="447" HPOS="340"/>
							<String ID="string_56" HPOS="357" VPOS="440" WIDTH="126" HEIGHT="25" WC="0.96" CONTENT="handlande,"/><SP WIDTH="17" VPOS="440" HPOS="483"/>
							<String ID="string_57" HPOS="500" VPOS="439" WIDTH="161" HEIGHT="27" WC="0.93" CONTENT="näringsidkare"/><SP WIDTH="17" VPOS="439" HPOS="661"/>
							<String ID="string_58" HPOS="678" VPOS="446" WIDTH="25" HEIGHT="13" WC="0.87" CONTENT="m."/><SP WIDTH="17" VPOS="446" HPOS="703"/>
							<String ID="string_59" HPOS="720" VPOS="439" WIDTH="21" HEIGHT="19" WC="0.95" CONTENT="fl."/><SP WIDTH="17" VPOS="439" HPOS="741"/>
							<String ID="string_60" HPOS="758" VPOS="440" WIDTH="62" HEIGHT="20" WC="0.93" CONTENT="hafva"/><SP WIDTH="14" VPOS="440" HPOS="820"/>
							<String ID="string_61" HPOS="834" VPOS="446" WIDTH="85" HEIGHT="20" WC="0.93" CONTENT="gemen-"/>
						</TextLine>
						<TextLine ID="line_9" HPOS="170" VPOS="474" WIDTH="749" HEIGHT="26">
							<String ID="string_62" HPOS="170" VPOS="482" WIDTH="87" HEIGHT="13" WC="0.96" CONTENT="samma."/><SP WIDTH="32" VPOS="482" HPOS="257"/>
							<String ID="string_63" HPOS="289" VPOS="475" WIDTH="47" HEIGHT="19" WC="0.91" CONTENT="Men"/><SP WIDTH="20" VPOS="475" HPOS="336"/>
							<String ID="string_64" HPOS="356" VPOS="474" WIDTH="105" HEIGHT="20" WC="0.91" CONTENT="intetdera"/><SP WIDTH="18" VPOS="474" HPOS="461"/>
							<String ID="string_65" HPOS="479" VPOS="474" WIDTH="68" HEIGHT="26" WC="0.96" CONTENT="slaget"/><SP WIDTH="18" VPOS="474" HPOS="547"/>
							<String ID="string_66" HPOS="565" VPOS="474" WIDTH="22" HEIGHT="19" WC="0.95" CONTENT="af"/><SP WIDTH="20" VPOS="474" HPOS="587"/>
							<String ID="string_67" HPOS="607" VPOS="474" WIDTH="91" HEIGHT="20" WC="0.96" CONTENT="ärenden"/><SP WIDTH="21" VPOS="474" HPOS="698"/>
							<String ID="string_68" HPOS="719" VPOS="476" WIDTH="23" HEIGHT="17" WC="0.96" CONTENT="är"/><SP WIDTH="20" VPOS="476" HPOS="742"/>
							<String ID="string_69" HPOS="762" VPOS="474" WIDTH="23" HEIGHT="19" WC="0.96" CONTENT="af"/><SP WIDTH="13" VPOS="474" HPOS="785"/>
							<String ID="string_70" HPOS="798" VPOS="474" WIDTH="121" HEIGHT="20" WC="0.96" CONTENT="kommunal"/>
						</TextLine>
						<TextLine ID="line_10" HPOS="171" VPOS="507" WIDTH="749" HEIGHT="27">
							<String ID="string_71" HPOS="171" VPOS="511" WIDTH="67" HEIGHT="18" WC="0.94" CONTENT="natur."/><SP WIDTH="30" VPOS="511" HPOS="238"/>
							<String ID="string_72" HPOS="268" VPOS="508" WIDTH="41" HEIGHT="20" WC="0.91" CONTENT="För"/><SP WIDTH="21" VPOS="508" HPOS="309"/>
							<String ID="string_73" HPOS="330" VPOS="508" WIDTH="112" HEIGHT="20" WC="0.91" CONTENT="hvartdera"/><SP WIDTH="15" VPOS="508" HPOS="442"/>
							<String ID="string_74" HPOS="457" VPOS="508" WIDTH="67" HEIGHT="19" WC="0.96" CONTENT="finnas"/><SP WIDTH="11" VPOS="508" HPOS="524"/>
							<String ID="string_75" HPOS="535" VPOS="508" WIDTH="6" HEIGHT="19" WC="0.96" CONTENT="i"/><SP WIDTH="11" VPOS="508" HPOS="541"/>
							<String ID="string_76" HPOS="552" VPOS="508" WIDTH="98" HEIGHT="26" WC="0.93" CONTENT="gällande"/><SP WIDTH="17" VPOS="508" HPOS="650"/>
							<String ID="string_77" HPOS="667" VPOS="507" WIDTH="202" HEIGHT="27" WC="0.92" CONTENT="landtdagsordning"/><SP WIDTH="12" VPOS="507" HPOS="869"/>
							<String ID="string_78" HPOS="881" VPOS="508" WIDTH="39" HEIGHT="19" WC="0.96" CONTENT="och"/>
						</TextLine>
						<TextLine ID="line_11" HPOS="171" VPOS="541" WIDTH="749" HEIGHT="28">
							<String ID="string_79" HPOS="171" VPOS="543" WIDTH="67" HEIGHT="20" WC="0.96" CONTENT="andra"/><SP WIDTH="18" VPOS="543" HPOS="238"/>
							<String ID="string_80" HPOS="256" VPOS="542" WIDTH="147" HEIGHT="27" WC="0.95" CONTENT="författningar"/><SP WIDTH="20" VPOS="542" HPOS="403"/>
							<String ID="string_81" HPOS="423" VPOS="542" WIDTH="108" HEIGHT="19" WC="0.96" CONTENT="bestämda"/><SP WIDTH="20" VPOS="542" HPOS="531"/>
							<String ID="string_82" HPOS="551" VPOS="541" WIDTH="138" HEIGHT="26" WC="0.96" CONTENT="föreskrifter,"/><SP WIDTH="20" VPOS="541" HPOS="689"/>
							<String ID="string_83" HPOS="709" VPOS="548" WIDTH="45" HEIGHT="13" WC="0.96" CONTENT="som"/><SP WIDTH="20" VPOS="548" HPOS="754"/>
							<String ID="string_84" HPOS="774" VPOS="542" WIDTH="49" HEIGHT="19" WC="0.73" CONTENT="icke"/><SP WIDTH="20" VPOS="542" HPOS="823"/>
							<String ID="string_85" HPOS="843" VPOS="548" WIDTH="77" HEIGHT="20" WC="0.96" CONTENT="genom"/>
						</TextLine>
						<TextLine ID="line_12" HPOS="172" VPOS="575" WIDTH="748" HEIGHT="27">
							<String ID="string_86" HPOS="172" VPOS="578" WIDTH="70" HEIGHT="19" WC="0.96" CONTENT="denna"/><SP WIDTH="16" VPOS="578" HPOS="242"/>
							<String ID="string_87" HPOS="258" VPOS="576" WIDTH="123" HEIGHT="26" WC="0.95" CONTENT="förordning"/><SP WIDTH="15" VPOS="576" HPOS="381"/>
							<String ID="string_88" HPOS="396" VPOS="576" WIDTH="43" HEIGHT="19" WC="0.95" CONTENT="lida"/><SP WIDTH="14" VPOS="576" HPOS="439"/>
							<String ID="string_89" HPOS="453" VPOS="575" WIDTH="90" HEIGHT="27" WC="0.96" CONTENT="intrång."/><SP WIDTH="30" VPOS="575" HPOS="543"/>
							<String ID="string_90" HPOS="573" VPOS="575" WIDTH="107" HEIGHT="20" WC="0.95" CONTENT="Utskottet"/><SP WIDTH="16" VPOS="575" HPOS="680"/>
							<String ID="string_91" HPOS="696" VPOS="576" WIDTH="88" HEIGHT="19" WC="0.93" CONTENT="föreslår"/><SP WIDTH="12" VPOS="576" HPOS="784"/>
							<String ID="string_92" HPOS="796" VPOS="576" WIDTH="83" HEIGHT="19" WC="0.91" CONTENT="derföre"/><SP WIDTH="12" VPOS="576" HPOS="879"/>
							<String ID="string_93" HPOS="891" VPOS="578" WIDTH="29" HEIGHT="17" WC="0.96" CONTENT="att"/>
						</TextLine>
						<TextLine ID="line_13" HPOS="174" VPOS="609" WIDTH="747" HEIGHT="28">
							<String ID="string_94" HPOS="174" VPOS="612" WIDTH="10" HEIGHT="19" WC="0.93" CONTENT="1"/><SP WIDTH="13" VPOS="612" HPOS="184"/>
							<String ID="string_95" HPOS="197" VPOS="618" WIDTH="71" HEIGHT="19" WC="0.87" CONTENT="mom.,"/><SP WIDTH="16" VPOS="618" HPOS="268"/>
							<String ID="string_96" HPOS="284" VPOS="610" WIDTH="46" HEIGHT="20" WC="0.96" CONTENT="med"/><SP WIDTH="17" VPOS="610" HPOS="330"/>
							<String ID="string_97" HPOS="347" VPOS="610" WIDTH="131" HEIGHT="20" WC="0.96" CONTENT="uteslutande"/><SP WIDTH="17" VPOS="610" HPOS="478"/>
							<String ID="string_98" HPOS="495" VPOS="610" WIDTH="22" HEIGHT="19" WC="0.96" CONTENT="af"/><SP WIDTH="13" VPOS="610" HPOS="517"/>
							<String ID="string_99" HPOS="530" VPOS="610" WIDTH="57" HEIGHT="19" WC="0.93" CONTENT="detta"/><SP WIDTH="16" VPOS="610" HPOS="587"/>
							<String ID="string_100" HPOS="603" VPOS="610" WIDTH="242" HEIGHT="26" WC="0.91" CONTENT="undantagsstadgande,"/><SP WIDTH="13" VPOS="610" HPOS="845"/>
							<String ID="string_101" HPOS="858" VPOS="609" WIDTH="63" HEIGHT="20" WC="0.96" CONTENT="måtte"/>
						</TextLine>
						<TextLine ID="line_14" HPOS="173" VPOS="645" WIDTH="131" HEIGHT="27">
							<String ID="string_102" HPOS="173" VPOS="645" WIDTH="131" HEIGHT="27" WC="0.96" CONTENT="godkännas."/>
						</TextLine>
					</TextBlock>
					<TextBlock ID="block_2" HPOS="174" VPOS="678" WIDTH="750" HEIGHT="639">
						<TextLine ID="line_15" HPOS="241" VPOS="678" WIDTH="681" HEIGHT="26">
							<String ID="string_103" HPOS="241" VPOS="679" WIDTH="9" HEIGHT="19" WC="0.96" CONTENT="I"/><SP WIDTH="15" VPOS="679" HPOS="250"/>
							<String ID="string_104" HPOS="265" VPOS="680" WIDTH="102" HEIGHT="19" WC="0.96" CONTENT="utskottet"/><SP WIDTH="20" VPOS="680" HPOS="367"/>
							<String ID="string_105" HPOS="387" VPOS="679" WIDTH="37" HEIGHT="19" WC="0.96" CONTENT="har"/><SP WIDTH="16" VPOS="679" HPOS="424"/>
							<String ID="string_106" HPOS="440" VPOS="678" WIDTH="58" HEIGHT="26" WC="0.96" CONTENT="fråga"/><SP WIDTH="15" VPOS="678" HPOS="498"/>
							<String ID="string_107" HPOS="513" VPOS="678" WIDTH="73" HEIGHT="20" WC="0.96" CONTENT="väckts"/><SP WIDTH="17" VPOS="678" HPOS="586"/>
							<String ID="string_108" HPOS="603" VPOS="678" WIDTH="79" HEIGHT="26" WC="0.96" CONTENT="derom,"/><SP WIDTH="22" VPOS="678" HPOS="682"/>
							<String ID="string_109" HPOS="704" VPOS="680" WIDTH="31" HEIGHT="18" WC="0.96" CONTENT="att"/><SP WIDTH="17" VPOS="680" HPOS="735"/>
							<String ID="string_110" HPOS="752" VPOS="679" WIDTH="7" HEIGHT="18" WC="0.96" CONTENT="i"/><SP WIDTH="17" VPOS="679" HPOS="759"/>
							<String ID="string_111" HPOS="776" VPOS="678" WIDTH="25" HEIGHT="20" WC="0.96" CONTENT="de"/><SP WIDTH="17" VPOS="678" HPOS="801"/>
							<String ID="string_112" HPOS="818" VPOS="678" WIDTH="104" HEIGHT="20" WC="0.95" CONTENT="uteslutna"/>
						</TextLine>
						<TextLine ID="line_16" HPOS="174" VPOS="712" WIDTH="747" HEIGHT="26">
							<String ID="string_113" HPOS="174" VPOS="713" WIDTH="119" HEIGHT="20" WC="0.89" CONTENT="slutordens"/><SP WIDTH="20" VPOS="713" HPOS="293"/>
							<String ID="string_114" HPOS="313" VPOS="713" WIDTH="61" HEIGHT="19" WC="0.96" CONTENT="ställe"/><SP WIDTH="18" VPOS="713" HPOS="374"/>
							<String ID="string_115" HPOS="392" VPOS="712" WIDTH="69" HEIGHT="20" WC="0.96" CONTENT="skulle"/><SP WIDTH="14" VPOS="712" HPOS="461"/>
							<String ID="string_116" HPOS="475" VPOS="712" WIDTH="79" HEIGHT="20" WC="0.96" CONTENT="införas"/><SP WIDTH="16" VPOS="712" HPOS="554"/>
							<String ID="string_117" HPOS="570" VPOS="714" WIDTH="29" HEIGHT="18" WC="0.96" CONTENT="ett"/><SP WIDTH="15" VPOS="714" HPOS="599"/>
							<String ID="string_118" HPOS="614" VPOS="712" WIDTH="117" HEIGHT="26" WC="0.95" CONTENT="stadgande"/><SP WIDTH="17" VPOS="712" HPOS="731"/>
							<String ID="string_119" HPOS="748" VPOS="712" WIDTH="45" HEIGHT="20" WC="0.95" CONTENT="med"/><SP WIDTH="17" VPOS="712" HPOS="793"/>
							<String ID="string_120" HPOS="810" VPOS="712" WIDTH="35" HEIGHT="20" WC="0.95" CONTENT="det"/><SP WIDTH="15" VPOS="712" HPOS="845"/>
							<String ID="string_121" HPOS="860" VPOS="712" WIDTH="61" HEIGHT="26" WC="0.96" CONTENT="syfte,"/>
						</TextLine>
						<TextLine ID="line_17" HPOS="174" VPOS="746" WIDTH="748" HEIGHT="26">
							<String ID="string_122" HPOS="174" VPOS="749" WIDTH="30" HEIGHT="18" WC="0.96" CONTENT="att"/><SP WIDTH="12" VPOS="749" HPOS="204"/>
							<String ID="string_123" HPOS="216" VPOS="748" WIDTH="89" HEIGHT="19" WC="0.95" CONTENT="medlem"/><SP WIDTH="15" VPOS="748" HPOS="305"/>
							<String ID="string_124" HPOS="320" VPOS="747" WIDTH="22" HEIGHT="20" WC="0.95" CONTENT="af"/><SP WIDTH="15" VPOS="747" HPOS="342"/>
							<String ID="string_125" HPOS="357" VPOS="747" WIDTH="133" HEIGHT="25" WC="0.96" CONTENT="kommunen,"/><SP WIDTH="16" VPOS="747" HPOS="490"/>
							<String ID="string_126" HPOS="506" VPOS="752" WIDTH="43" HEIGHT="14" WC="0.96" CONTENT="som"/><SP WIDTH="17" VPOS="752" HPOS="549"/>
							<String ID="string_127" HPOS="566" VPOS="746" WIDTH="26" HEIGHT="26" WC="0.96" CONTENT="på"/><SP WIDTH="15" VPOS="746" HPOS="592"/>
							<String ID="string_128" HPOS="607" VPOS="746" WIDTH="67" HEIGHT="26" WC="0.96" CONTENT="grund"/><SP WIDTH="16" VPOS="746" HPOS="674"/>
							<String ID="string_129" HPOS="690" VPOS="746" WIDTH="24" HEIGHT="20" WC="0.93" CONTENT="af"/><SP WIDTH="13" VPOS="746" HPOS="714"/>
							<String ID="string_130" HPOS="727" VPOS="746" WIDTH="195" HEIGHT="26" WC="0.91" CONTENT="ståndsprivilegier"/>
						</TextLine>
						<TextLine ID="line_18" HPOS="174" VPOS="780" WIDTH="747" HEIGHT="26">
							<String ID="string_131" HPOS="174" VPOS="784" WIDTH="23" HEIGHT="17" WC="0.93" CONTENT="är"/><SP WIDTH="11" VPOS="784" HPOS="197"/>
							<String ID="string_132" HPOS="208" VPOS="781" WIDTH="98" HEIGHT="20" WC="0.90" CONTENT="frikallad"/><SP WIDTH="12" VPOS="781" HPOS="306"/>
							<String ID="string_133" HPOS="318" VPOS="781" WIDTH="45" HEIGHT="19" WC="0.95" CONTENT="från"/><SP WIDTH="17" VPOS="781" HPOS="363"/>
							<String ID="string_134" HPOS="380" VPOS="781" WIDTH="74" HEIGHT="25" WC="0.96" CONTENT="bidrag"/><SP WIDTH="15" VPOS="781" HPOS="454"/>
							<String ID="string_135" HPOS="469" VPOS="780" WIDTH="31" HEIGHT="19" WC="0.93" CONTENT="till"/><SP WIDTH="15" VPOS="780" HPOS="500"/>
							<String ID="string_136" HPOS="515" VPOS="780" WIDTH="151" HEIGHT="26" WC="0.92" CONTENT="inqvartering,"/><SP WIDTH="16" VPOS="780" HPOS="666"/>
							<String ID="string_137" HPOS="682" VPOS="783" WIDTH="63" HEIGHT="23" WC="0.92" CONTENT="väga-"/><SP WIDTH="17" VPOS="783" HPOS="745"/>
							<String ID="string_138" HPOS="762" VPOS="780" WIDTH="39" HEIGHT="20" WC="0.93" CONTENT="och"/><SP WIDTH="16" VPOS="780" HPOS="801"/>
							<String ID="string_139" HPOS="817" VPOS="780" WIDTH="104" HEIGHT="26" WC="0.91" CONTENT="brobygg-"/>
						</TextLine>
						<TextLine ID="line_19" HPOS="176" VPOS="814" WIDTH="745" HEIGHT="26">
							<String ID="string_140" HPOS="176" VPOS="816" WIDTH="40" HEIGHT="19" WC="0.92" CONTENT="nad"/><SP WIDTH="18" VPOS="816" HPOS="216"/>
							<String ID="string_141" HPOS="234" VPOS="822" WIDTH="25" HEIGHT="12" WC="0.92" CONTENT="m."/><SP WIDTH="19" VPOS="822" HPOS="259"/>
							<String ID="string_142" HPOS="278" VPOS="822" WIDTH="26" HEIGHT="13" WC="0.89" CONTENT="m."/><SP WIDTH="17" VPOS="822" HPOS="304"/>
							<String ID="string_143" HPOS="321" VPOS="816" WIDTH="31" HEIGHT="18" WC="0.96" CONTENT="för"/><SP WIDTH="16" VPOS="816" HPOS="352"/>
							<String ID="string_144" HPOS="368" VPOS="815" WIDTH="40" HEIGHT="19" WC="0.96" CONTENT="den"/><SP WIDTH="16" VPOS="815" HPOS="408"/>
							<String ID="string_145" HPOS="424" VPOS="814" WIDTH="51" HEIGHT="26" WC="0.96" CONTENT="gård"/><SP WIDTH="17" VPOS="814" HPOS="475"/>
							<String ID="string_146" HPOS="492" VPOS="814" WIDTH="39" HEIGHT="19" WC="0.96" CONTENT="han"/><SP WIDTH="17" VPOS="814" HPOS="531"/>
							<String ID="string_147" HPOS="548" VPOS="820" WIDTH="51" HEIGHT="20" WC="0.96" CONTENT="eger"/><SP WIDTH="15" VPOS="820" HPOS="599"/>
							<String ID="string_148" HPOS="614" VPOS="814" WIDTH="39" HEIGHT="20" WC="0.96" CONTENT="och"/><SP WIDTH="17" VPOS="814" HPOS="653"/>
							<String ID="string_149" HPOS="670" VPOS="814" WIDTH="72" HEIGHT="26" WC="0.96" CONTENT="bebor,"/><SP WIDTH="16" VPOS="814" HPOS="742"/>
							<String ID="string_150" HPOS="758" VPOS="814" WIDTH="66" HEIGHT="20" WC="0.96" CONTENT="skulle"/><SP WIDTH="17" VPOS="814" HPOS="824"/>
							<String ID="string_151" HPOS="841" VPOS="814" WIDTH="34" HEIGHT="20" WC="0.93" CONTENT="vid"/><SP WIDTH="13" VPOS="814" HPOS="875"/>
							<String ID="string_152" HPOS="888" VPOS="814" WIDTH="33" HEIGHT="20" WC="0.89" CONTENT="be-"/>
						</TextLine>
						<TextLine ID="line_20" HPOS="175" VPOS="848" WIDTH="749" HEIGHT="27">
							<String ID="string_153" HPOS="175" VPOS="849" WIDTH="120" HEIGHT="26" WC="0.96" CONTENT="handling"/><SP WIDTH="-9" VPOS="849" HPOS="295"/>
							<String ID="string_154" HPOS="286" VPOS="844" WIDTH="15" HEIGHT="35" WC="0.92" CONTENT="i"/><SP WIDTH="7" VPOS="844" HPOS="301"/>
							<String ID="string_155" HPOS="308" VPOS="849" WIDTH="166" HEIGHT="19" WC="0.91" CONTENT="rådhusstämma"/><SP WIDTH="15" VPOS="849" HPOS="474"/>
							<String ID="string_156" HPOS="489" VPOS="848" WIDTH="22" HEIGHT="20" WC="0.92" CONTENT="af"/><SP WIDTH="14" VPOS="848" HPOS="511"/>
							<String ID="string_157" HPOS="525" VPOS="848" WIDTH="146" HEIGHT="20" WC="0.91" CONTENT="såbeskaffade"/><SP WIDTH="21" VPOS="848" HPOS="671"/>
							<String ID="string_158" HPOS="692" VPOS="848" WIDTH="93" HEIGHT="20" WC="0.96" CONTENT="ärenden"/><SP WIDTH="16" VPOS="848" HPOS="785"/>
							<String ID="string_159" HPOS="801" VPOS="848" WIDTH="60" HEIGHT="20" WC="0.95" CONTENT="äfven"/><SP WIDTH="17" VPOS="848" HPOS="861"/>
							<String ID="string_160" HPOS="878" VPOS="848" WIDTH="46" HEIGHT="20" WC="0.96" CONTENT="föra"/>
						</TextLine>
						<TextLine ID="line_21" HPOS="175" VPOS="882" WIDTH="748" HEIGHT="20">
							<String ID="string_161" HPOS="175" VPOS="883" WIDTH="56" HEIGHT="19" WC="0.96" CONTENT="talan"/><SP WIDTH="27" VPOS="883" HPOS="231"/>
							<String ID="string_162" HPOS="258" VPOS="883" WIDTH="31" HEIGHT="19" WC="0.96" CONTENT="för"/><SP WIDTH="22" VPOS="883" HPOS="289"/>
							<String ID="string_163" HPOS="311" VPOS="885" WIDTH="29" HEIGHT="17" WC="0.96" CONTENT="ett"/><SP WIDTH="23" VPOS="885" HPOS="340"/>
							<String ID="string_164" HPOS="363" VPOS="882" WIDTH="146" HEIGHT="20" WC="0.95" CONTENT="motsvarande"/><SP WIDTH="23" VPOS="882" HPOS="509"/>
							<String ID="string_165" HPOS="532" VPOS="882" WIDTH="80" HEIGHT="19" WC="0.95" CONTENT="mindre"/><SP WIDTH="22" VPOS="882" HPOS="612"/>
							<String ID="string_166" HPOS="634" VPOS="882" WIDTH="93" HEIGHT="20" WC="0.91" CONTENT="röstetal."/><SP WIDTH="30" VPOS="882" HPOS="727"/>
							<String ID="string_167" HPOS="757" VPOS="882" WIDTH="107" HEIGHT="20" WC="0.95" CONTENT="Utskottet"/><SP WIDTH="22" VPOS="882" HPOS="864"/>
							<String ID="string_168" HPOS="886" VPOS="882" WIDTH="37" HEIGHT="19" WC="0.95" CONTENT="har"/>
						</TextLine>
						<TextLine ID="line_22" HPOS="176" VPOS="916" WIDTH="745" HEIGHT="27">
							<String ID="string_169" HPOS="176" VPOS="917" WIDTH="54" HEIGHT="20" WC="0.96" CONTENT="dock"/><SP WIDTH="21" VPOS="917" HPOS="230"/>
							<String ID="string_170" HPOS="251" VPOS="917" WIDTH="48" HEIGHT="20" WC="0.96" CONTENT="icke"/><SP WIDTH="22" VPOS="917" HPOS="299"/>
							<String ID="string_171" HPOS="321" VPOS="917" WIDTH="81" HEIGHT="19" WC="0.96" CONTENT="kunnat"/><SP WIDTH="22" VPOS="917" HPOS="402"/>
							<String ID="string_172" HPOS="424" VPOS="916" WIDTH="87" HEIGHT="20" WC="0.96" CONTENT="omfatta"/><SP WIDTH="15" VPOS="916" HPOS="511"/>
							<String ID="string_173" HPOS="526" VPOS="916" WIDTH="69" HEIGHT="19" WC="0.92" CONTENT="denna"/><SP WIDTH="20" VPOS="916" HPOS="595"/>
							<String ID="string_174" HPOS="615" VPOS="916" WIDTH="60" HEIGHT="27" WC="0.92" CONTENT="åsigt."/><SP WIDTH="31" VPOS="916" HPOS="675"/>
							<String ID="string_175" HPOS="706" VPOS="916" WIDTH="9" HEIGHT="19" WC="0.95" CONTENT="I"/><SP WIDTH="17" VPOS="916" HPOS="715"/>
							<String ID="string_176" HPOS="732" VPOS="916" WIDTH="42" HEIGHT="20" WC="0.96" CONTENT="alla"/><SP WIDTH="15" VPOS="916" HPOS="774"/>
							<String ID="string_177" HPOS="789" VPOS="916" WIDTH="70" HEIGHT="20" WC="0.96" CONTENT="städer"/><SP WIDTH="16" VPOS="916" HPOS="859"/>
							<String ID="string_178" HPOS="875" VPOS="916" WIDTH="46" HEIGHT="19" WC="0.96" CONTENT="med"/>
						</TextLine>
						<TextLine ID="line_23" HPOS="176" VPOS="950" WIDTH="746" HEIGHT="27">
							<String ID="string_179" HPOS="176" VPOS="957" WIDTH="44" HEIGHT="14" WC="0.96" CONTENT="mer"/><SP WIDTH="16" VPOS="957" HPOS="220"/>
							<String ID="string_180" HPOS="236" VPOS="953" WIDTH="26" HEIGHT="17" WC="0.95" CONTENT="än"/><SP WIDTH="17" VPOS="953" HPOS="262"/>
							<String ID="string_181" HPOS="279" VPOS="951" WIDTH="55" HEIGHT="20" WC="0.95" CONTENT="2000"/><SP WIDTH="13" VPOS="951" HPOS="334"/>
							<String ID="string_182" HPOS="347" VPOS="950" WIDTH="102" HEIGHT="20" WC="0.93" CONTENT="invånare"/><SP WIDTH="15" VPOS="950" HPOS="449"/>
							<String ID="string_183" HPOS="464" VPOS="950" WIDTH="82" HEIGHT="19" WC="0.92" CONTENT="utöfvas"/><SP WIDTH="17" VPOS="950" HPOS="546"/>
							<String ID="string_184" HPOS="563" VPOS="950" WIDTH="192" HEIGHT="20" WC="0.95" CONTENT="beslutanderätten"/><SP WIDTH="16" VPOS="950" HPOS="755"/>
							<String ID="string_185" HPOS="771" VPOS="951" WIDTH="5" HEIGHT="18" WC="0.96" CONTENT="i"/><SP WIDTH="18" VPOS="951" HPOS="776"/>
							<String ID="string_186" HPOS="794" VPOS="950" WIDTH="73" HEIGHT="27" WC="0.92" CONTENT="dylika"/><SP WIDTH="16" VPOS="950" HPOS="867"/>
							<String ID="string_187" HPOS="883" VPOS="950" WIDTH="39" HEIGHT="19" WC="0.92" CONTENT="frå-"/>
						</TextLine>
						<TextLine ID="line_24" HPOS="176" VPOS="984" WIDTH="746" HEIGHT="27">
							<String ID="string_188" HPOS="176" VPOS="991" WIDTH="38" HEIGHT="20" WC="0.96" CONTENT="gor"/><SP WIDTH="15" VPOS="991" HPOS="214"/>
							<String ID="string_189" HPOS="229" VPOS="985" WIDTH="24" HEIGHT="19" WC="0.96" CONTENT="af"/><SP WIDTH="12" VPOS="985" HPOS="253"/>
							<String ID="string_190" HPOS="265" VPOS="984" WIDTH="196" HEIGHT="27" WC="0.96" CONTENT="stadsfullmäktige,"/><SP WIDTH="20" VPOS="984" HPOS="461"/>
							<String ID="string_191" HPOS="481" VPOS="984" WIDTH="39" HEIGHT="19" WC="0.96" CONTENT="och"/><SP WIDTH="19" VPOS="984" HPOS="520"/>
							<String ID="string_192" HPOS="539" VPOS="984" WIDTH="81" HEIGHT="20" WC="0.96" CONTENT="således"/><SP WIDTH="22" VPOS="984" HPOS="620"/>
							<String ID="string_193" HPOS="642" VPOS="984" WIDTH="68" HEIGHT="19" WC="0.96" CONTENT="skulle"/><SP WIDTH="20" VPOS="984" HPOS="710"/>
							<String ID="string_194" HPOS="730" VPOS="986" WIDTH="30" HEIGHT="18" WC="0.96" CONTENT="ett"/><SP WIDTH="18" VPOS="986" HPOS="760"/>
							<String ID="string_195" HPOS="778" VPOS="984" WIDTH="74" HEIGHT="20" WC="0.93" CONTENT="sådant"/><SP WIDTH="16" VPOS="984" HPOS="852"/>
							<String ID="string_196" HPOS="868" VPOS="984" WIDTH="54" HEIGHT="20" WC="0.89" CONTENT="stad-"/>
						</TextLine>
						<TextLine ID="line_25" HPOS="176" VPOS="1018" WIDTH="746" HEIGHT="27">
							<String ID="string_197" HPOS="176" VPOS="1019" WIDTH="69" HEIGHT="26" WC="0.96" CONTENT="gande"/><SP WIDTH="20" VPOS="1019" HPOS="245"/>
							<String ID="string_198" HPOS="265" VPOS="1019" WIDTH="7" HEIGHT="19" WC="0.96" CONTENT="i"/><SP WIDTH="16" VPOS="1019" HPOS="272"/>
							<String ID="string_199" HPOS="288" VPOS="1019" WIDTH="98" HEIGHT="19" WC="0.93" CONTENT="afseende"/><SP WIDTH="20" VPOS="1019" HPOS="386"/>
							<String ID="string_200" HPOS="406" VPOS="1018" WIDTH="12" HEIGHT="20" WC="0.92" CONTENT="å"/><SP WIDTH="16" VPOS="1018" HPOS="418"/>
							<String ID="string_201" HPOS="434" VPOS="1019" WIDTH="45" HEIGHT="19" WC="0.96" CONTENT="dem"/><SP WIDTH="22" VPOS="1019" HPOS="479"/>
							<String ID="string_202" HPOS="501" VPOS="1018" WIDTH="67" HEIGHT="20" WC="0.96" CONTENT="sakna"/><SP WIDTH="15" VPOS="1018" HPOS="568"/>
							<String ID="string_203" HPOS="583" VPOS="1018" WIDTH="27" HEIGHT="20" WC="0.96" CONTENT="all"/><SP WIDTH="18" VPOS="1018" HPOS="610"/>
							<String ID="string_204" HPOS="628" VPOS="1018" WIDTH="116" HEIGHT="27" WC="0.96" CONTENT="betydelse."/><SP WIDTH="29" VPOS="1018" HPOS="744"/>
							<String ID="string_205" HPOS="773" VPOS="1019" WIDTH="10" HEIGHT="19" WC="0.95" CONTENT="I"/><SP WIDTH="16" VPOS="1019" HPOS="783"/>
							<String ID="string_206" HPOS="799" VPOS="1019" WIDTH="26" HEIGHT="19" WC="0.96" CONTENT="de"/><SP WIDTH="17" VPOS="1019" HPOS="825"/>
							<String ID="string_207" HPOS="842" VPOS="1019" WIDTH="80" HEIGHT="19" WC="0.95" CONTENT="mindre"/>
						</TextLine>
						<TextLine ID="line_26" HPOS="176" VPOS="1052" WIDTH="746" HEIGHT="27">
							<String ID="string_208" HPOS="176" VPOS="1053" WIDTH="98" HEIGHT="19" WC="0.91" CONTENT="städerne"/><SP WIDTH="21" VPOS="1053" HPOS="274"/>
							<String ID="string_209" HPOS="295" VPOS="1053" WIDTH="43" HEIGHT="19" WC="0.96" CONTENT="åter"/><SP WIDTH="19" VPOS="1053" HPOS="338"/>
							<String ID="string_210" HPOS="357" VPOS="1052" WIDTH="59" HEIGHT="20" WC="0.95" CONTENT="torde"/><SP WIDTH="21" VPOS="1052" HPOS="416"/>
							<String ID="string_211" HPOS="437" VPOS="1052" WIDTH="79" HEIGHT="20" WC="0.95" CONTENT="antalet"/><SP WIDTH="15" VPOS="1052" HPOS="516"/>
							<String ID="string_212" HPOS="531" VPOS="1052" WIDTH="22" HEIGHT="19" WC="0.96" CONTENT="af"/><SP WIDTH="13" VPOS="1052" HPOS="553"/>
							<String ID="string_213" HPOS="566" VPOS="1052" WIDTH="164" HEIGHT="27" WC="0.93" CONTENT="privilegierade"/><SP WIDTH="20" VPOS="1052" HPOS="730"/>
							<String ID="string_214" HPOS="750" VPOS="1052" WIDTH="127" HEIGHT="27" WC="0.92" CONTENT="gårdsegare"/><SP WIDTH="16" VPOS="1052" HPOS="877"/>
							<String ID="string_215" HPOS="893" VPOS="1053" WIDTH="29" HEIGHT="19" WC="0.92" CONTENT="öf-"/>
						</TextLine>
						<TextLine ID="line_27" HPOS="176" VPOS="1086" WIDTH="748" HEIGHT="27">
							<String ID="string_216" HPOS="176" VPOS="1086" WIDTH="116" HEIGHT="20" WC="0.92" CONTENT="verhufvud"/><SP WIDTH="16" VPOS="1086" HPOS="292"/>
							<String ID="string_217" HPOS="308" VPOS="1093" WIDTH="50" HEIGHT="13" WC="0.96" CONTENT="vara"/><SP WIDTH="10" VPOS="1093" HPOS="358"/>
							<String ID="string_218" HPOS="368" VPOS="1086" WIDTH="81" HEIGHT="26" WC="0.96" CONTENT="ganska"/><SP WIDTH="15" VPOS="1086" HPOS="449"/>
							<String ID="string_219" HPOS="464" VPOS="1086" WIDTH="70" HEIGHT="26" WC="0.96" CONTENT="ringa;"/><SP WIDTH="16" VPOS="1086" HPOS="534"/>
							<String ID="string_220" HPOS="550" VPOS="1086" WIDTH="40" HEIGHT="20" WC="0.96" CONTENT="den"/><SP WIDTH="17" VPOS="1086" HPOS="590"/>
							<String ID="string_221" HPOS="607" VPOS="1087" WIDTH="48" HEIGHT="26" WC="0.96" CONTENT="föga"/><SP WIDTH="16" VPOS="1087" HPOS="655"/>
							<String ID="string_222" HPOS="671" VPOS="1087" WIDTH="120" HEIGHT="25" WC="0.96" CONTENT="betydande"/><SP WIDTH="12" VPOS="1087" HPOS="791"/>
							<String ID="string_223" HPOS="803" VPOS="1087" WIDTH="121" HEIGHT="26" WC="0.96" CONTENT="tillökning,"/>
						</TextLine>
						<TextLine ID="line_28" HPOS="176" VPOS="1120" WIDTH="747" HEIGHT="27">
							<String ID="string_224" HPOS="176" VPOS="1127" WIDTH="44" HEIGHT="13" WC="0.96" CONTENT="som"/><SP WIDTH="17" VPOS="1127" HPOS="220"/>
							<String ID="string_225" HPOS="237" VPOS="1121" WIDTH="62" HEIGHT="19" WC="0.96" CONTENT="deras"/><SP WIDTH="20" VPOS="1121" HPOS="299"/>
							<String ID="string_226" HPOS="319" VPOS="1120" WIDTH="86" HEIGHT="20" WC="0.96" CONTENT="röstetal"/><SP WIDTH="15" VPOS="1120" HPOS="405"/>
							<String ID="string_227" HPOS="420" VPOS="1126" WIDTH="76" HEIGHT="20" WC="0.91" CONTENT="genom"/><SP WIDTH="16" VPOS="1126" HPOS="496"/>
							<String ID="string_228" HPOS="512" VPOS="1120" WIDTH="141" HEIGHT="27" WC="0.91" CONTENT="inberäkning"/><SP WIDTH="16" VPOS="1120" HPOS="653"/>
							<String ID="string_229" HPOS="669" VPOS="1121" WIDTH="23" HEIGHT="19" WC="0.93" CONTENT="af"/><SP WIDTH="13" VPOS="1121" HPOS="692"/>
							<String ID="string_230" HPOS="705" VPOS="1120" WIDTH="148" HEIGHT="27" WC="0.91" CONTENT="gårdsskatten"/><SP WIDTH="17" VPOS="1120" HPOS="853"/>
							<String ID="string_231" HPOS="870" VPOS="1121" WIDTH="6" HEIGHT="19" WC="0.92" CONTENT="i"/><SP WIDTH="16" VPOS="1121" HPOS="876"/>
							<String ID="string_232" HPOS="892" VPOS="1121" WIDTH="31" HEIGHT="19" WC="0.92" CONTENT="så-"/>
						</TextLine>
						<TextLine ID="line_29" HPOS="176" VPOS="1154" WIDTH="746" HEIGHT="27">
							<String ID="string_233" HPOS="176" VPOS="1154" WIDTH="56" HEIGHT="20" WC="0.96" CONTENT="dana"/><SP WIDTH="22" VPOS="1154" HPOS="232"/>
							<String ID="string_234" HPOS="254" VPOS="1154" WIDTH="70" HEIGHT="27" WC="0.96" CONTENT="frågor"/><SP WIDTH="23" VPOS="1154" HPOS="324"/>
							<String ID="string_235" HPOS="347" VPOS="1154" WIDTH="97" HEIGHT="26" WC="0.93" CONTENT="erhåller,"/><SP WIDTH="23" VPOS="1154" HPOS="444"/>
							<String ID="string_236" HPOS="467" VPOS="1155" WIDTH="132" HEIGHT="26" WC="0.92" CONTENT="paralyseras"/><SP WIDTH="23" VPOS="1155" HPOS="599"/>
							<String ID="string_237" HPOS="622" VPOS="1155" WIDTH="130" HEIGHT="26" WC="0.91" CONTENT="derigenom,"/><SP WIDTH="24" VPOS="1155" HPOS="752"/>
							<String ID="string_238" HPOS="776" VPOS="1156" WIDTH="30" HEIGHT="18" WC="0.96" CONTENT="att"/><SP WIDTH="15" VPOS="1156" HPOS="806"/>
							<String ID="string_239" HPOS="821" VPOS="1155" WIDTH="26" HEIGHT="19" WC="0.96" CONTENT="de"/><SP WIDTH="17" VPOS="1155" HPOS="847"/>
							<String ID="string_240" HPOS="864" VPOS="1155" WIDTH="58" HEIGHT="19" WC="0.96" CONTENT="fleste"/>
						</TextLine>
						<TextLine ID="line_30" HPOS="176" VPOS="1188" WIDTH="748" HEIGHT="26">
							<String ID="string_241" HPOS="176" VPOS="1188" WIDTH="162" HEIGHT="26" WC="0.93" CONTENT="privilegierade"/><SP WIDTH="15" VPOS="1188" HPOS="338"/>
							<String ID="string_242" HPOS="353" VPOS="1188" WIDTH="126" HEIGHT="26" WC="0.91" CONTENT="gårdsegare"/><SP WIDTH="17" VPOS="1188" HPOS="479"/>
							<String ID="string_243" HPOS="496" VPOS="1189" WIDTH="31" HEIGHT="19" WC="0.93" CONTENT="för"/><SP WIDTH="16" VPOS="1189" HPOS="527"/>
							<String ID="string_244" HPOS="543" VPOS="1189" WIDTH="157" HEIGHT="19" WC="0.91" CONTENT="innehafvande"/><SP WIDTH="16" VPOS="1189" HPOS="700"/>
							<String ID="string_245" HPOS="716" VPOS="1189" WIDTH="42" HEIGHT="23" WC="0.96" CONTENT="lön,"/><SP WIDTH="15" VPOS="1189" HPOS="758"/>
							<String ID="string_246" HPOS="773" VPOS="1189" WIDTH="88" HEIGHT="25" WC="0.96" CONTENT="pension"/><SP WIDTH="12" VPOS="1189" HPOS="861"/>
							<String ID="string_247" HPOS="873" VPOS="1189" WIDTH="51" HEIGHT="19" WC="0.96" CONTENT="eller"/>
						</TextLine>
						<TextLine ID="line_31" HPOS="176" VPOS="1222" WIDTH="745" HEIGHT="27">
							<String ID="string_248" HPOS="176" VPOS="1222" WIDTH="66" HEIGHT="20" WC="0.96" CONTENT="andra"/><SP WIDTH="17" VPOS="1222" HPOS="242"/>
							<String ID="string_249" HPOS="259" VPOS="1222" WIDTH="117" HEIGHT="20" WC="0.96" CONTENT="inkomster"/><SP WIDTH="20" VPOS="1222" HPOS="376"/>
							<String ID="string_250" HPOS="396" VPOS="1225" WIDTH="36" HEIGHT="17" WC="0.96" CONTENT="äro"/><SP WIDTH="16" VPOS="1225" HPOS="432"/>
							<String ID="string_251" HPOS="448" VPOS="1222" WIDTH="153" HEIGHT="21" WC="0.96" CONTENT="underkastade"/><SP WIDTH="17" VPOS="1222" HPOS="601"/>
							<String ID="string_252" HPOS="618" VPOS="1222" WIDTH="138" HEIGHT="27" WC="0.96" CONTENT="beskattning"/><SP WIDTH="15" VPOS="1222" HPOS="756"/>
							<String ID="string_253" HPOS="771" VPOS="1222" WIDTH="32" HEIGHT="20" WC="0.93" CONTENT="till"/><SP WIDTH="16" VPOS="1222" HPOS="803"/>
							<String ID="string_254" HPOS="819" VPOS="1222" WIDTH="102" HEIGHT="27" WC="0.91" CONTENT="ifrågava-"/>
						</TextLine>
						<TextLine ID="line_32" HPOS="177" VPOS="1256" WIDTH="746" HEIGHT="21">
							<String ID="string_255" HPOS="177" VPOS="1257" WIDTH="65" HEIGHT="19" WC="0.96" CONTENT="rande"/><SP WIDTH="15" VPOS="1257" HPOS="242"/>
							<String ID="string_256" HPOS="257" VPOS="1256" WIDTH="98" HEIGHT="20" WC="0.96" CONTENT="ändamål"/><SP WIDTH="20" VPOS="1256" HPOS="355"/>
							<String ID="string_257" HPOS="375" VPOS="1257" WIDTH="39" HEIGHT="19" WC="0.96" CONTENT="och"/><SP WIDTH="16" VPOS="1257" HPOS="414"/>
							<String ID="string_258" HPOS="430" VPOS="1257" WIDTH="82" HEIGHT="20" WC="0.96" CONTENT="således"/><SP WIDTH="15" VPOS="1257" HPOS="512"/>
							<String ID="string_259" HPOS="527" VPOS="1257" WIDTH="48" HEIGHT="20" WC="0.96" CONTENT="icke"/><SP WIDTH="16" VPOS="1257" HPOS="575"/>
							<String ID="string_260" HPOS="591" VPOS="1257" WIDTH="71" HEIGHT="20" WC="0.96" CONTENT="kunna"/><SP WIDTH="15" VPOS="1257" HPOS="662"/>
							<String ID="string_261" HPOS="677" VPOS="1257" WIDTH="63" HEIGHT="20" WC="0.96" CONTENT="hafva"/><SP WIDTH="16" VPOS="1257" HPOS="740"/>
							<String ID="string_262" HPOS="756" VPOS="1259" WIDTH="64" HEIGHT="17" WC="0.93" CONTENT="annat"/><SP WIDTH="15" VPOS="1259" HPOS="820"/>
							<String ID="string_263" HPOS="835" VPOS="1257" WIDTH="88" HEIGHT="20" WC="0.96" CONTENT="intresse"/>
						</TextLine>
						<TextLine ID="line_33" HPOS="177" VPOS="1290" WIDTH="235" HEIGHT="27">
							<String ID="string_264" HPOS="177" VPOS="1293" WIDTH="27" HEIGHT="17" WC="0.93" CONTENT="än"/><SP WIDTH="16" VPOS="1293" HPOS="204"/>
							<String ID="string_265" HPOS="220" VPOS="1290" WIDTH="67" HEIGHT="27" WC="0.92" CONTENT="öfrige"/><SP WIDTH="17" VPOS="1290" HPOS="287"/>
							<String ID="string_266" HPOS="304" VPOS="1290" WIDTH="108" HEIGHT="20" WC="0.96" CONTENT="invånare."/>
						</TextLine>
					</TextBlock>
					<TextBlock ID="block_3" HPOS="177" VPOS="1324" WIDTH="749" HEIGHT="163">
						<TextLine ID="line_34" HPOS="246" VPOS="1324" WIDTH="678" HEIGHT="27">
							<String ID="string_267" HPOS="246" VPOS="1325" WIDTH="12" HEIGHT="19" WC="0.95" CONTENT="2"/><SP WIDTH="16" VPOS="1325" HPOS="258"/>
							<String ID="string_268" HPOS="274" VPOS="1331" WIDTH="61" HEIGHT="13" WC="0.95" CONTENT="mom."/><SP WIDTH="17" VPOS="1331" HPOS="335"/>
							<String ID="string_269" HPOS="352" VPOS="1324" WIDTH="22" HEIGHT="20" WC="0.96" CONTENT="af"/><SP WIDTH="15" VPOS="1324" HPOS="374"/>
							<String ID="string_270" HPOS="389" VPOS="1325" WIDTH="25" HEIGHT="19" WC="0.89" CONTENT="10"/><SP WIDTH="15" VPOS="1325" HPOS="414"/>
							<String ID="string_271" HPOS="429" VPOS="1327" WIDTH="11" HEIGHT="22" WC="0.89" CONTENT="$"/><SP WIDTH="16" VPOS="1327" HPOS="440"/>
							<String ID="string_272" HPOS="456" VPOS="1325" WIDTH="97" HEIGHT="26" WC="0.96" CONTENT="tillägger"/><SP WIDTH="15" VPOS="1325" HPOS="553"/>
							<String ID="string_273" HPOS="568" VPOS="1325" WIDTH="63" HEIGHT="26" WC="0.96" CONTENT="bolag"/><SP WIDTH="15" VPOS="1325" HPOS="631"/>
							<String ID="string_274" HPOS="646" VPOS="1325" WIDTH="102" HEIGHT="26" WC="0.96" CONTENT="rättighet"/><SP WIDTH="15" VPOS="1325" HPOS="748"/>
							<String ID="string_275" HPOS="763" VPOS="1327" WIDTH="31" HEIGHT="17" WC="0.96" CONTENT="att"/><SP WIDTH="15" VPOS="1327" HPOS="794"/>
							<String ID="string_276" HPOS="809" VPOS="1325" WIDTH="45" HEIGHT="19" WC="0.96" CONTENT="föra"/><SP WIDTH="15" VPOS="1325" HPOS="854"/>
							<String ID="string_277" HPOS="869" VPOS="1325" WIDTH="55" HEIGHT="20" WC="0.95" CONTENT="talan"/>
						</TextLine>
						<TextLine ID="line_35" HPOS="177" VPOS="1358" WIDTH="747" HEIGHT="27">
							<String ID="string_278" HPOS="177" VPOS="1358" WIDTH="39" HEIGHT="20" WC="0.93" CONTENT="och"/><SP WIDTH="19" VPOS="1358" HPOS="216"/>
							<String ID="string_279" HPOS="235" VPOS="1358" WIDTH="71" HEIGHT="20" WC="0.92" CONTENT="utöfva"/><SP WIDTH="18" VPOS="1358" HPOS="306"/>
							<String ID="string_280" HPOS="324" VPOS="1360" WIDTH="84" HEIGHT="18" WC="0.96" CONTENT="rösträtt"/><SP WIDTH="18" VPOS="1360" HPOS="408"/>
							<String ID="string_281" HPOS="426" VPOS="1359" WIDTH="3" HEIGHT="19" WC="0.96" CONTENT="i"/><SP WIDTH="17" VPOS="1359" HPOS="429"/>
							<String ID="string_282" HPOS="446" VPOS="1359" WIDTH="39" HEIGHT="19" WC="0.94" CONTENT="den"/><SP WIDTH="19" VPOS="1359" HPOS="485"/>
							<String ID="string_283" HPOS="504" VPOS="1358" WIDTH="107" HEIGHT="26" WC="0.96" CONTENT="kommun,"/><SP WIDTH="17" VPOS="1358" HPOS="611"/>
							<String ID="string_284" HPOS="628" VPOS="1359" WIDTH="37" HEIGHT="20" WC="0.96" CONTENT="der"/><SP WIDTH="17" VPOS="1359" HPOS="665"/>
							<String ID="string_285" HPOS="682" VPOS="1359" WIDTH="48" HEIGHT="20" WC="0.96" CONTENT="dess"/><SP WIDTH="16" VPOS="1359" HPOS="730"/>
							<String ID="string_286" HPOS="746" VPOS="1359" WIDTH="89" HEIGHT="26" WC="0.96" CONTENT="styrelse"/><SP WIDTH="16" VPOS="1359" HPOS="835"/>
							<String ID="string_287" HPOS="851" VPOS="1359" WIDTH="73" HEIGHT="20" WC="0.96" CONTENT="finnes."/>
						</TextLine>
						<TextLine ID="line_36" HPOS="177" VPOS="1391" WIDTH="747" HEIGHT="28">
							<String ID="string_288" HPOS="177" VPOS="1393" WIDTH="41" HEIGHT="18" WC="0.96" CONTENT="Det"/><SP WIDTH="18" VPOS="1393" HPOS="218"/>
							<String ID="string_289" HPOS="236" VPOS="1392" WIDTH="38" HEIGHT="19" WC="0.96" CONTENT="har"/><SP WIDTH="19" VPOS="1392" HPOS="274"/>
							<String ID="string_290" HPOS="293" VPOS="1391" WIDTH="48" HEIGHT="20" WC="0.96" CONTENT="icke"/><SP WIDTH="21" VPOS="1391" HPOS="341"/>
							<String ID="string_291" HPOS="362" VPOS="1392" WIDTH="88" HEIGHT="27" WC="0.96" CONTENT="undgått"/><SP WIDTH="19" VPOS="1392" HPOS="450"/>
							<String ID="string_292" HPOS="469" VPOS="1392" WIDTH="111" HEIGHT="20" WC="0.96" CONTENT="utskottets"/><SP WIDTH="16" VPOS="1392" HPOS="580"/>
							<String ID="string_293" HPOS="596" VPOS="1392" WIDTH="193" HEIGHT="27" WC="0.95" CONTENT="uppmärksamhet,"/><SP WIDTH="16" VPOS="1392" HPOS="789"/>
							<String ID="string_294" HPOS="805" VPOS="1395" WIDTH="30" HEIGHT="17" WC="0.96" CONTENT="att"/><SP WIDTH="18" VPOS="1395" HPOS="835"/>
							<String ID="string_295" HPOS="853" VPOS="1393" WIDTH="71" HEIGHT="26" WC="0.96" CONTENT="bolags"/>
						</TextLine>
						<TextLine ID="line_37" HPOS="177" VPOS="1426" WIDTH="748" HEIGHT="27">
							<String ID="string_296" HPOS="177" VPOS="1426" WIDTH="101" HEIGHT="27" WC="0.95" CONTENT="rättighet"/><SP WIDTH="19" VPOS="1426" HPOS="278"/>
							<String ID="string_297" HPOS="297" VPOS="1432" WIDTH="75" HEIGHT="20" WC="0.95" CONTENT="genom"/><SP WIDTH="25" VPOS="1432" HPOS="372"/>
							<String ID="string_298" HPOS="397" VPOS="1427" WIDTH="57" HEIGHT="20" WC="0.96" CONTENT="detta"/><SP WIDTH="22" VPOS="1427" HPOS="454"/>
							<String ID="string_299" HPOS="476" VPOS="1427" WIDTH="116" HEIGHT="26" WC="0.96" CONTENT="stadgande"/><SP WIDTH="23" VPOS="1427" HPOS="592"/>
							<String ID="string_300" HPOS="615" VPOS="1427" WIDTH="40" HEIGHT="19" WC="0.93" CONTENT="blir"/><SP WIDTH="22" VPOS="1427" HPOS="655"/>
							<String ID="string_301" HPOS="677" VPOS="1426" WIDTH="149" HEIGHT="20" WC="0.92" CONTENT="inskränktare"/><SP WIDTH="16" VPOS="1426" HPOS="826"/>
							<String ID="string_302" HPOS="842" VPOS="1429" WIDTH="25" HEIGHT="17" WC="0.97" CONTENT="än"/><SP WIDTH="18" VPOS="1429" HPOS="867"/>
							<String ID="string_303" HPOS="885" VPOS="1427" WIDTH="40" HEIGHT="20" WC="0.97" CONTENT="den"/>
						</TextLine>
						<TextLine ID="line_38" HPOS="178" VPOS="1459" WIDTH="748" HEIGHT="28">
							<String ID="string_304" HPOS="178" VPOS="1459" WIDTH="114" HEIGHT="27" WC="0.96" CONTENT="enskildes,"/><SP WIDTH="15" VPOS="1459" HPOS="292"/>
							<String ID="string_305" HPOS="307" VPOS="1461" WIDTH="21" HEIGHT="26" WC="0.96" CONTENT="ty"/><SP WIDTH="16" VPOS="1461" HPOS="328"/>
							<String ID="string_306" HPOS="344" VPOS="1462" WIDTH="30" HEIGHT="17" WC="0.96" CONTENT="ett"/><SP WIDTH="15" VPOS="1462" HPOS="374"/>
							<String ID="string_307" HPOS="389" VPOS="1460" WIDTH="69" HEIGHT="27" WC="0.96" CONTENT="bolag,"/><SP WIDTH="16" VPOS="1460" HPOS="458"/>
							<String ID="string_308" HPOS="474" VPOS="1467" WIDTH="44" HEIGHT="13" WC="0.96" CONTENT="som"/><SP WIDTH="16" VPOS="1467" HPOS="518"/>
							<String ID="string_309" HPOS="534" VPOS="1461" WIDTH="6" HEIGHT="19" WC="0.96" CONTENT="i"/><SP WIDTH="16" VPOS="1461" HPOS="540"/>
							<String ID="string_310" HPOS="556" VPOS="1467" WIDTH="25" HEIGHT="13" WC="0.96" CONTENT="en"/><SP WIDTH="17" VPOS="1467" HPOS="581"/>
							<String ID="string_311" HPOS="598" VPOS="1467" WIDTH="68" HEIGHT="13" WC="0.95" CONTENT="annan"/><SP WIDTH="18" VPOS="1467" HPOS="666"/>
							<String ID="string_312" HPOS="684" VPOS="1460" WIDTH="99" HEIGHT="20" WC="0.96" CONTENT="kommun"/><SP WIDTH="16" VPOS="1460" HPOS="783"/>
							<String ID="string_313" HPOS="799" VPOS="1463" WIDTH="26" HEIGHT="17" WC="0.96" CONTENT="än"/><SP WIDTH="12" VPOS="1463" HPOS="825"/>
							<String ID="string_314" HPOS="837" VPOS="1461" WIDTH="40" HEIGHT="19" WC="0.96" CONTENT="den"/><SP WIDTH="12" VPOS="1461" HPOS="877"/>
							<String ID="string_315" HPOS="889" VPOS="1461" WIDTH="37" HEIGHT="20" WC="0.96" CONTENT="der"/>
						</TextLine>
					</TextBlock>
				</ComposedBlock>
			</PrintSpace>
		</Page>
	</Layout>
</alto>
