1070 1786
228 154 35 17 500

346 217 53 22 Kan
414 219 14 20 &
442 218 176 21 rådhusstämma
632 217 130 28 föredraget
777 219 80 20 ärende
872 218 44 21 icke
927 219 32 26 på

274 255 69 18 utsatt
365 253 44 27 dag
432 253 36 20 till
489 253 44 20 slut
553 252 95 27 bringas,
669 252 75 21 tillhör
759 253 146 28 Magistraten
921 255 38 22 att,

274 286 70 20 innan
353 289 108 18 stämman
476 287 105 26 upplöses,
593 285 119 28 förelägga
728 293 76 14 annan
815 287 42 27 dag
864 287 42 26 för
916 287 43 20 det-

274 328 94 14 sammas
386 320 153 28 fullföljande,
562 321 88 21 hvarom
672 321 97 21 särskild
784 321 128 28 kungörelse
936 321 21 27 ej

274 355 120 27 erfordras.

585 412 16 28 $
616 413 32 20 19.

347 452 45 20 För
412 452 73 28 hvarje
500 452 78 28 fräga,
598 458 45 14 som
658 451 36 21 till
709 451 130 28 behandling
849 451 111 28 förekom-

274 493 51 18 mer,
341 486 59 21 skall
415 486 156 27 ordföranden,
588 486 66 20 sedan
669 485 192 29 öfverläggningen
877 488 26 18 är
915 486 44 21 slu-

275 520 45 26 tad,
337 520 134 27 framställa
489 521 144 27 proposition,
656 520 25 21 sä
698 520 103 27 afattad,
822 523 33 18 att
869 520 41 21 den
924 521 35 20 mä

274 554 77 22 kunna
369 555 49 21 med
437 555 75 21 endast
527 556 30 26 ja
572 555 51 20 eller
642 555 36 27 nej
697 554 106 21 besvaras.
833 554 54 21 Han
901 554 59 28 gifve

274 589 37 21 ock
332 589 95 27 derefter
449 589 115 25 tillkänna,
585 589 63 20 huru-
660 589 67 27 enligt
747 589 54 20 hans
816 589 144 27 uppfattning

276 623 89 21 beslutet
384 623 94 27 utfallit,
495 623 36 21 och
547 622 80 28 befäste
642 623 124 26 detsamma,
782 623 39 20 der
835 624 22 26 ej
872 624 88 20 omröst-

274 658 54 27 ning
352 657 95 28 begäres,
467 657 46 21 med
532 656 119 28 klubbslag.
680 652 73 26 Äskas
768 658 141 27 omröstning,
924 657 35 21 mä

274 692 41 20 den
331 693 64 25 öppet
410 691 37 21 och
463 691 54 27 efter
533 698 82 20 upprop
630 691 135 21 verkställas.

584 754 15 27 $
614 756 36 20 20.

347 794 48 21 Den
414 794 92 28 mening,
520 794 42 27 för
577 794 84 20 hvilken
676 794 76 28 högsta
767 794 144 28 röstbeloppet
924 797 36 19 ut-

271 828 73 28 fallit,
366 828 58 28 gälle
450 835 44 14 som
514 828 201 21 rädhusstämmans
738 828 73 22 beslut.
842 828 65 21 Falla
926 831 34 19 rö-

274 866 71 18 sterne
356 862 45 21 lika
406 862 42 27 för
463 862 58 21 olika
529 863 119 27 meningar,
664 862 70 27 gäller
749 862 40 21 den
804 863 93 27 mening,
908 863 52 21 hvil-

275 897 40 20 ken
327 897 25 20 de
363 897 68 26 flesta
446 897 101 20 röstande
562 896 54 26 efter
631 896 138 26 hufvudtalet
785 896 91 27 bifallit.
906 897 53 21 Fin-

275 938 41 14 nas
331 930 67 28 äfven
413 931 55 27 efter
482 931 70 20 sädan
569 930 119 27 beräkning
703 932 96 19 rösterne
815 931 46 20 lika
877 931 82 26 delade,

276 965 42 20 blir
334 965 40 21 den
389 966 86 26 mening
491 965 74 26 beslut,
581 971 44 14 som
641 964 150 27 ordföranden
807 964 103 22 biträder.

346 999 15 20 I
369 999 55 27 fall,
440 1005 44 14 som
499 1000 14 20 5
528 999 15 27 $
557 1001 114 25 upptager,
682 999 95 27 fordras
793 999 36 21 till
844 999 68 22 beslut
924 1001 34 20 sä-

275 1033 45 21 dan
331 1033 125 28 pluralitet
465 1033 38 21 der
518 1033 96 28 stadgas.

585 1091 16 27 $
614 1093 36 19 21.

350 1131 42 20 Val
414 1131 64 25 skall,
501 1131 38 20 der
553 1131 26 20 sä
601 1131 70 26 äskas,
690 1131 113 27 förrättas
822 1133 49 20 med
886 1133 73 20 slutna

274 1165 80 25 sedlar,
364 1165 13 20 &
390 1165 72 20 hvilka
477 1165 76 27 hvarje
568 1165 112 21 röstandes
696 1166 89 21 röstetal
800 1166 30 26 af
841 1166 117 27 valförrät-

275 1202 62 18 taren
353 1199 37 21 vid
401 1198 189 27 framlemnandet
605 1199 123 21 antecknas.

347 1232 84 22 Mellan
447 1232 44 22 lika
506 1233 63 21 antal
583 1235 70 19 röster
668 1233 78 28 skiljer
760 1234 73 21 lotten.

584 1297 15 27 $
614 1298 38 20 22.

346 1337 76 20 Innan
444 1336 176 21 rädhusstämma
643 1337 106 27 upplöses,
767 1338 60 27 gifve
843 1339 117 28 Magistra-

276 1374 34 18 ten
333 1371 116 25 tillkänna,
471 1371 14 20 &
503 1371 86 20 hvilken
612 1371 43 28 dag
677 1371 38 21 och
736 1372 71 21 timme
829 1373 36 21 det
887 1374 74 22 dervid

271 1405 70 27 förda
360 1405 111 27 protokoll
489 1405 94 20 kommer
603 1407 32 18 att
650 1405 61 27 inför
725 1405 147 28 Magistraten
888 1408 74 27 offent-

276 1440 58 27 ligen
352 1440 106 26 justeras.
487 1439 82 21 Annan
585 1439 89 21 kallelse
690 1440 35 20 till
736 1441 140 28 justeringen
892 1443 70 27 erfor-

275 1474 52 20 dras
343 1473 27 27 ej.
