1070 1786
210 143 35 19 248

517 205 10 23 $
544 203 47 20 138.

246 245 44 20 Har
310 245 144 20 befälhafvare
474 246 48 17 utan
543 249 89 20 egarens
648 243 94 19 tillstånd
758 243 62 20 lastat
835 242 53 27 gods
904 242 26 26 på

179 279 63 26 däck,
258 279 66 20 ehuru
339 279 36 20 det
390 279 19 25 ej
426 279 80 19 kunnat
521 278 68 19 såsom
609 277 106 20 däckslast
730 283 68 19 anses,
815 276 50 21 eller
881 276 49 19 stuf-

178 316 36 17 vat
230 313 36 20 det
281 313 7 19 i
304 312 36 20 båt
354 312 53 20 eller
422 312 63 20 fästat
500 312 35 19 det
550 310 120 20 utombords
694 311 35 19 vid
753 311 102 26 fartygets
878 310 52 26 sida,

179 348 39 19 och
236 347 76 20 blifver
327 346 75 26 godset
418 345 64 21 sedan
498 345 90 25 kastadt,
607 344 68 20 såsom
691 345 6 19 i
714 346 10 22 $
743 345 37 19 137
798 347 67 24 säges,
881 350 49 14 vare

179 381 133 27 godsegaren
328 380 118 26 berättigad
463 382 29 17 att
507 379 70 20 derför
592 378 52 20 söka
660 379 117 26 ersättning
793 379 22 19 af
829 378 101 21 befälhaf-

179 422 65 12 varen
261 414 52 20 eller
328 414 23 20 af
365 414 97 25 rederiet,
478 413 68 21 såvidt
561 413 57 19 detta
634 412 31 20 till
682 412 91 20 skadans
784 412 146 27 godtgörande

178 451 23 17 är
216 448 119 20 förbundet.

520 500 10 22 $
547 498 46 20 139.

248 534 30 24 Är
294 538 36 20 det
347 538 75 26 nödigt
440 540 29 18 att
488 538 86 26 vidtaga
593 537 63 20 sådan
677 537 110 27 handling,
807 538 74 19 hvaraf
895 544 35 19 ge-

180 575 104 18 mensamt
300 572 72 20 haveri
388 573 41 19 kan
447 573 56 25 följa,
519 572 56 20 kalle
592 571 166 26 befälbafvaren,
769 578 33 13 om
818 572 57 19 tiden
891 572 38 19 och

180 608 58 18 faran
262 606 36 20 det
320 606 124 26 medgifver,
459 606 32 20 till
506 606 140 26 rådplägning
669 608 137 23 styrmannen
830 608 53 17 samt
905 607 25 19 de

180 641 128 26 kunnigaste
324 640 39 20 och
380 640 115 20 erfarnaste
515 640 62 20 bland
600 640 155 26 besättningen,
771 640 107 20 äfvensom
900 646 30 14 re-

180 675 50 19 dare
246 675 39 19 och
302 674 65 20 andra
382 674 109 26 sakegare,
507 674 37 19 der
561 674 26 19 de
603 674 87 19 ombord
707 673 78 25 finnas;
802 680 47 14 men
866 674 18 26 ej
897 674 33 19 må

180 710 64 18 annat
259 711 26 17 än
304 708 167 20 befälhafvarens
488 708 85 26 mening
589 708 38 20 och
645 708 68 19 beslut
727 708 32 19 till
770 707 162 27 verkställighet

180 742 115 21 befordras,
329 742 61 20 Hvad
410 742 87 20 sålunda
517 742 69 20 blifvit
605 742 124 19 afhandladt
749 742 39 19 och
808 741 122 25 verkstäldt,

180 776 52 20 skall
252 776 129 26 upptecknas
396 776 7 19 i
419 775 199 27 skeppsdagboken,
634 776 23 19 så
674 776 39 18 fort
730 775 37 19 ske
783 775 49 26 kan,
844 776 39 19 och
894 782 35 20 ge-

180 817 49 13 nom
245 810 26 20 de
287 810 153 26 rådplägandes
457 809 126 21 underskrift
600 809 117 26 bestyrkas.

517 880 10 21 s
545 878 45 19 140.

248 917 73 20 Såvidt
340 918 78 26 görligt
437 921 29 22 är,
486 917 53 20 skall
559 917 34 20 vid
615 917 101 26 kastning
731 917 23 20 af
767 918 52 25 gods
835 918 39 19 och
890 918 38 19 far-

180 955 48 23 tygs
251 952 99 19 tillbehör
373 952 111 26 iakttagas,
507 954 30 17 att
559 952 42 25 det,
624 945 44 26 som
692 952 96 19 befinnes
813 952 117 26 rymligast,

180 989 73 23 tyngst
268 986 39 19 och
323 986 23 19 af
360 986 76 19 minsta
452 986 69 25 värde,
538 986 38 19 och
594 986 137 26 hvarigenom
748 986 119 19 ändamålet
877 985 52 20 såle-

180 1020 37 19 des
234 1020 47 19 med
298 1021 77 18 minsta
391 1020 118 26 uppoffring
525 1020 41 19 kan
582 1020 82 25 vinnas,
679 1020 54 19 skall
752 1020 65 19 blifva
832 1021 51 19 först
893 1021 36 18 ka-

180 1054 61 25 stadt,
257 1055 54 18 samt
326 1056 31 17 att
372 1054 124 26 penningar,
516 1054 137 26 dyrbarheter
676 1054 40 19 och
738 1054 66 19 andra
827 1060 60 13 varor
909 1054 23 19 af

180 1087 65 27 högre
261 1088 64 19 värde
341 1088 31 19 till
388 1088 36 19 det
438 1090 88 24 yttersta
541 1088 75 19 vårdas
632 1088 39 20 och
687 1088 95 19 bevaras.

248 1122 41 19 Det
312 1122 88 20 kastade
422 1123 84 25 godsets
531 1122 78 25 märke,
628 1129 96 12 nummer
744 1123 39 19 och
798 1122 93 20 innehåll
907 1122 23 20 så

180 1156 40 20 ock
236 1156 103 20 huruvida
355 1156 35 20 det
407 1157 52 19 varit
475 1157 91 19 stufvadt
581 1157 59 19 öfver
656 1157 53 19 eller
725 1157 64 19 under
804 1157 61 25 däck,
876 1156 53 20 skall

180 1197 55 19 noga
251 1190 137 26 upptecknas.
419 1191 45 19 Kan
481 1191 57 19 detta
553 1191 48 19 icke
615 1192 75 24 genast
709 1191 100 25 fullgöras
825 1191 39 19 och
881 1192 47 18 utan

179 1224 78 20 lastens
273 1224 106 27 rubbning
396 1225 18 26 ej
432 1224 65 21 heller
513 1224 92 21 derefter
615 1224 45 26 ske,
672 1225 70 20 förrän
759 1225 94 25 lossning
868 1225 60 20 verk-

180 1259 77 25 ställes,
274 1265 48 13 vare
339 1259 158 20 befälhafvaren
514 1259 27 20 då
556 1259 75 26 pligtig
646 1262 30 17 att
692 1259 111 20 förteckna
817 1259 55 20 hvad
884 1266 44 13 som

179 1292 83 26 saknas,
286 1295 53 17 samt
361 1299 77 20 genom
461 1293 112 26 dagboken
593 1293 51 20 eller
663 1293 26 20 de
705 1293 142 20 närvarandes
869 1293 60 26 intyg

179 1325 74 26 styrka
268 1328 30 18 att
314 1327 36 19 det
366 1326 69 20 blifvit
449 1327 89 19 kastadt.

517 1391 10 22 $
545 1390 46 19 141.

247 1429 35 20 All
298 1429 66 20 skada
380 1430 39 19 och
435 1430 96 25 kostnad,
547 1436 43 13 som
603 1430 29 19 uti
643 1431 132 25 gemensamt
791 1429 70 20 haveri
879 1437 48 19 upp-

179 1463 49 26 står,
244 1463 54 20 skall
319 1463 53 20 efter
391 1463 116 27 beräkning
523 1464 23 20 af
559 1463 91 20 skadans
671 1463 77 26 belopp
768 1463 39 20 och
827 1463 36 20 det
882 1464 44 19 räd-
