1070 1786
798 153 21 18 7

103 218 56 26 slags
170 218 143 25 tvistigheters
332 216 90 20 slitande
439 222 75 21 genom
531 215 146 26 kompromiss,
694 215 68 20 såsom
779 216 74 25 oprak-

103 253 57 24 tiskt,
176 253 22 20 af
213 253 41 23 mig
270 252 45 23 helt
329 251 39 20 och
385 251 65 20 hållet
464 251 111 26 afstyrkes.
754 259 43 17 SN

172 286 9 19 I
197 286 151 19 ofvanstäende
364 285 129 19 reservation
511 285 72 18 förena
599 285 31 24 sig
646 284 30 19 till
693 284 42 19 alla
750 284 68 19 delar:

160 341 62 21 Knut
237 342 102 27 Pipping.
402 341 26 20 G.
443 348 18 13 v.
477 340 102 27 Alfthan.
641 340 27 20 A.
685 340 25 20 G.
727 340 66 28 Borg.

240 410 29 20 Af
282 410 53 20 Herr
350 409 155 27 Montgomery,
521 408 25 21 R.

172 456 70 20 Ehuru
263 456 37 26 jag
324 456 46 19 med
394 454 118 21 Utskottets
533 455 58 19 fleste
608 455 115 19 ledamöter
739 458 22 16 är
776 455 23 19 af
812 455 41 19 den

104 490 54 26 äsigt
173 493 28 17 att
218 491 25 19 de
260 490 46 20 med
323 490 111 23 Kuusamo,
456 489 118 20 Kemiträsk
595 490 39 19 och
653 489 121 26 Kuolajärvi
793 489 59 20 sock-

104 527 74 17 nemän
196 524 65 20 under
276 524 23 20 år
317 524 51 19 1786
385 524 107 26 ingängne
508 524 39 19 och
563 524 39 19 den
620 524 26 19 27
660 523 60 26 April
736 524 51 19 1790
797 524 57 19 stad-

104 559 80 20 fästade
205 558 211 26 knektekontrakter,
437 558 46 19 med
504 558 45 19 stöd
567 558 22 19 af
603 558 125 26 stadgandet
743 558 5 19 i
767 558 24 19 18
807 560 10 23 $
833 558 23 19 af

105 593 99 25 gällande
221 593 170 26 Regeringsform
411 592 39 20 och
467 593 5 18 i
489 592 50 26 följd
555 592 23 19 af
592 592 60 19 dessa
668 592 133 20 kontrakters
817 598 36 14 na-

103 628 40 24 tur,
159 626 71 20 kunna
252 632 76 20 yenom
352 626 226 20 sammanstämmande
600 626 66 19 beslut
681 626 23 19 af
717 626 82 26 Regent
814 626 39 20 och

105 660 91 20 Ständer
218 660 92 27 lagligen
334 660 75 20 ändras
434 660 51 20 eller
509 660 115 26 upphäfvas
639 662 53 18 samt
707 660 82 20 derföre
806 662 47 18 med

105 695 42 19 min
164 697 43 17 röst
223 695 91 26 bidragit
334 694 31 20 till
388 694 118 26 Utskottets
529 694 68 20 beslut
616 697 30 17 att
661 694 27 26 pä
702 694 26 20 de
744 695 7 19 i
766 694 86 20 förestä-

104 730 54 19 ende
175 729 133 20 betänkande
325 728 126 20 utvecklade
467 728 45 20 skäl
529 728 104 26 tillstyrka
648 731 29 17 att
692 728 117 20 Ständerne
825 728 28 20 bi-

104 764 50 19 falla
169 764 31 19 till
216 763 147 26 upphäfvande
379 763 23 19 af
416 763 90 19 nämnde
523 763 121 19 kontrakter
660 763 39 20 och
715 760 65 29 derpä
791 770 61 19 grun-

105 798 53 19 dade
182 798 123 26 rättigheter
327 797 38 20 och
389 797 154 26 skyldigheter,
561 797 24 19 sä
604 797 36 19 har
657 798 37 26 jag
712 797 65 20 likväl
798 798 55 26 gjort

105 832 57 20 detta
182 832 65 19 under
263 832 149 26 förutsättning
430 833 30 18 att
480 831 107 20 Utskottet
602 831 48 20 icke
665 832 5 18 i
687 831 76 20 sakens
779 834 73 17 närva-

104 866 64 20 rande
184 866 61 20 skick
261 865 67 21 skulle
345 866 81 25 afgifva
441 865 78 27 förslag
535 866 31 19 till
577 866 123 26 reglerande
714 866 22 19 af
748 866 35 20 det
793 869 59 17 rätts-

104 899 92 20 tillstånd
213 900 6 19 i
240 899 130 20 afseende'&
386 899 325 26 jordegendomsförhällandena
734 900 39 19 och
796 900 57 27 skyl-

105 934 125 26 digheterna
245 935 30 18 att
290 933 30 20 till
338 933 81 20 landets
436 933 80 20 försvar
533 933 91 27 bidraga,
640 935 62 18 som
693 929 12 35 i
717 934 60 19 dessa
793 935 59 19 sock-

105 975 37 12 nar
158 968 37 19 bör
211 967 114 20 efterträda
341 967 35 20 det
392 967 137 20 närvarande.
560 968 74 19 Dertill
650 968 114 27 föreligger
780 969 73 19 nemli-

104 1008 49 20 gen,
168 1001 66 26 enligt
250 1001 42 20 min
309 1001 70 26 tanke,
395 1004 56 17 ännu
469 1001 48 20 icke
536 1001 40 20 den
593 1002 133 27 tillförlitliga
743 1003 111 26 utredning

104 1043 33 12 om
158 1036 162 26 befolkningens
340 1036 65 19 behof
423 1035 38 20 och
481 1036 119 26 rättmätiga
618 1036 137 27 önskningar,
775 1033 79 30 hvarpä

105 1070 53 19 dock
176 1070 33 19 vid
226 1076 24 13 en
268 1070 22 19 sä
310 1070 126 26 ingripande
456 1070 121 26 förändring
596 1070 36 19 allt
652 1070 100 20 afseende
771 1071 37 20 bör
823 1071 28 20 fä-

104 1107 48 16 stas.
182 1104 28 19 Sä
229 1103 186 27 maktpäliggande
433 1104 37 26 jag
489 1107 26 16 än
532 1104 104 20 erkänner
652 1104 35 20 det
703 1111 49 14 vara
767 1107 30 18 att
812 1105 40 20 den

105 1138 109 26 betydliga
232 1138 163 26 statsegendom,
411 1145 44 12 som
478 1145 27 12 nu
521 1139 6 18 i
544 1138 51 26 följd
617 1139 23 19 af
657 1139 35 20 det
715 1139 26 26 pä
763 1140 88 19 knekte-

104 1172 150 20 kontrakterne
274 1172 108 26 grundade
403 1172 144 19 rättstillständ
563 1173 6 18 i
586 1173 70 19 denna
675 1173 128 20 vidsträckta
819 1174 33 19 del

104 1206 22 19 af
140 1206 138 20 fosterlandet
292 1208 23 17 är
330 1205 84 20 lemnad
430 1205 125 27 obegagnad
572 1206 50 20 eller
638 1206 21 20 ät
675 1208 98 25 vanvård,
787 1208 64 27 skyd-

104 1240 37 20 das
152 1240 39 20 och
204 1240 94 25 bevaras,
309 1240 23 19 sä
343 1240 75 26 vigtigt
429 1243 23 16 är
463 1240 36 20 det
511 1241 10 19 ä
528 1241 69 22 andra
607 1241 59 20 sidan
676 1244 30 17 att
717 1241 46 20 icke
775 1248 76 20 genom

105 1275 119 19 förhastade
240 1274 98 26 ätgärder
354 1274 26 19 de
396 1273 107 20 enskildes
519 1274 27 26 pä
562 1277 40 17 rätt
616 1275 51 20 eller
684 1275 95 26 billighet
789 1283 62 18 grun-

104 1308 54 19 dade
172 1307 91 27 anspräk
280 1308 70 19 trädas
366 1308 31 19 för
414 1311 49 24 nära
479 1311 54 17 samt
549 1309 179 20 kolonisationens
737 1316 67 13 sanna
813 1310 38 20 och

104 1341 110 27 varaktiga
230 1342 102 19 intressen
350 1342 124 19 motverkas.
507 1343 39 19 Det
557 1343 37 19 bör
605 1343 106 26 nemligen
728 1350 55 20 noga
799 1347 52 16 mär-

105 1376 36 20 kas
157 1377 6 18 i
179 1376 100 19 afseende
294 1375 13 20 å
322 1376 26 19 de
364 1376 193 27 underhandlingar
577 1377 46 20 med
639 1377 105 26 allmogen
760 1378 91 26 angäen-

103 1410 26 20 de
145 1409 161 21 kontrakternas
321 1409 115 26 ändrande,
452 1416 44 13 som
513 1411 34 19 vid
564 1411 69 20 hällne
649 1411 105 22 särskilda
763 1412 88 20 sockne-

103 1446 99 17 stämmor
218 1446 36 24 egt
268 1450 51 19 rum,
336 1446 30 17 att
381 1444 179 26 socknemännen,
576 1445 68 20 'såsom
661 1445 35 20 det
712 1445 138 26 tyckesiför-

104 1478 78 19 litande
197 1477 27 26 pä
240 1477 32 19 sin
287 1478 103 19 förmenta
406 1481 40 16 rätt
461 1481 29 17 att
507 1479 46 19 icke
571 1481 46 17 utan
633 1479 35 19 sitt
678 1480 109 25 samtycke
798 1480 51 19 kun-
