1070 1786
818 147 35 19 389

214 208 52 20 eller
290 207 68 21 skulle
383 207 84 22 kunnat
493 209 56 26 efter
565 209 108 27 lyckligen
690 209 123 26 fulländad
836 216 49 13 resa

214 241 114 27 åhvälfvas
343 241 100 21 rederiet.

362 287 30 27 $$
407 288 43 20 126
465 287 38 21 och
518 289 46 20 127
579 287 153 27 oförändrade.

510 338 15 26 $
540 338 50 20 128.

282 372 33 25 Är
332 377 19 27 ej
366 376 59 28 aftal
440 383 33 14 om
488 384 77 14 annan
581 377 31 21 tid
627 378 109 26 ingånget,
753 376 57 22 skall
827 378 58 20 lånet

208 411 68 26 jemte
297 410 70 27 utfäst
386 410 83 27 premie
489 410 130 22 återbetalas
640 411 57 20 inom
710 410 87 28 fjorton
813 411 72 27 dagar

214 445 56 27 efter
284 444 112 28 fartygets
416 445 99 21 ankomst
535 446 35 20 till
589 446 41 20 den
645 446 71 25 hamn,
732 446 86 20 hvarest
835 445 49 21 bod-

213 479 117 21 meriresan
354 480 78 20 slutar.
465 480 54 20 Sker
539 480 35 20 det
594 480 49 25 icke,
659 480 48 20 söke
717 480 168 27 fordringsega-

214 520 37 13 ren
271 514 123 27 utmätning
404 513 43 27 för
461 514 36 20 sin
511 514 100 25 fordran,
627 514 70 20 såsom
713 513 119 28 nedanföre
847 514 8 20 i
869 514 16 27 $

212 548 45 21 241
276 549 67 26 säges,
364 548 38 20 och
422 548 61 27 njute
497 548 59 27 från
567 548 168 28 förfallodagen
751 548 51 27 laga
817 550 66 19 ränta

208 581 42 27 för
266 581 52 21 både
333 581 85 27 kapital
434 581 37 21 och
484 583 88 25 premie.

281 614 86 27 Blifver
382 616 187 27 pantförskrifvet
583 616 53 28 gods
650 618 54 19 utan
715 616 168 27 fordringsega-

213 656 50 14 rens
278 649 106 28 samtycke
400 650 81 20 lossadt
497 650 39 20 och
551 650 126 25 utlemnadt,
693 650 69 20 innan
778 649 105 21 bodmeri-

213 684 58 20 lånet
294 683 71 27 blifvit
388 683 87 25 betaldt,
497 690 52 14 vare
570 684 62 21 såväl
654 683 165 27 befälhafvaren
838 690 45 14 som

212 720 153 25 emottagaren,
388 717 53 27 ifall
461 718 68 21 denne
546 720 35 26 egt
596 718 120 21 kännedom
730 718 79 25 derom,
825 717 58 28 skyl-

212 752 38 27 dig
272 753 33 19 att
326 758 94 14 ansvara
438 751 41 27 för
498 752 26 20 så
543 754 46 18 stor
607 752 34 20 del
656 752 29 27 af
696 752 64 25 lånet,
775 758 46 14 som
835 752 48 20 med

212 786 74 27 godset
300 785 55 21 hade
369 785 84 21 kunnat
467 786 85 27 gäldas.

430 831 16 27 $
461 831 42 21 129
518 830 144 28 oförändrad.

507 882 16 27 $
538 882 48 21 130.

282 921 72 21 Slutas
370 928 64 14 resan
450 921 43 20 icke
508 921 9 20 i
532 921 210 25 bestämmelseorten,
759 923 52 19 utan
825 921 9 20 i
844 928 38 14 an-

212 962 44 14 nan
271 955 70 25 hamn,
357 955 58 21 skall
430 955 58 20 lånet
503 955 40 20 der
558 955 129 21 återbetalas
702 957 54 18 utan
770 955 66 27 något
847 955 35 26 af-

212 990 56 27 drag
288 989 37 21 och
345 989 71 21 under
435 989 116 20 enahanda
569 989 75 25 vilkor,
660 995 44 14 som
720 988 114 28 ofvanföre
849 989 33 20 be-

211 1023 85 21 stämda
311 1025 45 19 äro.
382 1022 163 28 Förfallotiden
551 1022 41 27 för
603 1022 137 28 betalningen
751 1023 81 20 räknas
843 1023 39 20 och

207 1057 111 28 fortlöper
340 1057 62 27 ifrån
424 1057 41 20 den
488 1057 44 26 dag
551 1063 75 14 resans
646 1057 74 20 vidare
730 1057 152 27 fortsättande

212 1091 74 27 blifvit
306 1091 97 20 instäldt.
433 1085 46 26 Äro
489 1090 58 27 flere
563 1091 108 26 exemplar
686 1090 30 27 af
727 1090 154 27 bodmeribref-

211 1127 32 18 vet
265 1124 117 27 utfärdade
404 1124 39 21 och
465 1123 68 27 blifva
554 1124 45 21 icke
618 1125 46 20 alla
679 1125 137 25 återställda,
831 1131 50 14 vare

212 1159 46 24 den,
274 1165 44 14 som
334 1159 137 26 betalningen
487 1157 77 28 lyftar,
579 1158 87 27 skyldig
676 1161 33 18 att
719 1158 86 27 derföre
814 1159 67 20 ställa

210 1192 105 26 säkerhet,
331 1194 33 19 att
378 1192 61 28 gälla
449 1192 9 20 i
469 1194 32 18 tre
516 1192 104 20 månader
636 1192 35 20 till
676 1191 91 28 förmån
774 1192 42 27 för
827 1192 54 25 dem,

210 1234 45 14 som
271 1226 73 21 kunna
359 1226 69 21 bättre
442 1227 46 19 rätt
504 1226 36 20 till
551 1228 83 25 panten
650 1226 52 20 visa.

360 1266 30 27 $$
405 1267 41 20 131
463 1265 36 21 och
517 1267 44 20 132
577 1265 152 27 oförändrade.

486 1329 32 20 Om
533 1328 71 21 haveri,

505 1385 16 27 $
536 1385 48 21 133.

282 1426 44 21 Till
347 1427 130 26 gemensamt
499 1425 74 21 haveri
592 1425 82 21 räknas
694 1425 31 21 all
744 1425 76 26 skada,
835 1433 46 14 som

209 1460 48 21 med
272 1460 68 27 afsigt
355 1459 98 28 tillfogas
463 1458 81 29 fartyg
559 1459 53 21 eller
627 1459 43 21 last
676 1459 43 27 för
729 1459 112 28 räddning
852 1467 28 14 ur
