1070 1786
825 139 34 18 525

212 201 73 22 hvilka
300 202 68 27 enligt
389 201 104 28 gällande
505 200 141 29 författning
662 203 38 19 äro
717 201 128 27 förbundne
861 203 34 19 att

214 235 93 28 burskap
317 236 8 20 i
335 235 50 21 stad
402 235 126 26 innehafva,
550 235 90 28 erlägga
656 235 85 27 årligen
757 235 36 21 till
807 235 88 21 stadens

214 270 64 21 kassa
294 277 25 13 en
334 269 56 28 efter
405 276 23 14 en
446 269 65 21 hvars
525 269 81 21 rörelse
622 270 94 27 lämpad,
732 269 162 28 oföränderligt

209 303 119 27 fastställd
351 302 170 28 näringsafgift,
547 310 47 13 men
614 305 39 19 äro
676 304 8 20 i
707 303 70 27 öfrigt
791 302 104 28 fritagne

210 337 57 27 från
280 337 73 28 hvarje
364 337 78 27 bidrag
458 338 35 20 till
509 337 137 21 bestridande
661 337 30 27 af
695 337 200 21 stadskommunens

216 378 156 21 gemensamma
388 371 71 27 behof.

619 405 22 21 J.
656 406 28 20 A.
699 412 17 14 v.
732 406 75 21 Essen.

216 459 8 19 I
248 458 148 20 ofvanstäende
422 458 129 20 reservation
575 458 24 20 af
623 458 137 20 Guvernören
784 466 19 12 v.
827 459 66 20 Essen

144 493 84 20 förenar
244 493 37 25 jag
304 492 42 26 mig
360 493 65 25 jemte
447 492 35 20 det
505 492 37 26 jag
566 492 93 20 biträder
675 492 98 20 Assessor
789 493 104 20 Höckerts

144 527 131 20 reservation
291 527 88 19 rörande
395 527 94 25 punkten
506 533 33 13 n:o
555 526 20 20 2.

609 565 61 22 Gust.
686 566 118 28 Dahlberg.

213 679 132 21 Beträffande
361 680 13 19 2
389 681 10 22 $
415 680 6 19 i
438 680 35 19 det
489 680 30 19 till
537 680 39 20 den
593 680 82 26 Nädiga
690 680 157 26 propositionen
863 680 30 20 fo-

144 714 54 26 gade
217 714 135 26 lagförslaget
372 713 51 21 eller
438 714 12 19 3
467 716 9 22 $
492 714 68 26 enligt
576 714 110 20 utskottets
703 714 140 26 betänkande,
859 714 33 20 til-

145 748 52 20 läter
217 748 37 26 jag
278 748 40 26 mig
342 748 40 19 den
406 747 141 27 anmärkning
565 750 30 17 att
616 748 34 19 det
666 748 36 20 der
718 748 174 20 förekommande

144 782 126 26 stadgandet
287 782 66 19 skulle
374 781 27 27 pä
420 784 30 17 ett
469 782 106 26 sakenligt
593 784 41 17 sätt
649 782 40 20 löst
704 782 31 20 sin
752 782 89 27 uppgift,
857 789 33 13 om

144 816 36 20 det
194 816 91 20 affattats
303 816 3 19 i
322 816 149 26 hufvudsaklig
487 816 218 20 öfverensstämmelse
721 816 46 20 med
784 816 41 20 den
837 816 55 27 äsigt

144 851 7 19 i
166 853 77 22 ämnet,
264 856 43 14 som
327 850 23 20 af
367 850 81 20 landets
465 850 89 20 Ständer
571 850 101 20 uttalades
688 851 6 19 i
710 850 60 20 deras
787 850 103 20 underdä-

145 885 49 26 niga
216 891 48 13 svar
285 884 27 26 pä
327 884 41 20 den
384 884 48 19 dem
449 884 34 20 vid
508 885 139 19 1863—1864
668 884 32 20 års
720 884 101 27 landtdag
837 885 53 20 före-

145 919 63 26 lagda
223 918 82 27 Nädiga
320 919 157 25 propositionen
503 918 110 27 angäende
636 919 167 25 reorganisation
819 919 24 19 af
851 921 40 18 stä-

144 953 74 20 dernas
237 952 258 26 kommunalförvaltning.
526 952 9 19 I
551 952 58 21 detta
628 952 144 27 underdäniga
788 959 47 14 svar
851 953 40 20 till-

144 987 80 26 styrkte
246 986 123 26 Ständerna,
392 986 42 20 ”att
452 986 69 20 såsom
541 986 136 20 medlemmar
697 986 22 20 af
732 993 26 13 en
775 987 117 19 stadskom-

145 1028 48 13 mun
205 1021 33 19 mä
250 1027 61 13 anses
326 1021 42 19 alla
384 1021 34 25 de,
433 1027 44 13 som
494 1021 5 18 i
516 1020 73 20 staden
607 1020 62 20 hafva
684 1021 35 19 sitt
733 1023 54 17 rätta
802 1021 91 20 hemvist

145 1055 39 20 och
204 1055 107 20 derstädes
329 1057 36 17 äro
388 1054 179 20 mantalskrifne.”
597 1054 81 20 Genom
695 1056 29 18 ett
739 1055 116 26 stadgande
872 1055 22 20 af

144 1089 176 26 hufvudsakligen
338 1089 76 19 sädant
434 1088 93 20 innehäll
548 1089 54 19 hade
618 1089 137 25 lagstiftaren,
771 1089 27 26 pä
814 1095 79 14 samma

143 1123 57 27 gäng
216 1123 39 20 han
276 1123 51 26 tagit
343 1123 64 26 nödig
422 1123 82 25 hänsyn
522 1122 30 20 till
570 1123 174 20 medlemmarnes
760 1123 22 20 af
796 1123 95 20 kommu-

144 1165 39 12 nen
204 1157 122 26 skyldighet
344 1159 30 17 att
396 1156 87 27 erlägga
499 1157 26 19 de
540 1157 182 26 penningebidrag
743 1157 52 20 eller
811 1158 80 26 utskyl-

144 1192 44 25 der,
199 1198 44 13 som
260 1191 32 19 för
307 1191 25 19 de
348 1196 158 21 gemensamma
522 1190 104 20 behofven
644 1191 110 26 erfordras,
770 1191 81 20 kunnat
862 1192 29 19 fä-

145 1228 31 18 sta
186 1225 111 26 tillbörligt
313 1224 99 21 afseende
424 1224 34 20 vid
471 1224 176 20 medlemmarnes
663 1224 23 21 af
699 1225 127 20 kommunen
839 1226 54 27 pligt

143 1263 30 17 att
188 1260 20 20 åt
228 1259 110 26 rådslagen
358 1265 32 14 om
412 1259 79 20 dennas
511 1259 180 26 angelägenheter
711 1266 54 19 egna
780 1260 31 19 sin
828 1261 65 26 insigt

143 1294 39 21 och
194 1293 119 20 erfarenhet
328 1293 39 19 och
384 1294 30 18 att
430 1295 92 24 mottaga
537 1293 40 19 och
593 1293 68 20 utföra
676 1293 26 20 de
718 1293 172 28 förtroendeupp-

143 1329 57 26 drag,
212 1334 44 13 som
272 1327 22 20 af
307 1327 128 20 kommunen
452 1327 72 19 kunna
539 1327 86 21 lemnas.
656 1327 143 20 Kommunens
809 1331 42 17 rätt
862 1331 30 18 att

143 1363 31 20 för
193 1363 46 19 sina
257 1361 106 20 allmänna
383 1360 66 20 behof
469 1360 96 27 skäligen
582 1361 96 20 beskatta
693 1361 117 20 inkomster
825 1363 23 19 af
862 1363 29 19 fa-

142 1397 78 26 stighet
238 1395 39 20 och
296 1395 86 25 rörelse,
403 1395 84 20 hvilkas
507 1401 64 20 egare
590 1395 52 20 eller
662 1395 73 20 idkare
756 1396 18 25 ej
792 1395 25 20 bo
833 1396 57 20 inom

143 1431 80 25 staden,
243 1430 37 19 har
296 1430 36 25 jag
352 1429 124 26 härigenom
496 1429 49 20 icke
565 1429 56 20 velat
636 1429 94 20 förneka.
760 1429 75 20 Denna
850 1432 41 17 rät-

142 1466 73 26 tighet,
226 1464 86 20 hvilken
323 1463 65 20 också
404 1463 64 20 redan
484 1466 23 17 är
524 1463 22 20 af
555 1463 159 27 lagstiftningen
727 1463 87 26 erkänd,
830 1463 61 27 hade,
