1070 1786
804 160 33 18 347

123 222 67 19 skulle
206 223 6 18 i
228 222 61 25 afgift
304 221 29 20 till
350 221 158 26 sjömanshusen
524 221 44 19 lika
584 221 31 19 för
633 221 43 20 alla
698 221 126 20 bestämmas
847 229 25 12 en

123 259 86 22 procent
225 256 23 19 af
262 255 60 20 deras
338 255 34 20 lön
388 255 51 19 eller
450 255 61 26 hyra,
523 255 44 19 deri
584 255 120 26 inbegripet
718 255 38 20 allt
772 255 53 20 hvad
839 256 34 19 be-

125 289 116 19 fälhafvare
258 289 67 19 såsom
342 288 93 26 aflöning
451 288 98 26 åtnjuter.

192 322 133 20 Beträffande
348 322 91 19 nämnda
454 322 248 26 förhyrningsprocenter
721 322 37 20 vill
774 322 101 20 utskottet

124 357 31 19 för
171 356 62 27 öfrigt
256 356 64 20 uttala
340 356 40 19 den
400 356 60 26 åsigt,
476 358 30 17 att
521 356 63 19 sedan
601 356 61 19 dessa
682 356 68 20 blifvit
766 357 109 25 uppburna

124 391 6 19 i
146 390 218 26 afmönstringsorten,
381 389 87 26 afgiften
485 389 32 19 för
533 390 72 25 hvarje
621 390 6 18 i
643 390 131 25 sjömanshus
790 391 84 19 inskrif-

125 430 39 13 ven
180 430 76 20 person
273 424 70 25 borde,
360 423 46 19 med
426 423 269 26 redovisningsskyldighet
710 424 32 19 för
761 424 43 20 helt
823 424 52 20 eller

125 458 52 20 halft
192 458 29 25 år,
237 457 135 20 öfversändas
391 456 30 20 till
436 457 155 25 sjömanshuset
605 456 7 20 i
628 457 51 19 hans
695 457 180 27 inskrifningsort,

126 492 109 19 hvaremot
251 491 113 25 afgifterna
379 490 32 20 för
426 491 55 25 dem,
498 496 44 14 som
563 490 105 20 användas
688 491 5 19 i
714 492 97 26 sjötjenst
826 494 48 18 utan

126 528 30 17 att
172 526 50 19 höra
238 525 32 19 till
290 525 63 26 något
373 524 138 26 sjömanshus,
531 524 69 20 kunde
619 525 136 20 tillerkännas
773 527 101 25 sjömans-

127 560 60 20 huset
202 560 6 19 i
224 559 217 26 afmönstringsorten,
457 564 32 14 om
506 558 75 20 sådant
595 558 37 20 der
647 559 73 25 finnes,
733 561 64 19 men
790 554 12 35 i
812 563 64 17 annat

127 594 36 19 fall
178 593 153 26 sjömanshuset
346 593 6 19 i
368 593 80 25 staden,
465 593 85 19 hvarest
565 593 92 26 fartyget
672 596 22 16 är
710 594 117 20 inskrifvet.

195 628 47 19 Man
262 626 65 20 finner
345 627 37 19 lätt
402 628 29 18 att
450 627 47 19 hela
518 627 40 19 den
574 627 124 27 anordning,
714 634 44 14 som
775 628 102 20 utskottet

128 668 27 13 nu
170 662 100 24 förordat,
286 660 67 20 skulle
369 660 63 20 hafva
448 661 30 19 till
495 660 86 26 påföljd,
597 662 30 18 att
642 662 87 25 sjömän,
741 661 72 21 hvilka
828 662 49 20 icke

131 696 95 26 frivilligt
250 696 112 25 betryggat
382 695 30 19 sin
437 695 98 26 ställning
557 700 75 21 genom
656 696 95 25 pension,
771 696 6 19 i
795 696 83 26 ganska

129 730 75 26 många
223 729 36 20 fall
278 729 82 20 komme
376 729 66 25 jemte
461 729 61 19 deras
542 728 90 26 familjer
651 731 30 17 att
700 729 52 20 falla
771 730 106 20 allmänna

128 764 140 26 fattigvården
293 764 29 18 till
346 763 45 25 last,
412 763 63 19 sedan
495 763 26 19 de
541 763 90 25 upphört
651 765 30 17 att
700 766 52 23 göra
774 764 102 26 sjötjenst.

128 798 47 19 Men
191 798 75 19 sådant
281 797 36 20 har
332 797 61 19 äfven
413 797 134 19 härförinnan
567 797 81 26 ganska
666 797 44 19 ofta
729 797 100 27 inträffat,
845 798 32 19 så-

130 832 48 19 vida
193 831 169 26 sjömanshusens
382 830 111 27 tillgångar
513 831 52 19 varit
585 830 139 27 otillräckliga
744 834 29 17 att
789 832 88 25 försörja

129 866 41 19 alla
191 865 126 20 nödlidande
336 865 91 25 sjömäns
447 864 97 26 familjer.
575 864 37 20 Att
631 864 77 20 bördan
730 865 31 19 för
780 866 40 19 den
840 866 36 19 all-

129 901 77 17 männa
221 898 138 26 fattigvården
376 898 68 19 skulle
459 904 76 20 genom
557 898 104 19 reformen
680 905 84 13 snarare
785 899 92 20 minskas

129 936 26 17 än
171 933 52 19 ökas
239 932 41 19 kan
298 932 47 19 bero
366 932 64 25 deraf,
451 934 30 17 att
501 934 28 17 ett
545 934 64 17 större
625 931 57 20 antal
702 932 89 26 familjer
809 933 68 20 blefve

129 967 103 25 försörjda
247 972 75 20 genom
341 966 118 26 pensioner,
475 966 40 19 och
531 965 44 20 ifall
597 965 147 26 fattigvården,
760 972 43 14 som
819 967 7 18 i
842 973 35 13 an-

129 1001 79 19 seende
228 1000 30 19 till
277 1000 34 19 det
328 999 102 26 erbjudna
449 999 90 20 tillfället
559 999 31 20 för
609 1000 123 25 sjömännen
752 1002 29 17 att
800 1007 77 20 genom

130 1034 87 26 pension
230 1034 55 23 sörja
296 1033 30 20 för
342 1033 31 20 sin
390 1033 90 20 utkomst
496 1033 41 20 kan
554 1033 130 20 handhafvas
700 1035 114 25 strängare,
830 1034 48 20 icke

131 1068 144 20 missbrukade
291 1068 30 19 sin
338 1067 145 26 hjelpsamhet,
495 1067 68 19 skulle
579 1067 105 20 sannolikt
696 1069 29 18 ett
740 1070 65 17 större
821 1069 57 19 antal

131 1103 22 20 af
167 1103 46 19 dem
230 1102 111 25 föredraga
356 1101 54 26 att,
401 1097 11 34 i
426 1101 69 20 stället
511 1101 31 19 för
557 1103 35 23 ett
599 1101 61 26 ringa
676 1101 105 20 nådebröd
799 1109 22 12 ur
840 1102 37 20 fat-

131 1136 115 26 tigkassan,
262 1135 27 26 på
305 1135 89 20 nämnda
409 1137 41 18 sätt
464 1135 65 20 vinna
544 1141 26 14 en
586 1135 85 20 säkrare
687 1135 39 20 och
739 1135 66 20 bättre
817 1136 60 27 berg-

131 1170 56 26 ning.

199 1202 10 20 I
224 1202 157 26 hufvudsakligt
396 1202 100 20 afseende
516 1203 37 19 har
573 1202 101 20 utskottet
693 1202 29 20 uti
738 1202 66 27 öfriga
820 1203 58 20 delar

132 1237 47 20 icke
195 1237 68 19 funnit
279 1236 45 20 skäl
339 1237 31 18 till
386 1237 142 25 påminnelser
544 1239 56 17 emot
615 1237 41 19 den
667 1237 120 26 föreslagna
799 1237 79 20 författ-

132 1272 88 25 ningen;
238 1271 39 19 och
294 1277 42 13 som
353 1277 25 13 en
395 1277 27 20 ny
439 1271 147 26 omarbetning
597 1271 22 19 af
633 1271 122 19 densamma
765 1271 76 20 blifver
851 1278 26 13 en

133 1305 120 26 nödvändig
269 1304 52 26 följd
337 1305 23 19 af
374 1305 40 19 den
430 1305 112 19 förordade
559 1304 149 26 förändringen
723 1305 7 18 i
741 1305 136 25 pensionsan-

132 1339 86 19 staltens
241 1338 149 26 organisation,
410 1345 34 13 om
467 1339 41 19 den
533 1339 75 19 blifver
630 1338 107 27 godkänd,
752 1339 37 18 har
805 1339 36 19 det
855 1339 24 20 så

133 1372 85 26 mycket
235 1372 80 19 mindre
330 1371 79 20 kunnat
426 1372 85 20 komma
526 1373 7 18 i
553 1372 59 27 fråga
633 1374 31 17 att
679 1374 48 24 taga
742 1372 26 19 de
789 1372 31 19 till
835 1375 42 17 äm-

133 1408 35 17 net
184 1405 92 20 hörande
292 1406 88 25 detaljer
396 1406 65 20 under
477 1409 95 17 närmare
584 1405 162 26 öfvervägande,
758 1405 26 20 då
800 1406 78 20 utskot-

132 1443 31 17 tet
177 1440 78 19 saknar
271 1440 125 19 materialier
412 1441 31 19 för
458 1447 26 13 en
501 1440 122 26 fullständig
635 1439 124 26 utläggning
770 1440 22 19 af
800 1440 42 20 alla
853 1441 26 19 de

134 1474 46 19 med
198 1474 72 26 frågan
287 1474 206 26 sammanhängande
509 1474 91 20 faktiska
614 1473 154 20 förhållanden.
