1070 1786
802 143 33 17 273

458 210 10 21 $
485 207 48 20 220.

187 250 10 19 I
213 249 73 26 hvarje
302 248 100 21 händelse
416 247 81 26 åligger
513 246 226 26 försäkringsgifvaren
752 249 29 18 att
791 249 77 18 ersätta

121 285 26 19 de
164 283 156 25 haveribidrag,
336 289 44 13 som
396 282 6 19 i
418 281 89 24 behörig
523 280 90 26 ordning
629 280 69 20 blifvit
709 277 27 23 af
748 281 121 26 dispaschör

121 317 53 20 eller
193 323 70 14 annan
284 316 123 26 myndighet
426 315 51 20 eller
496 320 76 20 genom
591 314 103 26 godvillig
713 314 156 21 öfverenskom-

121 351 64 20 melse
202 350 109 20 bestämda
326 351 30 18 att
375 349 49 27 utgå
442 349 45 19 från
508 348 118 20 försäkradt
645 348 97 26 föremål;
765 355 47 14 men
835 356 33 13 om

123 385 73 26 dylika
215 384 75 26 bidrag
309 384 84 20 komma
412 383 117 20 detsamma
549 382 87 26 tillgodo
657 382 45 20 från
721 389 69 14 annan
807 390 62 20 egen-

122 419 48 19 dom
187 418 52 20 eller
254 418 95 26 tillgång,
365 417 54 20 skall
435 416 226 26 försäkringsgifvaren
678 416 80 27 åtnjuta
772 417 97 20 befrielse
887 431 2 2 -

122 452 45 20 från
184 452 23 20 så
222 454 43 18 stor
281 452 33 20 del
331 452 23 19 af
367 451 142 26 ersättningen
529 450 32 20 för
581 450 115 26 föremålet,
716 457 44 14 som
780 453 89 18 motsva-

123 493 32 13 rar
172 487 67 25 dessa,
256 486 37 20 der
308 486 25 20 de
350 486 71 19 kunna
436 485 60 26 utfås,
512 484 68 20 såsom
597 485 6 19 i
619 487 9 21 $
644 485 40 19 218
700 488 66 24 säges.

460 549 9 22 S
485 547 48 20 221.

192 589 104 19 Omfattar
313 588 47 20 icke
379 590 61 24 tagen
461 587 117 26 försäkring
599 587 119 20 föremålets
737 588 48 20 hela
800 589 71 23 värde,

124 629 48 13 vare
192 621 237 27 försäkringsgifvarens
448 621 135 26 ansvarighet
598 621 6 19 i
620 621 42 19 alla
678 621 58 20 delar
754 622 117 26 inskränkt,

125 657 67 19 såsom
208 657 6 19 i
231 658 10 22 $
258 656 40 20 212
314 658 68 24 säges,
396 656 65 25 jemte
478 655 36 20 det
529 655 54 19 både
603 655 51 19 hans
674 656 39 19 och
732 656 139 26 försäkrings-

125 693 97 24 tagarens
240 690 127 26 ömsesidiga
386 689 124 27 rättigheter
529 689 38 20 och
583 688 147 27 skyldigheter
747 690 124 20 bestämmas

125 727 53 18 samt
202 724 90 20 emellan
317 724 53 20 båda
393 723 96 26 fördelas,
514 723 27 26 på
562 725 41 17 sätt
625 723 63 20 ofvan
708 724 6 18 i
733 723 103 21 särskilda
851 726 21 22 $$

124 759 135 20 föreskrifvet
274 761 28 16 är.

465 816 10 22 s
490 814 48 20 222.

194 854 226 26 Försäkringstagaren
441 860 50 14 vare
510 854 117 26 berättigad
644 856 30 18 att
688 854 30 20 till
734 854 140 27 försäkrings-

126 889 95 26 gifvaren
233 888 82 20 afträda
324 888 90 20 skadadt
425 888 69 26 fartyg
505 888 38 20 och
556 890 29 17 att
596 888 82 20 derföre
690 888 137 20 utbekomma
837 889 36 19 full

126 923 125 26 ersättning,
266 922 43 20 ifall
331 922 35 19 det
386 928 75 20 genom
482 922 65 19 sådan
563 922 121 27 besigtning
700 923 38 19 och
754 923 119 26 värdering,

127 963 43 14 som
195 957 32 19 för
254 956 111 27 utredning
388 962 33 14 om
445 956 71 19 haveri
544 956 106 25 anställes,
673 956 39 19 kan
737 956 83 20 utredas
845 959 29 17 att

127 991 79 19 skadan
222 990 12 19 &
250 990 90 27 fartyget
361 990 81 27 uppgår
461 990 31 19 till
513 992 30 17 tre
559 990 126 26 fjerdedelar
700 990 22 20 af
735 990 139 27 försäkrings-

128 1025 78 20 värdet.

195 1058 41 19 Vill
259 1058 202 27 försäkringstagare
481 1059 24 19 af
521 1058 65 20 sädan
605 1058 100 26 rättighet
722 1059 32 25 sig
769 1058 106 27 begagna,

128 1092 84 20 anmäle
228 1092 72 19 derom
316 1092 37 19 hos
369 1092 226 27 försäkringsgifvaren
615 1092 57 19 inom
688 1099 25 13 en
730 1092 75 20 mänad
820 1092 54 20 ifrän

127 1127 40 19 den
184 1126 46 26 dag,
247 1125 26 20 dä
289 1126 39 19 han
344 1132 33 13 om
395 1126 149 26 besigtningen
562 1125 83 20 erhällit
655 1125 89 27 behörig
755 1126 119 20 kännedom

127 1161 51 19 eller
195 1166 48 13 vare
259 1159 29 20 all
304 1160 71 19 vidare
392 1160 56 19 talan
463 1166 33 13 om
514 1160 102 26 fartygets
632 1159 124 20 afträdande
773 1159 102 27 förlustig.

467 1224 9 22 s
493 1222 47 19 223.

197 1262 48 19 Rätt
260 1264 30 17 att
305 1261 82 20 afträda
402 1261 119 20 försäkradt
536 1261 53 26 gods
604 1261 128 20 tillkommer
745 1261 78 26 jemväl
835 1261 40 20 för-

131 1296 176 26 säkringstagare,
322 1295 27 20 dä
364 1295 76 27 godset
457 1295 86 20 anländt
562 1295 30 19 till
609 1295 105 20 nödhamn
730 1295 39 20 och
785 1295 93 26 fartyget

130 1330 108 21 derstädes
261 1329 101 20 förklaras
385 1329 47 20 icke
456 1329 61 20 värdt
536 1331 29 17 att
584 1329 140 25 iständsättas,
740 1331 53 18 samt
808 1335 69 14 annan

132 1364 100 27 lägenhet
250 1364 32 19 för
302 1363 84 27 godsets
409 1362 152 21 fortskaffande
576 1363 19 25 ej
611 1363 67 19 heller
700 1363 40 19 kan
764 1363 56 20 inom
844 1363 35 19 tvä

130 1398 100 20 månader
246 1397 53 20 efter
314 1397 125 20 ankomsten
455 1397 31 19 till
503 1396 132 20 nödhamnen
656 1397 94 19 beredas.
780 1397 49 20 Men
845 1403 33 13 om

129 1433 18 18 is
170 1432 51 20 eller
244 1433 63 18 annat
329 1431 73 26 längre
425 1430 129 20 fortfarande
577 1430 136 20 naturhinder
736 1431 44 19 före
806 1430 73 27 utgän-

128 1472 41 19 gen
184 1465 23 20 af
220 1465 70 20 denna
304 1465 29 19 tid
350 1465 72 26 vållar,
438 1466 30 18 att
483 1464 75 26 godset
573 1464 48 20 icke
637 1464 40 20 kan
694 1464 105 25 afsändas,
816 1463 62 20 hafve

777 1496 22 18 18
