1070 1786
809 149 34 18 571

197 210 29 27 af
236 211 88 20 stadens
345 216 158 22 gemensamma
525 209 92 28 utgifter
636 217 62 14 anses
716 210 40 21 och
766 210 113 27 förvaltas

192 245 34 26 pä
240 247 44 18 sätt
299 244 41 21 här
354 244 72 21 nedan
441 245 68 26 säges.

263 278 49 21 Den
330 278 107 28 egendom,
459 284 46 15 som
524 277 107 22 särskildt
646 277 75 22 tillhör
750 279 72 26 nägon
836 278 43 21 viss

195 312 60 20 klass
265 312 29 26 af
303 312 87 21 stadens
405 311 144 27 medlemmar,
566 311 38 21 bör
614 311 112 27 förvaltas
742 311 37 21 och
795 314 84 18 använ-

196 346 40 21 das
251 346 9 20 i
274 346 94 28 enlighet
385 346 48 20 med
448 346 25 20 de
484 345 151 28 föreskrifter,
654 345 72 22 hvilka
746 346 75 21 härom
840 348 39 19 äro

196 380 110 28 gällande.

268 414 45 21 Till
328 413 138 22 bestridande
481 413 31 27 af
522 413 98 28 utgifter,
636 420 51 20 som,
701 414 87 27 utöfver
803 414 49 22 dei
866 415 13 19 1

196 455 62 15 mom.
278 448 29 27 af
322 448 72 21 denna
408 448 15 27 $
438 447 147 27 omförmälda
604 448 128 28 tillgångar,
752 448 73 21 kunna
845 448 36 21 till

197 478 87 26 stadens
298 489 158 24 gemensamma
475 489 58 21 gagn
549 482 52 21 eller
611 482 42 27 för
668 482 110 21 särskilda
789 482 48 21 dess
847 482 33 21 be-

198 516 44 28 hof
258 516 120 28 erfordras,
400 518 40 19 äro
455 516 138 21 kommunens
612 516 136 22 medlemmar
772 516 109 21 underka-

197 551 61 21 stade
274 551 141 28 beskattning,
427 551 32 27 pä
474 552 45 20 sätt
534 550 39 22 och
587 551 67 28 enligt
670 551 25 21 de
702 551 96 28 grunder
810 551 71 21 denna

192 585 136 28 Jörordning
343 585 107 21 utstakar.

509 643 16 27 $
539 644 20 20 7.

267 683 79 21 Denna
364 682 139 28 förordning
519 684 41 26 gör
578 682 46 21 icke
643 684 72 26 någon
732 683 97 27 ändring
848 684 34 20 uti

199 718 26 20 de
240 717 137 21 kommunala
391 716 129 28 rättigheter
535 716 38 22 och
582 716 160 28 förpligtelser,
757 724 45 14 som
814 718 68 26 enligt

198 752 112 28 grundlag
324 752 52 20 eller
382 751 129 27 privilegier
521 751 49 21 med
579 750 186 29 grundlagshelgd
775 751 107 21 särskildt

199 786 119 21 tillkomma
334 786 58 20 vissa
407 785 138 21 medlemmar
555 784 31 28 af
593 792 25 14 en
628 785 175 26 stadskommun;
818 785 63 21 hvar-

200 822 54 18 emot
269 820 46 20 alla
330 819 74 28 öfriga
418 819 139 21 kommunala
571 819 128 28 rättigheter
714 819 38 21 och
762 819 119 28 skyldighe-

199 856 38 24 ter,
249 854 72 21 hvilka
334 853 80 21 hittills
424 853 58 21 varit
493 853 130 28 borgerskap
634 853 38 21 och
682 853 131 28 gårdsegare
825 860 56 14 sam-

194 888 65 27 fäldt
274 888 51 20 eller
344 888 108 20 hvardera
466 887 108 21 särskildt
584 887 150 27 förbehållna,
751 887 131 27 hädanefter

200 921 70 28 blifva
283 921 41 28 för
339 922 47 21 alla
400 921 138 22 medlemmar
553 921 31 28 af
595 921 189 22 stadskommunen
798 928 84 22 gemen-

199 962 89 15 samma.

470 1031 14 22 2
499 1031 113 28 Kapitlet.

442 1077 31 20 Om
488 1077 157 20 rådhusståmma.

516 1135 15 26 $
546 1135 21 20 8.

269 1175 183 21 Rädhusstämma
470 1174 70 21 hålles
559 1174 62 27 inför
639 1175 146 27 Magistraten
805 1176 8 20 i
832 1176 52 20 råd-

200 1208 61 22 huset
272 1209 68 21 under
351 1208 188 28 ordförandeskap
550 1208 30 28 af
591 1208 169 28 Borgmästaren
775 1210 53 20 eller
843 1210 41 21 den

200 1243 55 21 hans
270 1243 63 21 ställe
343 1243 136 27 företräder,
495 1242 38 21 och
547 1243 62 21 skola
618 1243 207 29 förhandlingarna
836 1244 47 21 der-

200 1277 38 22 vid
252 1284 54 14 vara
321 1277 121 28 offentliga.

515 1335 16 27 $
545 1336 19 20 9.

273 1375 36 21 Uti
330 1375 56 25 stad,
409 1375 39 21 der
469 1375 138 21 kommunens
629 1375 172 22 beslutanderätt
819 1378 28 19 är
861 1377 23 21 ät

200 1409 202 28 stadsfullmäktige
426 1409 128 27 öfverläten,
581 1416 35 21 ege
641 1411 20 26 ej
683 1410 83 21 allmän
790 1410 94 22 rädhus-

200 1446 92 19 stämma
309 1450 49 14 rum
368 1443 41 27 för
424 1445 69 18 annat
507 1443 110 26 ändamål,
634 1445 28 19 än
678 1444 35 20 till
728 1445 36 20 val
778 1443 29 28 af
813 1445 71 20 stads-

196 1477 151 28 fullmäktige,
363 1477 29 27 af
404 1477 117 21 ledamöter
539 1479 9 19 i
565 1478 123 27 taxerings-
704 1477 36 21 och
752 1478 132 28 pröfnings-
