1070 1786
218 137 12 18 8

185 199 68 22 finnés
268 201 6 20 i
292 202 144 27 vattendraget
451 201 93 27 anlagdt,
560 202 51 20 eller
626 203 30 18 att
672 201 103 27 flottning,
791 208 45 13 som
852 201 24 20 af
885 207 49 20 ega-

185 241 37 14 ren
238 235 31 20 till
285 235 69 27 dylikt
370 236 49 20 verk
436 238 111 24 motsäges,
563 236 23 19 af
598 236 67 27 öfrige
677 235 158 21 vederbörande
847 235 89 27 medgif-

185 269 48 26 vits,
256 269 40 21 och
315 272 31 18 att
363 269 68 28 någon
447 270 119 26 väsendtlig
581 269 113 27 olägenhet
710 269 22 20 af
746 270 125 26 flottningen
888 269 47 20 icke

185 302 42 20 kan
244 303 80 27 uppstå,
340 304 34 20 må
388 304 137 20 Guvernören
542 303 67 20 tillåta
620 304 122 20 densamma
754 305 48 18 utan
814 303 65 21 sådan
889 309 46 20 syn,

186 342 44 14 som
246 337 7 19 i
269 339 10 22 $
296 338 11 19 4
323 337 140 26 omförmäles,
485 337 69 20 derest
573 337 109 21 sökanden
702 337 72 20 ställer
788 337 100 27 godkänd
905 339 31 18 sä-

186 370 77 20 kerhet
284 371 32 20 för
336 371 128 20 ersättandet
482 371 23 20 af
521 371 41 20 den
578 371 66 20 skada
660 378 42 13 som
718 378 76 19 genom
811 371 124 26 flottningen

187 403 42 21 kan
246 404 164 21 åstadkommas.

541 468 10 23 S
567 468 19 18 7.

256 506 68 20 Hafva
345 506 86 21 arbeten
452 506 31 20 för
503 506 92 20 flottleds
609 506 120 20 inrättande
745 506 69 20 blifvit
830 509 48 17 utan
895 506 41 20 Gu-

187 543 87 17 vernörs
295 541 92 20 tillstånd
408 540 128 21 verkställda
551 541 5 19 i
573 541 26 19 de
619 540 37 20 fall
672 540 27 20 då
714 540 50 20 slikt
780 540 93 20 tillstånd
889 540 47 20 icke

187 574 121 26 erfordrats,
328 575 52 20 eller
394 575 38 20 har
446 575 145 25 Guvernören,
606 575 28 25 pä
648 577 41 17 sätt
704 575 5 19 i
731 577 5 22 $
753 575 11 19 6
779 575 93 26 stadgas,
887 577 49 18 utan

187 608 130 26 föregängen
333 615 38 19 syn
388 608 71 20 tillätit
474 608 103 27 flottning,
594 608 39 20 och
650 608 34 20 vill
701 608 48 26 den,
765 614 44 14 som
826 608 110 20 flottleden

188 642 93 26 inrättat,
297 642 23 20 af
332 642 67 21 andra
415 642 93 27 uppbära
523 642 61 27 afgift
599 642 31 20 för
642 642 48 20 dess
701 642 144 27 begagnande,
858 642 36 20 bör
905 642 31 20 sä-

187 676 40 20 dan
251 683 39 19 syn
313 682 44 14 som
373 677 7 19 i
396 679 9 22 $
422 679 11 17 4
449 677 132 20 omförmäles
603 677 105 26 utverkas,
728 676 86 20 hvarvid
831 676 54 21 dock
901 683 35 13 an-

187 710 39 20 dra
248 710 178 28 omständigheter
449 711 47 20 icke
520 710 90 21 behöfva
630 710 129 21 undersökas
777 714 25 16 än
819 710 117 21 kostnaden

187 744 32 20 för
235 744 120 20 flottledens
371 745 132 27 anläggande
519 745 38 20 och
574 745 110 20 underhäll
700 747 53 18 samt
767 744 68 28 öfriga
845 746 91 19 omstän-

187 778 105 26 digheter,
314 785 44 13 som
382 778 72 20 kunna
472 779 88 20 inverka
575 778 28 27 pä
618 779 167 20 bestämmandet
800 779 23 20 af
835 778 101 28 afgiftens

188 812 88 26 belopp;
300 812 39 20 och
362 812 81 28 äligger
465 813 36 20 det
519 813 138 20 Guvernören
676 815 36 23 att,
728 813 63 20 sedan
807 814 129 25 syneinstru-

188 848 81 18 mentet
284 846 116 26 inkommit,
416 847 74 26 pröfva
505 854 33 13 om
554 847 41 20 slik
612 847 60 27 afgift
688 847 34 20 mä
736 853 41 20 ega
792 854 44 12 rum
851 847 39 19 och
901 854 35 19 ge-

187 887 49 13 nom
254 880 68 27 utslag
337 881 102 20 fastställa
454 881 99 27 afgiftens
570 881 84 26 belopp.

314 962 3 2 .
541 945 10 22 $
568 943 19 20 8.

258 981 120 21 Guvernörs
398 983 74 26 utslag,
491 983 136 26 hvarigenom
644 983 92 20 tillstånd
753 983 31 20 till
801 983 90 20 flottleds
907 984 29 19 in-

189 1016 97 20 rättande
302 1017 121 26 meddelats,
440 1017 39 26 må,
495 1023 33 14 om
545 1017 108 20 sökanden
670 1017 71 20 derom
757 1017 101 25 anhåller,
872 1018 65 20 ehuru

188 1050 48 19 icke
253 1050 49 27 laga
317 1051 55 20 kraft
388 1053 83 24 vunnet,
487 1051 30 20 till
534 1051 158 27 verkställighet
709 1051 114 27 befordras,
838 1052 23 19 så
875 1052 62 20 framt

188 1083 111 21 sökanden
322 1085 37 20 hos
382 1085 136 20 Guvernören
541 1085 72 20 ställer
636 1085 89 20 särskild
746 1085 99 20 säkerhet
864 1087 31 19 för
911 1087 26 19 de

188 1117 75 21 skade-
280 1119 38 20 och
334 1119 68 26 öfriga
418 1119 139 27 ersättningar
573 1120 76 19 honom
666 1120 71 19 kunna
750 1120 108 20 ådömmas
869 1121 6 19 i
887 1121 49 20 hän-

188 1151 59 20 delse
263 1153 89 26 ändring
367 1153 7 19 i
391 1153 88 26 utslaget
495 1154 80 19 vinnes.

541 1217 10 23 $
568 1216 19 19 9.

256 1253 85 21 Kronan
364 1261 50 20 eger
437 1255 156 20 företrädesrätt
612 1255 86 21 framför
719 1256 96 20 enskilde
836 1263 101 20 personer

186 1289 31 18 att
240 1288 77 20 inrätta
336 1288 208 30 flottningsanstalter
561 1289 28 20 uti
605 1289 79 20 sådana
700 1290 130 27 vattendrag,
845 1297 44 14 som
907 1291 30 20 till

188 1321 98 27 flottning
308 1322 129 20 allmännare
462 1323 116 26 begagnas;
601 1323 39 20 och
664 1323 123 21 ankommer
807 1324 12 20 å
834 1324 102 21 Senatens

186 1355 120 20 Ekonomie
328 1356 151 27 Departement
497 1359 36 24 att,
554 1357 26 26 på
596 1357 154 27 framställning
765 1358 24 19 af
801 1358 135 27 Forststyrel-

186 1395 38 14 sen
240 1389 54 20 eller
310 1390 157 21 vederbörande
483 1391 118 26 Guvernör,
617 1391 71 20 härom
706 1391 120 22 bestämma.

257 1423 98 21 Ansöker
371 1424 81 20 enskild
469 1431 73 20 person
559 1425 93 20 tillstånd
670 1425 30 20 till
716 1425 91 20 flottleds
818 1426 119 21 inrättande

187 1457 5 20 i
210 1457 71 26 dylikt
300 1458 130 27 vattendrag,
450 1459 79 26 åligger
545 1459 35 20 det
595 1459 145 26 Guvernören,
757 1460 5 19 i
779 1459 100 22 händelse
895 1461 40 20 han
