1070 1786
230 157 35 18 290

546 223 9 22 s
571 221 34 20 28.

268 262 72 20 Såsom
361 261 78 20 arvode
459 260 39 21 och
518 261 59 19 lösen
599 267 39 20 ega
661 261 170 26 sjömanshusens
855 261 95 20 ombuds-

201 300 47 17 män
266 296 104 26 uppbära:

270 330 68 26 Afgift
354 329 22 20 af
390 329 84 25 enhvar,
490 335 43 13 som
550 329 6 19 i
573 329 131 25 sjömanshus
724 329 121 26 inskrifves,
862 330 46 20 med
925 336 25 12 en

202 365 69 25 mark;

270 398 45 20 Två
336 397 58 20 mark
416 397 67 19 såsom
503 397 58 19 lösen
581 398 31 18 för
633 397 118 25 frejdebok,
770 404 44 12 som
834 398 21 19 ät
870 398 80 25 sjömän

202 433 100 25 utfärdas,
318 432 108 19 hvaremot
442 431 40 19 alla
497 431 90 25 löpande
604 431 154 26 anteckningar
774 431 45 20 deri
834 431 51 20 böra
896 431 55 19 kost-

202 467 98 21 nadsfritt
316 466 109 25 fullgöras;

270 500 67 20 Lösen
354 500 31 19 för
400 499 162 26 skeppsdagbok
575 499 46 19 med
633 500 58 25 tjugu
704 500 63 25 penni
783 499 31 20 för
825 500 72 25 hvarje
908 499 44 26 ark,

202 536 38 20 och
258 535 105 19 dessutom
383 537 30 15 tre
433 533 57 19 mark
509 533 32 19 för
560 533 81 19 bokens
661 532 133 27 inbindning,
813 533 139 27 genomdrag-

203 571 51 25 ning
270 569 39 20 och
325 567 128 27 försegling
442 563 13 37 ;

271 603 67 19 Lösen
354 602 31 19 för
401 601 82 19 afskrift
494 601 22 19 af
526 600 130 27 handlingar,
668 607 44 13 som
724 602 6 18 i
743 602 158 25 sjömanshusen
913 602 39 19 för-

204 643 66 19 varas,
287 636 47 20 med
351 642 25 13 en
394 635 58 19 mark
467 635 31 19 för
514 636 72 24 hvarje
603 635 43 20 ark.

272 670 73 20 Säsom
369 670 58 19 lösen
453 670 30 19 för
505 669 147 26 sjömansrulla
674 669 96 26 erlägges
790 669 23 19 af
829 669 74 19 redare
923 671 31 17 tre

204 706 67 24 mark,
294 711 33 13 om
352 704 91 26 fartyget
464 704 47 19 icke
533 704 116 26 inrymmer
668 704 82 19 hundra
769 703 70 26 läster,
859 703 38 20 och
916 710 37 12 sex

204 740 60 20 mark
280 739 31 19 för
327 740 66 18 större
409 738 75 26 fartyg.
513 738 118 19 Enahanda
647 738 58 19 lösen
722 738 31 19 för
769 738 59 19 bevis
844 744 33 13 om
893 737 61 20 verk-

204 774 62 20 ställd
286 772 139 26 afmönstring
444 774 21 17 är
481 772 6 18 i
503 772 55 19 förra
574 772 58 19 fallet
654 772 34 19 två
705 772 58 19 mark
780 772 38 19 och
835 772 6 18 i
858 772 34 19 det
908 772 45 19 sed-

205 814 49 14 nare
270 808 46 25 fyra
332 806 65 20 mark.
428 806 83 19 Hälften
528 806 61 20 deraf
604 806 92 19 tillfaller
712 806 188 25 ombudsmannen,
916 806 38 19 och

206 842 40 20 den
265 841 65 19 andra
349 840 79 20 hälften
448 840 90 19 fördelas
558 840 91 19 emellan
670 840 25 19 de
716 840 239 23 direktionsledamöter,

205 882 44 14 som
267 875 34 19 vid
317 874 35 26 på-
369 874 51 20 eller
436 874 165 26 afmönstringen
618 874 98 19 närvarit.

311 954 31 20 Om
358 953 103 20 understöd
476 952 35 21 och
526 953 102 26 pensioner
643 952 43 20 från
702 952 149 26 sjömanshusen.

551 1017 10 22 s
577 1015 33 20 29.

276 1055 172 27 Sjömanshusens
471 1055 116 19 inkomster
610 1054 66 25 skola,
696 1054 54 19 efter
765 1055 74 26 afdrag
858 1055 46 19 utaf
917 1055 38 19 för-

208 1089 254 28 valtningskostnaderna,
485 1089 113 24 användas,
619 1088 45 19 dels
685 1088 30 19 till
735 1089 118 25 pensioner,
873 1089 26 25 på
918 1091 40 17 sätt

208 1125 69 20 nedan
296 1124 91 26 stadgas,
407 1123 44 20 dels
470 1123 39 19 ock
530 1122 30 19 till
580 1122 131 26 utbetalning
728 1123 22 18 af
763 1123 105 26 tillfälliga
883 1123 74 19 under-

208 1159 46 20 stöd
271 1158 21 19 åt
307 1157 115 20 medellösa
437 1157 39 19 och
492 1157 128 19 nödlidande
636 1156 150 26 befälhafvare,
802 1159 93 23 styrmän
907 1157 50 19 eller

209 1194 80 25 sjömän
306 1194 53 17 samt
375 1191 60 19 deras
451 1191 66 19 enkor
533 1191 39 19 och
589 1191 57 25 barn,
662 1192 38 17 när
715 1190 26 20 de
756 1190 47 20 icke
819 1193 35 17 äro
867 1191 30 18 till
908 1196 49 20 pen-

208 1228 45 19 sion
270 1224 138 28 berättigade.

555 1273 10 21 s
581 1271 33 18 30.

279 1311 143 20 Pensionerna
441 1310 90 19 fördelas
548 1311 7 18 i
571 1312 31 17 tre
621 1309 86 26 klasser,
727 1309 114 26 nemligen,
860 1310 97 25 fyrahun-

212 1347 37 20 dra
272 1345 67 20 finska
363 1344 58 19 mark
445 1344 79 26 ärligen
548 1344 31 19 för
598 1343 141 26 sjökaptener,
762 1343 117 20 tvähundra
901 1344 58 19 mark

211 1381 32 19 för
259 1378 194 26 östersjöskeppare
472 1378 39 19 och
530 1380 94 23 styrmän
643 1379 52 18 samt
716 1377 112 20 etthundra
847 1377 57 20 mark
928 1378 31 19 för

212 1415 88 25 sjömän.
330 1411 61 20 Enka
412 1411 46 20 med
478 1411 52 20 eller
550 1414 49 17 utan
615 1411 51 20 barn
683 1411 128 20 tillkommer
826 1411 67 20 säsom
910 1418 49 19 pen-

212 1448 45 19 sion
275 1446 34 19 två
325 1445 127 26 tredjedelar
467 1445 22 20 af
503 1445 35 20 det
552 1445 85 26 belopp,
653 1451 43 14 som
712 1442 40 23 d&n
764 1445 77 20 aflidne
852 1445 49 26 sjelf
910 1452 49 20 upp-

213 1481 55 21 burit
286 1480 51 19 eller
357 1479 67 19 skulle
444 1480 53 19 varit
515 1479 118 26 berättigad
652 1481 30 17 att
700 1479 99 26 uppbära.
830 1479 65 19 Lefva
910 1479 52 20 blott
