1070 1786
795 150 32 18 517

178 211 92 28 afgifna
288 213 119 20 utlåtande.
439 212 85 21 Sådant
543 212 68 21 beslut
629 212 58 21 skall
706 212 30 27 af
753 212 110 21 Guvernö-

178 253 39 14 ren
244 247 103 27 antingen
370 246 130 27 fastställas
527 246 148 28 oförändradt
702 247 53 20 eller
777 247 85 27 ogillas.

182 280 86 27 Vägras
279 280 153 27 fastställelse,
450 280 103 27 uppgifve
569 280 139 21 Guvernören
722 280 76 20 skälen
814 281 49 20 der-

179 314 47 25 till;
246 314 38 20 och
303 316 26 18 är
349 314 35 21 det
403 314 200 28 stadsfullmäktige
618 315 52 20 eller
685 314 177 21 rådhusstämma

178 348 96 28 obetaget
296 350 39 24 att,
358 355 32 14 om
400 348 43 27 fog
461 348 76 21 dertill
559 355 62 14 anses
639 348 142 27 förekomma,
801 348 62 27 öfver

178 382 83 28 vägrad
271 382 140 25 fastställelse
426 382 66 28 klaga
502 383 9 20 i
523 382 103 22 Senatens
642 382 118 22 Ekonomie
775 382 87 28 Depar-

178 418 84 19 tement.

488 485 15 27 $
518 486 35 20 77.

249 530 91 22 Medlem
356 530 30 27 af
398 530 193 26 stadskommunen,
613 538 44 14 som
673 531 22 21 ät
711 532 83 20 allmän
809 532 54 20 räd-

178 566 143 20 husstämmas
341 566 53 20 eller
411 559 222 34 stadsfullmäktiges
643 565 67 21 beslut
725 567 34 20 uti
773 566 88 21 stadens

177 606 157 21 gemensamma
356 599 179 28 angelägenheter
554 600 21 26 ej
596 600 64 27 nöjes,
684 607 48 20 eger
754 602 45 19 rätt
822 602 39 24 att,

178 634 38 21 der
238 634 44 20 han
304 634 82 20 tilltror
401 634 33 26 sig
450 633 73 21 kunna
543 634 46 20 visa
609 636 32 18 att
657 634 88 21 beslutet
767 634 95 20 kränker

178 668 54 21 hans
251 668 98 20 enskilda
368 670 51 23 rätt,
441 667 52 21 eller
508 670 32 18 att
556 668 35 20 det
613 668 46 20 icke
675 669 8 19 i
698 668 52 28 laga
765 668 96 28 ordning

178 702 128 26 tillkommit,
327 702 52 20 eller
398 704 33 18 att
448 702 35 20 det
502 702 48 20 står
565 702 8 20 i
587 702 57 20 strid
663 702 47 21 med
725 704 82 19 allmän
825 704 36 26 lag

178 737 51 20 eller
234 736 141 28 författning
390 736 53 20 eller
457 736 127 21 annorledes
600 736 145 27 öfverskrider
753 737 64 21 deras
829 737 31 20 be-

173 770 111 28 fogenhet,
304 777 45 14 som
368 770 88 20 beslutet
471 770 78 27 fattat,
571 770 71 21 deruti
657 770 51 21 söka
723 772 88 20 rättelse
825 778 36 20 ge-

177 811 49 14 nom
248 804 80 25 besvär,
354 804 79 25 hvilka,
450 805 67 27 jemte
537 804 34 21 det
591 804 153 28 öfverklagade
765 805 96 26 beslutet,

178 838 52 21 böra
250 839 34 20 till
305 838 139 21 Guvernören
466 838 97 28 ingifvas
580 839 56 20 inom
652 840 71 20 trettio
745 833 70 34 dagar
831 839 29 27 ef-

178 876 32 18 ter
226 873 35 20 det
276 872 124 28 klaganden
415 872 31 27 af
457 872 88 22 beslutet
560 872 68 22 erhöll
644 873 40 26 del,
700 873 71 28 dagen
786 874 29 20 då
826 874 35 20 så-

178 907 54 20 dant
250 906 77 21 skedde
350 906 68 21 likväl
436 906 109 26 oräknad;
567 907 39 20 och
621 907 83 27 åligger
719 907 35 21 det
769 907 92 28 klagan-

177 942 41 20 den
233 941 101 27 derjemte
348 941 63 20 såväl
426 943 32 18 att
474 941 35 20 vid
525 941 99 20 besvären
634 941 58 28 foga
709 941 55 21 bevis
779 948 32 15 om
823 942 38 21 da-

175 983 42 20 gen
232 975 28 21 då
276 975 88 21 beslutet
384 974 91 28 delgafs,
491 981 45 14 som
551 975 37 20 ock
603 977 32 18 att
650 976 59 20 inom
718 975 88 28 fjorton
822 977 38 20 da-

175 1017 43 20 gar
240 1009 55 28 efter
317 1009 35 21 det
375 1010 59 20 tiden
445 1009 41 27 för
501 1009 113 21 besvärens
629 1010 136 21 inlemnande
782 1011 77 27 utgått,

176 1044 36 21 till
231 1043 145 28 Magistraten
395 1043 87 28 ingifva
502 1043 129 26 diariibevis
646 1043 102 28 deröfver
767 1047 32 18 att
816 1044 45 21 han

175 1078 34 27 sig
226 1078 104 20 besvärat.

247 1111 142 21 Försummar
411 1111 125 28 klaganden
559 1112 66 27 något
647 1111 31 27 af
695 1111 57 22 hvad
765 1113 95 20 sålunda

176 1148 26 19 är
213 1145 152 28 föreskrifvet,
384 1146 35 20 mä
435 1145 89 21 beslutet
539 1145 73 21 kunna
626 1146 29 27 gä
670 1146 8 20 i
692 1146 168 28 verkställighet.

246 1179 133 28 Klaganden
394 1179 58 21 skall
467 1186 62 14 anses
542 1174 71 32 hafva
630 1179 30 23 af
673 1179 88 21 beslutet
771 1180 90 21 erhällit

175 1215 34 21 del
220 1214 40 21 den
277 1214 49 28 dag,
342 1214 29 21 dä
386 1214 35 21 det
436 1214 8 20 i
459 1213 218 28 öfverensstämmelse
684 1214 48 21 med
741 1216 32 20 22
784 1214 38 21 och
832 1216 29 19 40

174 1249 31 28 $$
221 1248 192 28 offentliggjordes.

485 1317 15 27 $
515 1318 35 19 78.

247 1364 34 20 Gå
304 1363 100 21 besvären
428 1363 67 27 derpä
517 1365 30 22 ut,
571 1365 33 18 att
623 1363 89 20 beslutet
726 1363 43 21 icke
784 1364 9 20 i
809 1364 51 28 laga

175 1399 95 26 ordning
286 1397 129 26 tillkommit,
435 1397 52 20 eller
502 1399 33 18 att
550 1397 35 20 det
599 1397 47 20 stär
661 1397 9 20 i
684 1397 58 20 strid
756 1398 47 20 med
818 1399 42 20 all-

174 1435 52 18 män
244 1433 36 26 lag
299 1431 53 21 eller
366 1431 141 27 författning
528 1431 52 20 eller
601 1431 126 20 annorledes
746 1431 115 28 öfverskri-

175 1467 39 20 der
230 1467 64 20 deras
313 1465 129 28 befogenhet,
462 1472 45 14 som
524 1465 87 21 beslutet
621 1465 79 27 fattat,
716 1472 48 20 eger
780 1466 80 21 Guver-
