1070 1786
228 153 36 18 274

199 216 219 26 försäkringstagaren
435 216 40 18 rätt
490 216 30 17 att
536 214 81 20 afträda
634 215 117 20 detsamma
767 215 51 20 först
834 215 35 20 två
880 215 70 20 måna-

200 252 37 19 der
258 250 52 20 efter
329 249 35 20 det
384 249 83 20 hindret
485 249 96 26 upphört,
601 249 70 19 derest
690 249 98 26 lägenhet
812 250 31 19 för
866 249 84 27 godsets

200 284 140 20 befordrande
354 279 39 23 till
416 283 208 19 bestämmelseorten
648 283 56 19 inom
729 283 39 19 den
793 284 56 19 tiden
873 284 18 25 ej
915 289 35 13 an-

198 318 94 20 skaffats.

540 363 10 22 $
567 362 47 19 224.

271 402 107 26 Rättighet
396 404 30 17 att
444 401 82 20 afträda
541 401 73 26 hvarje
630 402 44 26 slag
690 402 23 19 af
727 402 122 20 försäkrade
866 402 85 20 föremål

202 444 48 13 vare
268 436 39 20 ock
323 436 202 26 försäkringstagare
542 435 90 26 lagligen
650 436 129 26 medgifven,
791 439 37 17 när
839 436 27 20 all
878 437 74 19 under-

202 471 85 20 rältelse
303 476 32 14 om
352 470 47 19 dem
417 469 112 20 uteblifvit:
551 476 37 12 sex
605 469 100 19 månader
721 469 31 19 för
768 470 129 26 segelfartyg
913 470 38 19 och

203 506 47 25 fyra
267 504 99 20 månader
382 504 31 19 för
432 504 119 26 ångfartyg,
571 503 26 19 då
617 503 161 26 ändpunkterna
795 504 31 19 för
842 510 58 14 resan
918 507 35 17 äro

204 539 90 26 belägna
309 538 56 19 inom
381 538 83 25 Europa
487 538 52 19 eller
562 537 152 25 Medelhafvet;
738 538 33 19 nio
795 538 99 19 månader
918 538 33 20 vid

203 580 69 13 annan
292 579 52 18 resa,
363 578 44 14 som
427 573 19 24 ej
465 571 94 20 sträcker
579 572 32 25 sig
632 571 81 20 bortom
734 571 61 20 Goda
810 572 142 26 Hoppsudden

203 607 51 20 eller
273 606 44 26 Cap
336 606 67 24 Horn;
427 608 52 17 samt
502 605 39 20 tolf
563 605 99 19 månader
681 605 27 20 då
728 612 60 13 resan
813 605 68 27 börjat
903 606 51 20 eller

204 641 62 20 bordt
281 640 55 20 sluta
352 640 80 20 bortom
449 640 60 19 dessa
525 642 61 17 orter.

544 704 10 21 S
569 702 47 19 225.

275 743 81 19 Varder
376 742 69 26 fartyg
466 742 51 19 eller
537 742 53 25 gods
606 743 58 24 taget
679 741 6 19 i
703 741 71 27 beslag
790 742 52 20 eller
858 742 97 26 uppbrin-

206 778 51 26 gadt
276 783 75 20 genom
371 776 72 26 åtgärd
459 776 23 19 af
496 775 67 26 någon
586 775 104 26 regering,
707 775 53 20 eller
775 778 56 24 taget
847 776 23 20 af
883 777 72 25 sjöröf-

208 818 56 18 vare,
282 810 96 20 meddele
395 810 216 25 försäkringstagaren
628 809 71 19 derom
717 809 153 21 underrättelse
885 810 21 20 åt
916 811 40 19 för-

207 845 201 25 säkringsgifvaren,
428 844 39 19 och
486 850 48 13 vare
555 843 62 19 sedan
635 842 117 27 berättigad
769 846 30 17 att
815 847 43 17 mot
873 845 36 19 full
926 852 30 12 er-

209 879 93 25 sättning
320 878 82 19 afträda
422 878 34 19 det
476 876 129 25 försäkrade,
621 876 86 20 såframt
722 877 35 19 det
772 878 53 19 efter
841 879 68 26 dagen
926 880 31 19 för

209 912 179 20 underrättelsens
408 911 137 20 meddelande
564 911 47 19 icke
632 910 74 20 blifver
727 911 102 26 frigifvet:
848 913 55 19 inom
920 919 38 13 sex

211 946 100 20 mänader
326 946 26 19 dä
368 945 184 26 uppbringningen
569 944 55 26 skett
640 945 6 18 i
662 944 126 27 Europeiskt
804 945 109 27 farvatten,
928 947 29 19 in-

211 980 118 21 beräknadt
344 979 147 25 Medelhafvet,
509 978 74 20 Svarta
598 978 71 19 hafvet
684 979 39 19 och
735 979 97 20 Asovska
843 981 52 25 sjön,
907 984 50 17 samt

210 1015 56 19 inom
287 1014 34 19 nio
340 1014 52 19 eller
415 1013 38 20 tolf
475 1013 106 24 månader,
600 1012 26 19 då
642 1012 90 26 olyckan
749 1013 60 20 timat
824 1015 135 20 annorstädes

213 1049 25 26 pä
254 1049 70 19 denna
347 1047 46 20 sida
415 1047 51 19 eller
490 1047 78 19 bortom
593 1046 60 19 Goda
675 1046 142 27 Hoppsudden
841 1048 52 20 eller
915 1049 44 26 Cap

211 1083 64 19 Horn.

551 1128 10 21 $
578 1126 46 19 226.

283 1167 41 19 Vill
341 1166 202 26 försäkringstagare
559 1165 80 20 afträda
655 1165 118 20 försäkradt
788 1167 93 26 föremäl,
893 1168 67 20 säsom

214 1202 5 19 i
238 1203 21 22 $$
276 1201 40 19 224
332 1200 38 20 och
387 1200 39 20 225
446 1203 67 23 säges,
535 1202 50 23 göre
605 1199 35 19 det
659 1199 56 19 inom
735 1202 30 17 tre
785 1200 106 27 månader,
910 1202 52 20 efter

216 1236 34 19 det
266 1235 40 20 han
322 1235 6 18 i
344 1234 124 20 förenämnd
485 1233 89 26 ordning
592 1232 68 21 blifvit
676 1233 30 19 till
723 1234 65 19 sädan
805 1235 78 20 förmän
897 1236 65 20 berät-

218 1269 64 26 tigad.
314 1269 42 19 Gör
372 1269 41 18 han
430 1268 35 19 det
481 1268 54 26 icke,
551 1267 31 20 fär
597 1268 19 25 ej
632 1267 92 20 afträdes
736 1268 107 21 förmänen
855 1270 23 19 af
888 1270 74 21 honom

217 1303 73 20 vidare
306 1303 117 26 begagnas;
442 1302 53 19 dock
516 1308 49 13 vare
582 1302 75 19 honom
674 1302 99 27 obetaget
787 1305 30 18 att
832 1304 52 19 söka
901 1308 62 17 ersät-

218 1338 50 25 ning
283 1337 32 19 för
330 1336 57 20 liden
404 1336 72 25 skada,
493 1335 66 20 säsom
576 1336 69 19 denna
660 1336 34 26 lag
709 1337 61 25 eljest
786 1338 121 26 medgifver.

287 1370 41 19 Har
344 1370 219 26 försäkringstagaren
580 1370 6 19 i
603 1370 35 19 det
652 1370 44 23 fall,
712 1377 44 13 som
773 1371 27 19 uti
813 1373 9 22 $
834 1371 40 20 224
890 1373 74 19 omför-

220 1405 71 24 mäles,
311 1404 121 19 försummat
452 1404 57 19 tiden
531 1404 31 19 för
577 1404 138 25 afträdandet,
732 1404 51 20 skall
800 1405 39 19 han
857 1405 47 21 icke
920 1407 45 20 der-

220 1439 44 19 före
283 1444 49 13 vara
351 1437 96 27 förlustig
466 1438 125 26 rättigheten
612 1440 29 17 att
656 1438 71 19 fordra
742 1439 115 26 ersättning
873 1440 31 19 för
920 1441 45 20 hela

219 1473 35 19 det
270 1471 121 21 försäkrade
407 1472 116 25 föremälet,
540 1474 47 17 utan
608 1472 89 19 allenast
718 1472 136 20 underkastas
871 1473 39 20 den
927 1475 38 19 för-
