1070 1786
784 143 33 16 245

100 215 45 13 som
161 207 47 20 med
228 207 52 20 eller
298 209 48 17 utan
366 206 65 26 afsigt
449 205 118 20 förorsakas
583 206 22 19 af
619 206 71 26 åtgärd
706 206 6 19 i
729 206 69 26 dylikt
813 209 35 17 än-

101 241 74 20 damål.
207 241 73 20 Dertill
297 241 51 19 höra
362 240 135 26 isynnerhet:

170 275 40 26 1:0)
227 274 76 26 Skada,
319 274 75 19 förlust
412 273 38 20 och
471 273 96 25 kostnad,
587 280 44 13 som
650 274 130 19 omedelbart
799 275 51 19 eller

101 308 117 20 medelbart
237 308 71 20 härrör
329 307 65 25 deraf,
413 309 30 17 att
461 313 60 13 varor
537 307 50 19 eller
604 307 79 27 fartygs
699 308 98 20 tillbehör
814 308 35 20 ka-

100 345 42 18 stas
157 343 59 19 öfver
232 342 51 20 bord
299 342 51 20 eller
366 341 86 19 inlastas
467 342 6 18 i
489 348 69 12 annan
576 341 84 26 farkost,
676 342 52 19 eller
744 344 57 24 mast,
813 349 36 13 an-

101 378 51 19 kare
167 377 52 19 eller
234 383 68 13 annan
319 375 171 27 skeppsredskap
505 375 66 26 kapas
591 376 51 19 eller
657 376 125 20 annorledes
799 383 50 19 upp-

101 411 69 25 offras,
190 410 27 20 då
236 410 45 20 med
305 410 102 26 åtgärden
431 409 79 26 åsyftas
533 411 30 18 att
585 410 51 19 lätta
658 410 70 26 fartyg
747 410 6 19 i
769 410 81 26 sjönöd,

102 445 74 19 hindra
191 445 33 19 det
242 447 29 17 att
287 444 74 20 kantra
381 444 51 19 eller
452 444 84 26 lösgöra
552 444 35 20 det
602 444 45 19 från
664 444 74 26 grund,
754 446 29 18 att
799 445 50 19 und-

101 479 27 27 gå
143 479 80 20 fiendes
244 478 120 26 förföljelse,
385 480 30 17 att
436 478 86 20 försätta
537 478 70 26 fartyg
622 478 52 20 eller
689 479 53 25 gods
757 480 6 18 i
779 479 70 20 säker-

102 514 35 19 het
152 513 51 20 eller
218 515 30 17 att
262 512 27 26 på
304 514 64 18 annat
384 514 40 18 sätt
440 512 71 26 afböja
527 519 25 13 en
569 519 121 20 gemensam
706 513 52 19 fara.

170 548 43 24 2:0)
229 547 34 20 All
278 547 40 20 den
335 546 73 27 skada,
424 553 43 14 som
483 546 70 27 fartyg
569 547 39 20 och
624 547 52 26 gods
693 547 59 26 lider,
767 548 27 19 då
809 548 40 20 far-

102 584 59 24 tyget
183 582 69 19 blifvit
274 581 48 19 med
343 581 64 26 afsigt
422 583 40 17 satt
478 581 27 25 på
521 581 73 26 grund,
611 582 22 18 af
646 581 62 19 orsak
724 583 30 17 att
769 582 35 19 det
819 582 32 19 för

101 616 48 19 svår
164 616 62 19 läcka
246 615 51 20 eller
316 621 68 13 annan
404 615 41 19 nöd
461 615 20 26 ej
497 615 80 19 kunnat
596 614 56 20 hålla
667 616 45 25 sjön
729 616 38 19 och
784 617 67 18 större

101 656 121 20 gemensam
242 649 74 20 förlust
334 655 76 13 annars
430 650 53 18 varit
502 649 118 25 förutsedd;
639 649 23 19 så
677 649 38 19 ock
733 649 117 20 kostnaden

102 684 31 19 för
149 684 102 26 fartygets
275 683 125 26 lösgörande
423 686 52 16 samt
499 684 47 19 dess
565 684 38 19 och
615 683 81 28 lastens
713 684 115 26 bringande
845 684 5 19 i

102 718 99 19 säkerhet
217 718 66 25 jemte
302 718 85 18 dermed
407 717 86 19 förenad
517 717 72 20 skada.
624 717 136 20 Gemensamt
778 718 73 20 haveri

102 759 50 19 eger
168 752 54 20 dock
237 752 48 19 icke
301 758 51 19 rum,
368 758 33 13 om
418 752 91 26 fartyget
532 752 53 19 efter
607 752 150 26 strandningen
774 753 18 25 ej
810 752 40 20 kan

103 786 94 26 lösgöras
217 786 51 20 eller
285 786 122 19 förmedelst
422 786 119 26 reparation
559 786 84 26 bringas
655 786 5 19 i
672 786 101 19 brukbart
784 786 67 20 skick.

102 820 78 20 Härrör
202 820 151 26 strandningen
370 820 22 19 af
406 819 83 27 olycka,
514 820 37 19 bör
574 820 30 18 till
626 822 132 24 gemensamt
779 820 72 20 haveri

102 854 76 20 räknas
201 854 89 20 allenast
311 854 40 19 den
374 853 67 20 skada
459 854 39 19 och
518 854 96 25 kostnad,
632 860 44 13 som
692 854 113 20 erfordrats
821 855 31 19 för

103 892 30 16 att
147 888 84 27 lösgöra
246 889 39 18 och
301 888 6 19 i
323 888 100 19 säkerhet
438 888 87 19 försätta
540 888 70 26 fartyg
625 888 39 19 och
681 888 45 19 last.

171 923 44 24 3:0)
238 923 92 19 Kostnad
351 923 40 19 och
410 922 73 26 skada,
499 922 27 20 då
542 922 104 20 nödhamn
671 922 65 19 måste
759 923 93 25 anlöpas,

103 956 84 20 hvartill
203 957 86 19 räknas:
307 957 107 26 betalning
429 957 21 19 åt
466 957 128 19 fremmande
606 956 82 19 biträde
704 956 30 20 för
750 956 102 26 fartygets

103 991 157 25 fortskaffande,
281 991 56 25 lots-,
358 991 57 26 båk-,
435 991 71 19 hamn-
523 991 39 19 och
578 991 65 20 andra
658 997 76 20 genom
752 991 99 19 nödham-

104 1032 50 13 nens
172 1025 120 20 besökande
308 1025 124 20 föranledda
448 1025 193 26 skeppsumgälder,
658 1025 88 20 kostnad
758 1023 31 21 för
801 1025 49 19 nöd-

103 1059 77 26 vändig
204 1059 100 26 lossning,
328 1059 163 26 magasinering,
515 1059 159 26 återinlastning
697 1059 38 19 och
752 1059 100 25 -stufning

103 1095 53 18 samt
172 1093 140 26 uppkommen
335 1093 66 20 skada
425 1093 33 20 vid
483 1093 165 20 verkställandet
663 1093 64 25 deraf,
744 1092 62 26 utgift
821 1092 32 19 för

103 1127 145 26 afhjelpandet
267 1126 23 21 af
308 1127 40 20 den
368 1127 66 20 skada
452 1127 12 20 å
481 1127 97 26 fartyget,
601 1134 43 13 som
668 1127 30 19 till
721 1129 132 24 gemensamt

103 1161 71 20 haveri
198 1161 67 26 hörer,
285 1160 108 21 äfvensom
419 1161 52 26 hyra
491 1161 40 20 och
551 1161 47 20 kost
615 1161 21 20 åt
656 1161 146 26 besättningen
821 1161 32 19 för

103 1196 40 19 den
159 1195 37 26 tid,
212 1195 118 20 hvarunder
346 1195 84 20 hindret
444 1194 33 20 för
494 1202 73 13 resans
583 1194 137 20 fortsättande
738 1194 70 20 blifvit
823 1194 29 20 el-

103 1229 30 20 ler
149 1229 53 20 hade
226 1229 60 20 bordt
309 1229 64 20 blifva
396 1229 95 26 afhjelpt.
523 1229 68 20 Slutar
611 1235 60 14 resan
688 1229 6 19 i
711 1228 141 25 nödhamnen,

105 1263 102 20 beräknas
230 1264 74 19 endast
327 1263 117 20 kostnaden
468 1263 32 20 för
523 1264 101 25 fartygets
649 1263 85 20 förande
754 1263 31 19 till
801 1263 50 19 loss-

104 1297 144 27 ningsplatsen
264 1300 52 17 samt
331 1297 159 26 besättningens
506 1297 53 27 hyra
574 1297 38 20 och
629 1297 54 26 kost,
698 1297 103 20 intilldess
817 1296 34 20 be-

103 1332 63 19 slutet
180 1338 34 13 om
230 1337 72 14 resans
317 1331 125 26 afbrytande
459 1331 69 20 blifvit
543 1330 81 20 fattadt.

172 1366 42 26 4:0)
230 1365 76 26 Skada,
322 1372 43 13 som
382 1365 71 20 träffar
467 1364 72 27 fartyg
557 1365 51 20 eller
624 1365 52 26 gods
692 1365 66 19 under
773 1365 80 20 försvar

105 1402 43 17 mot
163 1400 86 25 fiender,
265 1399 78 26 kapare
363 1399 52 20 eller
432 1399 123 26 sjöröfvare,
574 1399 71 26 erlagd
662 1399 89 19 kostnad
767 1399 40 20 och
822 1399 29 20 lö-

104 1441 37 12 sen
158 1435 31 19 för
204 1436 30 17 att
250 1433 65 20 återfå
333 1433 71 27 fartyg
422 1434 38 19 och
481 1434 52 26 gods
549 1433 51 20 eller
616 1433 69 26 någon
701 1433 23 19 af
738 1432 113 20 besättnin-

104 1475 49 19 gen,
161 1474 44 13 som
222 1468 54 19 varit
291 1468 6 19 i
313 1468 102 26 fartygets
430 1468 65 25 tjenst
509 1467 40 20 och
565 1467 69 20 blifvit
644 1466 104 20 våldsamt
758 1467 93 20 bortförd
