1070 1786
827 140 33 18 251

213 205 91 20 Lasten
321 205 47 20 med
385 205 73 19 värdet
473 204 24 20 af
509 204 38 20 allt
562 204 35 19 det
609 204 122 26 uppoffrade
742 205 39 19 och
793 205 101 25 räddade,

146 240 26 26 på
188 239 54 20 däck
258 239 51 20 eller
328 239 67 20 under
418 239 53 19 däck
495 238 109 26 befintliga
626 238 59 26 gods,
701 244 43 14 som
762 239 34 19 vid
812 239 81 19 haveri-

145 273 93 20 tillfället
261 273 77 20 funnits
360 273 88 20 ombord
469 272 39 20 och
528 272 120 19 sedermera
666 271 48 20 icke
731 272 45 26 gått
794 273 43 19 helt
855 273 40 19 och

146 307 66 20 hållet
231 307 110 25 förloradt;
364 306 38 20 och
426 306 54 20 skall
504 306 57 20 detta
581 306 64 19 värde
666 306 103 20 beräknas
785 306 53 20 efter
853 306 41 20 den

146 342 6 19 i
168 344 10 22 $
197 342 39 19 144
253 341 107 20 bestämda
382 340 74 27 grund,
472 342 54 18 samt
548 340 137 20 underkastas
707 340 74 26 afdrag
805 340 31 20 för
859 347 35 13 en-

146 375 64 20 skildt
233 375 72 20 haveri
328 375 39 20 och
390 374 103 20 särskilda
511 374 157 25 omkostnader,
688 374 68 20 såsom
772 374 37 20 der
823 377 72 23 säges;

147 409 65 20 likväl
236 409 47 20 med
306 409 39 20 den
370 408 105 21 åtskilnad
495 410 31 18 att
543 408 74 26 skada,
632 415 44 13 som
693 408 6 20 i
715 408 93 20 enskildt
823 409 72 19 haveri

147 443 88 20 drabbat
250 444 52 26 gods
318 444 52 19 efter
386 441 91 28 olyckan
493 443 6 19 i
516 444 131 24 gemensamt
666 442 78 26 haveri,
763 442 48 20 icke
826 442 69 20 afräk-

147 478 58 19 nas
197 472 12 36 i
224 480 64 17 annat
306 478 43 25 fall,
370 480 26 17 än
415 477 27 20 då
461 477 84 26 godsets
565 476 132 20 återstående
717 477 63 20 värde
800 477 95 20 befinnes

147 512 137 26 otillräckligt
299 513 30 18 att
345 511 89 20 betäcka
449 511 50 20 derå
515 510 119 27 belöpande
649 511 60 19 andel
726 512 6 18 i
749 511 146 21 haveriersätt-

148 546 88 27 ningen;
252 548 53 17 samt

214 580 108 20 Frakten
343 581 46 19 med
411 579 70 21 halfva
501 580 100 26 beloppet
620 579 22 20 af
658 580 119 19 inkomsten
797 580 31 19 för
847 579 49 20 hela

146 614 74 26 lasten,
245 614 116 20 beräknadt
383 614 53 20 efter
459 614 26 20 de
505 614 5 19 i
527 616 21 22 $$
566 614 46 25 102,
630 614 46 26 106,
694 614 38 20 108
748 614 39 20 och
805 615 39 19 145
861 614 34 20 be-

148 649 81 19 stämda
244 649 97 26 grunder.

487 702 10 22 S
515 700 46 19 147.

215 740 42 20 Till
276 740 110 26 egendom,
408 735 43 25 som
473 740 95 26 deltager
584 740 6 18 i
606 739 104 27 gäldande
730 740 22 19 af
765 743 130 23 gemensamt

148 774 78 25 haveri,
242 774 21 20 fä
278 774 48 20 icke
342 774 108 20 hänföras:
467 774 102 26 fartygets
584 774 97 26 proviant
696 774 39 19 och
751 774 145 25 ammunition,

148 808 167 20 befälhafvarens
334 808 38 20 och
394 808 158 26 besättningens
572 808 34 20 lön
626 808 38 19 och
681 808 70 26 hyror,
767 811 53 17 samt
835 808 61 20 deras

148 842 39 20 och
203 848 147 21 passagerares
371 842 74 20 kläder
464 842 39 19 och
524 842 161 26 tillhörigheter,
700 848 45 13 som
760 841 48 21 icke
824 842 73 20 kunna

148 876 77 20 räknas
244 876 31 19 till
295 876 73 25 lasten,
392 876 108 20 äfvensom
519 876 38 19 allt
577 876 54 19 hvad
652 876 68 25 nägon
740 878 59 24 tager
818 876 27 25 pä
864 877 33 25 sig

148 911 39 19 och
203 910 49 26 sjelf
265 910 81 20 räddar.

487 963 11 22 s
514 960 47 21 148.

216 1001 66 27 Ingen
303 1008 49 13 vare
371 1002 76 26 pligtig
465 1003 30 18 att
511 1001 84 26 deltaga
610 1001 28 19 uti
655 1001 105 26 gäldande
775 1001 23 20 af
811 1007 86 20 gemen-

148 1038 54 17 samt
224 1036 73 19 haveri
320 1036 47 19 med
389 1042 49 19 mer,
455 1039 25 16 än
498 1035 99 20 behällna
611 1035 74 20 värdet
700 1035 22 20 af
736 1035 40 20 den
793 1035 102 26 egendom

149 1071 40 19 han
205 1070 44 19 haft
264 1069 88 21 ombord
368 1069 26 20 dä
410 1069 91 27 olyckan
522 1069 67 26 timat,
605 1069 50 20 eller
670 1071 30 18 att
716 1069 103 27 godtgöra
834 1069 63 20 have-

149 1104 93 26 ribidrag
265 1104 46 20 med
335 1111 70 12 annan
428 1104 89 26 tillgäng
533 1107 26 16 än
575 1104 47 25 den,
642 1110 43 13 som
706 1104 53 20 efter
781 1104 116 20 verkställd

147 1139 95 26 lossning
256 1138 24 19 af
292 1145 80 13 samma
388 1138 102 26 egendom
507 1138 94 20 återstår.
633 1138 45 20 Kan
692 1138 19 26 ej
724 1137 73 28 bidrag
808 1138 31 19 för
850 1138 47 20 sed-

149 1179 49 13 nare
214 1172 108 20 inträffadt
336 1172 93 20 enskildt
448 1172 72 20 haveri
540 1172 47 19 med
607 1172 75 26 godset
697 1172 79 26 gäldas,
793 1172 104 20 beräknas

148 1212 89 20 egarens
260 1206 62 20 andel
337 1206 7 19 i
360 1206 143 26 ersättningen
527 1206 53 19 efter
604 1206 51 19 hans
680 1205 127 27 behällning,
831 1206 64 20 sedan

145 1240 79 27 jemväl
248 1240 79 20 skadan
343 1241 7 19 i
366 1241 35 19 det
415 1240 98 20 enskilda
536 1240 96 20 haveriet
655 1240 68 20 blifvit
742 1240 108 27 afdragen,
866 1240 31 19 sä-

149 1281 44 14 som
209 1275 7 19 i
232 1277 10 22 $
260 1275 38 19 146
314 1277 66 24 säges.

487 1327 10 22 $
515 1325 46 20 149.

215 1359 85 26 Äterfäs
316 1365 59 26 gods,
390 1365 81 20 hvilket
486 1365 71 20 blifvit
571 1365 68 20 säsom
656 1365 101 20 förloradt
771 1365 29 20 uti
817 1365 81 20 haveri-

147 1399 91 26 räkning
255 1399 31 20 till
302 1399 118 20 ersättande
441 1401 108 24 upptaget,
569 1399 82 26 åtnjuta
671 1399 33 25 de,
720 1405 43 14 som
779 1399 30 20 uti
825 1401 72 18 ersätt-

148 1434 76 25 ningen
245 1433 94 26 deltagit,
358 1433 52 20 hvar
428 1433 53 19 efter
499 1433 32 19 sin
547 1433 63 20 andel
629 1433 134 26 godtgörelse
779 1440 23 13 ur
817 1439 80 14 samma

148 1468 59 25 gods,
223 1467 47 20 med
286 1467 74 27 afdrag
374 1467 24 20 af
411 1467 125 26 bergarelön
552 1467 40 20 och
607 1467 67 20 andra
688 1467 157 21 omkostnader,
