1070 1786
225 135 35 18 444

496 199 14 22 5
526 199 112 29 Kapitlet.

232 263 32 20 Om
279 263 76 20 stadens
370 263 79 24 drätsel,
464 269 30 14 om
509 263 94 26 taxering,
618 263 87 26 uppbörd
720 263 36 21 och
771 265 129 26 redovisning,

270 297 22 20 så
307 297 36 20 ock
358 302 30 15 om
403 297 71 20 vården
489 297 22 19 af
523 297 76 20 stadens
614 303 139 20 gemensamma
767 299 99 25 egendom.

537 350 10 22 $
564 349 33 19 51.

260 388 10 20 I
286 388 72 26 hvarje
378 388 45 20 stad
444 387 53 21 skall
513 388 66 20 finnas
597 395 26 13 en
644 388 193 27 drätselkammare,
854 390 86 20 hvilken

191 422 102 20 förvaltar
315 422 85 20 stadens
424 422 207 26 penningeväsende,
656 422 80 27 uppbär
756 424 47 20 dess
825 424 117 20 inkomster

191 457 39 19 och
252 456 125 20 verkställer
398 456 114 26 behörigen
534 456 95 20 beslutna
649 457 156 27 utbetalningar
821 461 54 17 samt
886 459 53 25 jem-

192 490 33 20 väl
244 490 130 26 ombesörjer
392 490 26 20 de
437 490 94 26 uppdrag
552 490 31 20 för
602 490 84 20 stadens
702 491 95 27 räkning,
814 498 44 14 som
875 492 67 27 enligt

191 524 107 21 utfärdadt
313 524 130 26 reglemente
458 524 30 19 till
505 524 211 20 drätselkammarens
732 525 119 27 befattning
867 526 57 20 höra.

260 559 44 20 Der
326 558 18 27 ej
371 558 74 20 sådant
468 558 129 27 reglemente
621 558 73 27 finnes,
717 565 39 20 ege
780 560 160 20 vederbörande

191 593 207 25 stadsmyndigheter
414 596 30 16 att
459 592 77 26 förslag
551 593 69 19 dertill
631 593 150 26 ofördröjligen
793 596 98 24 upprätta
901 595 38 19 och

191 634 77 20 genom
298 627 137 19 Guvernören
459 627 30 19 till
513 626 102 21 Senatens
636 627 120 20 Ekonomie
778 628 162 26 Departements

191 662 100 26 pröfning
307 661 38 20 och
361 660 134 20 fastställelse
510 660 95 20 insända.

260 695 10 20 I
285 695 53 26 stad,
354 695 37 20 der
406 694 160 26 vederbörligen
585 694 105 20 faststäldt
704 695 131 26 reglemente
851 695 32 20 för
899 696 39 19 för-

192 730 123 26 valtningen
335 729 23 20 af
375 729 85 20 stadens
479 728 78 20 drätsel
577 729 64 19 redan
664 728 73 26 finnes,
757 729 33 20 må
811 730 72 19 dervid
900 730 40 20 för-

191 764 72 25 blifva,
280 763 68 20 såvidt
363 763 35 20 det
414 763 47 20 med
478 763 26 19 de
519 763 6 19 i
542 763 69 19 denna
627 763 123 27 förordning
767 763 101 27 stadgade
878 770 62 20 grun-

191 798 38 20 der
244 800 24 18 är
283 797 106 27 förenligt.

537 844 10 22 $
563 842 34 20 52.

259 883 125 20 Ledamöter
399 882 7 19 i
422 882 201 20 drätselkammaren
640 884 55 17 utses
713 882 62 20 bland
791 882 86 20 stadens
889 885 50 18 röst-

191 917 131 27 berättigade
338 919 48 17 män
402 916 22 20 af
438 916 189 27 stadsfullmäktige
642 917 59 25 eller,
718 916 36 20 der
770 917 19 25 ej
803 916 78 20 sädane
901 917 36 19 fin-

191 959 45 18 nas,
252 951 24 20 af
288 951 173 20 rådhusstämma.

260 985 60 20 Hvad
332 991 44 14 som
388 985 66 26 enligt
469 985 26 19 28
511 986 9 23 $
537 986 60 25 utgör
612 984 75 20 hinder
703 986 30 18 att
747 985 66 26 väljas
828 984 32 20 till
875 985 65 20 stads-

190 1020 120 26 fullmäktig
325 1019 67 27 gäller
407 1019 61 20 äfven
480 1019 31 19 för
523 1018 32 20 val
567 1019 31 19 till
609 1018 92 21 ledamot
714 1019 6 19 i
732 1019 207 21 drätselkammaren.

536 1082 10 23 s
562 1081 33 20 53.

260 1122 79 26 Hvarje
355 1121 90 20 medlem
457 1120 23 20 af
493 1120 157 21 stadskommun
666 1127 50 13 vare
731 1121 7 19 i
754 1121 115 20 allmänhet
884 1122 56 27 skyl-

192 1157 35 26 dig
243 1158 31 18 att
288 1156 31 19 till
331 1156 26 19 de
369 1155 92 26 utgifter,
473 1161 42 13 som
533 1155 31 19 för
580 1155 139 20 kommunens
735 1161 156 20 gemensamma
905 1156 35 20 be-

191 1191 39 19 hof
239 1191 86 25 enligt
318 1185 15 35 $
342 1190 12 19 4
371 1189 50 20 böra
436 1191 114 23 uttaxeras,
567 1189 69 19 lemna
652 1189 74 25 bidrag
742 1189 6 19 i
763 1189 132 20 förhällande
911 1190 31 19 till

191 1225 36 20 det
238 1223 158 27 sammanlagda
407 1222 99 21 skattetal
522 1222 31 21 för
569 1223 38 20 hus
622 1222 39 21 och
677 1224 59 25 tomt,
744 1223 56 26 jord,
811 1224 75 26 näring
902 1224 38 20 och

190 1259 79 20 rörelse
285 1260 53 18 samt
353 1257 154 20 löneförmäner
526 1257 39 20 och
585 1257 87 26 pension
691 1257 51 20 eller
757 1263 68 14 annan
842 1257 98 27 inkomst,

190 1300 44 13 som
255 1293 7 19 i
282 1292 103 20 nästförut
403 1291 110 27 upprättad
534 1291 172 26 taxeringslängd
728 1291 67 20 blifvit
811 1291 77 20 honom
904 1292 35 26 pä-

189 1327 63 20 fördt.

260 1360 118 21 Enahanda
393 1359 128 28 skyldighet,
536 1366 44 14 som
597 1359 62 21 ofvan
674 1359 62 27 sagdt
746 1362 29 24 är,
787 1359 81 27 åligger
879 1360 61 20 äfven

189 1396 69 26 bolag.

258 1428 122 27 Personliga
391 1428 168 27 tjenstbarheter,
571 1427 71 21 hvilka
653 1428 6 19 i
670 1427 46 20 stad
727 1427 88 27 utgjorts
830 1427 53 21 efter
898 1429 40 21 för-
