1070 1786
799 135 35 18 409

117 197 75 27 skapet
207 198 38 19 och
262 197 68 20 Adeln
346 197 56 20 velat
417 196 32 20 för
464 196 63 27 öfrigt
542 195 67 20 uttala
624 195 41 20 den
681 196 61 27 åsigt,
758 198 29 19 att
801 197 65 20 sedan

117 231 61 20 dessa
193 231 69 20 blifvit
276 231 108 26 uppburna
394 231 7 19 i
412 230 220 26 afmönstringsorten,
648 229 88 27 afgiften
751 231 32 20 för
794 231 73 26 hvarje

117 266 5 19 i
139 265 131 26 sjömanshus
286 265 114 20 inskrifven
417 270 77 20 person
511 263 72 26 borde,
599 263 47 20 med
662 264 204 27 redovisningsskyl-

117 299 73 26 dighet
209 299 31 19 för
256 299 43 19 helt
313 299 51 19 eller
379 298 54 20 halft
448 297 29 25 år,
493 297 136 19 öfversändas
645 297 30 19 till
692 298 154 25 sjömanshuset
861 299 6 19 i

117 333 52 19 hans
192 332 178 27 inskrifningsort,
391 332 110 19 hvaremot
521 331 114 25 afgifterna
653 331 32 20 för
700 332 55 26 dem,
771 338 44 14 som
831 339 36 13 an-

108 385 3 3 .
118 366 78 20 vändas
212 367 6 19 i
234 367 96 26 sjötjenst
345 368 49 18 utan
410 367 30 18 att
455 365 52 20 höra
522 365 32 19 till
571 364 64 27 något
648 366 137 26 sjömanshus,
797 366 70 21 kunde

119 402 136 19 tillerkännas
271 400 152 27 sjömanshuset
439 400 7 19 i
461 399 218 27 afmönstringsorten,
694 406 32 14 om
743 400 74 21 sådant
831 401 37 20 der

119 436 73 25 finnes,
209 442 47 13 men
272 436 6 18 i
294 437 64 17 annat
373 434 35 20 fall
424 433 155 27 sjömanshuset
590 434 6 19 i
609 434 39 19 den
664 434 52 26 stad,
733 434 84 21 hvarest
827 435 40 20 far-

119 472 60 24 tyget
194 472 23 17 är
232 469 116 20 inskrifvet.

188 504 36 20 Uti
240 504 65 26 öfriga
322 503 57 19 delar
394 502 38 20 här
446 502 156 26 Ridderskapet
612 502 39 20 och
662 502 67 20 Adeln
742 502 47 20 icke
800 503 69 20 funnit

120 538 46 20 skäl
181 538 32 19 till
229 536 161 27 hufvudsakliga
406 536 143 26 påminnelser
565 538 56 18 emot
636 536 40 20 den
693 536 119 28 föreslagna
828 537 40 20 för-

120 572 128 26 fattningen;
266 571 38 20 och
320 577 44 14 som
380 577 25 14 en
422 577 28 20 ny
466 571 147 26 omarbetning
628 571 22 19 af
659 571 122 20 densamma
791 571 40 20 blir
843 578 25 13 en

121 606 121 26 nödvändig
258 606 51 25 följd
325 605 23 19 af
361 605 40 19 den
417 604 112 20 förordade
546 604 149 26 förändringen
711 604 6 20 i
731 605 137 26 pensionsan-

121 640 86 20 staltens
226 639 149 27 organisation,
392 645 32 13 om
442 638 40 20 den
500 639 74 19 vinner
590 638 162 27 godkännande,
767 639 38 20 har
819 639 50 20 Rid-

122 674 113 26 derskapet
250 674 39 20 och
305 673 67 20 Adeln
389 673 23 20 så
428 673 86 26 mycket
529 673 81 19 mindre
621 674 68 18 ansett
699 673 31 26 sig
741 672 71 20 kunna
823 675 47 25 taga

123 708 25 20 de
168 708 31 20 till
216 710 70 18 ämnet
302 708 91 20 hörande
410 708 87 25 detaljer
514 708 65 19 under
595 710 96 16 närmare
707 707 163 27 öfvervägande,

97 738 2 2 *
123 742 26 20 dä
168 742 154 26 Ridderskapet
340 742 38 20 och
395 741 69 20 Adeln
481 741 78 20 saknar
575 741 126 20 materialier
716 741 32 20 för
763 742 107 20 vinnande

121 776 24 20 af
157 783 26 13 en
200 776 120 27 fullständig
336 776 119 20 kännedom
471 782 34 13 om
521 775 42 20 alla
579 776 25 19 de
619 775 47 20 med
682 775 73 27 frägan
765 782 104 14 samman-

122 810 110 27 hävgande
248 810 92 20 faktiska
355 809 154 20 förhållanden.

190 844 10 20 I
214 844 115 26 anledning
345 844 61 20 deraf
418 850 61 13 anser
495 844 32 25 sig
543 843 155 27 Ridderskapet
708 844 38 20 och
758 844 69 20 Adeln
839 845 31 19 vi-

121 879 50 19 dare
189 878 50 20 böra
249 879 6 18 i
267 878 168 25 underdånighet
451 878 116 25 hemställa,
583 884 33 13 om
632 878 48 19 icke
692 878 101 27 förslaget
804 878 65 21 borde

121 912 23 19 af
160 912 135 26 sakkunniga
310 906 38 25 och
364 911 5 20 i
386 911 73 26 frågan
475 911 141 20 intresserade
631 917 100 20 personer
745 912 125 27 ytterligare

121 946 109 27 granskas,
250 946 64 19 innan
334 946 116 19 detsamma
469 945 68 20 såsom
555 945 97 27 gällande
669 945 123 28 författning
807 947 62 20 sank-

122 980 98 19 tioneras.
236 979 72 20 Såsom
324 979 86 20 föremål
427 979 31 20 för
475 979 70 20 denna
560 979 131 27 granskning
706 986 60 14 anser
777 981 32 26 sig
820 981 49 20 Rid-

122 1014 114 26 derskapet
249 1013 39 20 och
300 1013 68 20 Adein
380 1013 51 20 böra
442 1013 100 20 särskildt
553 1013 111 20 framhålla
675 1013 73 26 frågan
760 1015 111 26 angående

123 1048 170 27 organisationen
308 1047 22 20 af
344 1047 131 25 sjömanshus
490 1047 28 26 på
533 1047 77 27 landet,
626 1048 108 20 äfvensom
746 1049 125 26 stadgandet

122 1083 6 18 i
145 1083 25 18 31
187 1084 10 22 $
213 1081 109 27 angående
343 1082 40 19 den
404 1081 66 26 ålder,
490 1081 28 20 då
532 1082 127 26 rättigheten
676 1082 31 19 till
722 1083 88 25 pension
826 1083 45 20 vid-

122 1118 65 25 tager.
218 1116 48 19 Man
282 1118 35 17 vet
331 1118 30 17 att
376 1116 135 25 sjömannens
526 1115 54 27 yrke
596 1119 22 16 är
635 1116 113 26 besvärligt
763 1116 40 20 och
818 1117 53 20 hans

122 1150 65 20 lifstid
210 1150 54 19 kort.
301 1150 62 19 Detta
385 1149 132 21 förhållande
539 1149 64 21 borde
618 1150 7 19 i
641 1156 50 20 nyss
711 1149 90 21 nämnda
820 1150 51 20 hän-

123 1184 77 20 seende
216 1183 128 27 tillbörligen
360 1183 203 26 uppmärksammas.

191 1218 10 19 I
216 1217 219 20 öfverensstämmelse
452 1217 46 20 med
512 1217 56 20 hvad
579 1217 62 20 ofvan
653 1217 68 20 blifvit
732 1218 90 26 anfördt,
834 1218 38 20 har

125 1252 61 20 alltså
206 1251 156 27 Ridderskapet
381 1252 39 19 och
436 1251 70 20 Adeln
524 1252 56 19 velat
594 1252 6 19 i
618 1252 25 19 de
659 1251 58 21 delar
732 1252 23 19 af
768 1252 104 27 ifrågava-

121 1286 66 20 rande
204 1286 84 26 ärende,
304 1286 58 19 hvari
378 1286 129 21 Ständernas
523 1293 48 13 svar
586 1285 26 27 på
627 1285 79 21 Eders
725 1285 148 28 Kejserliga

97 1323 4 3 *
123 1321 131 26 Majestäts
276 1320 83 27 Nädiga
379 1321 130 26 proposition
531 1320 37 21 bör
587 1319 127 21 inskränkas
729 1320 32 19 till
776 1322 31 19 ett
821 1321 52 20 utlå-

123 1355 69 25 tande,
209 1354 151 27 underdånigst
375 1354 115 26 tillstyrka:

258 1390 32 18 att
313 1387 35 21 det
366 1388 36 20 till
415 1387 94 27 förmån
519 1387 42 28 för
575 1387 173 28 ifrågavarande
759 1389 116 26 pensions-

189 1421 124 28 inrättning
323 1421 132 28 föreslagna
469 1422 157 27 statsanslaget
641 1421 66 21 måtte
719 1421 104 28 förhöjas
835 1422 39 21 och

189 1456 53 27 utgå
256 1456 71 21 såsom
342 1455 114 28 ofvanföre
470 1455 67 22 redan
555 1455 71 28 blifvit
635 1455 144 27 framstäldt;
