1070 1786
811 137 22 16 73

113 200 54 20 helst
187 200 37 19 der
247 200 107 26 befintliga
378 199 129 20 vidsträckta
533 199 83 20 marker
638 199 64 20 redan
727 200 139 26 provisoriskt

114 234 68 20 blifvit
197 234 76 19 ställda
288 234 64 19 under
368 233 121 26 forstnärlig
505 233 58 20 vård.

183 269 78 19 Vidare
278 268 36 20 har
330 267 107 24 utskottet,
454 267 50 20 med
517 267 115 27 anledning
643 268 23 19 af
675 268 38 19 den
726 269 81 26 Nädiga
819 275 46 20 pro-

115 303 129 26 positionens
268 302 77 26 förslag
368 302 79 24 derom,
468 303 30 18 att
517 302 40 19 den
574 304 66 17 större
656 302 97 26 egovidd,
769 309 44 13 som
831 302 34 20 vid

115 336 186 27 skattläggningen
325 336 54 26 finge
404 336 124 20 hemmanen
550 336 98 25 tilldelas,
670 336 82 20 komme
769 339 30 17 att
815 337 50 20 bero

116 370 26 26 pä
157 370 57 20 Hans
230 370 117 26 Kejserliga
368 370 106 26 Majestäts
495 373 95 17 närmare
612 370 136 25 föreskrifter,
768 373 49 17 trott
833 372 32 26 sig

117 406 49 18 böra
182 405 5 19 i
204 405 69 19 denna
294 405 31 19 del
344 407 50 24 göra
414 404 65 26 nägra
500 404 109 26 förbehäll,
626 404 72 20 hvilka
714 405 101 20 utskottet
830 403 36 22 an-

115 446 34 12 ser
172 445 50 13 vara
243 439 23 19 af
286 439 74 25 högsta
383 438 45 26 vigt
451 438 32 20 för
503 440 29 17 att
550 438 160 26 ifrägavarande
734 440 75 19 reform
834 440 34 19 mä

116 473 71 19 kunna
204 473 44 19 med
266 472 95 26 billighet
376 473 38 19 och
428 472 72 27 nödigt
515 472 100 20 afseende
627 473 11 19 &
651 473 140 20 invänarenes
804 474 65 20 behof

116 507 140 25 genomföras.
286 506 88 20 Jemlikt
393 506 37 20 139
449 508 10 22 $
481 507 2 19 i
504 506 83 27 Nädiga
609 505 154 28 Reglementet
776 508 40 20 den
843 510 24 18 15

116 541 40 26 Maj
176 542 52 18 1848
244 540 54 20 skall
320 541 33 19 vid
372 540 159 27 skattläggning
547 541 31 19 för
594 543 30 17 ett
639 541 41 19 helt
698 542 77 20 mantal
793 542 74 20 beräk-

117 582 37 13 nas
170 575 94 20 skattbar
281 575 57 20 mark
355 575 6 20 i
378 575 105 19 Kuusamo
500 575 39 19 och
555 575 120 20 Kemiträsk
696 576 89 20 socknar
805 577 63 25 3,000

117 612 53 17 samt
186 610 5 19 i
208 607 124 31 Kuolajärvi
344 609 62 25 4,000
422 608 122 26 tunneland,
556 609 44 22 deri
611 609 119 27 inbegripet
742 610 39 20 300
794 613 73 17 tunne-

117 644 47 19 land
182 644 114 25 oskiljbara
311 644 167 26 impedimenter.
509 643 32 19 Dä
556 650 27 12 nu
599 643 74 20 endast
688 650 24 13 en
730 644 136 26 provisionell

117 678 109 26 afvittring
245 678 68 19 skulle
332 678 155 26 ifrägakomma
506 677 38 19 och
565 678 123 20 hemmanen
705 678 116 20 tillsvidare
838 679 29 19 bi-

118 712 94 20 behölles
228 712 34 20 vid
285 712 60 19 deras
366 712 121 19 nuvarande
507 711 53 27 låga,
580 712 147 26 provisionella
744 712 55 20 skatt
815 716 54 16 samt

118 752 47 14 man
182 746 5 19 i
205 746 114 20 allmänhet
335 746 40 20 kan
392 748 78 24 antaga
489 748 30 17 att
538 746 78 20 hälften
633 746 22 19 af
669 746 27 20 all
712 746 57 20 mark
785 747 6 19 i
809 747 60 20 dessa

119 780 89 20 socknar
225 783 83 23 utgöres
324 780 23 20 af
363 780 168 26 impedimenter,
551 780 80 20 hvilket
652 780 129 20 förhållande
801 781 68 19 föran-

119 814 58 21 leder
192 815 154 19 ofvannämnda
363 814 157 20 tunnelandtals
536 814 141 26 fördubbling,
694 822 62 18 synes
771 815 45 19 skäl
833 822 35 13 va-

118 856 23 12 ra
157 849 122 25 förhanden,
295 851 29 17 att
339 849 35 19 vid
390 849 139 19 omförmälda
549 849 149 25 provisionella
717 850 110 26 afvittring
842 862 26 2 —

118 884 32 18 för
165 885 30 17 att
213 883 77 25 jemväl
311 883 22 19 så
354 883 85 26 mycket
458 889 44 13 som
523 883 82 25 möjligt
623 883 130 20 förekomma
769 884 98 19 rubbnin-

119 924 37 19 gar
172 917 44 19 deri
237 917 34 19 vid
288 923 24 13 en
331 917 105 20 blifvande
457 917 94 19 definitiv
571 917 159 26 skattläggning
747 929 23 3 —
788 918 82 19 tilldela

118 952 125 19 hemmanen
265 953 29 17 ett
313 951 23 19 sä
351 953 52 17 stort
419 951 151 25 tunnelandtal,
586 953 30 17 att
631 951 33 26 de,
680 951 60 20 äfven
757 959 33 12 om
808 952 61 19 deras

118 986 85 19 mantal.
221 985 25 26 pä
262 988 39 17 sätt
317 986 56 19 inom
390 985 40 20 den
447 985 68 26 öfriga
530 985 61 19 delen
608 985 23 19 af
643 985 117 26 Uleåborgs
773 986 33 19 län
819 993 49 12 van-

118 1020 56 26 ligen
192 1022 36 24 egt
243 1026 51 18 rum,
311 1020 33 19 vid
362 1019 95 20 skeende
473 1019 108 19 storskifte
593 1019 37 19 och
643 1019 93 20 definitiv
753 1019 114 27 skattlägg-

119 1054 50 25 ning
185 1053 67 20 skulle
268 1054 66 25 höjas,
350 1053 113 20 innehafva
479 1053 122 26 tillräckligt
616 1053 107 20 skattbara
739 1059 50 20 egor
805 1054 6 19 i
828 1053 39 20 för-

118 1087 98 20 hällande
240 1087 30 20 till
294 1087 60 20 deras
374 1093 42 20 nya
436 1087 85 20 mantal.
555 1087 72 26 Enligt
646 1087 60 20 dessa
730 1087 137 27 beräknings-

118 1122 92 25 grunder
234 1121 36 20 har
294 1122 99 19 utskottet
416 1122 68 19 funnit
508 1122 61 19 minst
594 1121 74 26 12,000
688 1121 112 20 tunneland
818 1121 51 20 böra

119 1155 91 20 tilldelas
226 1155 72 26 hvarje
315 1155 137 26 provisionelt
468 1155 87 20 mantal.
586 1155 47 19 Men
650 1155 33 26 dä,
699 1155 64 26 enligt
781 1149 49 26 hvad
846 1163 23 12 ur

119 1190 151 25 ofvanintagna
286 1190 64 19 tabell
367 1190 39 19 kan
423 1185 112 37 inhemtas,
548 1189 57 29 inom
622 1189 111 23 Kuusamo,
750 1189 118 19 Kemiträsk

118 1224 39 19 och
174 1223 122 26 Kuolajärvi
317 1224 96 24 socknar,
434 1224 89 19 förutom
539 1224 42 19 den
598 1223 96 20 besuttna
711 1223 158 26 befolkningen,

119 1257 67 20 finnes
202 1264 25 13 en
245 1259 74 24 mängd
338 1258 123 26 nybyggare
483 1258 38 19 och
547 1261 90 22 torpare,
660 1257 72 20 hvilka
755 1257 68 20 bosatt
838 1257 31 26 sig

119 1292 38 19 och
178 1292 95 26 upptagit
293 1292 96 26 odlingar
408 1293 55 18 inom
486 1292 26 19 de
533 1291 128 20 vidsträckta
676 1291 194 26 samfälligheterna

119 1328 53 17 samt
190 1325 88 20 sålunda
298 1326 46 19 med
365 1327 40 18 den
425 1329 40 16 rätt
479 1326 82 28 arbetet
577 1325 91 20 förlänar
684 1325 70 20 häfdat
769 1326 36 19 sitt
820 1332 48 19 ego-

119 1359 92 25 område,
228 1359 37 20 har
282 1360 100 19 utskottet
402 1360 67 19 funnit
490 1362 36 23 att,
542 1360 29 19 till
589 1359 179 20 kolonisationens
785 1359 84 26 betryg-

119 1393 69 26 gande
207 1393 39 20 och
267 1394 31 19 för
317 1396 30 17 att
366 1394 48 20 icke
430 1401 25 12 en
472 1394 71 19 alltför
559 1397 43 16 stor
618 1393 105 26 rubbning
738 1394 34 19 må
787 1394 82 19 inträda

118 1427 4 18 i
141 1427 131 20 dervarande
289 1428 240 26 näringsförhållanden,
543 1428 79 25 jemväl
638 1427 21 20 åt
670 1428 46 19 dem
728 1427 23 19 af
760 1427 61 20 dessa
832 1435 37 18 ny-

120 1461 90 26 byggen,
235 1461 72 20 hvilka
328 1462 84 25 pröfvas
434 1462 71 19 kunna
521 1462 29 19 till
567 1461 163 26 sjelfbestäende
747 1461 122 26 lägenheter
