1070 1786
823 153 34 20 533

208 215 162 21 Presteständet
392 216 38 19 har
453 215 105 21 stadnat
551 211 14 35 i
575 216 35 20 det
630 216 74 26 beslut,
726 219 31 18 att
777 218 111 20 enahanda

141 250 75 27 tillägg
233 250 65 19 borde
313 249 26 27 på
355 250 95 26 lämpligt
467 250 62 20 ställe
545 251 6 18 i
568 250 150 27 förordningen
738 251 85 26 införas,
840 254 49 17 utan

142 284 81 20 hvilket
241 284 73 26 tillägg
330 285 25 19 55
371 286 10 22 $
397 284 6 19 i
420 284 47 20 dess
483 284 122 20 nuvarande
620 285 54 19 form
689 285 47 20 icke
753 285 70 20 kunde
837 286 52 26 god-

144 318 86 20 kännas.

210 351 186 27 Borgareståndet
415 352 37 20 har
467 352 7 19 i
489 352 153 26 sammanhang
661 352 46 20 med
728 354 27 19 54
770 355 10 22 $
797 353 91 26 beslutit,

143 388 30 18 att
192 386 12 20 å
219 386 96 26 lämpligt
334 386 82 20 ställe
409 382 12 36 i
436 386 152 27 författningen
611 386 65 20 borde
695 387 83 27 intagas
799 387 90 21 bestäm-

145 420 74 20 mande
242 420 78 26 derom,
344 422 30 18 att
397 420 74 20 besvär
495 420 60 21 öfver
577 421 41 19 den
633 421 7 19 i
656 421 64 27 sagde
736 423 10 23 $
762 422 128 20 omnämnda

142 455 96 27 taxering
261 455 55 26 finge
339 453 90 27 anföras,
450 456 54 18 samt
519 457 30 18 att
565 455 102 20 besvären
683 455 68 21 skulle
766 456 84 26 pröfvas
866 457 23 19 af

143 496 26 13 en
184 489 32 19 för
235 488 74 21 sådant
331 488 97 20 ändamål
448 488 73 21 tillsatt
535 489 91 20 särskild
641 490 196 26 pröfningsnämnd,
853 496 35 14 om

144 523 60 20 hvars
227 523 121 26 inväljande
367 523 40 20 och
424 522 127 28 befogenhet
566 524 79 26 nödiga
660 524 129 20 föreskrifter
805 524 84 20 derföre

144 557 64 21 borde
224 557 106 20 utarbetas
345 557 39 20 och
400 558 7 19 i
423 557 151 27 författningen
589 558 84 20 införas.

210 591 162 21 Bondeståndet
392 592 37 19 har
444 592 7 19 i
466 591 62 21 dessa
543 592 59 20 delar
616 592 95 26 godkänt
726 593 111 19 utskottets
854 593 35 20 be-

145 626 113 20 tänkande.

209 660 42 20 Det
261 659 73 25 skulle,
350 659 68 27 enligt
433 659 112 21 utskottets
560 660 61 26 åsigt,
636 660 48 20 icke
700 660 189 21 öfverensstämma

143 694 47 20 med
208 694 41 20 den
269 693 244 27 sjelfbeskattningsrätt,
532 700 45 14 som
595 694 23 20 af
636 694 60 20 ålder
711 694 122 21 tillkommit
848 697 41 18 stä-

144 728 64 20 derne
224 728 40 20 och
278 735 76 20 genom
370 728 10 20 3
394 730 7 22 $
419 728 29 19 uti
463 728 77 26 Kongl.
555 728 119 20 Försäkran
690 729 32 19 för
737 729 153 27 borgerskapet

144 762 38 20 och
199 762 98 20 städerne
310 762 23 20 af
344 762 41 20 den
402 762 25 20 23
444 762 100 20 Februari
563 762 51 20 1789
632 762 68 21 blifvit
715 763 110 21 bekräftad
837 766 53 18 samt

143 803 76 20 genom
231 803 26 13 en
269 797 35 19 vid
319 796 70 20 denna
403 796 102 26 landtdag
521 796 118 21 Ständerna
654 797 94 27 förelagd
764 798 63 26 nådig
843 804 46 20 pro-

143 831 90 27 position
250 831 117 26 föreslagits
378 832 30 18 att
424 830 117 20 utsträckas
558 831 32 19 till
605 831 107 21 städernes
727 832 97 26 samtlige
839 834 51 18 röst-

145 865 131 27 berättigade
294 865 106 26 invånare,
420 866 30 19 att
471 864 27 21 de
519 865 180 27 uppskattningar,
718 872 44 14 som
778 866 112 20 verkstälts

143 900 23 20 af
186 906 25 13 en
234 899 194 27 taxeringsnämnd,
452 899 115 20 bestående
583 899 23 20 af
626 899 62 20 valde
710 899 179 26 förtroendemän,

143 934 67 20 skulle
226 933 137 20 underkastas
379 933 132 27 granskning
522 933 23 20 af
555 933 135 27 Magistraten
706 933 52 20 eller
774 933 69 27 någon
854 940 36 13 an-

144 975 40 13 nan
205 968 153 20 administrativ
373 967 130 27 myndighet.
535 967 107 20 Utskottet
656 974 66 19 anser,
738 969 30 19 att
783 974 25 14 en
825 967 65 21 sådan

143 1002 131 26 granskning
290 1002 72 19 endast
378 1001 42 20 kan
436 1002 88 26 utöfvas,
540 1002 27 26 på
577 1004 41 18 sätt
628 1001 177 28 Borgareståndet
821 1001 68 21 beslu-

144 1035 30 27 tit,
185 1037 23 19 af
217 1043 26 13 en
255 1036 47 20 vald
313 1036 196 26 pröfningsnämnd,
521 1035 93 27 hvilken,
625 1036 66 27 enligt
706 1036 111 19 utskottets
829 1036 61 27 åsigt,

146 1071 64 20 borde
233 1072 159 18 sammansättas
416 1069 94 27 sålunda,
533 1071 30 18 att
585 1071 40 18 den
649 1070 83 20 komme
748 1072 31 17 att
795 1070 59 20 bestå
869 1070 24 20 af

144 1104 213 27 taxeringsnämnden
378 1103 100 20 förstärkt
497 1104 47 20 med
561 1103 22 20 så
599 1103 76 27 många
690 1111 41 19 nya
747 1104 144 25 medlemmar,

143 1145 43 14 som
204 1141 103 18 motsvara
322 1138 48 20 dess
385 1138 71 20 halfva
470 1138 64 19 antal.
564 1138 108 20 Utskottet
687 1138 30 20 får
733 1138 83 20 derföre
828 1138 61 20 vörd-

144 1175 53 18 samt
212 1173 83 25 föreslå,
310 1175 30 17 att
355 1173 27 19 54
397 1172 39 20 och
453 1172 140 26 nästföljande
609 1175 22 22 $$
646 1173 7 19 i
669 1172 142 20 betänkandet
827 1173 64 19 måtte

144 1207 80 20 erhålla
240 1206 93 27 följande
348 1206 91 26 lydelse:

514 1265 10 23 $
541 1264 33 20 54.

283 1312 8 19 1
309 1317 61 13 mom.
401 1309 148 20 Oförändradt.

281 1345 12 20 2
309 1351 62 14 mom.
400 1343 34 20 På
449 1349 84 15 samma
547 1343 59 27 gång
617 1349 45 14 som
672 1342 220 28 taxeringsnämnden

212 1382 64 23 utses,
297 1378 37 21 och
353 1377 67 28 enligt
442 1384 83 14 samma
544 1377 104 28 grunder,
668 1376 57 21 skall
741 1376 152 21 rådhusstäm-

211 1420 50 14 man
266 1412 82 28 jemväl
356 1411 59 28 välja
425 1412 25 20 så
461 1412 81 27 många
557 1413 57 23 män,
630 1417 45 14 som
690 1412 110 19 motsvara
815 1409 78 28 halfva

212 1447 83 22 antalet
310 1446 29 28 af
346 1445 233 28 taxeringsnämndens
594 1445 138 22 medlemmar
738 1444 42 29 för
790 1446 33 19 att
825 1444 68 29 jemte
