1070 1786
224 141 22 17 32

258 203 37 21 vid
317 204 133 21 stränderna
473 203 30 28 af
517 203 122 28 fottleden,
663 205 110 20 äfvensom
789 205 12 19 å
813 204 58 27 fiske
894 203 52 21 eller

258 238 130 21 vattenverk.

328 272 48 27 Ega
387 272 57 27 flere
459 272 36 21 del
506 272 8 21 i
525 272 64 26 virke,
605 279 44 14 som
660 272 133 27 förorsakat
808 272 75 25 skada,
899 279 45 14 sva-

259 312 23 14 re
298 306 25 20 de
338 306 46 20 alla
400 306 52 20 eller
467 306 40 20 den
523 305 29 27 af
563 306 51 26 dem,
630 312 45 14 som
691 306 94 28 tillgång
801 313 54 20 eger,
862 306 41 26 för
914 312 31 14 er-

259 340 136 26 sättningens
410 340 110 27 gäldande
536 340 35 20 till
587 340 39 20 den
643 346 44 15 som
704 339 81 21 skadan
803 340 56 20 lidit.

573 402 15 27 $
603 404 19 19 9.

328 442 36 20 Då
375 442 108 27 flottning
497 442 50 20 sker
559 442 32 27 pä
606 442 86 21 sådana
707 442 85 26 ställen,
810 442 80 21 hvarest
900 442 46 27 för-

261 478 56 18 utses
333 476 43 20 kan
392 478 33 18 att
434 476 225 28 flottningsmanskap
676 477 67 19 måste
760 476 89 21 beträda
860 483 85 14 annans

256 510 55 26 jord
326 510 53 20 eller
396 510 73 27 yrund
487 510 52 20 eller
557 512 32 19 att
612 510 69 21 skada
703 510 43 21 kan
770 511 77 27 uppstå
870 517 75 21 genom

261 544 35 20 det
307 544 95 27 flottade
418 544 73 27 virket,
510 551 49 14 vare
575 544 46 27 den,
637 552 44 14 som
692 544 134 28 flottningen
838 544 106 27 förestår,

260 578 86 28 skyldig
370 581 33 18 att
426 579 70 20 derom
523 579 129 25 underrätta
675 579 158 21 vederbörande
858 579 87 21 strand-

261 619 63 20 egare
340 613 102 26 antingen
461 619 75 21 genom
555 612 125 28 kungörelse
696 614 8 19 i
720 615 70 27 ortens
810 612 67 28 kyrka
894 613 52 20 eller

260 653 75 20 genom
348 646 96 21 särskild
459 647 104 20 anmälan
579 646 38 21 hos
632 647 157 27 strandegaren
799 647 52 20 eller
867 647 78 20 dennes

262 680 83 21 ombud.

333 714 77 21 Timar
428 714 67 21 sedan
513 714 75 26 skada,
607 714 57 21 skall
678 714 137 28 förmannan
829 714 42 27 för
883 714 63 27 jlott-

262 748 199 28 ningsmanskapet,
479 748 70 21 innan
569 748 34 21 det
617 749 95 27 flottade
730 749 73 27 godset
814 748 58 27 frän
889 748 57 21 trak-

263 784 34 19 ten
307 782 43 28 får
364 783 76 20 vidare
458 782 152 28 framskafas,
626 782 89 28 erbjuda
734 783 32 27 sig
786 785 32 19 att
839 783 107 27 godtgöra

262 816 92 21 skadan.
386 816 83 21 Kunna
488 819 105 25 parterne
612 824 33 14 om
666 817 147 27 ersättningen
833 817 44 20 icke
892 819 54 19 säm-

258 851 47 27 jas,
321 858 39 20 ega
375 851 25 20 de
415 850 108 22 hvardera
538 853 46 19 utse
600 858 25 13 en
640 851 43 27 god
698 858 51 14 man
766 850 42 28 för
829 853 32 18 att
879 852 67 26 jemte

264 892 25 13 en
305 884 76 28 tredje,
402 884 84 21 hvilken
507 885 25 20 de
548 885 88 20 utsedda
652 884 104 26 tillkalla,
767 884 82 27 pröfva
863 884 83 21 skadan

264 918 39 21 och
318 918 116 21 bestämma
454 919 40 20 den
515 919 126 27 ersättning,
657 925 45 14 som
720 918 85 27 derföre
825 918 37 21 bör
877 918 70 28 utgif-

263 959 44 19 vas,
319 953 67 27 jemte
401 952 88 21 arvodet
499 952 42 27 för
561 953 64 20 deras
639 953 140 27 förrättning
795 952 39 21 och
849 952 30 28 af
889 953 58 20 hvem

264 987 36 20 det
315 987 37 20 bör
366 987 86 28 gäldas.
486 987 66 20 Hvad
573 987 95 20 sälunda
690 987 129 25 bestämmes,
839 987 57 20 skall
913 994 35 20 ge-

265 1023 50 18 nast
329 1021 107 20 utbetalas
453 1021 52 20 eller
517 1020 142 21 säkerställas
673 1027 77 22 genom
761 1023 57 24 pant
834 1021 52 20 eller
902 1020 46 21 bor-

264 1062 47 21 gen,
334 1061 44 15 som
402 1055 73 26 blifvit
497 1055 29 26 af
546 1055 156 20 vederbörande
726 1054 149 28 kronobdetjent
896 1055 51 27 god-

264 1089 64 21 känd.

332 1117 92 33 Ätnöjes
442 1123 20 27 ej
479 1129 78 20 egaren
582 1123 30 26 af
633 1123 67 20 virket
725 1123 48 20 med
798 1122 150 28 värderingen,

266 1157 65 27 hafve
346 1159 45 19 rätt
406 1159 33 19 att
454 1157 35 20 vid
505 1157 115 20 domstolen
633 1157 8 20 i
652 1159 66 22 orten,
734 1157 39 20 der
787 1156 85 21 skadan
888 1156 59 26 skett,

264 1193 54 25 göra
331 1191 65 21 saken
408 1191 111 27 anhängig
531 1191 38 20 och
584 1191 51 20 söka
651 1191 138 27 återvinning
800 1190 41 27 för
857 1191 34 19 det
906 1191 42 20 han

264 1226 97 27 utgifvit,
377 1226 9 20 i
400 1225 50 21 stad
466 1226 56 19 inom
539 1232 24 13 en
579 1225 81 20 mänad
675 1224 37 21 och
724 1225 32 27 pä
776 1224 73 21 landet
864 1225 35 20 vid
914 1225 35 20 det

266 1260 91 27 lagtima
379 1259 137 28 häradsting,
535 1266 44 14 som
599 1266 25 13 en
640 1259 82 21 månad
736 1259 95 26 derefter
840 1259 62 27 först
917 1259 33 20 in-

261 1294 79 26 faller.
373 1293 39 21 Om
428 1294 47 25 den,
491 1300 44 13 som
550 1293 84 20 skadan
650 1293 56 25 lidit,
722 1293 45 20 icke
783 1294 60 26 nöjes
857 1293 47 20 med
914 1293 36 20 ho-

266 1335 48 14 nom
336 1327 119 22 tillerkänd
475 1328 140 27 godtgörelse,
634 1328 35 20 mä
688 1327 44 21 han
747 1328 9 19 i
771 1327 115 21 enahanda
903 1328 47 20 ord-

266 1363 54 26 ning
335 1362 37 21 vid
387 1369 82 14 samma
484 1362 91 20 domstol
589 1361 51 21 söka
657 1361 87 21 rättelse
760 1361 52 21 deri.

574 1424 15 27 $
605 1425 32 20 10.

340 1463 126 22 Uraktläter
479 1463 94 27 förman
591 1466 31 18 att
641 1463 93 27 erbjuda
754 1462 36 22 och
801 1462 102 28 fullgöra
919 1471 32 13 er-
