1070 1786
798 155 34 18 289

182 216 43 24 2:0)
241 215 45 20 Den
305 213 87 25 kollekt,
412 220 44 13 som
479 214 81 26 årligen
584 215 28 19 uti
634 215 82 20 landets
731 215 80 26 kyrkor
834 218 31 19 för

115 249 170 27 sjömanshusens
301 249 90 25 räkning
407 248 110 26 uppbäres.

183 283 67 19 Dessa
268 283 68 19 medel
356 282 60 19 skola
432 282 23 19 af
467 283 245 25 Finans-Expeditionen
732 283 90 21 fördelas
838 285 27 25 på

115 317 158 26 sjömanshusen
290 317 6 19 i
312 316 131 20 förhållande
463 316 30 19 till
514 316 79 20 antalet
609 317 23 19 af
645 317 37 20 der
697 318 111 20 inskrifvet
823 320 40 25 sjö-

115 351 50 19 folk.

461 392 10 22 $
487 390 34 19 27.

184 430 40 19 Till
247 430 169 25 sjömanshusens
439 429 69 27 öfriga
530 429 123 27 inkomster,
672 430 71 21 hvilka
759 432 28 20 uti
804 432 61 21 hvart

116 465 39 19 och
171 466 30 18 ett
215 464 23 20 af
252 464 48 20 dem
315 464 60 20 skola
390 463 105 27 uppbäras
511 464 39 19 och
567 464 106 26 förvaltas,
689 466 60 20 höra:

186 505 42 24 1:0)
244 504 45 19 Den
302 506 64 23 ränta,
378 510 44 13 som
439 503 80 27 årligen
535 504 90 20 erhålles
640 511 76 19 genom
733 506 95 28 utlåning
843 508 24 19 af

116 538 170 27 sjömanshusens
310 538 75 20 fonder
407 538 52 20 eller
482 538 116 26 besparade
621 539 75 26 medel,
719 540 71 20 hvilka
813 542 51 20 böra

116 573 156 20 oförminskade
289 572 124 25 bibehållas;

184 612 43 26 2:0)
242 610 141 28 Lästafgifter,
403 611 72 19 hvilka
495 611 52 19 böra
565 611 23 20 af
601 611 151 27 skeppsredare
769 614 94 27 erläggas

117 646 46 20 med
186 646 59 26 tjugu
268 646 63 26 penni
354 645 81 26 årligen
456 645 32 20 för
507 645 71 26 hvarje
600 646 39 19 läst
658 646 24 20 af
696 647 43 20 alla
754 648 111 21 inhemska

117 680 76 26 fartyg,
210 686 44 14 som
270 682 36 17 äro
322 679 6 20 i
344 679 162 26 Magistraterna
521 679 32 19 för
568 679 73 26 sjöfart
655 680 109 27 inskrifna,
779 684 54 18 samt
843 683 24 20 af

117 714 113 20 utländska
242 714 46 19 med
306 713 43 19 lika
365 713 85 26 mycket
465 713 32 19 för
513 713 72 24 hvarje
601 714 46 26 läst,
664 721 25 13 en
704 715 56 27 gång
776 716 88 26 årligen,

117 748 27 20 då
159 748 61 20 dessa
236 748 79 19 besöka
329 747 68 20 finska
412 747 88 20 hamnar
511 747 38 20 och
562 747 108 21 derstädes
686 749 112 20 verkställa
813 750 50 20 loss-

117 783 51 25 ning
184 782 51 20 eller
251 782 91 26 lastning
357 783 50 18 utan
423 783 31 17 att
468 787 51 14 vara
533 781 24 19 af
570 782 73 26 sjönöd
660 782 51 20 eller
722 790 67 13 annan
806 784 57 26 olyc-

116 816 28 20 ka
159 816 69 20 dertill
245 818 101 23 tvungna;

186 856 42 24 3:0)
245 854 221 27 Sjömanshusafgifter
481 854 52 20 eller
549 854 254 29 förhyrningsprocenter,
819 864 44 13 som

117 890 35 20 vid
170 890 145 25 afmönstring,
334 890 26 18 dä
378 889 70 26 fartyg
467 889 124 20 återvänder
614 890 31 19 till
668 890 76 26 landet,
767 892 97 25 erläggas

117 924 31 19 till
171 923 173 26 sjömanshuset
341 919 15 36 i
364 923 40 20 den
428 923 69 26 hamn,
521 923 37 20 der
581 923 164 28 afmönstringen
769 925 54 26 sker,
843 926 24 19 af

118 958 134 26 sjökaptener
271 957 46 20 med
337 957 35 20 tvä
391 960 92 23 procent,
505 957 23 19 af
545 957 192 27 östersjöskeppare
757 959 38 20 och
811 961 53 24 styr-

119 995 46 17 män
190 991 46 20 med
260 998 26 13 en
309 991 38 20 och
366 997 26 14 en
414 991 44 19 half
471 993 88 24 procent
574 993 54 18 samt
642 991 24 20 af
679 992 79 25 sjömän
775 993 47 20 med
838 999 25 14 en

119 1027 87 25 procent
221 1025 23 20 af
258 1025 59 20 deras
333 1025 65 20 under
421 1031 60 14 resan
501 1025 99 26 förtjenta
618 1025 34 20 lön
674 1025 50 20 eller
740 1026 58 27 hyra,
815 1029 48 18 utan

118 1059 99 21 afseende
240 1059 71 26 derpä,
334 1065 34 14 om
392 1059 26 20 de
441 1059 54 20 varit
513 1059 6 19 i
535 1059 131 26 sjömanshus
688 1059 103 21 inskrifna
813 1061 52 20 eller

117 1093 57 26 icke;

187 1128 43 24 4:0)
250 1127 192 26 Pensionsafgifter,
462 1127 74 20 hvilka
554 1127 72 26 hvarje
646 1127 150 27 befälhafvare,
812 1130 52 25 styr-

119 1168 47 13 man
186 1161 39 20 och
245 1161 85 26 sjöman,
350 1167 45 14 som.
415 1163 23 17 är
453 1161 5 19 i
475 1161 131 26 sjömanshus
621 1161 123 26 inskrifven,
760 1162 53 20 skall
831 1163 34 19 be-

118 1196 48 25 tala,
182 1195 144 20 befälhafvare
348 1194 38 20 och
410 1196 93 24 styrman
524 1194 47 20 med
591 1195 28 19 tio
639 1197 53 18 samt
714 1196 81 25 sjöman
818 1196 47 20 med

118 1230 43 20 åtta
176 1230 86 25 procent
278 1228 22 20 af
313 1228 40 20 den
369 1228 96 27 pension,
481 1235 44 13 som
539 1228 85 27 jemlikt
635 1230 9 23 $
656 1229 26 20 30
694 1229 78 20 enhvar
782 1230 23 20 af
819 1230 46 20 dem

117 1263 139 26 tillkommer;

187 1303 43 24 5:0)
247 1302 31 20 De
294 1301 149 27 straffafgifter,
458 1302 127 21 förverkade
600 1303 64 26 hyror
675 1305 53 18 samt
740 1303 64 26 böter,
814 1304 52 20 hvil-

119 1338 28 19 ka
162 1336 86 27 jemlikt
267 1336 94 27 sjölagen
380 1337 39 19 och
438 1337 70 20 denna
526 1337 124 26 förordning
669 1337 83 20 tillfalla
766 1338 100 25 sjömans-

119 1372 77 25 husen:

188 1405 43 24 6:0)
250 1405 108 26 Frivilliga
378 1405 80 26 bidrag,
479 1411 44 14 som
544 1405 35 20 vid
599 1405 139 26 förlikningar
753 1405 6 20 i
775 1406 92 25 sjörätts-

119 1440 79 25 tvister,
214 1439 127 26 försäljning
354 1439 23 19 af
390 1439 69 26 fartyg
475 1439 51 20 eller
541 1439 66 20 andra
622 1439 96 20 tillfällen
731 1439 85 21 komma
827 1441 40 25 sjö-

119 1473 126 20 manshusen
261 1473 31 19 till
307 1473 62 25 godo,
385 1473 108 19 äfvensom
509 1473 67 20 andra
593 1473 106 26 tillfälliga
713 1473 123 20 inkomster.

756 1506 21 17 19
