1070 1786
815 141 32 18 213

132 206 56 18 emot
207 205 34 19 lön
262 205 31 19 för
316 205 75 20 månad
415 205 52 20 eller
491 211 52 18 resa,
567 204 67 20 såsom
659 204 110 27 betingadt
783 207 30 24 är,
829 207 53 18 samt

132 239 105 19 dessutom
259 239 89 26 kuplake
368 239 50 20 eller
438 245 68 14 annan
527 239 117 24 fraktvinst,
665 239 43 19 ifall
725 239 71 20 derom
814 239 67 20 öfver-

132 272 143 25 enskommits,
299 279 45 13 men
362 273 18 25 ej
398 273 33 19 må
450 273 41 19 han
515 279 75 13 annars
613 272 81 20 utöfver
716 273 63 20 lönen
800 273 31 20 för
850 273 31 19 sin

131 306 90 26 räkning
239 306 83 20 behålla
338 306 68 26 någon
423 306 22 20 af
459 306 100 26 sjöfarten
576 306 127 20 härrörande
718 306 99 20 inkomst.

200 340 43 19 Har
266 340 72 20 redare
361 342 65 18 större
450 340 61 20 andel
529 340 7 19 i
552 340 70 26 fartyg
641 343 26 17 än
684 340 85 26 hälften,
786 347 49 13 vare
851 340 31 20 till

133 374 77 19 befälet
225 374 50 19 derå
291 374 125 26 berättigad,
432 380 33 14 om
483 374 40 20 han
541 374 68 20 dertill
626 375 60 25 eljest
703 374 86 26 behörig
801 378 28 22 är,
841 374 39 20 och

132 408 56 25 njute
204 408 69 26 skälig
290 408 40 25 lön,
347 414 45 14 som
408 408 24 20 af
444 408 55 26 gode
516 411 46 16 män
579 408 51 20 eller
646 408 90 20 domstol
748 408 131 24 bestämmes,

132 442 43 20 ifall
192 442 18 26 ej
228 442 122 20 medredare
367 443 71 19 derom
455 442 96 26 åsämjas.

476 512 10 22 s
503 510 32 20 33.

200 556 35 20 Uti
252 556 100 27 fartygets
370 557 82 20 hemort
467 563 40 20 ege
523 557 18 26 ej
559 556 143 21 befälhafvare
718 558 57 19 makt
791 560 30 18 att
833 560 48 18 utan

131 591 89 19 särskild
241 591 95 19 fullmakt
357 591 97 19 förbinda
469 591 91 19 rederiet
575 598 75 19 genom
667 591 97 20 fraktslut
779 593 52 19 eller
845 598 35 14 an-

133 625 35 19 dra
185 625 31 19 för
231 625 102 26 fartygets
354 625 120 19 utrustande
495 625 39 19 och
556 632 58 13 resas
634 625 109 20 utförande
759 626 78 26 nödiga
853 626 28 20 af-

133 659 34 24 tal,
179 659 47 19 med
240 659 106 26 undantag
358 660 23 18 af
390 659 53 25 dem,
455 666 44 13 som
511 659 55 26 angå
579 659 156 26 besättningens
747 660 134 26 förhyrande.

132 693 99 20 Deremot
253 694 54 19 skall
330 694 92 19 rederiet
440 700 50 13 vara
508 694 113 26 ansvarigt,
641 693 66 20 säsom
723 694 7 19 i
746 696 10 22 $
773 695 24 19 17
814 697 67 24 säges,

133 727 31 19 för
179 728 37 19 allt
233 728 54 19 hvad
307 728 155 19 befälhafvaren
484 728 136 20 annorstädes
636 728 5 19 i
658 728 39 20 och
713 728 31 19 för
759 728 31 19 sin
808 728 73 20 befatt-

132 761 50 26 ning
199 764 37 23 gör
252 762 39 19 och
306 762 92 19 afslutar.
430 762 41 19 Har
487 762 92 19 rederiet
594 762 26 26 pä
637 762 63 26 nägot
716 764 40 18 sätt
771 762 111 20 inskränkt

132 795 52 19 hans
200 796 99 24 rättighet
318 798 31 17 att
367 796 140 20 förbindelser
523 796 12 19 &
551 796 47 20 dess
617 799 79 23 vägnar
714 796 55 26 ingä,
790 796 54 26 gälle
861 797 19 25 ej

131 829 65 20 sädan
212 830 154 26 iuskränkning
382 833 43 17 mot
441 830 66 26 tredje
525 837 46 13 man
588 830 6 20 i
610 833 64 17 annat
690 830 41 26 fall,
748 833 25 17 än
790 830 27 20 dä
832 831 49 19 den-

132 870 25 13 ne
174 864 54 19 förut
244 864 70 20 derom
331 864 43 20 haft
390 864 103 26 kunskap.

477 934 10 22 S
504 933 33 18 34.

200 978 32 20 Dä
247 978 143 20 befälhafvare
414 979 32 19 sin
470 978 119 26 befattning
609 978 109 25 tillträder,
735 978 36 20 bör
786 979 95 18 invente-

131 1013 47 26 ring
199 1013 22 19 af
238 1013 102 26 fartygets
363 1012 156 26 tillhörigheter
541 1012 104 25 förrättas,
665 1012 39 19 och
724 1015 29 16 ett
772 1013 110 25 exemplar

133 1047 22 18 af
168 1047 237 26 inventeringslängden
426 1046 46 19 med
495 1046 168 19 befälhafvarens
679 1046 155 26 godkännande
850 1046 30 19 till

132 1081 90 19 rederiet
245 1081 147 20 öfverlemnas.
424 1081 68 19 Förän
517 1080 39 19 last
578 1080 89 26 intages,
690 1086 51 19 eger
764 1080 39 19 han
827 1087 56 19 noga

131 1115 76 20 efterse
228 1117 30 17 att
277 1115 91 25 fartyget
388 1117 22 17 är
426 1115 6 18 i
448 1114 120 26 sjömässigt
583 1113 68 24 skick,
670 1114 108 19 äfvensom
794 1116 30 17 att
839 1114 42 25 det,

131 1149 64 20 innan
211 1155 47 13 resa
273 1149 103 25 anträdes,
392 1151 22 16 är
431 1148 78 20 försedt
525 1148 46 19 med
588 1148 63 26 nödig
666 1148 98 26 proviant
778 1148 39 20 och
833 1148 48 20 öfri-

131 1190 27 20 ga
174 1183 105 20 tillbehör.
310 1183 76 19 Finnes
410 1183 44 19 deri
479 1182 67 26 nägon
565 1182 56 26 brist,
642 1182 39 20 och
700 1182 36 19 vill
754 1183 19 25 ej
793 1183 88 19 redaren

131 1218 40 19 den
188 1217 100 26 afhjelpa,
304 1223 48 14 vare
369 1216 158 21 befälhafvaren
545 1216 117 26 berättigad
678 1218 32 17 att
724 1216 74 20 aftalet
813 1216 68 27 bryta.

131 1251 55 20 Utan
202 1251 47 20 skäl
264 1251 35 20 mä
313 1251 47 20 icke
377 1251 158 20 befälhafvaren
552 1251 92 26 fördröja
659 1251 31 19 sin
706 1251 74 19 afresa.

478 1321 9 22 S
505 1319 32 20 35.

202 1365 144 20 Befälhafvare
363 1371 50 20 eger
432 1364 53 20 efter
508 1365 101 26 fartygets
625 1364 39 20 och
680 1371 70 12 resans
768 1364 64 20 behof
845 1371 36 13 an-

133 1402 49 23 taga
202 1399 64 26 nödig
287 1399 129 26 besättning;
439 1398 96 20 samräde
559 1399 53 19 dock
632 1399 46 19 med
696 1398 91 20 rederiet
802 1399 78 25 derom,

132 1433 26 20 då
174 1433 125 26 förhyrning
315 1433 11 18 &
342 1433 107 19 hemorten
465 1433 55 19 sker.

201 1467 105 25 Förhyrer
325 1467 40 19 han
385 1467 76 25 nägon,
481 1473 44 13 som
545 1466 40 20 han
606 1470 34 16 vet
655 1473 50 13 vara
720 1466 31 19 till
766 1467 63 25 tjenst
844 1467 37 19 hos
