<?xml version="1.0" encoding="UTF-8"?>
<alto xmlns="http://www.loc.gov/standards/alto/ns-v3#" xmlns:xlink="http://www.w3.org/1999/xlink" xmlns:xsi="http://www.w3.org/2001/XMLSchema-instance" xsi:schemaLocation="http://www.loc.gov/standards/alto/ns-v3# http://www.loc.gov/alto/v3/alto-3-0.xsd">
	<Description>
		<MeasurementUnit>pixel</MeasurementUnit>
		<sourceImageInformation>
			<fileName>/tmp/tess_7vh92xig_input.PNG</fileName>
		</sourceImageInformation>
		<OCRProcessing ID="OCR_0">
			<ocrProcessingStep>
				<processingSoftware>
					<softwareName>tesseract 5.3.4</softwareName>
				</processingSoftware>
			</ocrProcessingStep>
		</OCRProcessing>
	</Description>
	<Layout>
		<Page WIDTH="1070" HEIGHT="1786" PHYSICAL_IMG_NR="0" ID="page_0">
			<PrintSpace HPOS="0" VPOS="0" WIDTH="1070" HEIGHT="1786">
				<ComposedBlock ID="cblock_0" HPOS="800" VPOS="148" WIDTH="35" HEIGHT="18">
					<TextBlock ID="block_0" HPOS="800" VPOS="148" WIDTH="35" HEIGHT="18">
						<TextLine ID="line_0" HPOS="800" VPOS="148" WIDTH="35" HEIGHT="18">
							<String ID="string_0" HPOS="800" VPOS="148" WIDTH="35" HEIGHT="18" WC="0.96" CONTENT="433"/>
						</TextLine>
					</TextBlock>
				</ComposedBlock>
				<ComposedBlock ID="cblock_1" HPOS="118" VPOS="209" WIDTH="751" HEIGHT="337">
					<TextBlock ID="block_1" HPOS="118" VPOS="209" WIDTH="749" HEIGHT="97">
						<TextLine ID="line_1" HPOS="118" VPOS="209" WIDTH="749" HEIGHT="30">
							<String ID="string_1" HPOS="118" VPOS="214" WIDTH="30" HEIGHT="18" WC="0.95" CONTENT="att"/><SP WIDTH="19" VPOS="214" HPOS="148"/>
							<String ID="string_2" HPOS="167" VPOS="212" WIDTH="93" HEIGHT="27" WC="0.95" CONTENT="granska"/><SP WIDTH="19" VPOS="212" HPOS="260"/>
							<String ID="string_3" HPOS="279" VPOS="211" WIDTH="149" HEIGHT="26" WC="0.96" CONTENT="redogörelsen"/><SP WIDTH="17" VPOS="211" HPOS="428"/>
							<String ID="string_4" HPOS="445" VPOS="210" WIDTH="59" HEIGHT="20" WC="0.96" CONTENT="öfver"/><SP WIDTH="15" VPOS="210" HPOS="504"/>
							<String ID="string_5" HPOS="519" VPOS="211" WIDTH="139" HEIGHT="20" WC="0.93" CONTENT="kommunens"/><SP WIDTH="16" VPOS="211" HPOS="658"/>
							<String ID="string_6" HPOS="674" VPOS="209" WIDTH="193" HEIGHT="28" WC="0.91" CONTENT="penningeförvalt-"/>
						</TextLine>
						<TextLine ID="line_2" HPOS="119" VPOS="244" WIDTH="747" HEIGHT="28">
							<String ID="string_7" HPOS="119" VPOS="247" WIDTH="57" HEIGHT="25" WC="0.96" CONTENT="ning,"/><SP WIDTH="20" VPOS="247" HPOS="176"/>
							<String ID="string_8" HPOS="196" VPOS="246" WIDTH="109" HEIGHT="20" WC="0.96" CONTENT="äfvensom"/><SP WIDTH="20" VPOS="246" HPOS="305"/>
							<String ID="string_9" HPOS="325" VPOS="245" WIDTH="32" HEIGHT="20" WC="0.96" CONTENT="till"/><SP WIDTH="16" VPOS="245" HPOS="357"/>
							<String ID="string_10" HPOS="373" VPOS="245" WIDTH="159" HEIGHT="26" WC="0.96" CONTENT="handläggning"/><SP WIDTH="15" VPOS="245" HPOS="532"/>
							<String ID="string_11" HPOS="547" VPOS="244" WIDTH="22" HEIGHT="20" WC="0.96" CONTENT="af"/><SP WIDTH="14" VPOS="244" HPOS="569"/>
							<String ID="string_12" HPOS="583" VPOS="244" WIDTH="40" HEIGHT="21" WC="0.96" CONTENT="den"/><SP WIDTH="17" VPOS="244" HPOS="623"/>
							<String ID="string_13" HPOS="640" VPOS="245" WIDTH="6" HEIGHT="19" WC="0.96" CONTENT="i"/><SP WIDTH="17" VPOS="245" HPOS="646"/>
							<String ID="string_14" HPOS="663" VPOS="245" WIDTH="11" HEIGHT="19" WC="0.96" CONTENT="3"/><SP WIDTH="17" VPOS="245" HPOS="674"/>
							<String ID="string_15" HPOS="691" VPOS="251" WIDTH="62" HEIGHT="14" WC="0.96" CONTENT="mom."/><SP WIDTH="16" VPOS="251" HPOS="753"/>
							<String ID="string_16" HPOS="769" VPOS="245" WIDTH="12" HEIGHT="19" WC="0.93" CONTENT="6"/><SP WIDTH="16" VPOS="245" HPOS="781"/>
							<String ID="string_17" HPOS="797" VPOS="246" WIDTH="10" HEIGHT="22" WC="0.92" CONTENT="$"/><SP WIDTH="16" VPOS="246" HPOS="807"/>
							<String ID="string_18" HPOS="823" VPOS="250" WIDTH="43" HEIGHT="13" WC="0.92" CONTENT="om-"/>
						</TextLine>
						<TextLine ID="line_3" HPOS="119" VPOS="280" WIDTH="183" HEIGHT="26">
							<String ID="string_19" HPOS="119" VPOS="280" WIDTH="103" HEIGHT="20" WC="0.92" CONTENT="förmälda"/><SP WIDTH="16" VPOS="280" HPOS="222"/>
							<String ID="string_20" HPOS="238" VPOS="280" WIDTH="64" HEIGHT="26" WC="0.96" CONTENT="fråga."/>
						</TextLine>
					</TextBlock>
					<TextBlock ID="block_2" HPOS="120" VPOS="312" WIDTH="749" HEIGHT="234">
						<TextLine ID="line_4" HPOS="187" VPOS="312" WIDTH="682" HEIGHT="28">
							<String ID="string_21" HPOS="187" VPOS="314" WIDTH="69" HEIGHT="20" WC="0.96" CONTENT="Finna"/><SP WIDTH="14" VPOS="314" HPOS="256"/>
							<String ID="string_22" HPOS="270" VPOS="314" WIDTH="137" HEIGHT="26" WC="0.96" CONTENT="Magistraten"/><SP WIDTH="16" VPOS="314" HPOS="407"/>
							<String ID="string_23" HPOS="423" VPOS="313" WIDTH="38" HEIGHT="20" WC="0.96" CONTENT="och"/><SP WIDTH="12" VPOS="313" HPOS="461"/>
							<String ID="string_24" HPOS="473" VPOS="312" WIDTH="192" HEIGHT="28" WC="0.93" CONTENT="stadsfullmäktige"/><SP WIDTH="11" VPOS="312" HPOS="665"/>
							<String ID="string_25" HPOS="676" VPOS="313" WIDTH="74" HEIGHT="26" WC="0.90" CONTENT="nödigt"/><SP WIDTH="10" VPOS="313" HPOS="750"/>
							<String ID="string_26" HPOS="760" VPOS="314" WIDTH="29" HEIGHT="18" WC="0.89" CONTENT="att"/><SP WIDTH="10" VPOS="314" HPOS="789"/>
							<String ID="string_27" HPOS="799" VPOS="312" WIDTH="6" HEIGHT="20" WC="0.89" CONTENT="i"/><SP WIDTH="12" VPOS="312" HPOS="805"/>
							<String ID="string_28" HPOS="817" VPOS="312" WIDTH="52" HEIGHT="20" WC="0.96" CONTENT="visst"/>
						</TextLine>
						<TextLine ID="line_5" HPOS="120" VPOS="346" WIDTH="747" HEIGHT="28">
							<String ID="string_29" HPOS="120" VPOS="349" WIDTH="84" HEIGHT="25" WC="0.95" CONTENT="ärende,"/><SP WIDTH="22" VPOS="349" HPOS="204"/>
							<String ID="string_30" HPOS="226" VPOS="355" WIDTH="44" HEIGHT="13" WC="0.92" CONTENT="som"/><SP WIDTH="15" VPOS="355" HPOS="270"/>
							<String ID="string_31" HPOS="285" VPOS="350" WIDTH="58" HEIGHT="18" WC="0.91" CONTENT="rörer"/><SP WIDTH="15" VPOS="350" HPOS="343"/>
							<String ID="string_32" HPOS="358" VPOS="347" WIDTH="86" HEIGHT="20" WC="0.96" CONTENT="stadens"/><SP WIDTH="15" VPOS="347" HPOS="444"/>
							<String ID="string_33" HPOS="459" VPOS="347" WIDTH="142" HEIGHT="27" WC="0.96" CONTENT="hushållning,"/><SP WIDTH="15" VPOS="347" HPOS="601"/>
							<String ID="string_34" HPOS="616" VPOS="347" WIDTH="99" HEIGHT="20" WC="0.96" CONTENT="särskildt"/><SP WIDTH="15" VPOS="347" HPOS="715"/>
							<String ID="string_35" HPOS="730" VPOS="347" WIDTH="52" HEIGHT="19" WC="0.96" CONTENT="höra"/><SP WIDTH="14" VPOS="347" HPOS="782"/>
							<String ID="string_36" HPOS="796" VPOS="354" WIDTH="26" HEIGHT="13" WC="0.91" CONTENT="en"/><SP WIDTH="17" VPOS="354" HPOS="822"/>
							<String ID="string_37" HPOS="839" VPOS="346" WIDTH="28" HEIGHT="20" WC="0.91" CONTENT="el-"/>
						</TextLine>
						<TextLine ID="line_6" HPOS="120" VPOS="381" WIDTH="747" HEIGHT="27">
							<String ID="string_38" HPOS="120" VPOS="382" WIDTH="31" HEIGHT="20" WC="0.96" CONTENT="ler"/><SP WIDTH="15" VPOS="382" HPOS="151"/>
							<String ID="string_39" HPOS="166" VPOS="383" WIDTH="51" HEIGHT="20" WC="0.96" CONTENT="flere"/><SP WIDTH="17" VPOS="383" HPOS="217"/>
							<String ID="string_40" HPOS="234" VPOS="383" WIDTH="81" HEIGHT="19" WC="0.95" CONTENT="klasser"/><SP WIDTH="14" VPOS="383" HPOS="315"/>
							<String ID="string_41" HPOS="329" VPOS="382" WIDTH="23" HEIGHT="20" WC="0.96" CONTENT="af"/><SP WIDTH="14" VPOS="382" HPOS="352"/>
							<String ID="string_42" HPOS="366" VPOS="382" WIDTH="26" HEIGHT="20" WC="0.96" CONTENT="de"/><SP WIDTH="16" VPOS="382" HPOS="392"/>
							<String ID="string_43" HPOS="408" VPOS="382" WIDTH="66" HEIGHT="26" WC="0.96" CONTENT="enligt"/><SP WIDTH="15" VPOS="382" HPOS="474"/>
							<String ID="string_44" HPOS="489" VPOS="382" WIDTH="26" HEIGHT="19" WC="0.92" CONTENT="56"/><SP WIDTH="17" VPOS="382" HPOS="515"/>
							<String ID="string_45" HPOS="532" VPOS="384" WIDTH="10" HEIGHT="22" WC="0.92" CONTENT="$"/><SP WIDTH="16" VPOS="384" HPOS="542"/>
							<String ID="string_46" HPOS="558" VPOS="381" WIDTH="161" HEIGHT="27" WC="0.96" CONTENT="skattskyldige,"/><SP WIDTH="17" VPOS="381" HPOS="719"/>
							<String ID="string_47" HPOS="736" VPOS="381" WIDTH="33" HEIGHT="20" WC="0.96" CONTENT="må"/><SP WIDTH="14" VPOS="381" HPOS="769"/>
							<String ID="string_48" HPOS="783" VPOS="382" WIDTH="84" HEIGHT="20" WC="0.95" CONTENT="stadens"/>
						</TextLine>
						<TextLine ID="line_7" HPOS="121" VPOS="415" WIDTH="746" HEIGHT="27">
							<String ID="string_49" HPOS="121" VPOS="417" WIDTH="31" HEIGHT="19" WC="0.96" CONTENT="till"/><SP WIDTH="16" VPOS="417" HPOS="152"/>
							<String ID="string_50" HPOS="168" VPOS="417" WIDTH="61" HEIGHT="19" WC="0.96" CONTENT="dessa"/><SP WIDTH="13" VPOS="417" HPOS="229"/>
							<String ID="string_51" HPOS="242" VPOS="416" WIDTH="80" HEIGHT="20" WC="0.96" CONTENT="klasser"/><SP WIDTH="11" VPOS="416" HPOS="322"/>
							<String ID="string_52" HPOS="333" VPOS="416" WIDTH="93" HEIGHT="20" WC="0.96" CONTENT="hörande"/><SP WIDTH="11" VPOS="416" HPOS="426"/>
							<String ID="string_53" HPOS="437" VPOS="415" WIDTH="175" HEIGHT="27" WC="0.95" CONTENT="röstberättigade"/><SP WIDTH="13" VPOS="415" HPOS="612"/>
							<String ID="string_54" HPOS="625" VPOS="415" WIDTH="136" HEIGHT="20" WC="0.96" CONTENT="medlemmar"/><SP WIDTH="11" VPOS="415" HPOS="761"/>
							<String ID="string_55" HPOS="772" VPOS="416" WIDTH="29" HEIGHT="19" WC="0.92" CONTENT="till"/><SP WIDTH="13" VPOS="416" HPOS="801"/>
							<String ID="string_56" HPOS="814" VPOS="422" WIDTH="53" HEIGHT="13" WC="0.91" CONTENT="sam-"/>
						</TextLine>
						<TextLine ID="line_8" HPOS="122" VPOS="450" WIDTH="746" HEIGHT="26">
							<String ID="string_57" HPOS="122" VPOS="451" WIDTH="108" HEIGHT="19" WC="0.92" CONTENT="manträde"/><SP WIDTH="20" VPOS="451" HPOS="230"/>
							<String ID="string_58" HPOS="250" VPOS="450" WIDTH="55" HEIGHT="20" WC="0.96" CONTENT="inför"/><SP WIDTH="19" VPOS="450" HPOS="305"/>
							<String ID="string_59" HPOS="324" VPOS="450" WIDTH="134" HEIGHT="26" WC="0.96" CONTENT="Magistraten"/><SP WIDTH="17" VPOS="450" HPOS="458"/>
							<String ID="string_60" HPOS="475" VPOS="450" WIDTH="78" HEIGHT="25" WC="0.96" CONTENT="kallas;"/><SP WIDTH="16" VPOS="450" HPOS="553"/>
							<String ID="string_61" HPOS="569" VPOS="450" WIDTH="39" HEIGHT="20" WC="0.96" CONTENT="och"/><SP WIDTH="16" VPOS="450" HPOS="608"/>
							<String ID="string_62" HPOS="624" VPOS="456" WIDTH="49" HEIGHT="14" WC="0.96" CONTENT="vare"/><SP WIDTH="16" VPOS="456" HPOS="673"/>
							<String ID="string_63" HPOS="689" VPOS="450" WIDTH="25" HEIGHT="20" WC="0.93" CONTENT="de"/><SP WIDTH="16" VPOS="450" HPOS="714"/>
							<String ID="string_64" HPOS="730" VPOS="450" WIDTH="138" HEIGHT="26" WC="0.90" CONTENT="deltagandes"/>
						</TextLine>
						<TextLine ID="line_9" HPOS="121" VPOS="484" WIDTH="747" HEIGHT="20">
							<String ID="string_65" HPOS="121" VPOS="486" WIDTH="66" HEIGHT="18" WC="0.96" CONTENT="röster"/><SP WIDTH="20" VPOS="486" HPOS="187"/>
							<String ID="string_66" HPOS="207" VPOS="484" WIDTH="27" HEIGHT="20" WC="0.96" CONTENT="då"/><SP WIDTH="20" VPOS="484" HPOS="234"/>
							<String ID="string_67" HPOS="254" VPOS="484" WIDTH="92" HEIGHT="20" WC="0.96" CONTENT="räknade"/><SP WIDTH="20" VPOS="484" HPOS="346"/>
							<String ID="string_68" HPOS="366" VPOS="484" WIDTH="54" HEIGHT="20" WC="0.96" CONTENT="efter"/><SP WIDTH="15" VPOS="484" HPOS="420"/>
							<String ID="string_69" HPOS="435" VPOS="484" WIDTH="61" HEIGHT="20" WC="0.93" CONTENT="deras"/><SP WIDTH="16" VPOS="484" HPOS="496"/>
							<String ID="string_70" HPOS="512" VPOS="484" WIDTH="98" HEIGHT="20" WC="0.92" CONTENT="skattetal"/><SP WIDTH="16" VPOS="484" HPOS="610"/>
							<String ID="string_71" HPOS="626" VPOS="484" WIDTH="56" HEIGHT="20" WC="0.96" CONTENT="inom"/><SP WIDTH="19" VPOS="484" HPOS="682"/>
							<String ID="string_72" HPOS="701" VPOS="484" WIDTH="40" HEIGHT="20" WC="0.96" CONTENT="den"/><SP WIDTH="17" VPOS="484" HPOS="741"/>
							<String ID="string_73" HPOS="758" VPOS="484" WIDTH="55" HEIGHT="19" WC="0.93" CONTENT="klass"/><SP WIDTH="16" VPOS="484" HPOS="813"/>
							<String ID="string_74" HPOS="829" VPOS="484" WIDTH="39" HEIGHT="19" WC="0.92" CONTENT="frå-"/>
						</TextLine>
						<TextLine ID="line_10" HPOS="120" VPOS="519" WIDTH="130" HEIGHT="27">
							<String ID="string_75" HPOS="120" VPOS="526" WIDTH="40" HEIGHT="20" WC="0.91" CONTENT="gan"/><SP WIDTH="17" VPOS="526" HPOS="160"/>
							<String ID="string_76" HPOS="177" VPOS="519" WIDTH="73" HEIGHT="27" WC="0.96" CONTENT="gäller."/>
						</TextLine>
					</TextBlock>
				</ComposedBlock>
				<ComposedBlock ID="cblock_2" HPOS="121" VPOS="564" WIDTH="750" HEIGHT="504">
					<TextBlock ID="block_3" HPOS="467" VPOS="564" WIDTH="60" HEIGHT="24">
						<TextLine ID="line_11" HPOS="467" VPOS="564" WIDTH="60" HEIGHT="24">
							<String ID="string_77" HPOS="467" VPOS="566" WIDTH="10" HEIGHT="22" WC="0.90" CONTENT="$"/><SP WIDTH="19" VPOS="566" HPOS="477"/>
							<String ID="string_78" HPOS="496" VPOS="564" WIDTH="31" HEIGHT="20" WC="0.95" CONTENT="10."/>
						</TextLine>
					</TextBlock>
					<TextBlock ID="block_4" HPOS="121" VPOS="603" WIDTH="750" HEIGHT="397">
						<TextLine ID="line_12" HPOS="189" VPOS="603" WIDTH="679" HEIGHT="27">
							<String ID="string_79" HPOS="189" VPOS="604" WIDTH="78" HEIGHT="26" WC="0.92" CONTENT="Hvarje"/><SP WIDTH="21" VPOS="604" HPOS="267"/>
							<String ID="string_80" HPOS="288" VPOS="604" WIDTH="115" HEIGHT="26" WC="0.91" CONTENT="välfräjdad"/><SP WIDTH="21" VPOS="604" HPOS="403"/>
							<String ID="string_81" HPOS="424" VPOS="604" WIDTH="90" HEIGHT="20" WC="0.96" CONTENT="medlem"/><SP WIDTH="17" VPOS="604" HPOS="514"/>
							<String ID="string_82" HPOS="531" VPOS="604" WIDTH="23" HEIGHT="19" WC="0.96" CONTENT="af"/><SP WIDTH="13" VPOS="604" HPOS="554"/>
							<String ID="string_83" HPOS="567" VPOS="604" WIDTH="194" HEIGHT="25" WC="0.95" CONTENT="stadskommunen,"/><SP WIDTH="16" VPOS="604" HPOS="761"/>
							<String ID="string_84" HPOS="777" VPOS="610" WIDTH="47" HEIGHT="13" WC="0.92" CONTENT="man"/><SP WIDTH="16" VPOS="610" HPOS="824"/>
							<String ID="string_85" HPOS="840" VPOS="603" WIDTH="28" HEIGHT="20" WC="0.91" CONTENT="el-"/>
						</TextLine>
						<TextLine ID="line_13" HPOS="122" VPOS="637" WIDTH="747" HEIGHT="28">
							<String ID="string_86" HPOS="122" VPOS="639" WIDTH="30" HEIGHT="19" WC="0.91" CONTENT="ler"/><SP WIDTH="22" VPOS="639" HPOS="152"/>
							<String ID="string_87" HPOS="174" VPOS="639" WIDTH="85" HEIGHT="26" WC="0.91" CONTENT="qvinna,"/><SP WIDTH="23" VPOS="639" HPOS="259"/>
							<String ID="string_88" HPOS="282" VPOS="644" WIDTH="44" HEIGHT="14" WC="0.96" CONTENT="som"/><SP WIDTH="21" VPOS="644" HPOS="326"/>
							<String ID="string_89" HPOS="347" VPOS="638" WIDTH="91" HEIGHT="25" WC="0.95" CONTENT="åtnjuter"/><SP WIDTH="18" VPOS="638" HPOS="438"/>
							<String ID="string_90" HPOS="456" VPOS="638" WIDTH="54" HEIGHT="19" WC="0.96" CONTENT="finsk"/><SP WIDTH="17" VPOS="638" HPOS="510"/>
							<String ID="string_91" HPOS="527" VPOS="638" WIDTH="149" HEIGHT="26" WC="0.96" CONTENT="medborgares"/><SP WIDTH="15" VPOS="638" HPOS="676"/>
							<String ID="string_92" HPOS="691" VPOS="638" WIDTH="123" HEIGHT="26" WC="0.96" CONTENT="rättigheter"/><SP WIDTH="15" VPOS="638" HPOS="814"/>
							<String ID="string_93" HPOS="829" VPOS="637" WIDTH="40" HEIGHT="20" WC="0.95" CONTENT="och"/>
						</TextLine>
						<TextLine ID="line_14" HPOS="122" VPOS="670" WIDTH="747" HEIGHT="28">
							<String ID="string_94" HPOS="122" VPOS="674" WIDTH="37" HEIGHT="19" WC="0.96" CONTENT="har"/><SP WIDTH="20" VPOS="674" HPOS="159"/>
							<String ID="string_95" HPOS="179" VPOS="675" WIDTH="30" HEIGHT="17" WC="0.95" CONTENT="att"/><SP WIDTH="19" VPOS="675" HPOS="209"/>
							<String ID="string_96" HPOS="228" VPOS="672" WIDTH="50" HEIGHT="26" WC="0.96" CONTENT="sjelf"/><SP WIDTH="18" VPOS="672" HPOS="278"/>
							<String ID="string_97" HPOS="296" VPOS="672" WIDTH="58" HEIGHT="20" WC="0.96" CONTENT="öfver"/><SP WIDTH="16" VPOS="672" HPOS="354"/>
							<String ID="string_98" HPOS="370" VPOS="672" WIDTH="32" HEIGHT="26" WC="0.96" CONTENT="sig"/><SP WIDTH="16" VPOS="672" HPOS="402"/>
							<String ID="string_99" HPOS="418" VPOS="672" WIDTH="38" HEIGHT="20" WC="0.96" CONTENT="och"/><SP WIDTH="16" VPOS="672" HPOS="456"/>
							<String ID="string_100" HPOS="472" VPOS="672" WIDTH="36" HEIGHT="20" WC="0.96" CONTENT="sitt"/><SP WIDTH="15" VPOS="672" HPOS="508"/>
							<String ID="string_101" HPOS="523" VPOS="672" WIDTH="52" HEIGHT="26" WC="0.96" CONTENT="gods"/><SP WIDTH="16" VPOS="672" HPOS="575"/>
							<String ID="string_102" HPOS="591" VPOS="672" WIDTH="51" HEIGHT="20" WC="0.96" CONTENT="råda"/><SP WIDTH="14" VPOS="672" HPOS="642"/>
							<String ID="string_103" HPOS="656" VPOS="673" WIDTH="60" HEIGHT="24" WC="0.96" CONTENT="samt,"/><SP WIDTH="16" VPOS="673" HPOS="716"/>
							<String ID="string_104" HPOS="732" VPOS="672" WIDTH="67" HEIGHT="26" WC="0.96" CONTENT="enligt"/><SP WIDTH="15" VPOS="672" HPOS="799"/>
							<String ID="string_105" HPOS="814" VPOS="670" WIDTH="55" HEIGHT="20" WC="0.96" CONTENT="hvad"/>
						</TextLine>
						<TextLine ID="line_15" HPOS="122" VPOS="706" WIDTH="747" HEIGHT="26">
							<String ID="string_106" HPOS="122" VPOS="708" WIDTH="6" HEIGHT="19" WC="0.95" CONTENT="i"/><SP WIDTH="17" VPOS="708" HPOS="128"/>
							<String ID="string_107" HPOS="145" VPOS="708" WIDTH="25" HEIGHT="19" WC="0.93" CONTENT="53"/><SP WIDTH="16" VPOS="708" HPOS="170"/>
							<String ID="string_108" HPOS="186" VPOS="709" WIDTH="10" HEIGHT="21" WC="0.92" CONTENT="$"/><SP WIDTH="16" VPOS="709" HPOS="196"/>
							<String ID="string_109" HPOS="212" VPOS="709" WIDTH="94" HEIGHT="17" WC="0.96" CONTENT="närmare"/><SP WIDTH="17" VPOS="709" HPOS="306"/>
							<String ID="string_110" HPOS="323" VPOS="706" WIDTH="132" HEIGHT="26" WC="0.95" CONTENT="bestämmes,"/><SP WIDTH="16" VPOS="706" HPOS="455"/>
							<String ID="string_111" HPOS="471" VPOS="709" WIDTH="22" HEIGHT="17" WC="0.96" CONTENT="är"/><SP WIDTH="16" VPOS="709" HPOS="493"/>
							<String ID="string_112" HPOS="509" VPOS="706" WIDTH="86" HEIGHT="26" WC="0.96" CONTENT="skyldig"/><SP WIDTH="15" VPOS="706" HPOS="595"/>
							<String ID="string_113" HPOS="610" VPOS="707" WIDTH="30" HEIGHT="19" WC="0.96" CONTENT="att"/><SP WIDTH="15" VPOS="707" HPOS="640"/>
							<String ID="string_114" HPOS="655" VPOS="706" WIDTH="31" HEIGHT="19" WC="0.96" CONTENT="till"/><SP WIDTH="14" VPOS="706" HPOS="686"/>
							<String ID="string_115" HPOS="700" VPOS="706" WIDTH="127" HEIGHT="20" WC="0.93" CONTENT="kommunen"/><SP WIDTH="11" VPOS="706" HPOS="827"/>
							<String ID="string_116" HPOS="838" VPOS="711" WIDTH="31" HEIGHT="13" WC="0.91" CONTENT="er-"/>
						</TextLine>
						<TextLine ID="line_16" HPOS="122" VPOS="739" WIDTH="749" HEIGHT="29">
							<String ID="string_117" HPOS="122" VPOS="742" WIDTH="63" HEIGHT="26" WC="0.96" CONTENT="lägga"/><SP WIDTH="15" VPOS="742" HPOS="185"/>
							<String ID="string_118" HPOS="200" VPOS="741" WIDTH="62" HEIGHT="25" WC="0.95" CONTENT="skatt,"/><SP WIDTH="12" VPOS="741" HPOS="262"/>
							<String ID="string_119" HPOS="274" VPOS="741" WIDTH="18" HEIGHT="26" WC="0.93" CONTENT="ej"/><SP WIDTH="12" VPOS="741" HPOS="292"/>
							<String ID="string_120" HPOS="304" VPOS="740" WIDTH="67" HEIGHT="20" WC="0.93" CONTENT="häftar"/><SP WIDTH="11" VPOS="740" HPOS="371"/>
							<String ID="string_121" HPOS="382" VPOS="740" WIDTH="32" HEIGHT="20" WC="0.96" CONTENT="för"/><SP WIDTH="11" VPOS="740" HPOS="414"/>
							<String ID="string_122" HPOS="425" VPOS="740" WIDTH="50" HEIGHT="20" WC="0.96" CONTENT="flere"/><SP WIDTH="9" VPOS="740" HPOS="475"/>
							<String ID="string_123" HPOS="484" VPOS="743" WIDTH="26" HEIGHT="17" WC="0.93" CONTENT="än"/><SP WIDTH="9" VPOS="743" HPOS="510"/>
							<String ID="string_124" HPOS="519" VPOS="740" WIDTH="187" HEIGHT="26" WC="0.91" CONTENT="nästförutgångna"/><SP WIDTH="8" VPOS="740" HPOS="706"/>
							<String ID="string_125" HPOS="714" VPOS="740" WIDTH="55" HEIGHT="20" WC="0.93" CONTENT="årets"/><SP WIDTH="8" VPOS="740" HPOS="769"/>
							<String ID="string_126" HPOS="777" VPOS="739" WIDTH="94" HEIGHT="27" WC="0.91" CONTENT="oguldna"/>
						</TextLine>
						<TextLine ID="line_17" HPOS="121" VPOS="774" WIDTH="748" HEIGHT="27">
							<String ID="string_127" HPOS="121" VPOS="775" WIDTH="174" HEIGHT="26" WC="0.91" CONTENT="stadsutskylder,"/><SP WIDTH="16" VPOS="775" HPOS="295"/>
							<String ID="string_128" HPOS="311" VPOS="774" WIDTH="46" HEIGHT="20" WC="0.96" CONTENT="icke"/><SP WIDTH="16" VPOS="774" HPOS="357"/>
							<String ID="string_129" HPOS="373" VPOS="774" WIDTH="43" HEIGHT="20" WC="0.96" CONTENT="står"/><SP WIDTH="15" VPOS="774" HPOS="416"/>
							<String ID="string_130" HPOS="431" VPOS="774" WIDTH="66" HEIGHT="20" WC="0.96" CONTENT="under"/><SP WIDTH="17" VPOS="774" HPOS="497"/>
							<String ID="string_131" HPOS="514" VPOS="780" WIDTH="80" HEIGHT="14" WC="0.93" CONTENT="annans"/><SP WIDTH="16" VPOS="780" HPOS="594"/>
							<String ID="string_132" HPOS="610" VPOS="774" WIDTH="171" HEIGHT="20" WC="0.92" CONTENT="husbondevälde"/><SP WIDTH="16" VPOS="774" HPOS="781"/>
							<String ID="string_133" HPOS="797" VPOS="774" WIDTH="40" HEIGHT="20" WC="0.95" CONTENT="och"/><SP WIDTH="14" VPOS="774" HPOS="837"/>
							<String ID="string_134" HPOS="851" VPOS="774" WIDTH="18" HEIGHT="25" WC="0.95" CONTENT="ej"/>
						</TextLine>
						<TextLine ID="line_18" HPOS="123" VPOS="808" WIDTH="747" HEIGHT="27">
							<String ID="string_135" HPOS="123" VPOS="810" WIDTH="66" HEIGHT="20" WC="0.93" CONTENT="heller"/><SP WIDTH="16" VPOS="810" HPOS="189"/>
							<String ID="string_136" HPOS="205" VPOS="809" WIDTH="112" HEIGHT="20" WC="0.92" CONTENT="förklarats"/><SP WIDTH="15" VPOS="809" HPOS="317"/>
							<String ID="string_137" HPOS="332" VPOS="808" WIDTH="165" HEIGHT="27" WC="0.92" CONTENT="medborgerligt"/><SP WIDTH="16" VPOS="808" HPOS="497"/>
							<String ID="string_138" HPOS="513" VPOS="808" WIDTH="119" HEIGHT="20" WC="0.96" CONTENT="förtroende"/><SP WIDTH="15" VPOS="808" HPOS="632"/>
							<String ID="string_139" HPOS="647" VPOS="808" WIDTH="103" HEIGHT="27" WC="0.96" CONTENT="förlustig,"/><SP WIDTH="16" VPOS="808" HPOS="750"/>
							<String ID="string_140" HPOS="766" VPOS="811" WIDTH="22" HEIGHT="17" WC="0.93" CONTENT="är"/><SP WIDTH="14" VPOS="811" HPOS="788"/>
							<String ID="string_141" HPOS="802" VPOS="808" WIDTH="68" HEIGHT="20" WC="0.93" CONTENT="berät-"/>
						</TextLine>
						<TextLine ID="line_19" HPOS="122" VPOS="842" WIDTH="749" HEIGHT="28">
							<String ID="string_142" HPOS="122" VPOS="844" WIDTH="59" HEIGHT="26" WC="0.92" CONTENT="tigad"/><SP WIDTH="15" VPOS="844" HPOS="181"/>
							<String ID="string_143" HPOS="196" VPOS="845" WIDTH="37" HEIGHT="24" WC="0.96" CONTENT="att,"/><SP WIDTH="15" VPOS="845" HPOS="233"/>
							<String ID="string_144" HPOS="248" VPOS="844" WIDTH="7" HEIGHT="19" WC="0.96" CONTENT="i"/><SP WIDTH="16" VPOS="844" HPOS="255"/>
							<String ID="string_145" HPOS="271" VPOS="843" WIDTH="94" HEIGHT="27" WC="0.96" CONTENT="enlighet"/><SP WIDTH="16" VPOS="843" HPOS="365"/>
							<String ID="string_146" HPOS="381" VPOS="843" WIDTH="47" HEIGHT="19" WC="0.95" CONTENT="med"/><SP WIDTH="15" VPOS="843" HPOS="428"/>
							<String ID="string_147" HPOS="443" VPOS="842" WIDTH="160" HEIGHT="21" WC="0.95" CONTENT="föreskrifterna"/><SP WIDTH="14" VPOS="842" HPOS="603"/>
							<String ID="string_148" HPOS="617" VPOS="843" WIDTH="30" HEIGHT="19" WC="0.96" CONTENT="uti"/><SP WIDTH="13" VPOS="843" HPOS="647"/>
							<String ID="string_149" HPOS="660" VPOS="842" WIDTH="70" HEIGHT="20" WC="0.96" CONTENT="denna"/><SP WIDTH="10" VPOS="842" HPOS="730"/>
							<String ID="string_150" HPOS="740" VPOS="842" WIDTH="131" HEIGHT="26" WC="0.96" CONTENT="förordning,"/>
						</TextLine>
						<TextLine ID="line_20" HPOS="123" VPOS="876" WIDTH="748" HEIGHT="27">
							<String ID="string_151" HPOS="123" VPOS="878" WIDTH="35" HEIGHT="19" WC="0.93" CONTENT="vid"/><SP WIDTH="16" VPOS="878" HPOS="158"/>
							<String ID="string_152" HPOS="174" VPOS="878" WIDTH="165" HEIGHT="19" WC="0.92" CONTENT="rådhusstämma"/><SP WIDTH="15" VPOS="878" HPOS="339"/>
							<String ID="string_153" HPOS="354" VPOS="877" WIDTH="86" HEIGHT="26" WC="0.96" CONTENT="deltaga"/><SP WIDTH="15" VPOS="877" HPOS="440"/>
							<String ID="string_154" HPOS="455" VPOS="877" WIDTH="6" HEIGHT="19" WC="0.93" CONTENT="i"/><SP WIDTH="16" VPOS="877" HPOS="461"/>
							<String ID="string_155" HPOS="477" VPOS="877" WIDTH="186" HEIGHT="26" WC="0.91" CONTENT="öfverläggningar"/><SP WIDTH="16" VPOS="877" HPOS="663"/>
							<String ID="string_156" HPOS="679" VPOS="877" WIDTH="38" HEIGHT="19" WC="0.96" CONTENT="och"/><SP WIDTH="17" VPOS="877" HPOS="717"/>
							<String ID="string_157" HPOS="734" VPOS="876" WIDTH="137" HEIGHT="20" WC="0.67" CONTENT="beslut"/><SP WIDTH="-64" VPOS="876" HPOS="871"/>
							<String ID="string_158" HPOS="807" VPOS="872" WIDTH="10" HEIGHT="36" WC="0.67" CONTENT="i"/><SP WIDTH="10" VPOS="872" HPOS="817"/>
							<String ID="string_159" HPOS="827" VPOS="876" WIDTH="44" HEIGHT="20" WC="0.95" CONTENT="alla"/>
						</TextLine>
						<TextLine ID="line_21" HPOS="123" VPOS="909" WIDTH="748" HEIGHT="28">
							<String ID="string_160" HPOS="123" VPOS="912" WIDTH="26" HEIGHT="19" WC="0.96" CONTENT="de"/><SP WIDTH="23" VPOS="912" HPOS="149"/>
							<String ID="string_161" HPOS="172" VPOS="911" WIDTH="74" HEIGHT="20" WC="0.96" CONTENT="staden"/><SP WIDTH="26" VPOS="911" HPOS="246"/>
							<String ID="string_162" HPOS="272" VPOS="911" WIDTH="88" HEIGHT="20" WC="0.95" CONTENT="rörande"/><SP WIDTH="22" VPOS="911" HPOS="360"/>
							<String ID="string_163" HPOS="382" VPOS="911" WIDTH="186" HEIGHT="26" WC="0.96" CONTENT="angelägenheter,"/><SP WIDTH="23" VPOS="911" HPOS="568"/>
							<String ID="string_164" HPOS="591" VPOS="911" WIDTH="73" HEIGHT="19" WC="0.96" CONTENT="hvilka"/><SP WIDTH="18" VPOS="911" HPOS="664"/>
							<String ID="string_165" HPOS="682" VPOS="910" WIDTH="47" HEIGHT="20" WC="0.95" CONTENT="icke"/><SP WIDTH="21" VPOS="910" HPOS="729"/>
							<String ID="string_166" HPOS="750" VPOS="913" WIDTH="35" HEIGHT="16" WC="0.96" CONTENT="äro"/><SP WIDTH="20" VPOS="913" HPOS="785"/>
							<String ID="string_167" HPOS="805" VPOS="909" WIDTH="66" HEIGHT="27" WC="0.96" CONTENT="enligt"/>
						</TextLine>
						<TextLine ID="line_22" HPOS="123" VPOS="943" WIDTH="747" HEIGHT="29">
							<String ID="string_168" HPOS="123" VPOS="945" WIDTH="110" HEIGHT="27" WC="0.96" CONTENT="grundlag,"/><SP WIDTH="21" VPOS="945" HPOS="233"/>
							<String ID="string_169" HPOS="254" VPOS="945" WIDTH="121" HEIGHT="26" WC="0.96" CONTENT="privilegier"/><SP WIDTH="15" VPOS="945" HPOS="375"/>
							<String ID="string_170" HPOS="390" VPOS="945" WIDTH="52" HEIGHT="20" WC="0.95" CONTENT="eller"/><SP WIDTH="15" VPOS="945" HPOS="442"/>
							<String ID="string_171" HPOS="457" VPOS="945" WIDTH="104" HEIGHT="20" WC="0.96" CONTENT="särskilda"/><SP WIDTH="15" VPOS="945" HPOS="561"/>
							<String ID="string_172" HPOS="576" VPOS="945" WIDTH="153" HEIGHT="26" WC="0.96" CONTENT="författningar,"/><SP WIDTH="16" VPOS="945" HPOS="729"/>
							<String ID="string_173" HPOS="745" VPOS="944" WIDTH="56" HEIGHT="20" WC="0.93" CONTENT="vissa"/><SP WIDTH="14" VPOS="944" HPOS="801"/>
							<String ID="string_174" HPOS="815" VPOS="943" WIDTH="55" HEIGHT="20" WC="0.91" CONTENT="klas-"/>
						</TextLine>
						<TextLine ID="line_23" HPOS="123" VPOS="979" WIDTH="474" HEIGHT="21">
							<String ID="string_175" HPOS="123" VPOS="987" WIDTH="33" HEIGHT="13" WC="0.96" CONTENT="ser"/><SP WIDTH="15" VPOS="987" HPOS="156"/>
							<String ID="string_176" HPOS="171" VPOS="979" WIDTH="23" HEIGHT="20" WC="0.96" CONTENT="af"/><SP WIDTH="13" VPOS="979" HPOS="194"/>
							<String ID="string_177" HPOS="207" VPOS="979" WIDTH="84" HEIGHT="20" WC="0.96" CONTENT="stadens"/><SP WIDTH="16" VPOS="979" HPOS="291"/>
							<String ID="string_178" HPOS="307" VPOS="979" WIDTH="137" HEIGHT="20" WC="0.96" CONTENT="medlemmar"/><SP WIDTH="15" VPOS="979" HPOS="444"/>
							<String ID="string_179" HPOS="459" VPOS="979" WIDTH="138" HEIGHT="20" WC="0.95" CONTENT="förbehållna."/>
						</TextLine>
					</TextBlock>
					<TextBlock ID="block_5" HPOS="124" VPOS="1012" WIDTH="746" HEIGHT="56">
						<TextLine ID="line_24" HPOS="191" VPOS="1012" WIDTH="679" HEIGHT="27">
							<String ID="string_180" HPOS="191" VPOS="1013" WIDTH="116" HEIGHT="20" WC="0.92" CONTENT="Enahanda"/><SP WIDTH="23" VPOS="1013" HPOS="307"/>
							<String ID="string_181" HPOS="330" VPOS="1013" WIDTH="100" HEIGHT="26" WC="0.96" CONTENT="rättighet"/><SP WIDTH="22" VPOS="1013" HPOS="430"/>
							<String ID="string_182" HPOS="452" VPOS="1013" WIDTH="129" HEIGHT="20" WC="0.96" CONTENT="tillkommer"/><SP WIDTH="20" VPOS="1013" HPOS="581"/>
							<String ID="string_183" HPOS="601" VPOS="1013" WIDTH="39" HEIGHT="20" WC="0.96" CONTENT="ock"/><SP WIDTH="23" VPOS="1013" HPOS="640"/>
							<String ID="string_184" HPOS="663" VPOS="1013" WIDTH="67" HEIGHT="26" WC="0.96" CONTENT="bolag,"/><SP WIDTH="21" VPOS="1013" HPOS="730"/>
							<String ID="string_185" HPOS="751" VPOS="1012" WIDTH="61" HEIGHT="19" WC="0.93" CONTENT="hvars"/><SP WIDTH="16" VPOS="1012" HPOS="812"/>
							<String ID="string_186" HPOS="828" VPOS="1013" WIDTH="42" HEIGHT="24" WC="0.91" CONTENT="sty-"/>
						</TextLine>
						<TextLine ID="line_25" HPOS="124" VPOS="1047" WIDTH="359" HEIGHT="21">
							<String ID="string_187" HPOS="124" VPOS="1048" WIDTH="53" HEIGHT="20" WC="0.90" CONTENT="relse"/><SP WIDTH="16" VPOS="1048" HPOS="177"/>
							<String ID="string_188" HPOS="193" VPOS="1047" WIDTH="67" HEIGHT="20" WC="0.96" CONTENT="finnes"/><SP WIDTH="16" VPOS="1047" HPOS="260"/>
							<String ID="string_189" HPOS="276" VPOS="1047" WIDTH="56" HEIGHT="20" WC="0.96" CONTENT="inom"/><SP WIDTH="16" VPOS="1047" HPOS="332"/>
							<String ID="string_190" HPOS="348" VPOS="1047" WIDTH="135" HEIGHT="20" WC="0.94" CONTENT="kommunen."/>
						</TextLine>
					</TextBlock>
				</ComposedBlock>
				<ComposedBlock ID="cblock_3" HPOS="124" VPOS="1110" WIDTH="749" HEIGHT="304">
					<TextBlock ID="block_6" HPOS="467" VPOS="1110" WIDTH="60" HEIGHT="23">
						<TextLine ID="line_26" HPOS="467" VPOS="1110" WIDTH="60" HEIGHT="23">
							<String ID="string_191" HPOS="467" VPOS="1111" WIDTH="10" HEIGHT="22" WC="0.90" CONTENT="$"/><SP WIDTH="18" VPOS="1111" HPOS="477"/>
							<String ID="string_192" HPOS="495" VPOS="1110" WIDTH="32" HEIGHT="19" WC="0.96" CONTENT="11."/>
						</TextLine>
					</TextBlock>
					<TextBlock ID="block_7" HPOS="124" VPOS="1147" WIDTH="747" HEIGHT="62">
						<TextLine ID="line_27" HPOS="192" VPOS="1147" WIDTH="679" HEIGHT="28">
							<String ID="string_193" HPOS="192" VPOS="1149" WIDTH="40" HEIGHT="20" WC="0.96" CONTENT="För"/><SP WIDTH="16" VPOS="1149" HPOS="232"/>
							<String ID="string_194" HPOS="248" VPOS="1149" WIDTH="102" HEIGHT="26" WC="0.93" CONTENT="omyndig"/><SP WIDTH="16" VPOS="1149" HPOS="350"/>
							<String ID="string_195" HPOS="366" VPOS="1150" WIDTH="55" HEIGHT="19" WC="0.93" CONTENT="röste"/><SP WIDTH="16" VPOS="1150" HPOS="421"/>
							<String ID="string_196" HPOS="437" VPOS="1149" WIDTH="135" HEIGHT="26" WC="0.96" CONTENT="förmyndare"/><SP WIDTH="15" VPOS="1149" HPOS="572"/>
							<String ID="string_197" HPOS="587" VPOS="1149" WIDTH="58" HEIGHT="25" WC="0.95" CONTENT="eller,"/><SP WIDTH="17" VPOS="1149" HPOS="645"/>
							<String ID="string_198" HPOS="662" VPOS="1148" WIDTH="36" HEIGHT="20" WC="0.96" CONTENT="der"/><SP WIDTH="16" VPOS="1148" HPOS="698"/>
							<String ID="string_199" HPOS="714" VPOS="1148" WIDTH="50" HEIGHT="20" WC="0.93" CONTENT="flere"/><SP WIDTH="15" VPOS="1148" HPOS="764"/>
							<String ID="string_200" HPOS="779" VPOS="1147" WIDTH="92" HEIGHT="27" WC="0.91" CONTENT="förmyn-"/>
						</TextLine>
						<TextLine ID="line_28" HPOS="124" VPOS="1183" WIDTH="493" HEIGHT="26">
							<String ID="string_201" HPOS="124" VPOS="1184" WIDTH="49" HEIGHT="19" WC="0.96" CONTENT="dare"/><SP WIDTH="16" VPOS="1184" HPOS="173"/>
							<String ID="string_202" HPOS="189" VPOS="1186" WIDTH="43" HEIGHT="22" WC="0.96" CONTENT="äro,"/><SP WIDTH="16" VPOS="1186" HPOS="232"/>
							<String ID="string_203" HPOS="248" VPOS="1183" WIDTH="40" HEIGHT="19" WC="0.96" CONTENT="den"/><SP WIDTH="16" VPOS="1183" HPOS="288"/>
							<String ID="string_204" HPOS="304" VPOS="1189" WIDTH="43" HEIGHT="13" WC="0.93" CONTENT="som"/><SP WIDTH="16" VPOS="1189" HPOS="347"/>
							<String ID="string_205" HPOS="363" VPOS="1183" WIDTH="61" HEIGHT="19" WC="0.91" CONTENT="desse"/><SP WIDTH="16" VPOS="1183" HPOS="424"/>
							<String ID="string_206" HPOS="440" VPOS="1183" WIDTH="62" HEIGHT="19" WC="0.96" CONTENT="bland"/><SP WIDTH="17" VPOS="1183" HPOS="502"/>
							<String ID="string_207" HPOS="519" VPOS="1183" WIDTH="32" HEIGHT="26" WC="0.95" CONTENT="sig"/><SP WIDTH="15" VPOS="1183" HPOS="551"/>
							<String ID="string_208" HPOS="566" VPOS="1184" WIDTH="51" HEIGHT="18" WC="0.94" CONTENT="utse."/>
						</TextLine>
					</TextBlock>
					<TextBlock ID="block_8" HPOS="124" VPOS="1216" WIDTH="749" HEIGHT="95">
						<TextLine ID="line_29" HPOS="191" VPOS="1216" WIDTH="680" HEIGHT="27">
							<String ID="string_209" HPOS="191" VPOS="1217" WIDTH="25" HEIGHT="26" WC="0.96" CONTENT="Ej"/><SP WIDTH="17" VPOS="1217" HPOS="216"/>
							<String ID="string_210" HPOS="233" VPOS="1216" WIDTH="34" HEIGHT="21" WC="0.96" CONTENT="må"/><SP WIDTH="15" VPOS="1216" HPOS="267"/>
							<String ID="string_211" HPOS="282" VPOS="1216" WIDTH="31" HEIGHT="20" WC="0.93" CONTENT="för"/><SP WIDTH="15" VPOS="1216" HPOS="313"/>
							<String ID="string_212" HPOS="328" VPOS="1216" WIDTH="89" HEIGHT="21" WC="0.93" CONTENT="samfäld"/><SP WIDTH="17" VPOS="1216" HPOS="417"/>
							<String ID="string_213" HPOS="434" VPOS="1216" WIDTH="104" HEIGHT="27" WC="0.96" CONTENT="egendom"/><SP WIDTH="17" VPOS="1216" HPOS="538"/>
							<String ID="string_214" HPOS="555" VPOS="1222" WIDTH="44" HEIGHT="15" WC="0.96" CONTENT="mer"/><SP WIDTH="14" VPOS="1222" HPOS="599"/>
							<String ID="string_215" HPOS="613" VPOS="1219" WIDTH="27" HEIGHT="17" WC="0.96" CONTENT="än"/><SP WIDTH="16" VPOS="1219" HPOS="640"/>
							<String ID="string_216" HPOS="656" VPOS="1223" WIDTH="26" HEIGHT="14" WC="0.96" CONTENT="en"/><SP WIDTH="16" VPOS="1223" HPOS="682"/>
							<String ID="string_217" HPOS="698" VPOS="1222" WIDTH="75" HEIGHT="21" WC="0.96" CONTENT="person"/><SP WIDTH="11" VPOS="1222" HPOS="773"/>
							<String ID="string_218" HPOS="784" VPOS="1216" WIDTH="45" HEIGHT="19" WC="0.93" CONTENT="föra"/><SP WIDTH="14" VPOS="1216" HPOS="829"/>
							<String ID="string_219" HPOS="843" VPOS="1217" WIDTH="28" HEIGHT="18" WC="0.92" CONTENT="ta-"/>
						</TextLine>
						<TextLine ID="line_30" HPOS="125" VPOS="1249" WIDTH="748" HEIGHT="28">
							<String ID="string_220" HPOS="125" VPOS="1251" WIDTH="33" HEIGHT="20" WC="0.94" CONTENT="lan"/><SP WIDTH="20" VPOS="1251" HPOS="158"/>
							<String ID="string_221" HPOS="178" VPOS="1251" WIDTH="34" HEIGHT="20" WC="0.93" CONTENT="vid"/><SP WIDTH="18" VPOS="1251" HPOS="212"/>
							<String ID="string_222" HPOS="230" VPOS="1251" WIDTH="172" HEIGHT="20" WC="0.91" CONTENT="rådhusstämma."/><SP WIDTH="30" VPOS="1251" HPOS="402"/>
							<String ID="string_223" HPOS="432" VPOS="1251" WIDTH="41" HEIGHT="20" WC="0.96" CONTENT="För"/><SP WIDTH="16" VPOS="1251" HPOS="473"/>
							<String ID="string_224" HPOS="489" VPOS="1251" WIDTH="63" HEIGHT="26" WC="0.96" CONTENT="bolag"/><SP WIDTH="17" VPOS="1251" HPOS="552"/>
							<String ID="string_225" HPOS="569" VPOS="1251" WIDTH="33" HEIGHT="20" WC="0.96" CONTENT="må"/><SP WIDTH="16" VPOS="1251" HPOS="602"/>
							<String ID="string_226" HPOS="618" VPOS="1251" WIDTH="47" HEIGHT="20" WC="0.96" CONTENT="dess"/><SP WIDTH="15" VPOS="1251" HPOS="665"/>
							<String ID="string_227" HPOS="680" VPOS="1251" WIDTH="89" HEIGHT="26" WC="0.96" CONTENT="styrelse"/><SP WIDTH="16" VPOS="1251" HPOS="769"/>
							<String ID="string_228" HPOS="785" VPOS="1250" WIDTH="40" HEIGHT="20" WC="0.96" CONTENT="och"/><SP WIDTH="17" VPOS="1250" HPOS="825"/>
							<String ID="string_229" HPOS="842" VPOS="1249" WIDTH="31" HEIGHT="20" WC="0.96" CONTENT="för"/>
						</TextLine>
						<TextLine ID="line_31" HPOS="124" VPOS="1285" WIDTH="507" HEIGHT="26">
							<String ID="string_230" HPOS="124" VPOS="1285" WIDTH="102" HEIGHT="20" WC="0.90" CONTENT="oskiftadt"/><SP WIDTH="16" VPOS="1285" HPOS="226"/>
							<String ID="string_231" HPOS="242" VPOS="1285" WIDTH="25" HEIGHT="20" WC="0.93" CONTENT="bo"/><SP WIDTH="17" VPOS="1285" HPOS="267"/>
							<String ID="string_232" HPOS="284" VPOS="1285" WIDTH="126" HEIGHT="26" WC="0.91" CONTENT="delegarene"/><SP WIDTH="15" VPOS="1285" HPOS="410"/>
							<String ID="string_233" HPOS="425" VPOS="1285" WIDTH="45" HEIGHT="20" WC="0.92" CONTENT="deri"/><SP WIDTH="16" VPOS="1285" HPOS="470"/>
							<String ID="string_234" HPOS="486" VPOS="1285" WIDTH="77" HEIGHT="20" WC="0.96" CONTENT="ombud"/><SP WIDTH="16" VPOS="1285" HPOS="563"/>
							<String ID="string_235" HPOS="579" VPOS="1287" WIDTH="52" HEIGHT="18" WC="0.96" CONTENT="utse."/>
						</TextLine>
					</TextBlock>
					<TextBlock ID="block_9" HPOS="125" VPOS="1318" WIDTH="747" HEIGHT="96">
						<TextLine ID="line_32" HPOS="192" VPOS="1318" WIDTH="680" HEIGHT="27">
							<String ID="string_236" HPOS="192" VPOS="1319" WIDTH="40" HEIGHT="20" WC="0.96" CONTENT="För"/><SP WIDTH="16" VPOS="1319" HPOS="232"/>
							<String ID="string_237" HPOS="248" VPOS="1319" WIDTH="40" HEIGHT="20" WC="0.96" CONTENT="fast"/><SP WIDTH="15" VPOS="1319" HPOS="288"/>
							<String ID="string_238" HPOS="303" VPOS="1319" WIDTH="111" HEIGHT="26" WC="0.96" CONTENT="egendom,"/><SP WIDTH="16" VPOS="1319" HPOS="414"/>
							<String ID="string_239" HPOS="430" VPOS="1319" WIDTH="76" HEIGHT="26" WC="0.96" CONTENT="näring"/><SP WIDTH="16" VPOS="1319" HPOS="506"/>
							<String ID="string_240" HPOS="522" VPOS="1319" WIDTH="51" HEIGHT="20" WC="0.95" CONTENT="eller"/><SP WIDTH="16" VPOS="1319" HPOS="573"/>
							<String ID="string_241" HPOS="589" VPOS="1319" WIDTH="85" HEIGHT="26" WC="0.96" CONTENT="rörelse,"/><SP WIDTH="15" VPOS="1319" HPOS="674"/>
							<String ID="string_242" HPOS="689" VPOS="1325" WIDTH="44" HEIGHT="14" WC="0.95" CONTENT="som"/><SP WIDTH="16" VPOS="1325" HPOS="733"/>
							<String ID="string_243" HPOS="749" VPOS="1319" WIDTH="66" HEIGHT="19" WC="0.93" CONTENT="under"/><SP WIDTH="11" VPOS="1319" HPOS="815"/>
							<String ID="string_244" HPOS="826" VPOS="1318" WIDTH="46" HEIGHT="20" WC="0.92" CONTENT="bor-"/>
						</TextLine>
						<TextLine ID="line_33" HPOS="125" VPOS="1351" WIDTH="747" HEIGHT="29">
							<String ID="string_245" HPOS="125" VPOS="1356" WIDTH="100" HEIGHT="24" WC="0.89" CONTENT="genärers"/><SP WIDTH="17" VPOS="1356" HPOS="225"/>
							<String ID="string_246" HPOS="242" VPOS="1353" WIDTH="126" HEIGHT="26" WC="0.96" CONTENT="förvaltning"/><SP WIDTH="15" VPOS="1353" HPOS="368"/>
							<String ID="string_247" HPOS="383" VPOS="1353" WIDTH="49" HEIGHT="26" WC="0.93" CONTENT="står,"/><SP WIDTH="16" VPOS="1353" HPOS="432"/>
							<String ID="string_248" HPOS="448" VPOS="1355" WIDTH="57" HEIGHT="18" WC="0.92" CONTENT="röste"/><SP WIDTH="16" VPOS="1355" HPOS="505"/>
							<String ID="string_249" HPOS="521" VPOS="1353" WIDTH="39" HEIGHT="20" WC="0.96" CONTENT="den"/><SP WIDTH="17" VPOS="1353" HPOS="560"/>
							<String ID="string_250" HPOS="577" VPOS="1359" WIDTH="43" HEIGHT="14" WC="0.97" CONTENT="som"/><SP WIDTH="16" VPOS="1359" HPOS="620"/>
							<String ID="string_251" HPOS="636" VPOS="1353" WIDTH="55" HEIGHT="27" WC="0.96" CONTENT="gode"/><SP WIDTH="17" VPOS="1353" HPOS="691"/>
							<String ID="string_252" HPOS="708" VPOS="1355" WIDTH="89" HEIGHT="18" WC="0.96" CONTENT="männen"/><SP WIDTH="13" VPOS="1355" HPOS="797"/>
							<String ID="string_253" HPOS="810" VPOS="1351" WIDTH="62" HEIGHT="21" WC="0.96" CONTENT="bland"/>
						</TextLine>
						<TextLine ID="line_34" HPOS="125" VPOS="1388" WIDTH="99" HEIGHT="26">
							<String ID="string_254" HPOS="125" VPOS="1388" WIDTH="32" HEIGHT="26" WC="0.96" CONTENT="sig"/><SP WIDTH="16" VPOS="1388" HPOS="157"/>
							<String ID="string_255" HPOS="173" VPOS="1389" WIDTH="51" HEIGHT="18" WC="0.96" CONTENT="utse."/>
						</TextLine>
					</TextBlock>
				</ComposedBlock>
				<ComposedBlock ID="cblock_4" HPOS="194" VPOS="1433" WIDTH="679" HEIGHT="88">
					<TextBlock ID="block_10" HPOS="194" VPOS="1433" WIDTH="679" HEIGHT="88">
						<TextLine ID="line_35" HPOS="454" VPOS="1433" WIDTH="60" HEIGHT="23">
							<String ID="string_256" HPOS="454" VPOS="1435" WIDTH="10" HEIGHT="21" WC="0.88" CONTENT="$"/><SP WIDTH="17" VPOS="1435" HPOS="464"/>
							<String ID="string_257" HPOS="481" VPOS="1433" WIDTH="33" HEIGHT="19" WC="0.94" CONTENT="12."/>
						</TextLine>
						<TextLine ID="line_36" HPOS="194" VPOS="1470" WIDTH="679" HEIGHT="22">
							<String ID="string_258" HPOS="194" VPOS="1472" WIDTH="92" HEIGHT="20" WC="0.96" CONTENT="Rösträtt"/><SP WIDTH="23" VPOS="1472" HPOS="286"/>
							<String ID="string_259" HPOS="309" VPOS="1471" WIDTH="129" HEIGHT="20" WC="0.95" CONTENT="tillkommer"/><SP WIDTH="23" VPOS="1471" HPOS="438"/>
							<String ID="string_260" HPOS="461" VPOS="1471" WIDTH="140" HEIGHT="20" WC="0.96" CONTENT="kommunens"/><SP WIDTH="19" VPOS="1471" HPOS="601"/>
							<String ID="string_261" HPOS="620" VPOS="1471" WIDTH="138" HEIGHT="20" WC="0.96" CONTENT="medlemmar"/><SP WIDTH="16" VPOS="1471" HPOS="758"/>
							<String ID="string_262" HPOS="774" VPOS="1471" WIDTH="7" HEIGHT="19" WC="0.93" CONTENT="i"/><SP WIDTH="16" VPOS="1471" HPOS="781"/>
							<String ID="string_263" HPOS="797" VPOS="1470" WIDTH="76" HEIGHT="21" WC="0.92" CONTENT="förhål-"/>
						</TextLine>
						<TextLine ID="line_37" HPOS="769" VPOS="1504" WIDTH="24" HEIGHT="17">
							<String ID="string_264" HPOS="769" VPOS="1504" WIDTH="24" HEIGHT="17" WC="0.96" CONTENT="28"/>
						</TextLine>
					</TextBlock>
				</ComposedBlock>
				<GraphicalElement ID="cblock_5" HPOS="1060" VPOS="740" WIDTH="10" HEIGHT="1024"></GraphicalElement >
			</PrintSpace>
		</Page>
	</Layout>
</alto>
