1070 1786
823 135 33 17 487

140 197 115 26 bevillning
270 196 96 27 erlägges
382 196 84 20 komme
482 198 31 18 att
528 197 136 25 utdebiteras,
676 197 68 20 skulle
756 197 64 20 verka
832 198 58 19 miss-

139 231 48 25 nöje
204 231 47 19 med
267 230 104 20 reformen
388 230 22 19 af
424 230 108 20 städernes
554 230 250 27 kommunalförvaltning
819 231 7 19 i
843 231 47 20 dess

140 265 76 25 helhet,
237 265 45 19 dels
301 264 64 20 också
385 264 172 20 beskaffenheten
573 265 24 19 af
610 272 26 12 nu
652 265 98 26 gällande
766 265 123 27 förordning

139 306 32 13 om
189 299 116 26 utgörande
321 299 23 19 af
358 299 76 19 allmän
457 298 219 27 inkomstbevillning,
692 306 43 13 som
752 299 46 20 icke
820 302 23 16 är
859 299 31 20 för

139 332 240 26 kommunalbevillning
395 332 129 26 användbar,
542 333 86 19 emedan
646 333 67 26 enligt
728 333 121 20 densamma
862 340 25 13 en

139 374 87 19 persons
242 367 41 19 alla
297 366 117 20 inkomster
430 366 60 20 skola
506 366 122 26 uppskattas
645 367 26 26 på
688 367 39 20 den
744 369 37 24 ort,
799 368 36 19 der
847 368 41 19 han

138 404 22 16 är
177 400 191 26 mantalsskrifven,
389 400 63 20 hafva
467 402 58 24 synts
546 400 102 20 utskottet
663 401 126 20 åtminstone
807 401 30 19 för
853 401 36 20 det

140 435 130 20 närvarande
287 434 62 26 lägga
365 434 74 20 hinder
455 435 6 19 i
478 437 67 24 vägen
563 435 31 19 för
609 435 120 20 införandet
742 436 23 18 af
774 437 30 18 ett
813 435 76 20 sådant

139 469 194 26 beskattningssätt,
349 468 61 20 hvars
426 468 124 26 lämplighet
566 468 31 20 för
611 469 126 20 kommunen
750 469 104 20 dessutom
867 472 22 17 är

138 503 113 27 långtifrån
274 503 88 19 allmänt
380 502 87 20 erkänd.
500 502 79 20 Vidare
598 503 80 20 indelar
695 504 99 26 förslaget
809 504 79 20 städer-

139 544 36 13 nes
195 537 108 25 invånare,
323 536 68 20 såsom
412 536 102 20 utskottet
529 537 65 20 redan
610 538 5 18 i
632 538 135 26 inledningen
783 538 31 19 till
831 538 58 20 detta

140 572 133 20 betänkande
292 571 75 26 anfört,
388 571 46 20 med
450 571 101 20 afseende
568 571 11 20 &
595 572 25 19 de
636 572 59 20 olika
710 573 44 26 slag
770 573 23 19 af
806 573 81 19 inkom-

139 608 47 24 ster,
206 606 32 20 för
258 605 72 20 hvilka
346 605 25 20 de
387 605 138 20 underkastas
546 605 141 27 beskattning,
703 606 29 20 uti
748 606 69 20 skilda
833 606 54 20 klas-

139 646 33 14 ser
183 640 59 25 eller,
258 639 67 20 såsom
342 639 101 20 utskottet
458 640 67 20 hellre
541 640 37 19 vill
595 640 63 20 hafva
669 640 35 20 det
713 640 100 26 uttryckt,
823 647 64 20 grup-

139 681 37 19 per
200 674 46 20 med
271 674 95 19 deremot
388 674 103 20 svarande
513 674 133 20 skattetitlar.
677 674 9 20 I
701 674 138 27 inledningen
857 675 31 19 till

139 708 157 27 propositionen
312 708 111 26 uppgifves
438 708 79 20 antalet
533 708 24 20 af
569 708 61 20 dessa
645 716 91 19 grupper
747 709 28 19 till
790 710 37 24 tre,
841 716 46 13 men

138 744 7 18 i
162 744 24 19 53
203 743 38 19 och
258 742 26 20 56
303 742 23 27 $$
343 742 94 20 befinnas
460 743 26 19 de
502 749 50 13 vara
571 743 51 25 fyra.
653 744 46 19 Den
716 744 36 19 här
776 743 113 20 tillkomna

139 777 84 20 klassen
248 777 69 20 består
332 777 22 19 af
368 777 78 20 sådane
469 777 137 20 medlemmar
621 777 23 20 af
658 778 135 25 kommunen,
815 777 73 20 hvilka

139 811 105 20 beskattas
268 812 31 19 för
317 811 93 20 inkomst
426 811 22 20 af
464 818 69 13 annan
553 812 103 26 stadsjord
681 814 26 17 än
731 812 39 19 den
787 818 44 13 som
848 811 38 20 hör

139 846 30 19 till
191 846 37 19 hus
244 846 52 20 eller
311 847 58 18 tomt.
400 846 48 19 Men
464 845 27 20 då
506 846 103 26 stadsjord
628 849 55 17 utom
707 848 51 18 tomt
781 845 48 20 icke
844 845 43 20 kan

139 880 22 20 af
171 880 69 26 någon
253 880 65 19 under
330 880 124 25 eganderätt
468 880 131 25 innehafvas,
616 880 39 19 och
669 879 102 26 jordbruk
781 880 6 19 i
799 880 87 19 allmän-

139 915 35 18 het
187 913 47 20 icke
246 913 67 20 heller
323 916 61 23 utgör
395 913 64 26 något
475 914 127 26 väsendtligt
618 913 135 27 näringsfång
764 913 6 20 i
781 913 106 27 städerne,

139 950 52 18 samt
202 948 39 19 den
258 947 98 26 inkomst,
368 953 42 14 som
428 947 136 20 innehafvare
575 947 22 20 af
614 947 102 27 stadsjord
735 947 22 20 af
766 947 122 20 densamma

139 983 65 25 njuta,
224 982 44 19 lika
283 981 32 20 väl
332 981 40 20 kan
390 981 62 20 blifva
477 981 85 20 föremål
579 982 32 19 för
627 982 135 26 beskattning
777 982 57 19 inom
851 988 35 13 an-

139 1023 40 13 nan
200 1016 62 25 klass,
278 1015 23 20 så
316 1016 36 19 har
373 1015 102 20 utskottet
494 1018 75 23 ansett,
585 1018 29 17 att
627 1016 106 26 jordskatt
748 1015 67 20 såsom
832 1016 55 20 skild

139 1050 114 20 skattetitel
264 1049 43 20 helt
318 1049 38 20 och
373 1049 64 20 hållet
454 1049 39 20 kan
510 1050 108 20 uteslutas.
648 1051 32 18 De
695 1050 68 26 öfrige
778 1049 109 21 klasserne

139 1085 38 19 och
198 1084 154 20 skattetitlarne
377 1083 50 20 böra
446 1083 66 27 enligt
528 1083 111 20 utskottets
654 1084 54 26 åsigt
724 1084 124 24 bibehållas,
864 1086 23 24 ty

139 1119 45 19 dels
200 1121 52 24 göra
272 1118 72 19 adelns
360 1118 39 19 och
422 1117 163 27 presteståndets
609 1118 225 26 undantagsförmoner
857 1118 32 20 för

140 1152 76 27 gårdar
232 1153 5 18 i
254 1152 45 20 stad
316 1159 25 12 en
358 1152 56 19 skild
434 1151 115 20 skattetitel
571 1152 31 19 för
618 1152 38 19 hus
672 1152 39 20 och
727 1154 52 17 tomt
794 1152 93 19 nödvän-

139 1187 43 25 dig,
194 1186 41 20 dels
245 1186 58 19 torde
315 1186 34 19 det
360 1186 61 19 äfven
438 1186 51 19 lätta
504 1186 127 26 öfversigten
648 1186 22 19 af
684 1186 26 19 de
725 1185 123 27 inkomster,
857 1186 32 19 för

140 1220 72 21 hvilka
227 1220 139 20 kommunens
386 1220 135 20 medlemmar
538 1220 51 20 böra
605 1220 113 26 beskattas,
735 1219 27 20 då
777 1220 26 19 de
819 1219 69 27 skilda

140 1255 154 20 skattetitlarne
315 1257 35 16 äro
367 1254 102 20 bestämdt
488 1254 101 20 fixerade.
619 1255 47 18 Men
683 1253 86 20 framför
784 1254 37 19 allt
837 1254 50 26 hop-

139 1295 36 20 pas
192 1288 107 25 utskottet,
315 1290 29 18 att
359 1290 66 18 större
440 1288 87 20 rättvisa
541 1288 8 19 i
565 1288 162 27 beskattningen
744 1288 53 20 skall
814 1288 74 20 vinnas

140 1323 128 25 derigenom,
292 1324 30 18 att
344 1322 26 19 de
393 1322 68 19 skilda
479 1322 108 20 klasserne
607 1322 23 20 af
651 1322 156 27 skattskyldige
829 1322 59 19 äro
875 1318 16 35 i

141 1356 213 26 taxeringsnämnden
376 1356 180 27 representerade.
587 1356 9 20 I
612 1357 56 19 detta
684 1356 100 20 afseende
800 1356 87 20 föreslår

140 1391 25 19 54
180 1390 18 27 8,
216 1392 31 18 att
262 1390 214 27 taxeringsnämnden
498 1390 54 19 skall
572 1390 59 20 bestå
646 1390 22 20 af
682 1392 28 17 ett
727 1390 43 19 lika
785 1390 58 19 antal
859 1390 28 19 le-

140 1425 95 20 damöter
256 1424 44 19 från
319 1425 73 25 hvarje
408 1425 22 19 af
444 1425 25 19 de
485 1426 31 18 tre
533 1424 115 20 klasserne.
663 1437 1 2 -
679 1423 48 21 Med
751 1424 46 19 fullt
812 1423 75 20 erkän-

139 1459 68 20 nande
216 1458 24 20 af
248 1458 109 27 principen
374 1465 62 14 anser
451 1458 52 21 dock
520 1458 109 27 utskottet,
641 1460 30 18 att
680 1458 36 20 det
726 1458 37 20 bör
774 1458 114 20 ankomma
