1070 1786
336 416 58 19 Hans
409 415 131 27 Kejserliga
550 415 117 26 Majestäts
681 415 70 26 Nådiga
762 415 119 27 Proposition

270 450 30 20 till
320 449 87 21 Finlands
423 450 87 24 Ständer,
524 449 99 27 angående
638 449 112 27 förändring
765 450 22 20 af
799 450 24 20 de
838 451 43 20 med

268 484 99 25 Kuusamo,
388 484 107 20 Kemiträsk
511 484 35 20 och
562 484 107 26 Kuolajärvi
685 484 120 21 sockneboer
821 484 59 20 afslu-

268 518 43 20 tade
327 518 172 20 knektekontrakt.

201 581 112 25 Kuusamo,
329 581 122 20 Kemiträsk
467 581 38 19 och
522 581 120 26 Kuolajärvi
658 581 131 20 sockneboer
800 583 6 18 i
818 582 62 20 Uleä-

134 615 62 27 borgs
212 615 32 20 län
262 615 62 20 hafva
338 622 76 19 genom
430 615 104 20 särskilda
551 615 104 25 kontrakt,
671 615 107 27 ingängna
793 616 23 19 af
825 614 55 22 Kuu-

134 655 58 14 samo
215 650 131 19 sockneboer
362 650 41 19 den
420 650 27 20 22
467 649 49 20 Juni
533 650 54 19 1789
603 652 53 17 samt
670 649 22 20 af
706 650 118 20 Kemiträsk
841 650 39 20 och

133 684 121 26 Kuolajärvi
274 684 127 20 socknemän
426 684 39 19 den
490 684 24 20 15
537 684 6 19 i
567 690 79 14 samma
668 684 83 26 mänad,
774 684 108 20 förbundit

133 718 31 26 sig
180 720 30 17 att
226 718 30 19 till
272 718 82 19 landets
370 718 80 19 försvar
473 718 94 26 ständigt
589 720 80 24 utgöra,
692 719 105 20 Kuusamo
821 719 59 20 sock-

134 752 78 20 neboer
228 752 69 20 trettio
313 752 91 20 soldater
420 752 39 20 och
474 752 43 20 lika
534 752 76 26 mänga
622 753 74 26 jägare
712 753 51 20 eller
775 753 106 21 säkalladt

134 786 240 27 enrolleringsmanskap
390 788 55 18 samt
461 793 25 13 en
508 786 136 27 trumslagare
661 787 31 20 för
707 787 103 21 hvardera
825 790 56 24 trup-

133 827 49 19 pen,
197 821 119 19 Kemiträsk
336 821 128 20 socknemän
484 821 77 26 fjorton
580 821 92 20 soldater
687 821 37 20 och
742 824 30 17 ett
786 822 45 22 lika
846 828 35 14 an-

134 855 28 19 tal
175 856 81 26 jägare,
275 855 38 20 och
332 855 121 26 Kuolajärvi
472 855 132 20 sockneboer
624 857 30 18 tre
670 855 91 20 soidater
775 856 40 20 och
833 858 48 18 tret-

134 891 35 18 ton
183 890 81 25 jägare,
281 890 80 19 hvilket
377 890 56 19 antal
450 890 53 19 dock
521 890 34 19 vid
571 890 40 19 den
628 890 12 19 8
656 889 89 27 Augusti
764 896 80 13 samma
859 890 23 19 år

134 923 115 20 verkställd
273 924 92 25 rotering
384 923 22 20 af
424 923 151 26 lägenheterne
591 923 7 20 i
614 923 63 26 sagde
701 923 88 20 socknar
813 924 70 19 blifvit

135 957 86 20 sälunda
239 958 95 25 ändradt,
354 959 30 18 att
404 957 79 20 antalet
498 958 75 25 jägare
588 957 6 19 i
610 957 120 26 Kuolajärvi
748 957 67 20 blifvit
831 958 50 19 ned-

135 994 40 17 satt
191 991 31 20 till
238 992 35 25 tio,
289 998 47 13 men
352 991 121 20 Kemiträsk
495 991 131 20 sockneboer
645 991 95 20 deremot
762 991 66 27 åtagit
850 992 32 26 sig

133 1025 124 26 ytterligare
273 1032 26 13 en
315 1025 115 20 soldatrota
446 1025 31 20 för
493 1032 26 13 en
535 1025 143 26 trumslagare.

203 1059 40 20 Till
265 1059 60 20 dessa
343 1059 119 26 åtaganden
485 1059 63 20 hafva
571 1059 96 20 bemälde
689 1059 131 20 sockneboer
842 1060 40 20 lik-

135 1093 33 20 väl
184 1093 107 20 förbundit
305 1094 32 25 sig
353 1093 75 20 endast
444 1093 65 20 under
533 1093 68 20 vilkor
623 1093 39 20 och
685 1093 110 26 förbehäll,
818 1094 64 20 bland

135 1130 69 23 annat,
222 1128 78 25 derom,
316 1129 30 18 att
361 1127 26 20 de
403 1127 32 20 för
450 1128 32 26 sig
499 1127 39 20 och
554 1128 46 19 sina
618 1127 181 20 efterkommande
815 1128 67 19 skulle

136 1161 31 20 för
183 1161 111 20 framtiden
310 1161 64 20 varda
389 1161 112 20 frikallade
517 1161 52 26 frän,
581 1163 55 18 utom
648 1164 70 23 annat,
729 1161 89 26 refning,
829 1164 52 17 stor-

135 1194 70 27 skifte,
228 1195 157 27 skattläggning
408 1195 39 19 och
471 1195 28 19 all
522 1202 68 13 annan
610 1195 120 27 förhöjning
745 1195 13 19 &
772 1195 56 20 skatt
843 1195 39 20 och

135 1229 66 20 andra
222 1229 85 27 afgifter
326 1230 22 19 af
365 1229 55 20 hvad
438 1236 61 13 namn
516 1229 25 20 de
558 1236 49 13 vara
622 1229 40 26 mä,
678 1230 107 19 äfvensom
801 1232 30 18 att
847 1229 35 20 nä-

135 1269 38 20 gra
194 1263 110 27 nybygges
327 1264 140 26 uppodlingar
489 1264 56 19 inom
570 1264 88 20 berörde
681 1264 89 20 socknar
791 1265 18 25 ej
826 1265 57 26 finge

135 1297 77 20 tillätas
237 1300 48 17 utan
308 1298 183 19 socknemännens
514 1297 104 20 särskilda
633 1297 119 27 utryckliga
769 1298 58 20 bifall
843 1298 40 20 och

135 1334 29 17 att
188 1332 169 20 soeknemännen
381 1332 54 26 egde
459 1332 112 26 disponera
593 1332 39 19 och
656 1332 96 19 använda
773 1332 29 20 all
825 1332 57 19 inom

135 1366 65 26 sagde
220 1366 90 20 socknar
332 1365 96 27 befintlig
442 1366 47 25 jord
506 1366 30 19 till
552 1365 70 27 gamla
640 1366 109 20 hemmans
772 1366 110 26 utvidgan-

136 1400 26 20 de
178 1401 39 19 och
236 1401 113 26 förmering
364 1401 8 18 i
388 1400 36 19 fall
448 1400 141 26 nägonstädes
610 1400 89 27 tillgäng
721 1400 70 20 dertill
814 1400 69 19 skulle

135 1434 74 20 finnas.

204 1468 66 20 Dessa
286 1468 180 20 knektekontrakt
485 1468 64 20 hafva
569 1468 67 20 blifvit
656 1467 129 20 stadfästade
801 1468 40 19 och
857 1467 26 20 de
