1070 1786
236 147 35 18 330

269 209 40 19 Det
324 209 62 26 sjette
402 210 114 19 momentet
533 209 6 19 i
555 214 81 14 samma
651 210 10 22 $
677 208 70 27 lyder:

269 243 46 20 ”6:o
331 243 69 26 Nödig
416 243 61 26 utgift
493 243 32 19 för
541 245 30 17 att
591 242 31 19 till
638 242 71 20 säkert
725 243 59 20 ställe
801 243 93 26 förflytta
909 243 39 19 far-

199 279 45 25 tyg,
255 283 45 14 som
312 277 27 26 på
349 279 69 24 öppen
430 277 52 20 redd
493 280 22 17 är
527 277 31 20 för
573 276 75 26 isgång
664 277 52 20 eller
732 278 62 18 storm
812 276 137 21 blottstäldt.”

268 310 30 20 På
312 310 53 26 skäl,
385 317 43 13 som
454 311 68 19 blifvit
540 310 88 20 anförda
645 310 65 20 under
726 310 38 20 litt.
781 310 18 25 Q
814 310 87 20 föreslås
916 310 33 19 så-

199 345 41 20 dan
258 344 123 27 förändring
396 345 69 20 deraf:

335 391 34 19 6:0
384 390 73 27 Nödig
477 389 69 27 utgift
562 388 42 28 för
621 391 33 19 att
673 389 35 21 till
730 388 73 22 säkert
820 389 64 21 ställe
899 388 51 28 för-

296 424 68 27 Hytta
382 423 89 28 fartyg,
489 430 44 14 som
545 424 32 26 på
593 424 68 26 öppen
676 423 55 21 redd
749 425 26 18 är
785 422 42 28 för
841 422 68 22 skada
924 422 30 28 af

302 458 18 20 is
336 457 129 22 blottstäldt.

419 522 22 22 SS
459 520 109 20 134—140
584 519 147 21 oförändrade.

553 584 10 22 $
580 583 46 18 141.

267 622 9 20 I
292 622 70 20 stället
376 622 32 20 för
424 622 106 26 uttrycket
545 622 6 20 i
567 622 73 26 början
656 622 23 20 af
693 622 70 20 denna
778 624 21 22 $:
822 622 125 26 ”godtgöras

198 656 23 20 af
235 656 48 26 den,
299 656 62 20 hvars
377 656 103 26 egendom
504 656 89 26 undgått
607 656 79 26 faran,”
702 656 97 20 föreslås:
822 656 125 26 ”godtgöras

199 697 23 13 ur
237 690 41 20 den
294 690 111 26 egendom,
422 696 45 14 som
483 690 88 26 undgått
587 690 65 20 faran.

267 724 111 20 Likaledes
389 724 86 20 föreslås
485 724 26 20 de
521 724 28 20 uti
561 730 74 14 senare
647 726 115 18 momentet
772 724 174 20 förekommande

197 758 76 20 orden:
285 757 81 21 ”såvidt
376 759 19 25 ej
409 758 69 27 någon
489 765 68 14 annan
571 761 23 17 är
605 758 69 20 dertill
687 758 118 26 vållande”,
816 760 31 18 att
858 758 84 26 utbytas

198 794 56 18 emot
270 792 74 20 orden:
360 792 82 20 ”såvidt
457 793 18 25 ej
493 792 68 27 någon
578 799 69 13 annan
668 792 54 20 varit
738 792 68 20 dertill
827 792 117 20 vållande.”

198 826 40 20 Till
251 826 51 26 följd
313 826 61 20 deraf
384 826 83 20 komme
479 827 68 19 denne
558 828 10 22 $
580 828 30 18 att
626 826 80 20 erhålla
720 826 65 20 sådan
802 826 143 26 ordalydelse:

344 871 39 21 All
398 871 68 21 skada
484 870 37 22 och
536 871 98 25 kostnad,
650 878 44 14 som
712 871 33 21 uti
763 873 131 24 gemensamt
909 870 37 21 ha-

276 905 45 20 veri
331 905 99 27 uppstår,
442 905 58 20 skall
515 905 54 26 efter
584 905 119 27 beräkning
718 905 31 26 af
760 905 95 20 skadans
871 904 75 28 belopp

277 938 36 21 och
332 939 35 20 det
390 938 109 21 räddades
519 939 66 20 värde
607 939 117 27 godtgöras
740 945 27 14 ur
782 939 41 20 den
838 939 107 27 egendom,

276 979 44 14 som
335 973 94 26 undyått
438 972 79 27 faran,
531 975 56 18 samt
597 972 102 27 fördelas
712 973 32 26 på
753 972 88 28 fartyg,
853 973 42 20 last
909 973 36 20 och

270 1007 72 27 frakt.
376 1006 186 22 Gemensamheten
577 1007 8 20 i
597 1006 57 27 fara
669 1006 91 27 upphör,
777 1007 29 20 då
817 1006 81 28 fartyg
909 1007 37 20 och

277 1041 41 20 last
333 1041 34 20 uti
382 1041 205 20 bestämmelseorten
609 1041 52 20 eller
674 1041 8 20 i
698 1040 109 21 nödhamn
826 1040 72 27 blifvit
913 1041 32 20 åt-

276 1075 78 20 skilda.
558 1077 2 2 |

345 1108 80 26 Skada,
440 1115 45 14 som
503 1107 30 28 af
547 1107 92 22 enskildt
659 1107 75 21 haveri
749 1107 85 26 härrör,
851 1108 96 21 drabbar

276 1143 75 20 endast
362 1149 84 21 egaren,
457 1142 71 21 sävidt
539 1143 21 26 ej
570 1142 72 27 någon
652 1148 74 14 annan
741 1141 58 21 varit
814 1141 75 22 dertill
902 1143 45 20 väl-

276 1177 64 20 lande
356 1176 38 20 och
409 1175 78 27 blifver
496 1175 129 28 förpligtad
640 1177 32 19 att
688 1174 86 28 derföre
789 1182 102 14 ansvara.

535 1246 11 23 $
563 1244 46 20 142.

264 1286 9 19 I
293 1285 78 20 midten
391 1285 23 19 af
430 1285 70 19 denna
515 1286 10 22 $
541 1284 132 19 förekomma
696 1283 123 26 uttrycken:
838 1284 38 19 ”en
895 1291 50 20 nog-

194 1327 67 20 grann
279 1319 133 26 besigtning”
426 1319 40 20 och
481 1318 78 26 ”nägra
574 1317 172 27 felaktigheter.”

262 1353 107 21 Utskottet
385 1359 62 14 anser
469 1352 27 27 pä
512 1352 34 20 det
569 1352 56 19 förra
640 1352 70 20 stället
726 1351 69 20 ordet:
812 1358 33 19 en,
861 1353 40 19 och
917 1353 27 26 pä

195 1389 36 20 det
241 1393 74 15 senare
326 1387 69 20 ordet:
412 1386 71 26 nägra,
495 1386 51 20 böra
557 1386 46 19 frän
618 1388 72 17 texten
708 1386 106 25 uteslutas;
831 1386 39 20 och
886 1387 58 20 kom-

196 1429 33 14 me
245 1422 69 19 denna
321 1415 12 36 $
355 1420 134 27 följaktligen
505 1422 30 18 att
551 1420 64 20 blifva
630 1419 22 20 sä
668 1419 101 27 lydande:

331 1471 50 21 När
390 1473 130 25 gemensamt
530 1470 74 21 haveri
614 1470 92 21 drabbat
712 1470 88 28 fartyg,
811 1470 58 21 skall
880 1471 64 25 detta,
