1070 1786
789 144 32 17 187

108 205 46 20 med
174 205 54 20 ökad
252 205 194 26 transportkostnad
471 205 31 20 för
525 205 40 20 den
589 205 63 26 långa
675 208 101 23 omvägen
799 206 59 19 öfver

110 239 379 26 Wiala—Tavastehus—Riihimäki,
506 239 40 20 kan
560 240 37 25 jag
611 239 32 20 för
659 240 41 19 min
717 240 33 19 del
761 240 46 19 icke
822 247 35 13 an-

108 279 22 13 se
143 274 117 25 jernvägen
277 267 46 26 Åbo
334 285 14 2 —
354 273 78 20 Wiiala
448 273 152 20 tillfredsställa
616 273 26 20 de
655 273 118 27 fordringar
788 274 27 25 på
831 281 24 12 en

109 307 115 26 stambana,
240 308 73 19 hvilka
325 308 37 26 jag
378 307 81 26 nödgas
476 307 110 25 uppställa.

176 342 60 19 Hvad
260 342 44 19 åter
327 341 151 20 Tavastehus
487 341 142 20 Tammerfors
646 342 87 25 jernväg
754 342 105 23 beträffar,

109 374 22 20 så
147 375 41 19 kan
202 376 37 25 jag
255 376 33 19 väl
304 376 47 19 icke
371 376 53 25 hysa
443 374 64 27 något
525 375 73 19 tvifvel
618 382 41 18 om,
678 377 30 18 att
726 382 25 12 en
769 376 90 26 jernväg

110 409 90 19 emellan
217 410 60 19 dessa
296 410 70 19 städer
386 409 38 20 bör
443 411 74 24 utgöra
533 416 24 12 en
576 409 62 20 bland
654 409 26 20 de
696 410 111 26 vigtigaste
824 410 34 20 de-

110 443 58 19 larne
183 444 7 18 i
206 444 35 19 det
257 446 35 17 nät
307 444 23 19 af
343 443 126 25 stambanor,
490 449 43 13 som
554 443 31 20 för
606 443 82 20 landets
707 444 108 20 materiela
831 446 27 17 ut-

112 477 98 27 veckling
228 478 39 19 blir
283 484 24 13 en
324 478 32 19 för
372 478 72 25 hvarje
465 477 41 26 dag
524 477 96 19 alltmera
638 477 113 26 tvingande
767 478 92 20 nödvän-

111 511 78 26 dighet,
206 518 47 13 men
268 512 42 25 just
326 512 82 19 derföre
424 517 62 13 anser
499 511 36 25 jag
551 511 36 19 det
602 511 60 19 äfven
680 511 22 19 så
718 512 85 26 mycket
817 519 42 13 me-

111 552 22 13 ra
150 546 194 26 maktpåliggande,
360 548 30 17 att
405 545 69 19 denna
491 548 40 23 väg
543 544 30 20 får
584 545 39 19 den
640 545 99 23 kortaste,
756 546 103 27 billigaste

112 580 38 19 och
170 580 82 20 således
275 581 30 18 för
325 581 40 18 den
386 579 161 27 genomgående
571 579 88 19 trafiken
684 582 50 17 mest
757 581 103 25 passande

112 614 98 26 rigtning.
240 614 123 19 Emellertid
384 614 38 18 har
441 613 34 19 det
492 613 63 19 redan
573 613 45 19 från
635 614 39 18 den
692 614 35 24 tid,
744 614 25 19 då
785 614 74 20 under-

112 647 117 27 sökningen
249 648 23 19 af
290 648 60 19 dessa
369 648 61 18 linier
451 647 30 19 för
501 647 87 26 ungefär
604 647 28 19 tio
648 647 22 19 år
685 648 64 19 sedan
765 648 95 26 påbörja-

113 681 36 19 des
164 682 39 19 och
220 682 26 19 då
261 684 56 17 ännu
336 681 48 19 icke
405 681 69 25 någon
495 680 59 27 fråga
569 687 33 13 om
620 684 29 16 ett
664 681 127 20 allmännare
803 682 57 26 jern-

114 718 86 23 vägsnät
217 715 98 27 uppstått,
335 716 22 18 af
376 715 42 26 mig
437 714 92 20 obekant
549 714 60 20 orsak
630 716 89 25 antagits
742 718 29 17 att
794 716 66 25 begge

113 749 89 20 linierna
218 750 65 19 borde
299 750 31 18 stå
346 750 6 18 i
368 748 151 26 sammanhang
539 749 46 19 med
606 749 116 19 hvarandra
738 750 37 19 och
793 750 69 19 denna

113 784 145 19 kombination
275 784 59 19 ledde
356 783 105 26 sjelffallet
481 783 30 19 till
530 782 35 20 det
581 783 91 26 resultat,
688 786 30 17 att
732 784 130 19 Tavastehus

115 830 18 2 —
142 818 141 19 Tammerfors
300 818 89 26 jernväg
410 817 157 26 projekterades
587 817 61 19 söder
671 824 33 13 om
729 818 132 26 Wanajavesi

113 852 38 25 sjö,
167 854 48 17 utan
232 854 30 17 att
280 852 64 26 nägot
362 851 99 20 afseende
482 851 92 19 fästades
595 851 79 26 dervid,
694 854 29 17 att
743 858 25 13 en
788 852 73 20 under-

115 886 89 25 sökning
220 886 23 19 af
256 886 61 19 äfven
334 886 66 19 andra
416 885 86 26 möjliga
518 886 118 25 rigtningar
652 886 52 19 hade
721 886 79 19 kunnat
816 886 47 19 leda

114 919 31 19 till
160 926 25 13 en
203 919 163 26 fördelaktigare
383 919 83 26 utgäng.
497 919 54 19 Utan
573 921 29 17 att
623 919 49 26 vilja
687 919 95 26 fördjupa
799 920 41 26 mig
856 921 6 18 i

116 953 67 26 någon
202 953 114 26 detaljerad
333 953 130 26 granskning
480 953 21 19 af
517 953 68 19 denna
601 953 57 25 linie,
669 953 94 20 anhåller
775 954 37 26 jag
827 961 35 12 en-

115 988 45 19 dast
176 987 20 20 få
213 991 83 22 nämna,
316 990 29 17 att
365 988 27 25 på
412 988 123 19 densamma
557 987 131 20 förekomma
710 987 51 20 flera
783 987 80 26 ganska

116 1022 127 19 kostsamma
259 1022 60 19 broar
335 1022 39 19 och
390 1024 30 17 att
435 1024 67 23 vägen
519 1023 22 17 är
557 1021 65 26 något
637 1021 71 26 längre
723 1025 26 16 än
767 1028 45 13 man
827 1028 35 13 en-

116 1055 37 26 ligt
173 1056 133 26 tillgängliga
326 1056 70 19 kartor
416 1056 40 19 kan
477 1057 78 24 antaga
574 1057 29 18 att
622 1062 25 13 en
669 1061 47 14 norr
735 1062 32 13 om
783 1062 81 13 samma

116 1090 31 25 sjö
163 1090 48 19 ledd
224 1091 91 25 jernväg
330 1090 60 19 öfver
406 1089 151 20 Walkeakoski
574 1089 41 19 fors
626 1089 7 19 i
645 1089 124 20 Sääksmäki
785 1089 77 20 socken

116 1124 66 19 skulle
206 1124 72 25 blifva,
302 1127 52 16 samt
377 1126 30 17 att
429 1124 49 26 inga
501 1123 130 20 nämnvärda
654 1123 90 20 fördelar
767 1126 98 23 motväga

117 1158 60 19 dessa
192 1158 142 25 olägenheter.

185 1192 41 19 Det
240 1192 67 26 ligger
323 1192 6 19 i
345 1192 102 19 handelns
463 1192 39 19 och
518 1191 154 27 godstrafikens
688 1194 66 22 natur,
767 1194 30 17 att
813 1192 52 19 söka

117 1226 32 26 sig
164 1226 31 19 till
215 1228 103 17 närmaste
340 1228 65 17 större
425 1225 147 26 centralpunkt
592 1225 30 20 för
642 1226 69 19 denna
730 1225 76 20 handel
825 1226 39 19 och

117 1260 30 19 till
164 1260 26 19 de
207 1260 262 25 kommunikationslinier,
483 1266 44 13 som
544 1259 47 20 leda
607 1259 30 20 till
653 1260 39 19 och
709 1259 43 20 från
769 1260 95 19 densam-

119 1301 39 13 ma.
188 1295 45 19 Den
250 1294 67 19 finska
334 1294 89 19 handeln
441 1294 36 19 har
493 1294 5 18 i
516 1293 57 20 detta
589 1293 99 20 afseende
708 1294 64 19 under
791 1296 75 17 största

119 1328 60 20 delen
196 1328 22 19 af
232 1328 44 19 året
292 1328 46 19 icke
360 1328 64 26 något
438 1330 64 17 annat
517 1328 32 19 val
566 1330 26 17 än
608 1329 30 18 att
653 1327 93 26 uppsöka
762 1328 39 19 den
818 1328 47 20 kor-

119 1365 51 17 taste
187 1362 38 20 och
246 1362 103 26 billigaste
373 1365 67 23 vägen
460 1362 31 19 till
510 1361 29 20 S:t
554 1361 132 26 Petersburg,
702 1361 69 20 denna
787 1362 80 26 vigtiga

118 1396 101 26 stapelort
238 1396 30 19 för
288 1397 40 18 den
351 1396 124 26 europeiska
491 1395 98 20 verldens
609 1395 38 20 och
663 1402 25 13 en
706 1395 34 20 del
754 1396 23 19 af
791 1395 75 20 Asiens

120 1430 100 26 varubyte
244 1430 39 19 och
307 1430 39 19 den
372 1431 54 18 enda
450 1431 30 18 för
500 1436 33 13 oss
554 1430 86 25 möjliga
656 1429 211 27 anknytningspunkt

119 1464 30 20 till
165 1464 95 26 Europas
277 1465 143 25 jernvägsnät.
451 1464 190 21 Fabriksindustrin
665 1463 100 21 särskildt
787 1464 80 22 fordrar
