1070 1786
211 159 34 18 124

178 223 66 20 mark.
275 222 40 21 Till
332 221 131 21 betäckande
478 222 23 19 af
514 221 69 20 denna
601 221 89 20 kostnad
710 225 37 17 äro
765 223 73 20 främst
853 223 73 27 påräk-

178 257 54 21 nade
253 257 26 20 de
299 257 91 26 afgifter,
410 263 44 13 som
479 256 31 19 för
533 255 26 20 de
581 255 60 26 sjuke
664 256 85 20 komma
771 259 30 18 att
824 258 103 27 erläggas.

178 291 60 20 Hvad
262 291 62 19 dessa
346 290 86 26 afgifter
455 289 72 27 angår,
547 289 64 20 borde
627 290 36 19 det
678 290 6 19 i
701 297 26 13 nu
745 290 107 27 befintliga
868 292 60 19 vård-

178 325 102 20 anstalter
304 324 31 20 för
359 324 130 20 närvarande
513 324 82 19 tillåtna
612 324 120 20 inlösandet
752 324 27 26 på
797 325 64 20 lifstid
881 326 46 20 icke

178 359 127 26 medgifvas,
324 358 44 20 dels
389 358 88 20 emedan
499 358 147 20 erfarenheten
666 359 54 19 visat
740 360 29 18 att
785 366 25 13 en
827 360 59 26 dylik
902 366 25 14 en

178 393 56 27 gång
250 393 32 22 för
297 392 41 20 alla
353 392 72 26 erlagd
442 386 67 32 aftift,
526 392 46 20 med
589 392 100 20 afseende
700 393 12 19 å
724 393 35 20 det
775 393 76 27 belopp
869 395 59 19 hvar-

179 428 31 19 till
227 427 122 19 densamma
365 426 94 26 skäligen
480 426 40 20 kan
540 426 132 26 bestämmas,
689 427 5 19 i
711 426 25 20 de
753 427 61 20 flesta
830 428 34 19 fall
881 428 47 20 icke

180 463 116 18 motsvarar
311 460 40 20 den
368 460 88 20 kostnad
473 460 142 26 inrättningen
628 460 38 20 fått
681 461 32 19 för
729 461 39 19 den
785 462 70 25 siukes
872 462 56 26 vård,

179 495 67 20 under
262 495 79 19 dennes
357 494 132 20 återstående
508 494 72 26 lifstid,
599 494 124 26 vidkännas,
740 495 43 20 dels
799 496 88 20 emedan
903 503 25 13 en

179 530 65 19 sådan
261 528 80 20 inlösen
359 528 31 19 för
406 528 64 19 lifstid
489 528 75 19 strider
583 530 57 18 emot
659 528 155 27 inrättningens
833 530 96 20 ändamål

179 564 23 20 af
216 571 26 12 en
259 562 122 25 kuranstalt,
397 564 60 24 samt,
477 562 66 19 såsom
563 562 95 26 grundad
675 562 27 27 på
717 563 106 27 tillfälliga
838 567 91 18 omstän-

180 598 104 25 digheter,
304 596 48 20 icke
375 596 79 20 tillåter
478 596 67 26 någon
566 596 62 20 säker
650 597 118 27 beräkning
783 598 22 19 af
819 599 110 19 ersättnin-

180 638 53 20 gens
250 631 75 26 belopp
342 630 38 20 och
397 631 19 25 ej
433 630 66 20 heller
513 630 23 19 af
549 630 26 19 de
591 630 79 26 anslag,
688 631 73 19 hvilka
776 632 30 19 till
821 632 109 20 inrättnin-

180 672 53 20 gens
253 664 108 21 underhåll!
382 664 111 20 erfordras.
523 664 9 19 I
555 664 51 26 följd
630 664 61 20 häraf
713 664 63 21 borde
799 666 131 26 sinnessjuke

182 700 37 20 der
238 701 117 24 emottagas
374 698 74 20 endast
466 700 56 17 emot
542 698 127 26 erläggande
690 699 24 19 af
731 699 109 27 dagafgift,
857 700 73 19 beräk-

182 734 40 20 nad
239 734 53 19 efter
307 733 26 19 de
350 732 123 20 betalandes
495 732 228 26 förmögenhetsvilkor
746 734 39 19 och
809 734 40 19 den
865 736 66 18 större

182 768 54 20 eller
252 768 80 20 mindre
349 766 163 27 beqvämlighet,
529 772 42 14 som
590 766 31 20 för
637 767 26 19 de
678 766 61 27 sjuke
758 767 105 27 åstundas,
879 770 53 18 samt

182 802 26 20 de
224 802 60 26 sjuke
300 802 6 19 i
322 802 58 19 detta
395 800 99 20 afseende
515 800 96 20 hänföras
630 801 31 19 till
683 803 31 17 tre
731 801 80 20 klasser
827 802 38 19 och
881 802 50 26 dag-

182 836 89 26 afgiften
288 836 126 20 bestämmas
430 835 6 19 i
453 835 64 19 första
533 834 82 20 klassen
632 835 30 19 till
680 835 46 26 fyra
741 836 65 25 mark,
822 836 7 19 i
845 836 40 20 den
897 843 34 13 an-

183 870 38 20 dra
237 870 31 19 till
283 869 35 19 två
334 871 65 23 mark,
416 869 39 19 och
470 868 6 20 i
493 868 39 20 den
549 869 66 26 tredje
632 869 31 19 till
679 876 25 12 en
722 869 65 20 mark.
819 870 32 19 Då
861 870 71 20 inrätt-

183 904 79 26 ningen
279 903 84 20 komme
379 903 31 19 till
426 909 26 13 en
468 902 72 26 början
559 904 30 17 att
609 905 81 24 öppnas
706 903 32 19 för
756 903 38 19 130
809 903 60 26 sjuke
886 904 46 19 med

186 939 24 18 10
226 938 78 26 platser
319 937 7 20 i
343 937 64 20 första
428 937 88 25 klassen,
533 937 26 19 40
575 936 6 19 i
598 936 40 20 den
654 937 67 19 andra
737 937 39 20 och
793 937 26 20 80
834 937 78 26 platser
926 938 7 19 i

184 971 67 26 tredje
272 971 90 26 klassen,
381 970 67 20 skulle
467 970 60 20 alltså
542 977 75 20 genom
634 971 162 26 dagafgifterne,
813 971 66 20 under
895 972 38 19 för-

184 1007 116 25 utsättning
318 1008 30 17 att
367 1005 41 20 alla
428 1005 76 26 platser
527 1011 50 13 vore
600 1005 106 20 oafbrutet
728 1007 113 24 upptagne,
862 1012 25 13 en
904 1006 29 19 in-

184 1041 70 20 komst
271 1039 88 21 beredas
375 1039 31 20 till
422 1039 91 26 följande
529 1039 87 26 belopp:

214 1092 8 20 1
238 1091 66 20 första
318 1091 84 20 klassen
419 1091 61 24 3,650
497 1089 112 27 sjukdagar
626 1091 12 18 å
653 1091 12 18 4
682 1089 60 29 mark
775 1105 5 5 .
813 1091 80 25 14,600:
909 1102 25 3 —

214 1141 12 12 »
242 1125 66 20 andra
323 1125 84 19 klassen
428 1124 71 25 14,600
515 1123 115 26 sjukdagar
645 1125 12 18 a
672 1124 12 19 2
701 1123 60 20 mark
775 1139 5 4 .
811 1125 83 24 29,200:
910 1137 25 2 —

214 1175 12 11 »
243 1159 67 26 tredje
326 1159 83 19 klassen
426 1158 76 25 29,200
517 1158 113 26 sjukdagar
646 1159 12 18 å
678 1159 4 18 |
704 1157 75 20 mark.
810 1159 83 24 29,200:
911 1171 18 3 --

186 1194 6 19 i
209 1192 51 26 följd
277 1192 73 20 hvaraf
364 1194 30 18 ett
408 1192 73 26 anslag
501 1192 30 18 till
554 1191 130 20 betäckande
701 1191 23 20 af
738 1191 40 20 bri-

215 1228 46 18 sten
276 1226 7 20 i
300 1226 237 20 underhällskostnaden
554 1226 104 19 erfordras
674 1225 35 20 af.
742 1241 4 4 .
777 1241 4 4 .
812 1226 83 24 27,000:
913 1238 12 2 --

529 1253 409 32 "Summa
717 1249 60 42 mark
791 1253 116 32 100,000:
920 1249 22 42 —

256 1311 98 20 Likasom
379 1310 134 20 härförinnan
538 1317 63 19 synes
624 1310 35 20 det
681 1311 63 19 äfven
768 1311 105 26 framgent
889 1311 49 20 böra

188 1347 72 25 åligga
283 1344 158 21 vederbörande
465 1344 123 20 kommuner
609 1346 29 17 att
656 1344 12 19 å
683 1344 145 20 kuranstalten
853 1345 87 20 bekosta

188 1380 79 19 sådane
283 1379 31 20 till
330 1379 127 20 kommunen
473 1378 93 19 hörande
586 1378 144 26 sinnessjukes
750 1379 117 25 underhåll,
888 1379 51 20 hvil-

189 1415 28 19 ka
232 1414 75 26 sjelfve
327 1414 51 19 eller
398 1413 81 20 hvilkas
503 1413 67 19 dertill
594 1412 61 26 eljest
677 1412 90 27 pligtige
790 1413 148 20 anförvandter

188 1449 68 20 sakna
278 1455 56 20 egna
357 1447 118 26 tillgångar,
495 1449 53 18 samt
566 1448 30 18 att
610 1447 82 20 således
709 1447 32 20 för
758 1447 72 26 hvarje
845 1447 47 26 sjuk
908 1454 30 13 er-

189 1483 63 26 lägga
275 1482 40 20 den
339 1481 118 20 fastställda
479 1481 130 26 dagafgiften
626 1481 6 19 i
648 1481 68 25 tredje
738 1481 83 19 klassen
846 1481 47 19 med
914 1488 25 13 en
