1070 1786
812 141 34 18 511

269 203 25 26 a)
308 202 94 26 skulder,
425 209 45 14 som
485 203 105 26 antingen
605 202 35 21 till
655 202 49 21 hela
719 202 96 27 beloppet
830 202 52 21 eller

198 237 78 20 endast
295 237 35 20 till
348 237 44 20 viss
410 236 35 21 del
458 235 99 28 förfalla
578 237 35 20 till
631 236 111 27 betalning
760 235 71 21 under
847 236 35 20 det

198 270 149 28 nästföljande
362 271 58 24 äret;

270 304 22 26 0)
307 304 99 27 utgifter,
421 310 45 14 som
481 304 68 27 enligt
564 304 69 20 redan
644 303 91 27 fattade
751 303 68 21 beslut
829 303 52 21 böra

198 338 69 21 under
281 345 82 14 samma
378 338 27 20 är
420 337 118 26 bestridas;

270 373 22 26 ec)
306 372 100 27 utgifter,
421 378 45 14 som
481 371 122 27 derutöfver
618 378 62 14 anses
695 371 74 21 kunna
774 371 41 28 för
826 371 57 21 kom-

199 412 88 15 munens
309 412 157 21 gemensamma
485 405 66 28 behof
561 405 104 28 päkallas
682 406 70 20 under
771 406 36 20 det
824 406 59 20 kom-

199 440 78 22 mande
293 440 57 25 äret;
365 440 38 20 och

270 474 25 28 d)
305 473 133 28 förslagsvis
454 476 28 18 ett
498 474 75 27 belopp
587 474 9 20 i
607 474 126 27 penningar
748 476 32 19 att
795 474 37 21 vid
848 474 35 20 in-

202 508 109 28 träffande
326 508 143 27 oförutsedda
484 508 68 27 behof
563 508 117 21 användas.

274 542 35 21 Uti
323 542 202 27 inkomstförslaget
539 544 119 25 upptagas:

271 577 24 26 a)
311 576 34 21 det
361 576 92 26 löpande
469 576 56 21 årets
537 575 131 28 päräknade
684 575 134 28 behållning;

272 610 22 28 b)
307 610 41 27 för
371 610 192 27 kommunalbehof
580 610 68 21 redan
672 610 104 28 beviljade
799 610 84 28 anslag,

200 651 45 15 som
259 644 69 21 under
344 644 35 21 det
394 644 126 20 kommande
535 644 48 21 året
594 644 30 27 få
640 644 121 28 uppbäras;

278 678 20 27 e)
313 678 125 26 inkomster,
453 678 72 21 hvilka
538 678 32 28 pä
585 685 73 14 annan
668 679 74 27 grund
752 685 63 15 anses
826 679 57 20 inom

201 712 147 22 nästnämnda
363 712 27 21 är
405 712 84 21 komma
504 712 126 21 kommunen
646 713 34 21 till
694 713 67 27 godo;
775 712 38 22 och

272 746 24 28 d)
315 746 35 22 det
374 746 82 28 belopp,
475 753 45 14 som
537 746 127 28 ytterligare
682 746 119 28 erfordras,
817 748 69 27 jemte

198 780 91 28 förslag
304 780 35 22 till
354 780 129 21 detsammas
499 780 150 28 anskafande.

271 814 46 21 För
339 814 163 27 ofvannämnda
523 815 106 21 ändamäl
651 815 84 27 äligger
755 815 35 21 det
805 815 38 21 ock
859 815 25 21 de

201 848 110 22 särskilda
325 848 133 28 bestyrelser,
469 855 44 14 som
523 849 77 21 staden
609 848 37 27 för
656 849 58 21 vissa
723 849 162 28 förvaltnings-

200 890 82 20 grenar
300 883 102 27 möjligen
422 883 85 24 tillsatt,
523 885 33 18 att
571 883 13 20 &
600 883 38 24 tid,
657 890 45 13 som
722 883 123 21 bestämmes
861 883 29 26 af

201 916 151 28 Magistraten,
373 916 32 21 dit
424 916 85 28 ingifva
527 917 50 20 sina
595 916 167 29 specialförslag
777 916 60 28 öfver
851 919 34 19 ut-

200 950 70 28 gifter
285 950 37 21 och
337 950 118 21 inkomster
464 950 41 27 för
521 951 34 20 det
571 949 149 30 nästföljande
735 951 54 21 äret.

509 1008 16 27 $
539 1008 36 21 58.

272 1047 33 21 De
324 1047 96 21 sålunda
439 1047 124 28 uppgjorda
581 1047 91 28 utgifts-
692 1047 38 21 och
746 1047 139 28 inkomstjör-

200 1082 76 27 slagen
296 1081 143 28 öfverlennas
454 1081 31 27 af
495 1081 145 28 Magistraten
659 1082 36 20 till
708 1082 138 29 granskning
861 1083 30 27 af

200 1115 200 28 stadsfullmäktige
424 1116 57 25 eller,
505 1115 39 21 der
563 1116 82 20 sädane
660 1116 19 27 ej
690 1115 84 28 finnas,
795 1116 30 27 af
836 1117 51 20 räd-

201 1149 131 22 husstämma
352 1149 37 21 vid
411 1149 35 21 det
465 1149 168 26 sammanträde,
652 1156 45 15 som
712 1150 91 27 infaller
817 1151 70 20 under

200 1183 115 21 December
329 1183 88 26 månad,
436 1183 38 21 och
489 1183 52 21 böra
556 1184 70 20 under
641 1184 41 20 den
693 1184 8 20 i
712 1185 28 19 17
750 1185 15 27 $
776 1184 110 21 bestämda

200 1217 151 28 anslagstiden
374 1216 72 22 hållas
461 1216 42 27 för
525 1216 160 22 vederbörande
708 1218 141 28 tillgängliga
873 1219 13 20 å

200 1251 114 28 uppygifvet
329 1251 75 26 ställe;
419 1251 105 21 skolande
538 1251 38 21 vid
589 1251 67 28 sagde
667 1253 162 20 sammanträde
840 1253 47 21 alla

195 1285 83 28 frågor
298 1292 32 14 om
346 1285 26 21 de
386 1285 34 21 uti
440 1285 188 28 utgiftsförslaget
650 1288 113 25 upptagna
785 1287 101 27 utgifter,

200 1327 44 14 som
261 1320 29 20 dä
306 1319 34 21 till
356 1319 122 27 beviljande
494 1318 98 27 föresläs,
609 1319 37 21 och
660 1319 26 21 de
697 1319 68 28 behof,
777 1320 30 27 af
813 1320 74 22 hvilka

201 1354 108 21 desamma
329 1353 111 28 päkallas,
465 1353 36 21 till
520 1353 166 28 öfverläggning
706 1354 37 21 och
765 1354 122 28 afgörande

196 1387 124 29 företagas.
351 1387 73 22 Sedan
448 1388 58 21 detta
523 1388 131 27 försiggätt,
677 1388 144 27 öfverlemnas
835 1389 52 27 för-

200 1423 82 26 slagen,
304 1421 48 21 med
376 1421 49 21 dei
440 1422 119 27 anledning
575 1421 30 28 af
620 1422 47 21 dem
689 1422 104 28 vidtagna
813 1423 74 26 beslut,

200 1456 36 21 till
250 1455 152 28 Magistraten,
418 1463 45 14 som
479 1456 42 21 har
535 1458 33 19 att
583 1456 47 21 deri
645 1455 75 28 införa
736 1457 26 20 de
777 1456 29 28 af
817 1457 71 21 stads-
