1070 1786
812 136 32 17 127

148 237 46 26 Ljus
210 237 39 19 och
266 237 106 26 lampolja,
389 237 120 26 förslagsvis
542 252 5 5 .
579 252 4 4 .
649 252 5 5 K
685 252 4 4 m
777 238 95 25 3,000/—

147 271 141 19 Inventariers
307 271 107 20 underhäll
431 272 12 18 &
458 271 26 20 50
501 271 57 19 mark
578 271 26 26 pä
614 252 110 45 sjuksäng,

203 304 119 26 förslagsvis
364 320 4 4 =.
400 320 4 4 .
612 320 40 4 Mi
684 320 4 4 8
719 320 4 4 8
776 305 95 26 6,500/—

148 338 165 27 Byggnadernes
328 320 117 43 underhåll,
461 319 122 45 förslagsvis
614 353 4 4 «=
648 354 40 4 «+»
720 354 4 4 +)
765 339 105 25 12,000/—

147 372 86 20 Diverse
249 372 91 26 utgifter,
356 374 52 18 tvält
424 379 26 13 m.
467 379 44 13 m..
542 387 4 5 .
577 387 4 5 .
648 387 4 5 +
719 388 4 4 |
775 374 96 24 6,495150

148 406 91 20 Premier
256 406 31 19 för
304 406 142 26 betjeningen,
461 406 24 20 21
504 408 24 17 st.
545 407 11 18 &
573 406 26 19 40
613 387 75 39 unia.
719 422 3 4 :
797 408 71 19 840/—

640 440 94 34 Summa
729 429 10 49 |
749 441 93 33 100.000]
854 454 3 1 -

333 496 73 26 Enligt
421 496 66 20 Hans
499 496 146 27 Kejserliga
655 497 129 26 Majestäts
795 498 83 26 Nädiga

266 530 120 26 befallning,
406 530 70 27 gifven
488 531 7 19 i
506 530 30 20 S:t
550 531 126 26 Petersburg
692 531 39 20 den
751 534 21 24 18
790 530 86 22 Januari

269 565 57 20 1872.

401 626 66 21 ALEX.
484 626 120 21 ARMFELT.

581 688 37 21 Ch.
634 688 47 22 Em.
697 689 121 21 Frosterus.

332 820 164 20 Sammansatta
518 820 71 19 Stats-
610 819 41 20 och
674 819 201 21 Ekonomiutskot-

263 856 45 18 tets
323 853 145 21 betänkande
484 854 31 19 N:o
530 854 19 24 9,
565 854 6 19 i
587 854 103 26 anledning
705 854 21 20 af
739 855 46 19 Hans
800 854 75 26 Kejser-

264 887 70 26 serliga
348 888 94 25 Majestäts
458 887 70 26 Nädiga
547 887 126 26 proposition,
693 888 96 25 angäende
809 888 67 25 anslag

263 922 30 19 för
312 921 108 20 inrättande
439 921 21 20 af
481 927 23 14 en
520 927 23 20 ny
562 921 108 20 kuranstalt
685 921 30 20 för
730 921 119 27 sinnessjuke
869 922 6 19 i

263 956 69 20 landet.

194 1018 70 20 Sedan
284 1018 97 26 samtliga
396 1017 92 21 Ständen
506 1017 4 20 i
527 1017 100 20 afseende
643 1017 12 20 å
671 1017 152 20 förberedande
840 1018 34 20 be-

128 1053 101 25 handling
244 1052 30 19 tili
292 1054 136 17 sammansatt
444 1051 63 20 Stats-
519 1051 40 20 och
575 1051 185 20 Ekonomiutskott
775 1052 98 26 hänskju-

127 1087 24 18 tit
166 1087 69 19 denna
251 1086 81 26 Nädiga
353 1086 128 26 proposition
503 1085 38 20 och
558 1085 101 20 utskottet
674 1085 101 26 derjemte
791 1086 85 20 erhällit

127 1121 32 19 del
180 1121 22 19 af
221 1120 125 26 protokollet
369 1120 59 19 öfver
451 1126 25 13 en
500 1119 37 20 hos
560 1119 136 26 Högvördiga
718 1119 156 20 Presteständet

127 1154 108 20 förefallen
252 1154 117 19 diskussion
381 1155 5 18 i
398 1156 77 23 ämnet,
491 1154 37 19 har
544 1153 100 20 utskottet
660 1153 103 26 utbegärt,
779 1153 38 20 och
829 1153 44 20 frän

127 1188 116 26 Kejserliga
267 1188 101 19 Senatens
390 1188 105 19 allmänna
519 1187 68 19 kansli
604 1187 36 19 fått
660 1187 32 26 sig
711 1187 98 19 tillsände
825 1188 26 19 de
867 1188 6 18 i

126 1222 118 26 Kejserliga
260 1222 89 19 Senaten
362 1222 110 19 tillkomne
484 1221 152 26 handlingarne
648 1221 6 19 i
666 1221 93 26 ärendet,
770 1221 23 20 af
802 1221 72 20 hvilka

127 1257 97 25 framgår,
247 1259 30 17 att
300 1256 38 19 den
362 1256 82 26 Nådiga
467 1254 158 27 propositionen
649 1255 47 20 icke
715 1255 30 20 till
758 1255 42 20 alla
815 1255 58 20 delar

125 1291 196 19 öfverensstämmer
344 1290 46 19 med
415 1290 35 19 det
465 1289 78 26 förslag
559 1289 30 20 till
607 1289 128 25 densamma,
758 1296 44 13 som
819 1292 53 17 utar-

127 1325 66 20 betats
209 1325 23 19 af
246 1331 24 12 en
288 1325 30 18 för
334 1324 121 19 ändamålet
471 1323 82 20 nedsatt
573 1323 83 20 Komité
675 1324 37 19 och
731 1324 78 25 jemväl
830 1324 43 20 del-

125 1359 72 26 gifvits
213 1358 105 19 utskottet.

194 1426 45 19 Den
264 1425 82 26 klagan,
365 1432 43 13 som
430 1432 24 13 en
475 1426 72 26 längre
569 1426 28 19 tid
614 1426 99 25 försports
730 1426 55 19 inom
802 1425 72 20 landet

762 1459 5 7 a

124 1460 59 19 öfver
198 1459 133 26 svårigheten
348 1461 30 18 att
393 1460 6 19 i
416 1459 49 26 följd
481 1460 24 19 af
519 1459 106 20 bristande
640 1461 103 24 utrymme
760 1467 12 12 å
787 1459 85 26 sjukhu-
