1070 1786
801 145 35 17 219

120 206 96 26 delegare
237 207 27 25 på
284 207 50 18 hans
354 206 96 26 yrkande
471 212 50 13 vara
544 206 86 27 pligtige
653 209 29 17 att
705 207 51 19 hans
779 207 38 20 lott
839 208 30 19 in-

120 240 43 19 lösa
178 242 54 18 samt
248 242 35 23 att,
300 240 36 19 der
352 242 98 23 parterna
465 247 34 12 om
516 240 65 25 priset
597 241 18 24 ej
632 240 96 26 åsämjas,
740 241 31 19 för
782 241 39 20 den
839 247 30 13 er-

121 273 62 27 lägga
199 274 53 19 hvad
269 274 21 19 af
305 274 133 26 sakkunnige
455 277 47 16 män
519 274 52 20 eller
587 275 88 19 domstol
693 275 130 20 bestämmes.

466 344 9 21 $
492 342 33 19 53.

189 387 53 19 Utan
268 387 116 26 trängande
408 387 40 19 nöd
473 388 32 19 må
522 388 18 25 ej
558 387 143 21 befälhafvare
721 388 92 26 fartyget
831 388 39 20 och

120 422 30 18 sin
169 421 116 25 befattning
301 421 123 26 öfvergifva.
456 422 41 19 Dör
514 422 40 19 han
576 422 52 19 eller
650 422 74 19 blifver
744 422 127 20 urståndsatt

120 458 29 16 att
168 456 78 19 befälet
270 456 126 25 handhafva,
420 456 38 18 och
482 456 49 19 sker
554 456 56 19 detta
630 456 65 19 under
715 457 45 19 färd
776 457 26 26 på
817 457 53 25 sjön,

121 490 115 19 tillkomme
257 490 35 19 det
310 492 136 23 styrmannen
465 492 31 16 att
514 490 143 25 befattningen
676 490 90 20 tillträda
785 491 39 19 och
840 491 31 19 för

121 524 39 19 den
177 530 94 13 ansvara.
302 524 89 26 Uppstår
412 524 63 19 behof
493 524 23 19 af
531 530 68 13 annan
622 524 141 20 befälhafvare
778 525 6 19 i
801 525 69 25 hamn,

122 558 35 20 bör
173 558 91 20 rederiet
286 558 70 20 derom
380 558 132 19 underrättas
533 558 39 20 och
593 558 47 19 dess
657 558 106 20 föreskrift
778 559 92 25 afbidas;

122 599 46 13 men
185 593 41 19 kan
243 593 18 25 ej
279 593 56 19 detta
351 592 37 19 ske
406 595 48 16 utan
471 592 60 26 långt
551 592 98 26 dröjsmål
673 593 39 19 och
734 593 74 25 skada,
831 593 40 19 och

122 626 101 26 fartygets
240 626 85 20 förande
341 626 47 19 icke
406 626 65 19 heller
487 626 104 19 anförtros
606 625 21 20 åt
642 628 141 24 styrmannen,
796 627 33 19 må
840 633 31 13 re-

122 660 76 19 deriets
221 660 76 20 ombud
321 660 51 19 eller
395 660 74 19 konsul
494 660 68 20 dertill
585 662 43 17 utse
645 660 39 20 och
701 660 84 27 betinga
801 667 68 13 annan

122 694 84 26 lämplig
224 701 54 13 man.

467 747 9 21 S
493 746 33 18 54.

190 791 152 24 Befälhafvare,
362 797 43 13 som
428 791 63 19 under
510 796 47 14 resa
575 793 49 17 utan
641 790 40 20 nöd
697 790 127 27 öfvergifver
839 792 32 18 sin

122 826 62 25 tjenst
200 826 38 18 och
256 826 34 18 det
306 826 68 25 fartyg
396 826 39 18 han
457 825 60 24 förer,
537 824 54 20 skall
617 825 94 19 dömmas
734 825 30 19 till
788 825 83 19 tukthus

123 859 43 19 frän
184 860 38 19 och
239 860 46 18 med
306 859 34 19 tvä
359 859 31 19 till
406 859 39 19 och
462 858 47 20 med
526 859 46 25 fyra
587 858 28 20 &r.
646 859 88 19 Lemnar
750 860 40 18 han
807 860 64 25 farty-

122 896 35 23 get
178 893 64 19 under
266 893 90 19 hotande
380 893 51 24 fara,
450 893 64 18 innan
537 893 39 18 han
597 893 30 18 sin
648 892 52 27 pligt
720 893 5 18 i
746 893 99 19 afseende
861 893 11 19 å

123 927 104 26 räddning
250 927 39 19 och
314 927 102 25 bergning
439 926 67 19 säsom
531 926 40 26 god
595 927 80 24 sjöman
692 926 100 27 fuligjort,
808 927 64 19 varde

123 961 84 19 straffad
225 961 46 19 med
289 961 58 19 böter
363 960 44 19 från
425 960 38 19 och
481 960 46 19 med
545 960 111 19 etthundra
668 960 30 19 till
709 961 39 18 och
763 961 46 19 med
820 960 51 20 ätta-

123 995 80 20 hundra
224 995 58 19 mark
303 995 50 19 eller
374 994 46 20 med
440 994 95 27 fängelse
555 994 44 19 från
618 994 39 20 och
678 994 45 19 med
744 1001 24 13 en
785 995 31 18 till
833 995 38 19 och

123 1030 46 19 med
186 1029 86 20 aderton
291 1029 105 20 månader.

467 1082 10 21 S
495 1081 32 18 55.

191 1126 87 25 Upphör
294 1125 153 20 befälhafvares
463 1126 142 25 tjenstgöring
621 1125 31 20 för
668 1125 68 26 nägon
753 1125 68 26 orsak,
839 1133 33 12 va-

124 1167 20 12 re
160 1160 40 19 han
217 1160 52 19 eller
286 1160 50 19 hans
357 1159 188 20 rättsinnehafvare
567 1159 116 26 berättigad
700 1159 29 20 till
747 1160 51 19 hans
814 1160 57 19 inne-

123 1193 86 19 stäende
224 1193 32 19 lön
274 1193 37 19 och
329 1193 67 26 öfriga
417 1193 105 19 förmäner
541 1193 31 19 för
589 1193 39 19 den
646 1193 29 19 tid
692 1193 40 19 han
750 1193 77 20 befälet
843 1196 28 16 ut-

123 1227 57 20 öfvat
195 1227 39 19 och
250 1227 101 19 innehaft.
384 1227 77 20 Dervid
477 1227 53 20 skall
549 1227 90 26 kaplake
655 1227 53 20 eller
724 1227 41 26 lön,
781 1233 44 14 som
843 1228 30 19 för

124 1268 46 13 resa
191 1261 67 19 blifvit
279 1261 99 26 bestämd,
400 1261 103 20 beräknas
525 1262 52 19 efter
597 1262 38 19 den
655 1261 164 26 tillryggalagda
839 1265 34 16 vä-

124 1301 51 20 gens
192 1295 50 19 eller
257 1301 71 13 resans
346 1295 62 26 längd
422 1296 5 18 i
440 1296 130 19 förhällande
587 1295 29 20 till
634 1295 40 20 den
690 1295 133 20 äterstäende
839 1296 34 19 de-

125 1329 32 20 len
174 1329 64 20 deraf.

192 1363 78 19 Blifver
290 1363 39 19 han
349 1363 45 19 frän
412 1363 90 26 tjensten
520 1363 61 26 skild,
598 1366 47 17 utan
662 1366 30 17 att
707 1363 62 20 hafva
784 1363 45 20 deri
845 1363 28 20 fe-

124 1397 34 26 lat,
176 1397 50 19 eller
242 1397 40 19 kan
299 1397 39 19 han
354 1397 48 19 icke
424 1397 46 20 med
491 1397 40 20 den
554 1398 86 19 fortfara
660 1397 31 20 för
708 1397 52 26 krig,
776 1398 99 25 sjöskada

124 1431 51 20 eller
194 1437 69 13 annan
284 1431 62 19 timad
368 1431 83 26 olycka,
471 1432 53 19 eller
544 1432 31 19 för
591 1431 103 26 sjukdom,
711 1437 44 13 som
772 1431 39 20 han
829 1431 49 26 sjelf

125 1466 18 24 ej
160 1465 70 25 vållat,
248 1471 48 13 vare
316 1465 104 20 dessutom
442 1465 117 26 berättigad
580 1467 35 24 att,
631 1465 27 25 pä
674 1465 101 20 rederiets
793 1465 82 20 bekost-
