1070 1786
804 144 35 17 459

192 205 38 26 Då,
253 205 68 20 såsom
347 205 64 20 redan
432 205 69 20 blifvit
519 205 93 26 nämndt,
633 205 79 26 jemväl
735 206 6 19 i
762 205 111 22 utskottets

125 240 63 20 tanke
204 239 139 26 likställighet
361 240 6 19 i
384 239 135 20 kommunala
535 239 123 26 rättigheter
671 240 42 19 och
730 240 141 26 förpligtelser

125 277 24 17 är
164 274 40 20 den
221 273 134 26 nödvändiga
370 273 175 26 förutsättningen
563 273 31 20 för
610 280 24 13 en
652 273 82 27 verklig
752 274 119 20 kommunal

125 308 145 26 sjelfstyrelse,
286 307 41 20 kan
339 307 158 20 bibehällandet
507 307 23 19 af
539 307 39 19 den
591 307 224 27 undantagsställning,
827 314 44 14 som

126 343 5 18 i
151 342 45 20 stöd
220 342 23 19 af
260 342 122 26 privilegier
402 341 47 20 med
469 341 178 27 grundlagshelgd
669 341 128 20 tillkommer
817 340 61 22 vissa

127 376 136 20 medlemmar
281 376 23 20 af
319 376 194 25 stadskommunen,
529 375 48 20 icke
593 377 64 17 annat
672 378 26 17 än
714 382 63 20 synas
793 376 78 20 utskot-

126 412 29 18 tet
170 410 69 20 säsom
255 417 25 13 en
298 409 107 27 betänklig
422 409 51 20 brist
487 410 6 18 i
510 410 57 19 detta
583 409 82 27 förslag.
696 410 41 19 Det
752 410 68 20 skulle
836 417 35 13 en-

125 444 39 26 ligt
179 444 112 20 utskottets
306 444 54 26 äsigt
375 444 54 19 varit
444 443 94 27 önskligt
553 445 36 24 att,
601 443 27 20 dä
638 450 26 13 en
676 444 59 26 fräga
746 444 22 20 af
777 444 22 20 sä
810 445 61 19 fram-

125 478 87 20 stående
228 478 45 26 vigt
288 484 43 14 som
347 478 109 19 städernes
471 478 251 26 kommunalförvaltning
738 485 24 13 en
775 478 56 26 gång
842 479 29 19 öf-

127 512 117 20 verlemnas
262 512 31 20 till
308 512 128 20 Ständernas
452 512 137 26 behandling,
605 514 29 18 ett
644 512 104 26 helgjutet
758 512 58 27 verk,
828 520 43 13 som

126 546 67 20 skulle
209 546 45 21 haft
269 546 86 21 bestånd
373 546 31 20 för
420 552 25 14 en
461 546 74 27 längre
551 546 89 26 framtid,
657 546 80 21 kunnat
752 547 119 20 &stadkom-

127 587 49 13 mas.
207 581 35 19 Ett
262 581 147 26 upphäfvande
428 581 22 19 af
467 581 62 19 dessa
552 581 236 26 privilegiistadganden
805 581 67 20 skulle

127 616 6 19 i
152 615 111 20 utskottets
282 614 63 20 tanke
364 614 48 20 icke
431 615 53 19 varit
504 614 97 20 färenadt
621 615 46 19 med
688 615 66 27 nägra
772 616 100 26 ovanliga

127 649 136 26 svärigheter,
275 651 47 17 utan
333 649 55 19 hade
399 648 80 20 kunnat
489 648 157 20 ästadkommas
658 649 26 26 pä
696 649 87 20 alldeles
792 656 80 14 samma

127 685 45 23 sätt,
184 690 44 13 som
241 683 40 20 den
293 690 25 12 nu
335 684 28 18 uti
380 690 25 12 en
422 683 89 19 särskild
528 683 64 26 nädig
607 684 129 25 proposition
754 684 119 26 föreslagna

126 717 117 27 ändringen
263 717 23 20 af
303 717 10 19 3
332 719 10 22 $
362 717 29 19 uti
407 717 72 26 kongl.
495 717 108 19 försäkran
620 717 30 20 för
667 717 151 27 borgerskapet
833 718 39 20 och

127 751 97 20 städerne
244 751 23 21 af
284 752 39 19 den
343 751 26 20 23
388 751 101 20 Februari
508 752 59 19 1789.
597 752 121 20 Emellertid
735 752 39 20 och
791 752 26 20 dä
833 753 38 19 ini-

127 786 82 19 tiativet
228 786 6 19 i
254 785 185 27 grundlagsfrägor
457 788 23 17 är
499 785 66 20 Hans
585 785 149 27 Kejserliga
753 787 120 25 Majestät

127 820 132 25 förbehållet,
276 820 37 20 har
328 820 102 19 utskottet
445 822 68 17 ansett
525 820 35 19 det
571 820 47 19 med
630 820 31 20 sin
673 820 83 26 uppgift
765 820 107 20 öfverens-

127 854 131 20 stämmande
277 857 30 17 att
324 854 29 20 uti
372 854 122 20 skrifvelser
512 854 23 20 af
552 854 40 20 den
612 854 27 20 22
658 854 96 20 sistlidne
772 854 101 20 Februari

127 888 31 19 till
174 888 119 26 Höglofliga
306 888 154 25 Ridderskapet
471 888 39 19 och
523 888 68 19 Adeln
603 890 54 17 samt
667 888 136 26 Högvördiga
813 889 59 19 Pres-

127 922 104 19 teständet
246 922 115 19 framställa
376 928 26 13 en
419 921 96 20 vördsam
532 921 112 26 förfrägan,
661 922 102 20 huruvida
778 922 47 20 icke
838 922 35 20 be-

127 955 70 20 mälda
217 956 59 19 ständ
294 956 62 19 funne
372 955 46 20 skäl
434 955 131 20 förekomma
581 957 29 18 att
625 955 31 20 till
672 956 68 19 Hans
755 957 118 25 Majestät

127 989 129 27 Kejsaren
273 990 45 20 och
334 990 159 20 Storfursten
509 990 51 26 ingä
577 990 44 19 med
634 990 144 27 underdäniga
789 991 83 26 petitio-

127 1031 37 13 ner
183 1024 79 24 derom,
283 1024 35 20 det
335 1024 81 19 täcktes
435 1023 68 20 Hans
523 1024 155 27 Kejserliga
696 1025 127 26 Majestät,
839 1031 33 13 om

127 1059 82 26 möjligt
225 1058 63 20 redan
305 1058 31 20 för
353 1065 26 12 nu
396 1058 126 20 församlade
538 1058 96 25 Ständer,
650 1059 109 26 förelägga
771 1065 25 13 en
809 1059 64 25 nädig

127 1093 128 26 proposition
272 1099 33 13 om
321 1092 148 26 upphäfvande
485 1092 23 20 af
522 1093 25 19 de
564 1093 225 26 undantagsförmoner
802 1093 7 19 i
820 1093 53 25 stad,

126 1133 43 13 som
189 1133 77 19 genom
288 1127 24 19 12
331 1126 94 27 punkten
444 1127 7 18 i
466 1126 156 26 Ridderskapet
637 1127 39 19 och
692 1126 80 21 Adelns
788 1127 85 26 privile-

127 1161 45 26 gier
187 1161 23 19 af
227 1161 40 19 den
290 1161 23 19 16
329 1160 95 20 Oktober
442 1161 49 19 1721
511 1163 54 17 samt
581 1161 18 25 7,
618 1161 23 19 10
658 1161 38 20 och
716 1162 23 19 12
755 1161 118 26 punkterne

126 1195 7 19 i
148 1194 169 26 Presterskapets
336 1194 122 26 privilegier
479 1194 23 20 af
519 1201 79 13 samma
614 1194 40 27 dag
670 1195 68 20 blifvit
754 1195 120 20 ännämnde

127 1228 60 21 ständ
207 1228 161 26 tillförsäkrade,
388 1235 33 14 om
443 1229 86 20 hvilken
549 1229 72 26 ätgärd
644 1229 112 27 Vällofliga
771 1230 102 26 Borgare-

127 1263 83 20 ständet
225 1263 39 20 och
279 1263 136 20 Hedervärda
426 1263 158 20 Bondeständet
596 1263 65 20 under
672 1270 80 13 samma
763 1264 42 26 dag
816 1264 57 19 med-

127 1297 67 20 delats
213 1297 157 20 underrättelse.
401 1297 41 20 Till
461 1303 49 14 svar
529 1297 12 20 &
561 1297 69 20 denna
649 1297 106 27 förfrågan
772 1298 36 19 har
824 1298 49 19 Rid-

127 1331 114 26 derskapet
263 1331 39 20 och
320 1331 77 25 Adeln,
417 1331 28 20 uti
465 1331 193 27 protokollsutdrag
677 1332 31 19 för
726 1332 39 19 den
787 1333 12 18 6
819 1334 56 17 näst-

129 1365 63 20 vikne
212 1365 66 26 April,
298 1365 111 26 meddelat,
430 1367 30 18 att
479 1365 36 20 det
535 1365 121 27 Höglotliga
670 1366 84 20 ståndet
769 1366 84 19 stadnat
869 1367 5 18 i

127 1399 35 20 det
177 1399 67 20 beslut
260 1401 36 24 att,
311 1402 50 17 enär
377 1399 101 20 utskottet
493 1399 76 20 saknat
585 1400 126 26 befogenhet
725 1402 31 17 att
766 1400 109 19 inkomma

127 1433 46 20 med
190 1433 91 20 nämnda
297 1433 184 27 petitionsförslag,
497 1433 48 20 icke
561 1433 50 27 ingä
626 1434 6 19 i
650 1433 98 27 pröfning
762 1434 24 19 af
795 1433 79 20 utskot-

127 1470 39 17 teis
188 1467 160 26 framställning,
368 1467 108 20 hvaremot
495 1467 163 26 Presteständet,
678 1468 29 19 uti
726 1467 149 27 protokollsut-
