1070 1786
242 137 34 18 516

544 201 15 22 6
574 201 113 28 Kapitlet.

450 259 32 20 Om
497 258 153 27 underställning
666 258 35 21 och
717 259 74 20 besvär.

584 321 15 27 $
613 322 35 19 73.

345 360 215 28 Stadsfullmäktiges
586 360 110 27 äfvensom
718 360 187 22 rädhusstämmas
927 360 32 22 be-

273 395 44 21 slut
335 394 69 26 skola,
423 394 42 27 för
481 397 32 18 att
528 395 65 20 vinna
609 394 103 28 gällande
726 394 68 28 kraft,
810 395 148 21 underställas

275 429 104 21 Senatens
402 428 117 22 Ekonomie
541 428 165 28 Departements
724 428 110 29 pröfning
849 429 37 21 och
897 429 60 27 fast-

272 464 103 25 ställelse,
392 464 28 20 då
436 463 94 21 besluten
545 464 71 27 angå:

344 498 24 27 a)
383 497 148 28 försäljning,
551 497 207 28 pantförskrifning
777 498 54 20 eller
848 498 70 28 utbyte
934 498 29 27 af

272 532 70 20 sådan
362 532 78 21 staden
457 532 97 27 tillhörig
566 531 116 29 fastighet,
697 538 45 14 som
756 539 76 20 genom
846 532 69 28 gåfva
930 533 27 20 el-

273 567 32 20 ler
320 569 124 18 testamente
464 567 125 20 densamma
605 566 97 27 tillfallit
717 566 38 21 och
765 566 42 27 för
821 567 53 20 visst
889 567 68 20 ända-

272 601 50 25 mål,
338 608 46 14 som
399 600 62 27 afser
475 601 87 20 stadens
577 608 156 20 gemensamma
748 603 69 25 nytta,
834 600 73 27 blifvit
918 608 38 14 an-

272 634 82 28 slagen,
368 634 109 28 äfvensom
492 634 208 27 öfverenskommelse
712 634 51 21 eller
769 634 132 28 förlikning,
913 641 44 14 ver-

272 668 69 21 kande
364 669 35 20 till
421 669 96 27 ändring
541 669 52 21 eller
615 668 160 28 inskränkning
797 669 34 20 uti
849 668 41 21 den
905 671 51 23 rätt,

272 702 128 22 kommunen
415 703 35 21 till
465 703 71 21 sådan
546 702 110 28 fastighet
671 710 61 20 eger;
746 702 23 27 b)
782 703 138 27 upptagande
931 703 30 27 af

273 737 37 20 lån
326 737 69 21 stäldt
407 738 33 26 på
456 738 75 26 längre
551 737 205 27 återbetalningstid
770 739 29 18 än
816 738 34 20 två
866 738 38 24 år;
918 738 39 20 och

272 772 20 26 c)
303 771 90 28 förslag
414 772 36 20 till
472 778 42 21 nya
534 772 52 20 eller
597 771 109 28 förhöjda
722 771 95 27 afgifter
832 772 13 20 ä
861 772 40 20 den
916 772 41 20 all-

272 808 81 18 männa
369 806 102 26 rörelsen,
487 806 70 20 såsom
573 808 56 26 väg-,
646 806 54 25 bro-,
716 805 74 21 hamn-
806 806 39 20 och
855 806 102 28 färjpen-

272 840 82 27 ningar
368 847 27 14 m.
411 847 27 13 m.

583 892 16 26 $
613 893 35 20 74.

343 931 77 20 Beslut
443 931 52 20 eller
512 931 98 27 förslag,
630 931 80 21 hvilket
726 930 37 21 bör
779 931 105 21 Senatens
898 932 58 21 Eko-

272 965 70 21 nomie
360 964 165 28 Departements
544 965 110 27 pröfning
674 965 155 25 underställas,
845 965 62 26 skall,
924 967 32 19 åt-

268 999 73 28 följdt
356 999 30 27 af
396 999 156 28 Magistratens
567 999 101 28 yttrande
683 999 9 20 i
706 1001 78 24 ämnet,
800 1000 106 21 insändas
921 1001 35 20 till

273 1033 146 25 Guvernören,
436 1039 45 14 som
495 1033 43 20 har
553 1035 33 18 att
601 1026 167 35 handlingarne,
780 1034 68 26 jemte
864 1037 44 25 eget
922 1037 32 18 ut-

272 1067 94 26 lätande,
384 1067 35 20 till
435 1067 91 21 nämnde
541 1067 154 28 Departement
710 1067 138 28 öfverlemna.

579 1125 14 26 $
608 1125 35 20 75.

343 1164 150 21 Guvernörens
512 1164 110 27 pröfning
644 1165 148 20 underställas
815 1165 73 26 beslut,
911 1173 44 14 som

272 1198 46 28 afse
333 1199 24 27 a)
373 1198 113 21 allmänna
502 1198 136 27 föreskrifter
654 1198 36 20 till
705 1198 150 28 befrämjande
871 1200 30 26 af
910 1201 46 20 sed-

272 1232 73 29 lighet,
360 1232 115 21 helsovärd
489 1235 56 18 samt
561 1232 93 28 ordning
669 1232 38 21 och
722 1232 100 21 säkerhet
832 1234 57 21 inom
899 1234 57 21 kom-

270 1274 92 18 munen;
384 1269 56 18 samt
456 1267 22 26 D)
490 1267 141 27 päläygande
654 1266 30 27 af
696 1267 52 20 eller
765 1267 137 29 förändring
923 1270 34 20 uti

271 1301 94 28 afgifter
381 1300 42 28 för
444 1300 105 22 särskildt
571 1300 68 28 behof
658 1303 33 19 att
710 1301 52 27 utgå
777 1301 69 21 under
855 1303 57 26 flere
927 1305 29 19 än

265 1335 48 28 fem
328 1336 32 20 är.

581 1387 15 26 $
610 1387 35 20 76.

341 1426 82 24 Beslut,
436 1432 45 14 som
493 1425 37 21 bör
547 1425 151 22 Guvernörens
709 1426 110 27 pröfning
833 1427 123 23 understäl-

271 1461 38 25 las,
329 1459 108 22 insändas
456 1466 75 21 genom
550 1459 147 28 Magistraten
713 1461 67 26 jemte
799 1461 47 20 dess
861 1461 9 20 i
885 1464 71 20 ämnet
