1070 1786
202 152 35 19 404

169 214 79 21 seende
260 213 13 21 å
283 213 101 28 beloppet
398 213 23 21 af
434 213 36 20 det
485 213 31 20 till
532 213 80 20 förmån
629 213 31 20 för
677 213 243 27 pensionsinrättningen

169 248 122 27 föreslagna
306 248 148 26 statsanslaget
469 247 40 20 kan
527 247 64 20 varda
606 247 6 20 i
627 247 71 20 Nåder
714 247 93 20 bifallen.

238 282 36 20 Uti
290 282 36 20 det
341 281 77 27 förslag
433 281 31 20 till
480 281 123 26 förordning
619 288 32 13 om
667 281 165 27 sjömanshusen,
844 287 43 14 som
899 281 23 19 af

168 316 42 20 den
226 316 32 20 för
274 316 121 20 ändamålet
409 315 86 20 tillsatta
509 314 80 20 komité
606 315 68 20 blifvit
690 315 125 26 utarbetadt,
827 318 23 16 är
861 315 57 20 detta

168 349 75 27 anslag
263 349 118 20 beräknadt
401 349 31 20 till
452 348 75 27 40,000
549 348 58 20 mark
627 349 32 19 för
676 349 52 26 året,
744 349 39 20 och
799 349 72 20 skälen
888 349 31 19 för

169 390 26 14 en
214 383 66 20 sådan
297 383 118 27 beräkning
431 382 67 20 finnas
513 382 88 27 angifna
616 382 28 20 uti
662 383 116 20 motiverna
793 383 30 19 till
839 389 80 13 samma

168 417 87 27 förslag.
278 417 69 20 Sedan
364 417 39 20 den
420 417 31 19 till
466 416 144 26 sjöväsendets
626 416 143 26 befrämjande
780 416 29 20 uti
822 416 52 20 1667
885 416 33 20 års

168 451 68 27 sjölag
252 450 108 27 medgifna
375 450 96 27 friföring
487 450 51 20 efter
556 451 52 19 1747
623 450 33 20 års
667 450 85 27 riksdag
765 450 67 20 blifvit
841 456 76 20 genom

168 484 233 27 kofferdireglementet
411 484 22 20 af
442 484 41 20 den
495 485 25 19 30
531 484 56 20 Mars
599 485 53 19 1748
664 484 88 20 sålunda
760 484 120 26 förändrad,
889 485 29 19 att

168 518 145 21 befälhafvare
336 518 39 20 och
398 519 87 25 sjömän,
500 518 6 20 i
523 518 69 20 stället
614 518 32 20 för
665 518 41 20 den
727 518 47 20 med
793 518 123 26 friföringen

168 552 102 21 förenade
285 552 109 26 tullfrihet,
408 552 69 21 skulle
492 552 45 20 från
553 552 89 20 influtna
657 552 107 21 tullmedel
780 552 53 20 efter
844 552 73 26 hvarje

167 593 49 13 resa
230 587 22 19 få
268 587 94 25 uppbära
377 588 30 18 ett
422 587 57 25 visst,
495 586 22 20 af
530 593 72 13 resans
618 587 63 25 längd
693 587 39 19 och
744 586 67 26 öfriga
826 589 90 17 omstän-

168 620 98 26 digheter
282 620 105 20 beroende
403 620 192 26 penningebelopp,
607 620 45 20 blef
666 620 69 20 denna
751 620 80 20 förmån
847 620 68 20 indra-

167 660 42 21 gen
225 660 77 20 genom
317 654 83 26 Nådiga
416 654 140 26 kungörelsen
572 654 24 20 af
609 654 40 20 den
668 654 24 19 14
707 654 42 19 Juli
766 654 60 20 1842.
851 654 65 20 Dessa

168 688 178 26 friföringsmedel
362 688 107 26 uppgingo
485 688 66 20 under
566 688 45 20 året
628 688 60 25 1841,
704 688 27 19 då
746 688 26 20 de
778 689 80 27 senast
869 687 47 20 blif-

167 722 31 20 vit
220 722 108 20 utbetalda
350 722 40 20 och
410 722 26 20 då
454 722 82 20 landets
552 722 73 26 sjöfart
640 722 83 20 relativt
739 722 30 19 till
786 722 129 20 närvarande

167 755 147 21 förhållanden
334 758 57 18 ännu
406 762 36 14 var
457 756 116 26 obetydlig,
589 756 31 20 till
636 758 30 18 ett
681 755 186 21 sammanräknadt
882 756 34 20 be-

166 790 51 26 lopp
238 790 23 20 af
279 790 61 26 9,125
361 790 59 20 rubel
436 791 25 19 47
478 790 77 26 kopek.
586 790 34 20 Uti
637 790 40 20 den
693 790 83 26 Nådiga
791 790 124 26 propositio-

167 830 41 14 nen
225 825 20 23 ($
261 824 38 24 26)
314 826 23 17 är
352 824 92 20 nämnda
459 824 126 26 statsanslag
600 824 104 20 bestämdt
719 824 31 20 till
763 824 74 25 10,000
849 824 66 26 mark,

167 864 49 13 men
236 857 71 20 denna
326 864 80 14 summa
422 860 108 24 motväger
545 858 27 26 på
587 858 53 20 intet
655 860 41 18 sätt
711 858 40 20 den
767 858 88 26 förmån,
871 864 43 14 som

167 890 101 27 sjöfolket
287 891 95 26 förlorat;
402 892 38 19 och
462 892 26 19 då
504 892 69 19 dertill
590 892 94 20 kommer
700 894 30 18 att
746 892 121 20 densamma
881 899 33 20 sy-

168 931 38 13 nes
226 931 51 13 vara
295 925 69 20 alltför
380 925 128 26 otillräcklig
523 925 32 20 för
570 926 36 20 sitt
620 926 88 20 afsedda
723 925 104 26 ändamål,
843 926 71 20 äfven-

167 964 45 14 som
228 960 30 17 att
274 957 39 21 den
329 958 104 21 särskilda
448 959 126 27 uppoffring,
590 966 44 14 som
650 960 90 20 redarne
755 966 76 19 genom
846 960 68 20 förbe-

167 991 63 21 rörda
246 992 102 27 lästafgift
364 992 84 21 komme
463 995 30 18 att
508 993 117 20 vidkännas
640 994 31 20 för
682 994 30 20 ett
722 993 87 20 allmänt
819 994 96 26 intresse,

168 1025 132 28 nödvändigt
314 1026 74 26 tyckes
404 1027 109 20 förutsätta
528 1029 30 18 att
571 1027 79 26 jemväl
666 1027 110 20 samhället
791 1028 6 19 i
813 1027 48 20 dess
872 1028 42 19 hel-

167 1059 37 20 het
219 1059 36 20 vill
271 1066 76 20 genom
364 1060 107 20 allmänna
486 1061 121 20 statsmedel
622 1061 27 26 på
665 1063 29 18 ett
705 1061 112 26 kraftigare
828 1063 41 18 sätt
880 1061 34 20 be-

167 1093 75 26 främja
264 1093 73 26 saken,
360 1100 50 14 anse
433 1094 117 21 Ständerna
569 1095 32 26 sig
621 1095 51 20 böra
692 1095 64 20 uttala
771 1095 38 20 den
827 1095 88 26 önskan,

166 1129 31 18 att
216 1127 36 20 det
266 1127 121 27 föreslagna
402 1129 147 26 statsanslaget
564 1117 64 42 mätää
643 1129 59 26 höjas
718 1129 31 20 till
764 1129 76 26 40,000
857 1129 57 20 mark

167 1161 39 20 och
230 1161 122 20 oafkortadt
374 1161 80 27 ärligen
478 1163 50 26 utgä
549 1163 46 20 med
616 1163 58 20 detta
690 1163 83 26 belopp,
789 1163 126 20 ätminstone

166 1194 104 20 intilldess
286 1194 41 20 den
343 1195 106 20 tilltänkta
464 1196 204 25 pensionsanstalten
685 1196 87 20 kommit
782 1197 7 19 i
800 1196 60 21 stånd
877 1198 38 19 och

165 1228 71 21 blifvit
250 1228 108 27 varaktigt
373 1228 124 28 betryggad.

235 1262 11 20 I
261 1262 220 21 öfverensstämmelse
496 1263 47 20 med
560 1263 54 21 hvad
626 1264 62 20 ofvan
701 1265 86 25 anförts,
797 1265 63 20 hafva
869 1265 44 20 der-

164 1297 46 20 före
234 1295 124 27 Ständerna,
373 1297 7 19 i
396 1297 99 20 afseende
511 1297 12 20 &
539 1297 122 21 förberörde
680 1298 132 27 lästafgifter,
831 1299 33 20 för
881 1299 32 20 sin

164 1330 35 21 del
211 1330 84 20 förenat
309 1330 32 27 sig
356 1330 72 21 derom

232 1365 33 19 att
286 1363 84 21 landets
390 1363 155 28 skeppsredare
555 1364 121 27 förbindas
692 1367 33 19 att
740 1365 36 21 till
791 1372 24 15 en
831 1367 82 21 allmän

228 1397 189 27 pensionsanstalt
435 1397 42 27 för
494 1397 92 29 fartygs
606 1398 152 27 befälhafvare
777 1399 37 21 och
831 1401 84 26 sjömän

232 1431 90 27 erlägga
338 1437 25 14 en
378 1431 59 28 årlig
453 1431 68 28 afgift
536 1432 31 27 af
579 1433 61 27 tjugu
652 1433 70 27 penni
732 1433 42 27 för
788 1433 73 29 hvarje
872 1435 42 21 läst

231 1464 31 28 af
273 1464 89 28 fartyg,
384 1472 46 14 som
453 1467 38 20 äro
507 1466 8 21 i
530 1467 171 27 magistraterna
718 1467 42 27 för
781 1467 82 28 sjöfart
881 1469 35 21 in-
