1070 1786
184 169 5 6 +
218 158 23 18 68

190 223 119 25 positionen
325 222 92 20 förehaft
432 229 26 12 en
475 222 22 19 af
509 222 213 26 Landtdagsmännen
738 223 55 19 Sassi
809 223 39 19 och
865 223 75 19 Perän-

190 257 28 20 tie
241 257 6 19 &
262 257 106 19 Kuusamo
385 256 37 19 och
440 256 119 19 Kemiträsk
577 256 142 20 sockneboers
735 259 79 24 vägnar
825 257 30 18 till
867 257 73 19 heder-

187 291 65 19 värda
267 290 159 20 Bondeständet
441 290 106 19 inlemnad
564 291 38 19 och
619 290 23 19 af
656 291 65 25 sagde
733 291 63 19 Ständ
813 290 30 19 till
855 290 84 20 Utskot-

187 327 30 17 tet
232 324 120 20 remitterad
372 324 95 26 petition,
483 324 28 19 uti
529 324 86 19 hvilken
633 324 170 26 petitionärerne,
820 324 65 19 under
899 324 41 19 för-

188 358 68 20 mälan
274 360 31 18 att
320 358 157 26 forststyrelsen
497 357 44 20 frän
563 358 113 25 Kuusamo,
692 358 121 20 Kemiträsk
829 358 39 20 och
884 358 56 19 Kuo-

187 392 75 26 lajärvi
278 392 102 20 socknars
395 392 105 20 oskiftade
515 392 78 26 skogar
605 392 31 20 för
647 392 138 20 statsverkets
802 392 89 26 räkning
907 398 31 13 se-

188 427 40 19 dan
245 426 23 20 är
292 426 52 20 1860
368 426 72 20 försält
463 429 56 17 stora
541 427 78 26 partier
642 426 98 27 säpstock
763 427 38 19 och
825 426 115 26 tjäruskog,

188 461 54 25 yrka
258 461 18 25 ej
294 460 81 20 mindre
392 463 29 17 att
436 461 64 24 sagde
517 460 124 21 kommuner
658 461 40 25 mä,
715 460 27 26 pä
757 461 66 25 grund
835 460 23 20 af
867 460 72 20 ofvan-

188 494 139 20 omförmälda
357 494 186 25 knektekontrakt,
571 494 148 26 tillgodonjuta
746 495 46 19 sina
817 495 123 26 rättigheter

190 528 46 20 med
253 528 101 20 afseende
370 528 12 19 &
398 528 114 26 skogarnes
529 528 38 20 och
584 529 98 19 markens
700 529 145 26 begagnande,
858 524 24 28 än
887 529 52 25 ock

190 565 30 17 att
236 562 157 27 forststyrelsen
418 562 70 20 blefve
508 562 110 27 förbjuden
640 565 29 17 att
685 562 87 27 vidtaga
788 562 65 27 några
868 563 72 19 vidare

190 597 96 19 deremot
309 596 108 20 stridande
441 596 145 26 förfoganden,
609 596 109 20 äfvensom
735 599 30 17 att
780 596 59 26 Höga
857 596 81 20 Kronan

190 630 70 24 måtte,
277 637 33 13 om
327 630 88 26 möjligt.
432 630 95 19 förbinda
543 631 32 25 sig
591 632 29 18 att
643 630 32 24 till
698 630 93 26 änsagd&
814 630 125 20 kommuner

190 664 98 20 äterbära
300 665 24 19 de
338 664 76 25 medel,
424 670 43 14 som
480 664 107 26 uppburits
599 664 31 20 för
641 664 91 20 berörda
742 664 198 26 skogsafverkning.

258 766 72 20 Redan
347 766 23 20 af
383 766 90 26 Konung
491 765 68 21 Johan
579 766 30 19 III
632 766 81 20 erhöllo
736 767 81 25 Kajana
841 766 44 20 läns
908 767 30 19 in-

190 800 78 20 vänare
292 800 97 20 befrielse
414 800 43 19 från
483 800 131 20 underhållet
629 801 23 19 af
665 800 104 26 krigsfolk
792 803 57 17 emot
871 800 69 20 vilkor

189 836 30 18 att
235 835 34 19 vid
286 834 95 26 fientliga
396 834 58 20 infall
471 834 71 26 hvarje
558 835 102 25 vapenför
677 841 46 13 man
742 835 63 19 borde
821 834 26 26 gä
863 835 6 19 i
886 835 52 25 krig.

189 868 168 26 Befolkningens
380 868 127 26 sjelfförsvar
522 869 6 19 i
544 868 137 26 gränslandet
696 869 104 19 ordnades
820 869 120 19 sedermera

190 903 133 26 fullständigt
338 902 24 19 af
375 902 53 19 Pehr
449 902 74 24 Brahe,
541 902 84 19 hvilken
650 903 51 19 1650
724 903 45 19 blef
789 902 97 20 Friherre
910 903 30 19 till

191 937 88 26 Kajana.
310 933 69 22 Äfven
396 936 50 19 Karl
462 936 29 19 XI
507 936 110 19 frikallade
633 943 76 20 genom
734 939 29 17 ett
788 937 51 18 1686
863 937 76 19 stadfä-

189 971 55 20 stadt
260 971 102 19 kontrakt
376 970 141 26 gränsboerne
534 970 43 20 frän
595 971 40 19 den
652 971 5 19 i
675 971 47 19 hela
739 970 52 19 riket
809 970 82 19 införda
908 977 31 12 ro-

190 1005 97 26 teringen
305 1005 51 19 eller
372 1004 201 26 indelningsverket,
590 1011 44 13 som
651 1005 54 20 dock
722 1005 120 19 sedermera
853 1005 22 18 är
888 1005 52 19 1788

191 1038 95 21 infördes
302 1039 5 19 i
324 1039 82 25 Kajana
421 1039 33 18 län
471 1039 38 19 och
523 1039 78 28 jemväl
622 1039 67 20 skulle
706 1039 116 19 utsträekas
839 1039 31 19 till
887 1039 53 18 Kuu-

190 1079 59 14 samo
266 1073 39 20 och
321 1073 120 19 Kemiträsk
457 1073 96 20 socknar.
584 1073 52 20 Kort
654 1073 135 20 derförinnan
813 1073 53 20 hade
889 1075 50 18 stor-

190 1107 93 20 skiftena
306 1107 90 26 vidtagit
410 1107 6 19 i
432 1103 133 24 Österbotten
589 1107 40 20 och
652 1107 30 20 till
702 1114 26 13 en
746 1107 71 26 början
834 1107 62 19 afsett
911 1102 28 25 att

191 1141 48 20 dela
255 1141 41 20 alla
311 1147 50 20 egor
376 1141 56 19 inom
448 1141 167 26 samfälligheten
632 1141 90 20 emellan
743 1141 132 25 hemmanen,
892 1144 47 17 utan

190 1177 30 17 att
236 1175 70 26 nägon
324 1175 40 19 viss
380 1175 91 25 egovidd
495 1175 31 19 för
549 1175 101 19 mantalet
673 1175 69 19 blifvit
762 1175 100 19 bestämd.
893 1175 46 19 Men

190 1209 64 19 redan
272 1208 76 27 Kongl.
364 1208 152 27 Förklaringen
540 1209 40 19 den
602 1209 26 19 25
648 1208 60 27 April
731 1209 50 19 1777
799 1208 82 20 införde
897 1209 43 19 häri

191 1250 25 12 en
234 1243 90 26 ändring
342 1243 39 19 och
402 1243 28 18 uti
451 1245 29 16 ett
500 1243 91 25 följande
612 1243 22 19 år
658 1243 72 19 aflätet
752 1243 140 20 cirkulärbref
910 1244 29 19 till

192 1277 211 26 Landshöfdingarne
419 1277 6 18 i
442 1277 87 19 Finland
550 1277 136 20 utvecklades
703 1277 94 19 Kronans
813 1279 41 18 rätt
871 1277 28 20 till
916 1278 24 19 fri

192 1311 125 25 disposition
334 1311 22 18 af
371 1311 39 18 den
428 1310 52 27 skog
496 1311 38 19 och
553 1311 90 25 utmark,
664 1317 44 14 som
728 1312 105 25 öfversteg
849 1311 91 20 hemma-

192 1351 53 13 nens
262 1344 69 19 behof.
363 1344 61 20 Säväl
441 1345 30 19 för
487 1347 30 17 att
533 1345 69 26 undgå
619 1345 114 26 utgifterna
749 1345 30 19 för
795 1345 145 20 soldatstedsel

192 1379 39 19 och
256 1379 118 25 soldatlega
397 1381 52 16 samt
474 1379 63 19 blifva
553 1379 6 19 i
575 1379 81 20 tillfälle
680 1382 30 17 att
733 1379 66 20 under
823 1379 118 20 dåvarande

192 1413 82 26 oroliga
297 1413 28 18 tid
349 1413 93 19 försvara
465 1413 35 18 sitt
522 1415 49 23 eget
589 1413 91 25 omräde,
697 1419 45 14 som
759 1413 38 20 ock
815 1414 31 19 för
861 1416 30 17 att
908 1414 32 19 be-

191 1447 49 19 frias
257 1447 45 19 från
319 1446 106 20 storskifte
445 1447 38 19 och
503 1447 159 26 skattläggning
678 1447 87 26 erbjödo
781 1448 32 25 sig
830 1447 110 25 Kuusamo,
959 1453 2 2 '

190 1481 122 19 Kemiträsk
328 1481 39 19 och
385 1481 118 25 Kuolajärvi
519 1481 128 20 socknemän
664 1482 22 19 är
705 1482 52 19 1789
773 1484 30 17 att
819 1484 56 17 emot
887 1483 54 19 vissa
