1070 1786
817 139 34 18 439

479 202 10 22 $
505 201 34 18 30.

202 239 52 26 Den,
274 246 44 13 som
338 240 68 19 blifvit
426 240 30 19 till
477 240 183 27 Stadsfullmäktig
680 241 54 25 vald,
755 241 38 20 kan
811 242 73 25 afsäga

134 273 32 26 sig
185 273 123 26 uppdraget,
326 273 87 20 säframt
431 274 40 19 han
492 274 53 20 efter
562 275 138 26 tjenstgöring
717 276 5 18 i
738 275 64 20 sädan
819 281 64 20 egen-

134 306 52 26 skap
202 308 66 18 under
283 308 26 19 de
324 310 30 17 tre
371 308 138 19 sistförflutna
525 308 49 19 åren
591 311 22 17 är
623 309 7 19 i
641 310 32 18 tur
684 311 30 17 att
725 309 90 19 derifrän
827 309 56 26 afgä,

135 340 51 20 eller
201 341 40 19 ock
258 341 87 26 uppnått
360 342 68 19 sextio
445 342 32 19 års
493 342 65 19 ålder.

202 375 53 19 Sker
273 376 102 26 afsägelse
395 376 26 26 på
440 376 91 20 nämnde
550 376 74 26 grund,
642 376 36 20 bör
694 379 46 24 nytt
756 377 33 19 val
805 377 77 19 anstäl-

135 409 35 19 las.
200 409 117 27 Uppgifves
332 410 69 20 såsom
417 410 45 19 stöd
480 410 31 19 för
527 410 117 26 afsägelsen
661 410 83 20 svårare
761 411 121 26 sjuklighet,

133 443 51 19 eller
204 444 66 25 civil-,
290 444 82 20 militär-
392 444 52 20 eller
459 444 136 20 ecklesiastik
612 445 201 26 tjenstebefattning,
830 445 52 19 eller

133 479 64 18 annat
218 478 54 25 skäl,
292 485 39 19 ege
350 478 165 20 rädhusstämma
535 478 36 20 det
590 479 98 20 anmälda
708 479 90 20 hindret"
809 478 74 27 pröfva

133 511 46 25 och,
200 512 36 19 der
256 512 34 20 det
309 514 93 24 antages,
422 512 127 26 fyllnadsval
567 513 95 19 anställa.
695 513 80 19 Varder
793 514 18 25 ej
828 513 53 19 afsä-

134 546 72 26 gelsen
226 546 107 27 godkänd,
352 546 100 27 uppgifve
470 547 168 20 rådhusstämma
656 547 73 20 skälen
747 547 30 20 till
793 546 89 27 afslaget

134 581 38 19 och
197 581 61 19 hafve
282 581 38 19 den
346 581 114 26 missnöjde
479 584 42 17 rätt
538 584 30 17 att
586 582 6 18 i
612 581 90 20 beslutet
721 581 52 20 söka
793 581 90 25 ändring

135 614 37 20 hos
188 614 144 20 Guvernören.

476 662 10 22 $
502 661 34 19 31.

202 700 194 27 Stadsfullmäktige
417 700 64 26 väljas
502 700 31 20 för
548 703 35 17 tre
603 701 28 19 är.
665 701 59 20 Dock
741 701 60 25 skall,
817 701 65 19 sedan

134 738 30 17 ett
178 735 23 19 år
217 735 79 19 förlidit
311 736 52 18 efter
379 735 35 19 det
429 735 26 19 de
470 735 52 19 först
538 736 61 19 valde
615 736 32 19 sin
660 736 116 26 befattning
788 736 95 23 tillträdt,

134 776 24 13 en
180 768 102 27 tredjedel
302 770 22 19 af
340 769 80 20 antalet
440 769 38 19 och
497 770 53 19 efter
567 770 124 26 ytterligare
707 772 29 18 ett
751 770 33 20 års
799 770 82 26 förlopp

133 803 103 20 likaledes
256 810 25 13 en
302 803 101 26 tredjedel
424 803 52 19 efter
497 803 91 26 lottning
607 804 55 26 afgå,
681 806 52 18 samt
752 806 45 24 nytt
813 804 33 19 val
861 804 24 19 af

134 837 132 27 fullmäktige
286 838 28 19 uti
333 838 26 19 de
379 837 114 27 afgåendes
514 838 61 19 ställe
595 838 31 19 för
646 838 91 26 följande
756 840 31 18 tre
803 838 22 19 år
841 838 42 19 för-

135 874 71 18 rättas.

202 906 43 19 Dör
264 905 116 27 fullmäktig
400 905 51 20 eller
466 905 60 26 afgår
541 906 41 20 han
598 912 76 21 genom
692 905 146 26 bortflyttning
854 905 29 20 el-

135 941 29 19 ler
180 941 23 19 af
216 947 69 13 annan
301 940 47 27 laga
364 939 68 26 orsak,
448 940 64 19 innan
529 940 56 20 tiden
602 940 32 19 för
650 940 51 19 hans
717 940 118 26 befattning
849 941 34 18 ute

135 978 29 21 är,
186 975 55 19 skall
264 974 126 27 fyllnadsval
413 974 112 25 anställas;
543 975 40 19 och
603 975 114 26 tjenstgöre
737 974 40 20 den
796 973 88 20 sålunda

135 1009 61 20 valde
212 1009 65 20 under
293 1009 39 19 den
349 1009 36 25 tid,
401 1015 44 13 som
461 1009 31 19 för
508 1009 40 19 den
565 1009 107 26 afgångne
687 1008 100 20 återstått.

480 1067 10 22 s
507 1066 33 19 32.

202 1106 195 27 Stadsfullmäktige
418 1106 54 25 välje
491 1106 81 27 årligen
589 1106 62 20 bland
668 1106 32 26 sig
715 1113 25 12 en
757 1105 126 20 ordförande

134 1141 38 20 och
192 1148 24 13 en
237 1141 45 20 vice
302 1141 130 19 ordförande.
466 1141 25 25 Ej
513 1147 50 13 vare
583 1141 67 26 någon
672 1140 117 26 berättigad
806 1142 31 17 att
851 1140 31 19 så-

135 1176 50 19 dant
200 1167 95 35 uppdrag
307 1176 31 25 sig
354 1175 78 26 afsäga,
448 1175 37 19 der
502 1175 39 19 han
558 1175 48 19 icke
622 1175 66 19 under
704 1175 25 19 de
745 1174 34 20 två
795 1174 87 19 nästför-

135 1210 105 27 utgångna
256 1210 49 19 åren
321 1216 79 12 samma
418 1209 117 26 befattning
551 1209 102 19 innehaft.

202 1244 38 20 Om
264 1244 33 19 val
321 1243 22 20 af
364 1243 126 20 ordförande
513 1243 39 20 och
576 1243 46 19 vice
641 1242 126 21 ordförande
787 1242 96 20 meddele

134 1278 132 27 fullmäktige
289 1278 137 19 Guvernören
450 1277 92 27 skriftlig
566 1277 152 20 underrättelse
741 1283 76 20 genom
840 1277 43 19 Ma-

133 1313 108 26 gistraten.

474 1359 10 22 $
501 1357 32 20 33.

202 1397 110 20 Ordinarie
335 1397 169 20 sammanträden
524 1397 60 20 skola
603 1397 23 19 af
643 1396 190 26 stadsfullmäktige
851 1395 31 20 år-

133 1433 57 26 ligen
209 1432 67 19 hållas
294 1432 11 19 å
320 1432 27 19 de
363 1431 53 20 tider
432 1431 38 20 och
486 1431 33 20 för
535 1431 25 20 de
576 1431 105 25 ändamål,
697 1437 44 13 som
757 1430 6 19 i
782 1430 23 19 16
821 1431 10 22 $
847 1432 36 17 äro

135 1466 107 20 bestämda
257 1466 32 20 för
304 1466 167 20 rådhusstämma
486 1466 6 19 i
509 1465 54 26 stad,
579 1465 36 20 der
630 1464 133 26 fullmäktige
779 1464 18 25 ej
809 1463 75 20 finnas.
