<?xml version="1.0" encoding="UTF-8"?>
<alto xmlns="http://www.loc.gov/standards/alto/ns-v3#" xmlns:xlink="http://www.w3.org/1999/xlink" xmlns:xsi="http://www.w3.org/2001/XMLSchema-instance" xsi:schemaLocation="http://www.loc.gov/standards/alto/ns-v3# http://www.loc.gov/alto/v3/alto-3-0.xsd">
	<Description>
		<MeasurementUnit>pixel</MeasurementUnit>
		<sourceImageInformation>
			<fileName>/tmp/tess_3z530xwj_input.PNG</fileName>
		</sourceImageInformation>
		<OCRProcessing ID="OCR_0">
			<ocrProcessingStep>
				<processingSoftware>
					<softwareName>tesseract 5.3.4</softwareName>
				</processingSoftware>
			</ocrProcessingStep>
		</OCRProcessing>
	</Description>
	<Layout>
		<Page WIDTH="1106" HEIGHT="1756" PHYSICAL_IMG_NR="0" ID="page_0">
			<PrintSpace HPOS="0" VPOS="0" WIDTH="1106" HEIGHT="1756">
				<ComposedBlock ID="cblock_0" HPOS="311" VPOS="140" WIDTH="550" HEIGHT="28">
					<TextBlock ID="block_0" HPOS="311" VPOS="140" WIDTH="550" HEIGHT="28">
						<TextLine ID="line_0" HPOS="311" VPOS="140" WIDTH="550" HEIGHT="28">
							<String ID="string_0" HPOS="311" VPOS="140" WIDTH="28" HEIGHT="22" WC="0.93" CONTENT="U."/><SP WIDTH="18" VPOS="140" HPOS="339"/>
							<String ID="string_1" HPOS="357" VPOS="140" WIDTH="27" HEIGHT="22" WC="0.90" CONTENT="B."/><SP WIDTH="18" VPOS="140" HPOS="384"/>
							<String ID="string_2" HPOS="402" VPOS="153" WIDTH="27" HEIGHT="2" WC="0.92" CONTENT="—"/><SP WIDTH="15" VPOS="153" HPOS="429"/>
							<String ID="string_3" HPOS="444" VPOS="140" WIDTH="74" HEIGHT="28" WC="0.95" CONTENT="Prop."/><SP WIDTH="17" VPOS="140" HPOS="518"/>
							<String ID="string_4" HPOS="535" VPOS="140" WIDTH="45" HEIGHT="23" WC="0.96" CONTENT="N:o"/><SP WIDTH="16" VPOS="140" HPOS="580"/>
							<String ID="string_5" HPOS="596" VPOS="141" WIDTH="21" HEIGHT="21" WC="0.82" CONTENT="7."/><SP WIDTH="220" VPOS="141" HPOS="617"/>
							<String ID="string_6" HPOS="837" VPOS="142" WIDTH="24" HEIGHT="20" WC="0.96" CONTENT="19"/>
						</TextLine>
					</TextBlock>
				</ComposedBlock>
				<ComposedBlock ID="cblock_1" HPOS="103" VPOS="208" WIDTH="763" HEIGHT="1271">
					<TextBlock ID="block_1" HPOS="103" VPOS="208" WIDTH="762" HEIGHT="993">
						<TextLine ID="line_1" HPOS="172" VPOS="208" WIDTH="687" HEIGHT="30">
							<String ID="string_7" HPOS="172" VPOS="208" WIDTH="45" HEIGHT="21" WC="0.96" CONTENT="Till"/><SP WIDTH="16" VPOS="208" HPOS="217"/>
							<String ID="string_8" HPOS="233" VPOS="208" WIDTH="76" HEIGHT="21" WC="0.93" CONTENT="denna"/><SP WIDTH="15" VPOS="208" HPOS="309"/>
							<String ID="string_9" HPOS="324" VPOS="208" WIDTH="58" HEIGHT="22" WC="0.92" CONTENT="brist"/><SP WIDTH="15" VPOS="208" HPOS="382"/>
							<String ID="string_10" HPOS="397" VPOS="209" WIDTH="74" HEIGHT="21" WC="0.92" CONTENT="mäste"/><SP WIDTH="15" VPOS="209" HPOS="471"/>
							<String ID="string_11" HPOS="486" VPOS="209" WIDTH="80" HEIGHT="28" WC="0.93" CONTENT="läggas"/><SP WIDTH="12" VPOS="209" HPOS="566"/>
							<String ID="string_12" HPOS="578" VPOS="209" WIDTH="39" HEIGHT="21" WC="0.93" CONTENT="det"/><SP WIDTH="12" VPOS="209" HPOS="617"/>
							<String ID="string_13" HPOS="629" VPOS="209" WIDTH="89" HEIGHT="29" WC="0.92" CONTENT="belopp,"/><SP WIDTH="12" VPOS="209" HPOS="718"/>
							<String ID="string_14" HPOS="730" VPOS="216" WIDTH="49" HEIGHT="14" WC="0.93" CONTENT="som"/><SP WIDTH="14" VPOS="216" HPOS="779"/>
							<String ID="string_15" HPOS="793" VPOS="209" WIDTH="66" HEIGHT="21" WC="0.91" CONTENT="Stän-"/>
						</TextLine>
						<TextLine ID="line_2" HPOS="104" VPOS="242" WIDTH="757" HEIGHT="30">
							<String ID="string_16" HPOS="104" VPOS="242" WIDTH="71" HEIGHT="21" WC="0.92" CONTENT="derna"/><SP WIDTH="14" VPOS="242" HPOS="175"/>
							<String ID="string_17" HPOS="189" VPOS="242" WIDTH="40" HEIGHT="22" WC="0.96" CONTENT="vid"/><SP WIDTH="12" VPOS="242" HPOS="229"/>
							<String ID="string_18" HPOS="241" VPOS="242" WIDTH="171" HEIGHT="29" WC="0.96" CONTENT="behandlingen"/><SP WIDTH="11" VPOS="242" HPOS="412"/>
							<String ID="string_19" HPOS="423" VPOS="243" WIDTH="27" HEIGHT="21" WC="0.93" CONTENT="af"/><SP WIDTH="7" VPOS="243" HPOS="450"/>
							<String ID="string_20" HPOS="457" VPOS="243" WIDTH="245" HEIGHT="29" WC="0.92" CONTENT="Järnvägsutskottets"/><SP WIDTH="12" VPOS="243" HPOS="702"/>
							<String ID="string_21" HPOS="714" VPOS="244" WIDTH="147" HEIGHT="21" WC="0.92" CONTENT="betänkande"/>
						</TextLine>
						<TextLine ID="line_3" HPOS="104" VPOS="276" WIDTH="756" HEIGHT="30">
							<String ID="string_22" HPOS="104" VPOS="276" WIDTH="52" HEIGHT="21" WC="0.91" CONTENT="med"/><SP WIDTH="23" VPOS="276" HPOS="156"/>
							<String ID="string_23" HPOS="179" VPOS="276" WIDTH="126" HEIGHT="29" WC="0.91" CONTENT="anledning"/><SP WIDTH="22" VPOS="276" HPOS="305"/>
							<String ID="string_24" HPOS="327" VPOS="277" WIDTH="26" HEIGHT="21" WC="0.96" CONTENT="af"/><SP WIDTH="19" VPOS="277" HPOS="353"/>
							<String ID="string_25" HPOS="372" VPOS="278" WIDTH="175" HEIGHT="28" WC="0.96" CONTENT="propositionen"/><SP WIDTH="16" VPOS="278" HPOS="547"/>
							<String ID="string_26" HPOS="563" VPOS="278" WIDTH="43" HEIGHT="21" WC="0.96" CONTENT="N:o"/><SP WIDTH="16" VPOS="278" HPOS="606"/>
							<String ID="string_27" HPOS="622" VPOS="279" WIDTH="13" HEIGHT="20" WC="0.96" CONTENT="8"/><SP WIDTH="17" VPOS="279" HPOS="635"/>
							<String ID="string_28" HPOS="652" VPOS="285" WIDTH="36" HEIGHT="14" WC="0.96" CONTENT="om"/><SP WIDTH="17" VPOS="285" HPOS="688"/>
							<String ID="string_29" HPOS="705" VPOS="278" WIDTH="79" HEIGHT="21" WC="0.93" CONTENT="vidare"/><SP WIDTH="13" VPOS="278" HPOS="784"/>
							<String ID="string_30" HPOS="797" VPOS="278" WIDTH="63" HEIGHT="28" WC="0.93" CONTENT="järn-"/>
						</TextLine>
						<TextLine ID="line_4" HPOS="104" VPOS="311" WIDTH="755" HEIGHT="29">
							<String ID="string_31" HPOS="104" VPOS="311" WIDTH="229" HEIGHT="29" WC="0.91" CONTENT="vägsanläggningar"/><SP WIDTH="15" VPOS="311" HPOS="333"/>
							<String ID="string_32" HPOS="348" VPOS="312" WIDTH="79" HEIGHT="21" WC="0.96" CONTENT="kunna"/><SP WIDTH="16" VPOS="312" HPOS="427"/>
							<String ID="string_33" HPOS="443" VPOS="312" WIDTH="36" HEIGHT="21" WC="0.93" CONTENT="för"/><SP WIDTH="16" VPOS="312" HPOS="479"/>
							<String ID="string_34" HPOS="495" VPOS="312" WIDTH="132" HEIGHT="22" WC="0.92" CONTENT="ändamälet"/><SP WIDTH="16" VPOS="312" HPOS="627"/>
							<String ID="string_35" HPOS="643" VPOS="312" WIDTH="70" HEIGHT="22" WC="0.89" CONTENT="anslä."/><SP WIDTH="37" VPOS="312" HPOS="713"/>
							<String ID="string_36" HPOS="750" VPOS="312" WIDTH="46" HEIGHT="21" WC="0.93" CONTENT="Det"/><SP WIDTH="16" VPOS="312" HPOS="796"/>
							<String ID="string_37" HPOS="812" VPOS="312" WIDTH="47" HEIGHT="21" WC="0.91" CONTENT="till-"/>
						</TextLine>
						<TextLine ID="line_5" HPOS="103" VPOS="345" WIDTH="757" HEIGHT="30">
							<String ID="string_38" HPOS="103" VPOS="345" WIDTH="43" HEIGHT="21" WC="0.93" CONTENT="hör"/><SP WIDTH="10" VPOS="345" HPOS="146"/>
							<String ID="string_39" HPOS="156" VPOS="346" WIDTH="51" HEIGHT="20" WC="0.92" CONTENT="icke"/><SP WIDTH="9" VPOS="346" HPOS="207"/>
							<String ID="string_40" HPOS="216" VPOS="346" WIDTH="178" HEIGHT="22" WC="0.93" CONTENT="Statsutskottet"/><SP WIDTH="9" VPOS="346" HPOS="394"/>
							<String ID="string_41" HPOS="403" VPOS="349" WIDTH="34" HEIGHT="18" WC="0.93" CONTENT="att"/><SP WIDTH="8" VPOS="349" HPOS="437"/>
							<String ID="string_42" HPOS="445" VPOS="346" WIDTH="73" HEIGHT="22" WC="0.92" CONTENT="utläta"/><SP WIDTH="16" VPOS="346" HPOS="518"/>
							<String ID="string_43" HPOS="534" VPOS="347" WIDTH="36" HEIGHT="28" WC="0.96" CONTENT="sig"/><SP WIDTH="16" VPOS="347" HPOS="570"/>
							<String ID="string_44" HPOS="586" VPOS="354" WIDTH="36" HEIGHT="14" WC="0.93" CONTENT="om"/><SP WIDTH="17" VPOS="354" HPOS="622"/>
							<String ID="string_45" HPOS="639" VPOS="347" WIDTH="80" HEIGHT="21" WC="0.88" CONTENT="hvilka"/><SP WIDTH="8" VPOS="347" HPOS="719"/>
							<String ID="string_46" HPOS="727" VPOS="354" WIDTH="47" HEIGHT="21" WC="0.88" CONTENT="nya"/><SP WIDTH="16" VPOS="354" HPOS="774"/>
							<String ID="string_47" HPOS="790" VPOS="347" WIDTH="70" HEIGHT="21" WC="0.93" CONTENT="banor"/>
						</TextLine>
						<TextLine ID="line_6" HPOS="104" VPOS="379" WIDTH="756" HEIGHT="24">
							<String ID="string_48" HPOS="104" VPOS="379" WIDTH="131" HEIGHT="22" WC="0.92" CONTENT="Ständerna"/><SP WIDTH="15" VPOS="379" HPOS="235"/>
							<String ID="string_49" HPOS="250" VPOS="388" WIDTH="31" HEIGHT="13" WC="0.96" CONTENT="nu"/><SP WIDTH="17" VPOS="388" HPOS="281"/>
							<String ID="string_50" HPOS="298" VPOS="380" WIDTH="69" HEIGHT="22" WC="0.93" CONTENT="borde"/><SP WIDTH="15" VPOS="380" HPOS="367"/>
							<String ID="string_51" HPOS="382" VPOS="380" WIDTH="91" HEIGHT="22" WC="0.91" CONTENT="besluta"/><SP WIDTH="16" VPOS="380" HPOS="473"/>
							<String ID="string_52" HPOS="489" VPOS="382" WIDTH="43" HEIGHT="20" WC="0.93" CONTENT="och"/><SP WIDTH="16" VPOS="382" HPOS="532"/>
							<String ID="string_53" HPOS="548" VPOS="382" WIDTH="81" HEIGHT="20" WC="0.92" CONTENT="anvisa"/><SP WIDTH="16" VPOS="382" HPOS="629"/>
							<String ID="string_54" HPOS="645" VPOS="381" WIDTH="75" HEIGHT="21" WC="0.96" CONTENT="medel"/><SP WIDTH="16" VPOS="381" HPOS="720"/>
							<String ID="string_55" HPOS="736" VPOS="382" WIDTH="41" HEIGHT="21" WC="0.92" CONTENT="för."/><SP WIDTH="30" VPOS="382" HPOS="777"/>
							<String ID="string_56" HPOS="807" VPOS="382" WIDTH="53" HEIGHT="20" WC="0.96" CONTENT="Men"/>
						</TextLine>
						<TextLine ID="line_7" HPOS="103" VPOS="414" WIDTH="762" HEIGHT="26">
							<String ID="string_57" HPOS="103" VPOS="414" WIDTH="120" HEIGHT="22" WC="0.95" CONTENT="Utskottet"/><SP WIDTH="23" VPOS="414" HPOS="223"/>
							<String ID="string_58" HPOS="246" VPOS="414" WIDTH="135" HEIGHT="22" WC="0.96" CONTENT="förutsätter"/><SP WIDTH="22" VPOS="414" HPOS="381"/>
							<String ID="string_59" HPOS="403" VPOS="418" WIDTH="36" HEIGHT="18" WC="0.93" CONTENT="att"/><SP WIDTH="22" VPOS="418" HPOS="439"/>
							<String ID="string_60" HPOS="461" VPOS="415" WIDTH="136" HEIGHT="25" WC="0.86" CONTENT="Ständerna,"/><SP WIDTH="23" VPOS="415" HPOS="597"/>
							<String ID="string_61" HPOS="620" VPOS="416" WIDTH="53" HEIGHT="20" WC="0.96" CONTENT="med"/><SP WIDTH="16" VPOS="416" HPOS="673"/>
							<String ID="string_62" HPOS="689" VPOS="416" WIDTH="131" HEIGHT="21" WC="0.96" CONTENT="beaktande"/><SP WIDTH="19" VPOS="416" HPOS="820"/>
							<String ID="string_63" HPOS="839" VPOS="416" WIDTH="26" HEIGHT="20" WC="0.96" CONTENT="af"/>
						</TextLine>
						<TextLine ID="line_8" HPOS="104" VPOS="448" WIDTH="756" HEIGHT="30">
							<String ID="string_64" HPOS="104" VPOS="451" WIDTH="35" HEIGHT="19" WC="0.93" CONTENT="att"/><SP WIDTH="16" VPOS="451" HPOS="139"/>
							<String ID="string_65" HPOS="155" VPOS="444" WIDTH="166" HEIGHT="39" WC="0.69" CONTENT="Elisenvaara—"/><SP WIDTH="9" VPOS="444" HPOS="321"/>
							<String ID="string_66" HPOS="330" VPOS="444" WIDTH="95" HEIGHT="39" WC="0.93" CONTENT="Nyslott"/><SP WIDTH="11" VPOS="444" HPOS="425"/>
							<String ID="string_67" HPOS="436" VPOS="449" WIDTH="75" HEIGHT="22" WC="0.95" CONTENT="banan"/><SP WIDTH="16" VPOS="449" HPOS="511"/>
							<String ID="string_68" HPOS="527" VPOS="450" WIDTH="71" HEIGHT="21" WC="0.96" CONTENT="redan"/><SP WIDTH="11" VPOS="450" HPOS="598"/>
							<String ID="string_69" HPOS="609" VPOS="450" WIDTH="73" HEIGHT="21" WC="0.93" CONTENT="under"/><SP WIDTH="16" VPOS="450" HPOS="682"/>
							<String ID="string_70" HPOS="698" VPOS="450" WIDTH="81" HEIGHT="22" WC="0.95" CONTENT="hösten"/><SP WIDTH="16" VPOS="450" HPOS="779"/>
							<String ID="string_71" HPOS="795" VPOS="450" WIDTH="65" HEIGHT="21" WC="0.96" CONTENT="detta"/>
						</TextLine>
						<TextLine ID="line_9" HPOS="104" VPOS="483" WIDTH="757" HEIGHT="30">
							<String ID="string_72" HPOS="104" VPOS="483" WIDTH="25" HEIGHT="22" WC="0.96" CONTENT="år"/><SP WIDTH="9" VPOS="483" HPOS="129"/>
							<String ID="string_73" HPOS="138" VPOS="483" WIDTH="66" HEIGHT="22" WC="0.93" CONTENT="torde"/><SP WIDTH="10" VPOS="483" HPOS="204"/>
							<String ID="string_74" HPOS="214" VPOS="483" WIDTH="73" HEIGHT="22" WC="0.93" CONTENT="hinna"/><SP WIDTH="14" VPOS="483" HPOS="287"/>
							<String ID="string_75" HPOS="301" VPOS="483" WIDTH="169" HEIGHT="30" WC="0.92" CONTENT="färdigbyggas"/><SP WIDTH="16" VPOS="483" HPOS="470"/>
							<String ID="string_76" HPOS="486" VPOS="485" WIDTH="35" HEIGHT="20" WC="0.96" CONTENT="till"/><SP WIDTH="17" VPOS="485" HPOS="521"/>
							<String ID="string_77" HPOS="538" VPOS="485" WIDTH="151" HEIGHT="28" WC="0.96" CONTENT="Punkaharju"/><SP WIDTH="16" VPOS="485" HPOS="689"/>
							<String ID="string_78" HPOS="705" VPOS="488" WIDTH="59" HEIGHT="18" WC="0.93" CONTENT="samt"/><SP WIDTH="15" VPOS="488" HPOS="764"/>
							<String ID="string_79" HPOS="779" VPOS="485" WIDTH="82" HEIGHT="21" WC="0.96" CONTENT="hösten"/>
						</TextLine>
						<TextLine ID="line_10" HPOS="105" VPOS="518" WIDTH="756" HEIGHT="29">
							<String ID="string_80" HPOS="105" VPOS="519" WIDTH="55" HEIGHT="20" WC="0.95" CONTENT="1907"/><SP WIDTH="23" VPOS="519" HPOS="160"/>
							<String ID="string_81" HPOS="183" VPOS="518" WIDTH="79" HEIGHT="21" WC="0.95" CONTENT="kunna"/><SP WIDTH="22" VPOS="518" HPOS="262"/>
							<String ID="string_82" HPOS="284" VPOS="519" WIDTH="36" HEIGHT="20" WC="0.96" CONTENT="till"/><SP WIDTH="23" VPOS="519" HPOS="320"/>
							<String ID="string_83" HPOS="343" VPOS="519" WIDTH="52" HEIGHT="20" WC="0.96" CONTENT="hela"/><SP WIDTH="22" VPOS="519" HPOS="395"/>
							<String ID="string_84" HPOS="417" VPOS="519" WIDTH="36" HEIGHT="21" WC="0.93" CONTENT="sin"/><SP WIDTH="16" VPOS="519" HPOS="453"/>
							<String ID="string_85" HPOS="469" VPOS="519" WIDTH="71" HEIGHT="28" WC="0.91" CONTENT="längd"/><SP WIDTH="16" VPOS="519" HPOS="540"/>
							<String ID="string_86" HPOS="556" VPOS="519" WIDTH="107" HEIGHT="28" WC="0.91" CONTENT="upplätas"/><SP WIDTH="16" VPOS="519" HPOS="663"/>
							<String ID="string_87" HPOS="679" VPOS="519" WIDTH="36" HEIGHT="21" WC="0.93" CONTENT="för"/><SP WIDTH="16" VPOS="519" HPOS="715"/>
							<String ID="string_88" HPOS="731" VPOS="519" WIDTH="74" HEIGHT="28" WC="0.92" CONTENT="trafik,"/><SP WIDTH="17" VPOS="519" HPOS="805"/>
							<String ID="string_89" HPOS="822" VPOS="523" WIDTH="39" HEIGHT="18" WC="0.93" CONTENT="äro"/>
						</TextLine>
						<TextLine ID="line_11" HPOS="104" VPOS="553" WIDTH="757" HEIGHT="29">
							<String ID="string_90" HPOS="104" VPOS="553" WIDTH="82" HEIGHT="28" WC="0.93" CONTENT="villiga"/><SP WIDTH="23" VPOS="553" HPOS="186"/>
							<String ID="string_91" HPOS="209" VPOS="555" WIDTH="34" HEIGHT="18" WC="0.96" CONTENT="att"/><SP WIDTH="22" VPOS="555" HPOS="243"/>
							<String ID="string_92" HPOS="265" VPOS="553" WIDTH="36" HEIGHT="21" WC="0.92" CONTENT="för"/><SP WIDTH="22" VPOS="553" HPOS="301"/>
							<String ID="string_93" HPOS="323" VPOS="553" WIDTH="143" HEIGHT="22" WC="0.92" CONTENT="bevarandet"/><SP WIDTH="23" VPOS="553" HPOS="466"/>
							<String ID="string_94" HPOS="489" VPOS="553" WIDTH="25" HEIGHT="22" WC="0.93" CONTENT="af"/><SP WIDTH="18" VPOS="553" HPOS="514"/>
							<String ID="string_95" HPOS="532" VPOS="553" WIDTH="72" HEIGHT="29" WC="0.92" CONTENT="nödig"/><SP WIDTH="15" VPOS="553" HPOS="604"/>
							<String ID="string_96" HPOS="619" VPOS="554" WIDTH="144" HEIGHT="21" WC="0.92" CONTENT="kontinuitet"/><SP WIDTH="15" VPOS="554" HPOS="763"/>
							<String ID="string_97" HPOS="778" VPOS="554" WIDTH="8" HEIGHT="21" WC="0.92" CONTENT="i"/><SP WIDTH="12" VPOS="554" HPOS="786"/>
							<String ID="string_98" HPOS="798" VPOS="553" WIDTH="63" HEIGHT="28" WC="0.92" CONTENT="järn-"/>
						</TextLine>
						<TextLine ID="line_12" HPOS="104" VPOS="587" WIDTH="757" HEIGHT="30">
							<String ID="string_99" HPOS="104" VPOS="587" WIDTH="194" HEIGHT="29" WC="0.92" CONTENT="vägsbyggandet"/><SP WIDTH="15" VPOS="587" HPOS="298"/>
							<String ID="string_100" HPOS="313" VPOS="588" WIDTH="64" HEIGHT="21" WC="0.92" CONTENT="anslä"/><SP WIDTH="19" VPOS="588" HPOS="377"/>
							<String ID="string_101" HPOS="396" VPOS="590" WIDTH="34" HEIGHT="19" WC="0.96" CONTENT="ett"/><SP WIDTH="19" VPOS="590" HPOS="430"/>
							<String ID="string_102" HPOS="449" VPOS="589" WIDTH="26" HEIGHT="20" WC="0.96" CONTENT="sä"/><SP WIDTH="15" VPOS="589" HPOS="475"/>
							<String ID="string_103" HPOS="490" VPOS="591" WIDTH="58" HEIGHT="18" WC="0.93" CONTENT="stort"/><SP WIDTH="16" VPOS="591" HPOS="548"/>
							<String ID="string_104" HPOS="564" VPOS="588" WIDTH="91" HEIGHT="29" WC="0.92" CONTENT="belopp,"/><SP WIDTH="17" VPOS="588" HPOS="655"/>
							<String ID="string_105" HPOS="672" VPOS="591" WIDTH="34" HEIGHT="18" WC="0.96" CONTENT="att"/><SP WIDTH="15" VPOS="591" HPOS="706"/>
							<String ID="string_106" HPOS="721" VPOS="588" WIDTH="41" HEIGHT="21" WC="0.96" CONTENT="vid"/><SP WIDTH="15" VPOS="588" HPOS="762"/>
							<String ID="string_107" HPOS="777" VPOS="589" WIDTH="29" HEIGHT="20" WC="0.93" CONTENT="de"/><SP WIDTH="15" VPOS="589" HPOS="806"/>
							<String ID="string_108" HPOS="821" VPOS="596" WIDTH="40" HEIGHT="13" WC="0.91" CONTENT="an-"/>
						</TextLine>
						<TextLine ID="line_13" HPOS="104" VPOS="621" WIDTH="757" HEIGHT="30">
							<String ID="string_109" HPOS="104" VPOS="621" WIDTH="66" HEIGHT="29" WC="0.93" CONTENT="gifna"/><SP WIDTH="16" VPOS="621" HPOS="170"/>
							<String ID="string_110" HPOS="186" VPOS="621" WIDTH="165" HEIGHT="29" WC="0.92" CONTENT="tidpunkterna"/><SP WIDTH="16" VPOS="621" HPOS="351"/>
							<String ID="string_111" HPOS="367" VPOS="630" WIDTH="47" HEIGHT="21" WC="0.93" CONTENT="nya"/><SP WIDTH="16" VPOS="630" HPOS="414"/>
							<String ID="string_112" HPOS="430" VPOS="623" WIDTH="72" HEIGHT="21" WC="0.96" CONTENT="banor"/><SP WIDTH="16" VPOS="623" HPOS="502"/>
							<String ID="string_113" HPOS="518" VPOS="623" WIDTH="79" HEIGHT="21" WC="0.93" CONTENT="kunna"/><SP WIDTH="15" VPOS="623" HPOS="597"/>
							<String ID="string_114" HPOS="612" VPOS="623" WIDTH="115" HEIGHT="21" WC="0.96" CONTENT="succesivt"/><SP WIDTH="23" VPOS="623" HPOS="727"/>
							<String ID="string_115" HPOS="750" VPOS="623" WIDTH="111" HEIGHT="28" WC="0.96" CONTENT="beläggas"/>
						</TextLine>
						<TextLine ID="line_14" HPOS="104" VPOS="657" WIDTH="759" HEIGHT="28">
							<String ID="string_116" HPOS="104" VPOS="657" WIDTH="53" HEIGHT="20" WC="0.94" CONTENT="med"/><SP WIDTH="22" VPOS="657" HPOS="157"/>
							<String ID="string_117" HPOS="179" VPOS="657" WIDTH="84" HEIGHT="22" WC="0.95" CONTENT="arbete."/><SP WIDTH="30" VPOS="657" HPOS="263"/>
							<String ID="string_118" HPOS="293" VPOS="657" WIDTH="12" HEIGHT="20" WC="0.89" CONTENT="I"/><SP WIDTH="16" VPOS="657" HPOS="305"/>
							<String ID="string_119" HPOS="321" VPOS="657" WIDTH="152" HEIGHT="21" WC="0.91" CONTENT="betraktande"/><SP WIDTH="17" VPOS="657" HPOS="473"/>
							<String ID="string_120" HPOS="490" VPOS="657" WIDTH="26" HEIGHT="22" WC="0.96" CONTENT="af"/><SP WIDTH="12" VPOS="657" HPOS="516"/>
							<String ID="string_121" HPOS="528" VPOS="657" WIDTH="45" HEIGHT="22" WC="0.91" CONTENT="den"/><SP WIDTH="16" VPOS="657" HPOS="573"/>
							<String ID="string_122" HPOS="589" VPOS="660" WIDTH="73" HEIGHT="25" WC="0.91" CONTENT="utväg"/><SP WIDTH="13" VPOS="660" HPOS="662"/>
							<String ID="string_123" HPOS="675" VPOS="657" WIDTH="42" HEIGHT="22" WC="0.96" CONTENT="här"/><SP WIDTH="15" VPOS="657" HPOS="717"/>
							<String ID="string_124" HPOS="732" VPOS="657" WIDTH="76" HEIGHT="22" WC="0.93" CONTENT="nedan"/><SP WIDTH="14" VPOS="657" HPOS="808"/>
							<String ID="string_125" HPOS="822" VPOS="665" WIDTH="41" HEIGHT="14" WC="0.92" CONTENT="an-"/>
						</TextLine>
						<TextLine ID="line_15" HPOS="105" VPOS="691" WIDTH="753" HEIGHT="29">
							<String ID="string_126" HPOS="105" VPOS="691" WIDTH="67" HEIGHT="28" WC="0.92" CONTENT="tydes"/><SP WIDTH="17" VPOS="691" HPOS="172"/>
							<String ID="string_127" HPOS="189" VPOS="691" WIDTH="35" HEIGHT="20" WC="0.93" CONTENT="till"/><SP WIDTH="15" VPOS="691" HPOS="224"/>
							<String ID="string_128" HPOS="239" VPOS="691" WIDTH="151" HEIGHT="28" WC="0.89" CONTENT="utjämnande"/><SP WIDTH="11" VPOS="691" HPOS="390"/>
							<String ID="string_129" HPOS="401" VPOS="691" WIDTH="26" HEIGHT="22" WC="0.96" CONTENT="af"/><SP WIDTH="12" VPOS="691" HPOS="427"/>
							<String ID="string_130" HPOS="439" VPOS="692" WIDTH="44" HEIGHT="21" WC="0.93" CONTENT="den"/><SP WIDTH="16" VPOS="692" HPOS="483"/>
							<String ID="string_131" HPOS="499" VPOS="691" WIDTH="151" HEIGHT="29" WC="0.91" CONTENT="kalkylerade"/><SP WIDTH="20" VPOS="691" HPOS="650"/>
							<String ID="string_132" HPOS="670" VPOS="692" WIDTH="86" HEIGHT="21" WC="0.93" CONTENT="bristen"/><SP WIDTH="16" VPOS="692" HPOS="756"/>
							<String ID="string_133" HPOS="772" VPOS="692" WIDTH="8" HEIGHT="21" WC="0.92" CONTENT="i"/><SP WIDTH="15" VPOS="692" HPOS="780"/>
							<String ID="string_134" HPOS="795" VPOS="692" WIDTH="63" HEIGHT="21" WC="0.92" CONTENT="kom-"/>
						</TextLine>
						<TextLine ID="line_16" HPOS="105" VPOS="725" WIDTH="756" HEIGHT="30">
							<String ID="string_135" HPOS="105" VPOS="725" WIDTH="245" HEIGHT="22" WC="0.92" CONTENT="munikationsfonden"/><SP WIDTH="23" VPOS="725" HPOS="350"/>
							<String ID="string_136" HPOS="373" VPOS="726" WIDTH="42" HEIGHT="21" WC="0.93" CONTENT="har"/><SP WIDTH="21" VPOS="726" HPOS="415"/>
							<String ID="string_137" HPOS="436" VPOS="726" WIDTH="134" HEIGHT="22" WC="0.92" CONTENT="Utskottets"/><SP WIDTH="22" VPOS="726" HPOS="570"/>
							<String ID="string_138" HPOS="592" VPOS="727" WIDTH="118" HEIGHT="28" WC="0.93" CONTENT="majoritet"/><SP WIDTH="15" VPOS="727" HPOS="710"/>
							<String ID="string_139" HPOS="725" VPOS="729" WIDTH="83" HEIGHT="25" WC="0.92" CONTENT="ansett,"/><SP WIDTH="18" VPOS="729" HPOS="808"/>
							<String ID="string_140" HPOS="826" VPOS="729" WIDTH="35" HEIGHT="19" WC="0.96" CONTENT="att"/>
						</TextLine>
						<TextLine ID="line_17" HPOS="105" VPOS="759" WIDTH="758" HEIGHT="30">
							<String ID="string_141" HPOS="105" VPOS="759" WIDTH="40" HEIGHT="22" WC="0.91" CONTENT="det"/><SP WIDTH="22" VPOS="759" HPOS="145"/>
							<String ID="string_142" HPOS="167" VPOS="760" WIDTH="90" HEIGHT="28" WC="0.89" CONTENT="belopp,"/><SP WIDTH="23" VPOS="760" HPOS="257"/>
							<String ID="string_143" HPOS="280" VPOS="767" WIDTH="49" HEIGHT="14" WC="0.95" CONTENT="som"/><SP WIDTH="18" VPOS="767" HPOS="329"/>
							<String ID="string_144" HPOS="347" VPOS="761" WIDTH="78" HEIGHT="21" WC="0.93" CONTENT="kunde"/><SP WIDTH="16" VPOS="761" HPOS="425"/>
							<String ID="string_145" HPOS="441" VPOS="761" WIDTH="77" HEIGHT="21" WC="0.92" CONTENT="ansläs"/><SP WIDTH="23" VPOS="761" HPOS="518"/>
							<String ID="string_146" HPOS="541" VPOS="761" WIDTH="37" HEIGHT="22" WC="0.96" CONTENT="för"/><SP WIDTH="22" VPOS="761" HPOS="578"/>
							<String ID="string_147" HPOS="600" VPOS="768" WIDTH="46" HEIGHT="21" WC="0.91" CONTENT="nya"/><SP WIDTH="21" VPOS="768" HPOS="646"/>
							<String ID="string_148" HPOS="667" VPOS="761" WIDTH="138" HEIGHT="28" WC="0.91" CONTENT="järnvägars"/><SP WIDTH="22" VPOS="761" HPOS="805"/>
							<String ID="string_149" HPOS="827" VPOS="764" WIDTH="36" HEIGHT="18" WC="0.92" CONTENT="ut-"/>
						</TextLine>
						<TextLine ID="line_18" HPOS="105" VPOS="794" WIDTH="757" HEIGHT="29">
							<String ID="string_150" HPOS="105" VPOS="794" WIDTH="96" HEIGHT="21" WC="0.92" CONTENT="förande"/><SP WIDTH="22" VPOS="794" HPOS="201"/>
							<String ID="string_151" HPOS="223" VPOS="795" WIDTH="74" HEIGHT="20" WC="0.96" CONTENT="under"/><SP WIDTH="20" VPOS="795" HPOS="297"/>
							<String ID="string_152" HPOS="317" VPOS="802" WIDTH="31" HEIGHT="14" WC="0.93" CONTENT="nu"/><SP WIDTH="23" VPOS="802" HPOS="348"/>
							<String ID="string_153" HPOS="371" VPOS="795" WIDTH="86" HEIGHT="22" WC="0.92" CONTENT="nämda"/><SP WIDTH="23" VPOS="795" HPOS="457"/>
							<String ID="string_154" HPOS="480" VPOS="795" WIDTH="108" HEIGHT="28" WC="0.92" CONTENT="tidrymd,"/><SP WIDTH="22" VPOS="795" HPOS="588"/>
							<String ID="string_155" HPOS="610" VPOS="796" WIDTH="46" HEIGHT="21" WC="0.93" CONTENT="kan"/><SP WIDTH="17" VPOS="796" HPOS="656"/>
							<String ID="string_156" HPOS="673" VPOS="796" WIDTH="137" HEIGHT="21" WC="0.92" CONTENT="bestämmas"/><SP WIDTH="16" VPOS="796" HPOS="810"/>
							<String ID="string_157" HPOS="826" VPOS="795" WIDTH="36" HEIGHT="22" WC="0.95" CONTENT="till"/>
						</TextLine>
						<TextLine ID="line_19" HPOS="106" VPOS="828" WIDTH="757" HEIGHT="29">
							<String ID="string_158" HPOS="106" VPOS="828" WIDTH="107" HEIGHT="29" WC="0.96" CONTENT="omkring"/><SP WIDTH="10" VPOS="828" HPOS="213"/>
							<String ID="string_159" HPOS="223" VPOS="830" WIDTH="13" HEIGHT="20" WC="0.97" CONTENT="5"/><SP WIDTH="12" VPOS="830" HPOS="236"/>
							<String ID="string_160" HPOS="248" VPOS="829" WIDTH="105" HEIGHT="28" WC="0.96" CONTENT="miljoner"/><SP WIDTH="11" VPOS="829" HPOS="353"/>
							<String ID="string_161" HPOS="364" VPOS="830" WIDTH="72" HEIGHT="25" WC="0.96" CONTENT="mark,"/><SP WIDTH="16" VPOS="830" HPOS="436"/>
							<String ID="string_162" HPOS="452" VPOS="830" WIDTH="8" HEIGHT="21" WC="0.93" CONTENT="i"/><SP WIDTH="16" VPOS="830" HPOS="460"/>
							<String ID="string_163" HPOS="476" VPOS="829" WIDTH="91" HEIGHT="22" WC="0.92" CONTENT="hvilket"/><SP WIDTH="15" VPOS="829" HPOS="567"/>
							<String ID="string_164" HPOS="582" VPOS="830" WIDTH="42" HEIGHT="21" WC="0.93" CONTENT="fall"/><SP WIDTH="16" VPOS="830" HPOS="624"/>
							<String ID="string_165" HPOS="640" VPOS="830" WIDTH="87" HEIGHT="21" WC="0.93" CONTENT="bristen"/><SP WIDTH="11" VPOS="830" HPOS="727"/>
							<String ID="string_166" HPOS="738" VPOS="837" WIDTH="49" HEIGHT="14" WC="0.93" CONTENT="som"/><SP WIDTH="11" VPOS="837" HPOS="787"/>
							<String ID="string_167" HPOS="798" VPOS="830" WIDTH="65" HEIGHT="21" WC="0.93" CONTENT="stode"/>
						</TextLine>
						<TextLine ID="line_20" HPOS="106" VPOS="863" WIDTH="757" HEIGHT="30">
							<String ID="string_168" HPOS="106" VPOS="865" WIDTH="35" HEIGHT="19" WC="0.91" CONTENT="att"/><SP WIDTH="23" VPOS="865" HPOS="141"/>
							<String ID="string_169" HPOS="164" VPOS="863" WIDTH="67" HEIGHT="22" WC="0.96" CONTENT="täcka"/><SP WIDTH="22" VPOS="863" HPOS="231"/>
							<String ID="string_170" HPOS="253" VPOS="863" WIDTH="91" HEIGHT="22" WC="0.96" CONTENT="komme"/><SP WIDTH="23" VPOS="863" HPOS="344"/>
							<String ID="string_171" HPOS="367" VPOS="867" WIDTH="35" HEIGHT="18" WC="0.92" CONTENT="att"/><SP WIDTH="22" VPOS="867" HPOS="402"/>
							<String ID="string_172" HPOS="424" VPOS="865" WIDTH="80" HEIGHT="28" WC="0.96" CONTENT="uppgå"/><SP WIDTH="23" VPOS="865" HPOS="504"/>
							<String ID="string_173" HPOS="527" VPOS="865" WIDTH="36" HEIGHT="20" WC="0.96" CONTENT="till"/><SP WIDTH="17" VPOS="865" HPOS="563"/>
							<String ID="string_174" HPOS="580" VPOS="865" WIDTH="107" HEIGHT="28" WC="0.95" CONTENT="omkring"/><SP WIDTH="23" VPOS="865" HPOS="687"/>
							<String ID="string_175" HPOS="710" VPOS="865" WIDTH="26" HEIGHT="21" WC="0.96" CONTENT="13"/><SP WIDTH="21" VPOS="865" HPOS="736"/>
							<String ID="string_176" HPOS="757" VPOS="865" WIDTH="106" HEIGHT="28" WC="0.96" CONTENT="miljoner"/>
						</TextLine>
						<TextLine ID="line_21" HPOS="107" VPOS="898" WIDTH="754" HEIGHT="30">
							<String ID="string_177" HPOS="107" VPOS="898" WIDTH="63" HEIGHT="21" WC="0.95" CONTENT="mark"/><SP WIDTH="18" VPOS="898" HPOS="170"/>
							<String ID="string_178" HPOS="188" VPOS="898" WIDTH="55" HEIGHT="21" WC="0.95" CONTENT="eller"/><SP WIDTH="15" VPOS="898" HPOS="243"/>
							<String ID="string_179" HPOS="258" VPOS="898" WIDTH="99" HEIGHT="29" WC="0.96" CONTENT="ungefär"/><SP WIDTH="17" VPOS="898" HPOS="357"/>
							<String ID="string_180" HPOS="374" VPOS="906" WIDTH="89" HEIGHT="14" WC="0.93" CONTENT="samma"/><SP WIDTH="25" VPOS="906" HPOS="463"/>
							<String ID="string_181" HPOS="488" VPOS="899" WIDTH="82" HEIGHT="29" WC="0.95" CONTENT="belopp"/><SP WIDTH="23" VPOS="899" HPOS="570"/>
							<String ID="string_182" HPOS="593" VPOS="906" WIDTH="49" HEIGHT="14" WC="0.96" CONTENT="som"/><SP WIDTH="22" VPOS="906" HPOS="642"/>
							<String ID="string_183" HPOS="664" VPOS="899" WIDTH="8" HEIGHT="21" WC="0.96" CONTENT="i"/><SP WIDTH="16" VPOS="899" HPOS="672"/>
							<String ID="string_184" HPOS="688" VPOS="899" WIDTH="173" HEIGHT="28" WC="0.96" CONTENT="propositionen"/>
						</TextLine>
						<TextLine ID="line_22" HPOS="105" VPOS="932" WIDTH="758" HEIGHT="31">
							<String ID="string_185" HPOS="105" VPOS="932" WIDTH="139" HEIGHT="29" WC="0.91" CONTENT="kalkyleras."/><SP WIDTH="24" VPOS="932" HPOS="244"/>
							<String ID="string_186" HPOS="268" VPOS="933" WIDTH="69" HEIGHT="21" WC="0.96" CONTENT="Först"/><SP WIDTH="15" VPOS="933" HPOS="337"/>
							<String ID="string_187" HPOS="352" VPOS="933" WIDTH="59" HEIGHT="21" WC="0.96" CONTENT="efter"/><SP WIDTH="10" VPOS="933" HPOS="411"/>
							<String ID="string_188" HPOS="421" VPOS="933" WIDTH="41" HEIGHT="21" WC="0.96" CONTENT="det"/><SP WIDTH="16" VPOS="933" HPOS="462"/>
							<String ID="string_189" HPOS="478" VPOS="933" WIDTH="75" HEIGHT="22" WC="0.96" CONTENT="beslut"/><SP WIDTH="15" VPOS="933" HPOS="553"/>
							<String ID="string_190" HPOS="568" VPOS="941" WIDTH="37" HEIGHT="14" WC="0.96" CONTENT="om"/><SP WIDTH="12" VPOS="941" HPOS="605"/>
							<String ID="string_191" HPOS="617" VPOS="941" WIDTH="46" HEIGHT="21" WC="0.93" CONTENT="nya"/><SP WIDTH="7" VPOS="941" HPOS="663"/>
							<String ID="string_192" HPOS="670" VPOS="934" WIDTH="193" HEIGHT="29" WC="0.80" CONTENT="järnvägsbygg"/><SP WIDTH="-12" VPOS="934" HPOS="863"/>
							<String ID="string_193" HPOS="851" VPOS="928" WIDTH="14" HEIGHT="39" WC="0.80" CONTENT="-"/>
						</TextLine>
						<TextLine ID="line_23" HPOS="106" VPOS="967" WIDTH="755" HEIGHT="30">
							<String ID="string_194" HPOS="106" VPOS="967" WIDTH="71" HEIGHT="22" WC="0.92" CONTENT="nader"/><SP WIDTH="10" VPOS="967" HPOS="177"/>
							<String ID="string_195" HPOS="187" VPOS="967" WIDTH="126" HEIGHT="28" WC="0.91" CONTENT="föreligger"/><SP WIDTH="8" VPOS="967" HPOS="313"/>
							<String ID="string_196" HPOS="321" VPOS="968" WIDTH="45" HEIGHT="21" WC="0.93" CONTENT="kan"/><SP WIDTH="12" VPOS="968" HPOS="366"/>
							<String ID="string_197" HPOS="378" VPOS="968" WIDTH="182" HEIGHT="21" WC="0.92" CONTENT="Statsutskottet"/><SP WIDTH="13" VPOS="968" HPOS="560"/>
							<String ID="string_198" HPOS="573" VPOS="968" WIDTH="119" HEIGHT="22" WC="0.91" CONTENT="inkomma"/><SP WIDTH="16" VPOS="968" HPOS="692"/>
							<String ID="string_199" HPOS="708" VPOS="968" WIDTH="51" HEIGHT="22" WC="0.96" CONTENT="med"/><SP WIDTH="15" VPOS="968" HPOS="759"/>
							<String ID="string_200" HPOS="774" VPOS="969" WIDTH="87" HEIGHT="28" WC="0.96" CONTENT="förslag"/>
						</TextLine>
						<TextLine ID="line_24" HPOS="106" VPOS="1001" WIDTH="756" HEIGHT="30">
							<String ID="string_201" HPOS="106" VPOS="1001" WIDTH="36" HEIGHT="21" WC="0.92" CONTENT="till"/><SP WIDTH="16" VPOS="1001" HPOS="142"/>
							<String ID="string_202" HPOS="158" VPOS="1001" WIDTH="106" HEIGHT="22" WC="0.92" CONTENT="definitiv"/><SP WIDTH="10" VPOS="1001" HPOS="264"/>
							<String ID="string_203" HPOS="274" VPOS="1002" WIDTH="117" HEIGHT="28" WC="0.93" CONTENT="reglering"/><SP WIDTH="11" VPOS="1002" HPOS="391"/>
							<String ID="string_204" HPOS="402" VPOS="1002" WIDTH="27" HEIGHT="21" WC="0.93" CONTENT="af"/><SP WIDTH="12" VPOS="1002" HPOS="429"/>
							<String ID="string_205" HPOS="441" VPOS="1003" WIDTH="315" HEIGHT="21" WC="0.91" CONTENT="kommunikationsfondens"/><SP WIDTH="14" VPOS="1003" HPOS="756"/>
							<String ID="string_206" HPOS="770" VPOS="1003" WIDTH="92" HEIGHT="28" WC="0.96" CONTENT="budget."/>
						</TextLine>
						<TextLine ID="line_25" HPOS="106" VPOS="1035" WIDTH="757" HEIGHT="30">
							<String ID="string_207" HPOS="106" VPOS="1036" WIDTH="54" HEIGHT="21" WC="0.96" CONTENT="Men"/><SP WIDTH="15" VPOS="1036" HPOS="160"/>
							<String ID="string_208" HPOS="175" VPOS="1035" WIDTH="71" HEIGHT="22" WC="0.96" CONTENT="redan"/><SP WIDTH="18" VPOS="1035" HPOS="246"/>
							<String ID="string_209" HPOS="264" VPOS="1043" WIDTH="31" HEIGHT="14" WC="0.93" CONTENT="nu"/><SP WIDTH="18" VPOS="1043" HPOS="295"/>
							<String ID="string_210" HPOS="313" VPOS="1039" WIDTH="48" HEIGHT="18" WC="0.92" CONTENT="tror"/><SP WIDTH="19" VPOS="1039" HPOS="361"/>
							<String ID="string_211" HPOS="380" VPOS="1037" WIDTH="124" HEIGHT="22" WC="0.92" CONTENT="Utskottet"/><SP WIDTH="20" VPOS="1037" HPOS="504"/>
							<String ID="string_212" HPOS="524" VPOS="1037" WIDTH="36" HEIGHT="28" WC="0.96" CONTENT="sig"/><SP WIDTH="17" VPOS="1037" HPOS="560"/>
							<String ID="string_213" HPOS="577" VPOS="1037" WIDTH="80" HEIGHT="21" WC="0.93" CONTENT="kunna"/><SP WIDTH="18" VPOS="1037" HPOS="657"/>
							<String ID="string_214" HPOS="675" VPOS="1037" WIDTH="143" HEIGHT="21" WC="0.91" CONTENT="förutskicka"/><SP WIDTH="16" VPOS="1037" HPOS="818"/>
							<String ID="string_215" HPOS="834" VPOS="1044" WIDTH="29" HEIGHT="14" WC="0.96" CONTENT="en"/>
						</TextLine>
						<TextLine ID="line_26" HPOS="106" VPOS="1070" WIDTH="755" HEIGHT="30">
							<String ID="string_216" HPOS="106" VPOS="1070" WIDTH="139" HEIGHT="29" WC="0.92" CONTENT="utläggning"/><SP WIDTH="18" VPOS="1070" HPOS="245"/>
							<String ID="string_217" HPOS="263" VPOS="1070" WIDTH="26" HEIGHT="21" WC="0.96" CONTENT="af"/><SP WIDTH="15" VPOS="1070" HPOS="289"/>
							<String ID="string_218" HPOS="304" VPOS="1071" WIDTH="28" HEIGHT="21" WC="0.96" CONTENT="de"/><SP WIDTH="19" VPOS="1071" HPOS="332"/>
							<String ID="string_219" HPOS="351" VPOS="1071" WIDTH="155" HEIGHT="28" WC="0.96" CONTENT="synpunkter,"/><SP WIDTH="10" VPOS="1071" HPOS="506"/>
							<String ID="string_220" HPOS="516" VPOS="1079" WIDTH="50" HEIGHT="14" WC="0.93" CONTENT="som"/><SP WIDTH="11" VPOS="1079" HPOS="566"/>
							<String ID="string_221" HPOS="577" VPOS="1072" WIDTH="67" HEIGHT="21" WC="0.92" CONTENT="träda"/><SP WIDTH="11" VPOS="1072" HPOS="644"/>
							<String ID="string_222" HPOS="655" VPOS="1072" WIDTH="7" HEIGHT="21" WC="0.93" CONTENT="i"/><SP WIDTH="11" VPOS="1072" HPOS="662"/>
							<String ID="string_223" HPOS="673" VPOS="1071" WIDTH="143" HEIGHT="29" WC="0.92" CONTENT="förgrunden"/><SP WIDTH="15" VPOS="1071" HPOS="816"/>
							<String ID="string_224" HPOS="831" VPOS="1071" WIDTH="30" HEIGHT="22" WC="0.96" CONTENT="dä"/>
						</TextLine>
						<TextLine ID="line_27" HPOS="106" VPOS="1105" WIDTH="758" HEIGHT="29">
							<String ID="string_225" HPOS="106" VPOS="1105" WIDTH="40" HEIGHT="20" WC="0.96" CONTENT="det"/><SP WIDTH="19" VPOS="1105" HPOS="146"/>
							<String ID="string_226" HPOS="165" VPOS="1105" WIDTH="74" HEIGHT="28" WC="0.96" CONTENT="gäller"/><SP WIDTH="18" VPOS="1105" HPOS="239"/>
							<String ID="string_227" HPOS="257" VPOS="1108" WIDTH="35" HEIGHT="18" WC="0.93" CONTENT="att"/><SP WIDTH="17" VPOS="1108" HPOS="292"/>
							<String ID="string_228" HPOS="309" VPOS="1105" WIDTH="81" HEIGHT="21" WC="0.92" CONTENT="anvisa"/><SP WIDTH="15" VPOS="1105" HPOS="390"/>
							<String ID="string_229" HPOS="405" VPOS="1108" WIDTH="101" HEIGHT="26" WC="0.92" CONTENT="utvägar"/><SP WIDTH="18" VPOS="1108" HPOS="506"/>
							<String ID="string_230" HPOS="524" VPOS="1106" WIDTH="36" HEIGHT="21" WC="0.93" CONTENT="för"/><SP WIDTH="20" VPOS="1106" HPOS="560"/>
							<String ID="string_231" HPOS="580" VPOS="1106" WIDTH="175" HEIGHT="28" WC="0.92" CONTENT="hopbringande"/><SP WIDTH="23" VPOS="1106" HPOS="755"/>
							<String ID="string_232" HPOS="778" VPOS="1105" WIDTH="26" HEIGHT="22" WC="0.96" CONTENT="af"/><SP WIDTH="19" VPOS="1105" HPOS="804"/>
							<String ID="string_233" HPOS="823" VPOS="1105" WIDTH="41" HEIGHT="22" WC="0.96" CONTENT="det"/>
						</TextLine>
						<TextLine ID="line_28" HPOS="106" VPOS="1139" WIDTH="759" HEIGHT="30">
							<String ID="string_234" HPOS="106" VPOS="1139" WIDTH="91" HEIGHT="28" WC="0.91" CONTENT="belopp,"/><SP WIDTH="16" VPOS="1139" HPOS="197"/>
							<String ID="string_235" HPOS="213" VPOS="1146" WIDTH="48" HEIGHT="15" WC="0.93" CONTENT="som"/><SP WIDTH="16" VPOS="1146" HPOS="261"/>
							<String ID="string_236" HPOS="277" VPOS="1139" WIDTH="110" HEIGHT="22" WC="0.91" CONTENT="behöfves"/><SP WIDTH="16" VPOS="1139" HPOS="387"/>
							<String ID="string_237" HPOS="403" VPOS="1139" WIDTH="38" HEIGHT="22" WC="0.93" CONTENT="för"/><SP WIDTH="15" VPOS="1139" HPOS="441"/>
							<String ID="string_238" HPOS="456" VPOS="1140" WIDTH="130" HEIGHT="29" WC="0.92" CONTENT="budgetens"/><SP WIDTH="20" VPOS="1140" HPOS="586"/>
							<String ID="string_239" HPOS="606" VPOS="1141" WIDTH="167" HEIGHT="21" WC="0.92" CONTENT="balanserande"/><SP WIDTH="15" VPOS="1141" HPOS="773"/>
							<String ID="string_240" HPOS="788" VPOS="1140" WIDTH="77" HEIGHT="21" WC="0.96" CONTENT="under"/>
						</TextLine>
						<TextLine ID="line_29" HPOS="107" VPOS="1173" WIDTH="246" HEIGHT="28">
							<String ID="string_241" HPOS="107" VPOS="1173" WIDTH="110" HEIGHT="28" WC="0.92" CONTENT="perioden"/><SP WIDTH="18" VPOS="1173" HPOS="217"/>
							<String ID="string_242" HPOS="235" VPOS="1175" WIDTH="118" HEIGHT="21" WC="0.91" CONTENT="1906—07."/>
						</TextLine>
					</TextBlock>
					<TextBlock ID="block_2" HPOS="106" VPOS="1208" WIDTH="760" HEIGHT="271">
						<TextLine ID="line_30" HPOS="175" VPOS="1208" WIDTH="688" HEIGHT="29">
							<String ID="string_243" HPOS="175" VPOS="1208" WIDTH="12" HEIGHT="21" WC="0.88" CONTENT="I"/><SP WIDTH="16" VPOS="1208" HPOS="187"/>
							<String ID="string_244" HPOS="203" VPOS="1215" WIDTH="31" HEIGHT="14" WC="0.91" CONTENT="nu"/><SP WIDTH="12" VPOS="1215" HPOS="234"/>
							<String ID="string_245" HPOS="246" VPOS="1208" WIDTH="161" HEIGHT="29" WC="0.91" CONTENT="föreliggande"/><SP WIDTH="10" VPOS="1208" HPOS="407"/>
							<String ID="string_246" HPOS="417" VPOS="1209" WIDTH="146" HEIGHT="28" WC="0.93" CONTENT="proposition"/><SP WIDTH="11" VPOS="1209" HPOS="563"/>
							<String ID="string_247" HPOS="574" VPOS="1209" WIDTH="102" HEIGHT="26" WC="0.92" CONTENT="föresläs,"/><SP WIDTH="12" VPOS="1209" HPOS="676"/>
							<String ID="string_248" HPOS="688" VPOS="1212" WIDTH="34" HEIGHT="19" WC="0.93" CONTENT="att"/><SP WIDTH="11" VPOS="1212" HPOS="722"/>
							<String ID="string_249" HPOS="733" VPOS="1209" WIDTH="130" HEIGHT="22" WC="0.92" CONTENT="Ständerna"/>
						</TextLine>
						<TextLine ID="line_31" HPOS="106" VPOS="1242" WIDTH="756" HEIGHT="30">
							<String ID="string_250" HPOS="106" VPOS="1242" WIDTH="36" HEIGHT="21" WC="0.93" CONTENT="för"/><SP WIDTH="21" VPOS="1242" HPOS="142"/>
							<String ID="string_251" HPOS="163" VPOS="1243" WIDTH="118" HEIGHT="28" WC="0.92" CONTENT="reglering"/><SP WIDTH="22" VPOS="1243" HPOS="281"/>
							<String ID="string_252" HPOS="303" VPOS="1243" WIDTH="26" HEIGHT="21" WC="0.93" CONTENT="af"/><SP WIDTH="17" VPOS="1243" HPOS="329"/>
							<String ID="string_253" HPOS="346" VPOS="1243" WIDTH="118" HEIGHT="28" WC="0.91" CONTENT="budgeten"/><SP WIDTH="17" VPOS="1243" HPOS="464"/>
							<String ID="string_254" HPOS="481" VPOS="1244" WIDTH="71" HEIGHT="21" WC="0.92" CONTENT="mätte"/><SP WIDTH="16" VPOS="1244" HPOS="552"/>
							<String ID="string_255" HPOS="568" VPOS="1244" WIDTH="141" HEIGHT="28" WC="0.92" CONTENT="bemyndiga"/><SP WIDTH="15" VPOS="1244" HPOS="709"/>
							<String ID="string_256" HPOS="724" VPOS="1243" WIDTH="138" HEIGHT="29" WC="0.95" CONTENT="regeringen"/>
						</TextLine>
						<TextLine ID="line_32" HPOS="107" VPOS="1276" WIDTH="756" HEIGHT="31">
							<String ID="string_257" HPOS="107" VPOS="1279" WIDTH="35" HEIGHT="18" WC="0.94" CONTENT="att"/><SP WIDTH="25" VPOS="1279" HPOS="142"/>
							<String ID="string_258" HPOS="167" VPOS="1276" WIDTH="73" HEIGHT="22" WC="0.93" CONTENT="under"/><SP WIDTH="25" VPOS="1276" HPOS="240"/>
							<String ID="string_259" HPOS="265" VPOS="1277" WIDTH="117" HEIGHT="28" WC="0.92" CONTENT="perioden,"/><SP WIDTH="23" VPOS="1277" HPOS="382"/>
							<String ID="string_260" HPOS="405" VPOS="1281" WIDTH="44" HEIGHT="18" WC="0.93" CONTENT="när"/><SP WIDTH="23" VPOS="1281" HPOS="449"/>
							<String ID="string_261" HPOS="472" VPOS="1285" WIDTH="98" HEIGHT="21" WC="0.91" CONTENT="gynsam"/><SP WIDTH="23" VPOS="1285" HPOS="570"/>
							<String ID="string_262" HPOS="593" VPOS="1278" WIDTH="112" HEIGHT="29" WC="0.92" CONTENT="tidpunkt"/><SP WIDTH="23" VPOS="1278" HPOS="705"/>
							<String ID="string_263" HPOS="728" VPOS="1278" WIDTH="80" HEIGHT="21" WC="0.92" CONTENT="härför"/><SP WIDTH="20" VPOS="1278" HPOS="808"/>
							<String ID="string_264" HPOS="828" VPOS="1278" WIDTH="35" HEIGHT="21" WC="0.91" CONTENT="in-"/>
						</TextLine>
						<TextLine ID="line_33" HPOS="106" VPOS="1311" WIDTH="757" HEIGHT="29">
							<String ID="string_265" HPOS="106" VPOS="1311" WIDTH="87" HEIGHT="27" WC="0.87" CONTENT="träffar,"/><SP WIDTH="23" VPOS="1311" HPOS="193"/>
							<String ID="string_266" HPOS="216" VPOS="1315" WIDTH="103" HEIGHT="25" WC="0.91" CONTENT="upptaga"/><SP WIDTH="22" VPOS="1315" HPOS="319"/>
							<String ID="string_267" HPOS="341" VPOS="1315" WIDTH="34" HEIGHT="18" WC="0.95" CONTENT="ett"/><SP WIDTH="23" VPOS="1315" HPOS="375"/>
							<String ID="string_268" HPOS="398" VPOS="1312" WIDTH="46" HEIGHT="27" WC="0.96" CONTENT="län,"/><SP WIDTH="19" VPOS="1312" HPOS="444"/>
							<String ID="string_269" HPOS="463" VPOS="1319" WIDTH="50" HEIGHT="15" WC="0.96" CONTENT="som"/><SP WIDTH="17" VPOS="1319" HPOS="513"/>
							<String ID="string_270" HPOS="530" VPOS="1313" WIDTH="58" HEIGHT="21" WC="0.93" CONTENT="dock"/><SP WIDTH="16" VPOS="1313" HPOS="588"/>
							<String ID="string_271" HPOS="604" VPOS="1313" WIDTH="51" HEIGHT="21" WC="0.91" CONTENT="icke"/><SP WIDTH="16" VPOS="1313" HPOS="655"/>
							<String ID="string_272" HPOS="671" VPOS="1313" WIDTH="69" HEIGHT="21" WC="0.96" CONTENT="borde"/><SP WIDTH="17" VPOS="1313" HPOS="740"/>
							<String ID="string_273" HPOS="757" VPOS="1313" WIDTH="25" HEIGHT="21" WC="0.93" CONTENT="af"/><SP WIDTH="14" VPOS="1313" HPOS="782"/>
							<String ID="string_274" HPOS="796" VPOS="1312" WIDTH="67" HEIGHT="21" WC="0.91" CONTENT="Stän-"/>
						</TextLine>
						<TextLine ID="line_34" HPOS="107" VPOS="1345" WIDTH="756" HEIGHT="30">
							<String ID="string_275" HPOS="107" VPOS="1345" WIDTH="71" HEIGHT="22" WC="0.89" CONTENT="derna"/><SP WIDTH="22" VPOS="1345" HPOS="178"/>
							<String ID="string_276" HPOS="200" VPOS="1346" WIDTH="37" HEIGHT="21" WC="0.93" CONTENT="till"/><SP WIDTH="23" VPOS="1346" HPOS="237"/>
							<String ID="string_277" HPOS="260" VPOS="1346" WIDTH="83" HEIGHT="29" WC="0.93" CONTENT="belopp"/><SP WIDTH="16" VPOS="1346" HPOS="343"/>
							<String ID="string_278" HPOS="359" VPOS="1346" WIDTH="57" HEIGHT="21" WC="0.93" CONTENT="eller"/><SP WIDTH="15" VPOS="1346" HPOS="416"/>
							<String ID="string_279" HPOS="431" VPOS="1350" WIDTH="69" HEIGHT="18" WC="0.92" CONTENT="ränta"/><SP WIDTH="14" VPOS="1350" HPOS="500"/>
							<String ID="string_280" HPOS="514" VPOS="1347" WIDTH="88" HEIGHT="27" WC="0.90" CONTENT="fixeras,"/><SP WIDTH="16" VPOS="1347" HPOS="602"/>
							<String ID="string_281" HPOS="618" VPOS="1349" WIDTH="57" HEIGHT="19" WC="0.96" CONTENT="utan"/><SP WIDTH="16" VPOS="1349" HPOS="675"/>
							<String ID="string_282" HPOS="691" VPOS="1347" WIDTH="74" HEIGHT="21" WC="0.96" CONTENT="skulle"/><SP WIDTH="15" VPOS="1347" HPOS="765"/>
							<String ID="string_283" HPOS="780" VPOS="1346" WIDTH="83" HEIGHT="22" WC="0.96" CONTENT="endast"/>
						</TextLine>
						<TextLine ID="line_35" HPOS="107" VPOS="1381" WIDTH="757" HEIGHT="29">
							<String ID="string_284" HPOS="107" VPOS="1381" WIDTH="218" HEIGHT="28" WC="0.91" CONTENT="amorteringstiden"/><SP WIDTH="23" VPOS="1381" HPOS="325"/>
							<String ID="string_285" HPOS="348" VPOS="1383" WIDTH="44" HEIGHT="19" WC="0.93" CONTENT="och"/><SP WIDTH="23" VPOS="1383" HPOS="392"/>
							<String ID="string_286" HPOS="415" VPOS="1381" WIDTH="108" HEIGHT="29" WC="0.92" CONTENT="anslaget"/><SP WIDTH="22" VPOS="1381" HPOS="523"/>
							<String ID="string_287" HPOS="545" VPOS="1382" WIDTH="36" HEIGHT="21" WC="0.93" CONTENT="till"/><SP WIDTH="22" VPOS="1382" HPOS="581"/>
							<String ID="string_288" HPOS="603" VPOS="1382" WIDTH="106" HEIGHT="21" WC="0.92" CONTENT="annuitet"/><SP WIDTH="20" VPOS="1382" HPOS="709"/>
							<String ID="string_289" HPOS="729" VPOS="1381" WIDTH="135" HEIGHT="26" WC="0.93" CONTENT="fastställas,"/>
						</TextLine>
						<TextLine ID="line_36" HPOS="107" VPOS="1415" WIDTH="757" HEIGHT="30">
							<String ID="string_290" HPOS="107" VPOS="1415" WIDTH="134" HEIGHT="28" WC="0.93" CONTENT="hvarjämte,"/><SP WIDTH="16" VPOS="1415" HPOS="241"/>
							<String ID="string_291" HPOS="257" VPOS="1416" WIDTH="74" HEIGHT="21" WC="0.93" CONTENT="under"/><SP WIDTH="15" VPOS="1416" HPOS="331"/>
							<String ID="string_292" HPOS="346" VPOS="1415" WIDTH="172" HEIGHT="30" WC="0.92" CONTENT="förutsättning"/><SP WIDTH="15" VPOS="1415" HPOS="518"/>
							<String ID="string_293" HPOS="533" VPOS="1419" WIDTH="35" HEIGHT="18" WC="0.93" CONTENT="att"/><SP WIDTH="15" VPOS="1419" HPOS="568"/>
							<String ID="string_294" HPOS="583" VPOS="1417" WIDTH="64" HEIGHT="21" WC="0.93" CONTENT="länet"/><SP WIDTH="15" VPOS="1417" HPOS="647"/>
							<String ID="string_295" HPOS="662" VPOS="1417" WIDTH="77" HEIGHT="21" WC="0.93" CONTENT="kunde"/><SP WIDTH="10" VPOS="1417" HPOS="739"/>
							<String ID="string_296" HPOS="749" VPOS="1419" WIDTH="115" HEIGHT="26" WC="0.91" CONTENT="upptagas"/>
						</TextLine>
						<TextLine ID="line_37" HPOS="106" VPOS="1449" WIDTH="760" HEIGHT="30">
							<String ID="string_297" HPOS="106" VPOS="1449" WIDTH="73" HEIGHT="21" WC="0.93" CONTENT="under"/><SP WIDTH="16" VPOS="1449" HPOS="179"/>
							<String ID="string_298" HPOS="195" VPOS="1449" WIDTH="80" HEIGHT="29" WC="0.92" CONTENT="loppet"/><SP WIDTH="15" VPOS="1449" HPOS="275"/>
							<String ID="string_299" HPOS="290" VPOS="1450" WIDTH="26" HEIGHT="21" WC="0.96" CONTENT="af"/><SP WIDTH="13" VPOS="1450" HPOS="316"/>
							<String ID="string_300" HPOS="329" VPOS="1451" WIDTH="24" HEIGHT="20" WC="0.96" CONTENT="är"/><SP WIDTH="17" VPOS="1451" HPOS="353"/>
							<String ID="string_301" HPOS="370" VPOS="1452" WIDTH="62" HEIGHT="26" WC="0.96" CONTENT="1907,"/><SP WIDTH="17" VPOS="1452" HPOS="432"/>
							<String ID="string_302" HPOS="449" VPOS="1451" WIDTH="91" HEIGHT="21" WC="0.96" CONTENT="hälften"/><SP WIDTH="16" VPOS="1451" HPOS="540"/>
							<String ID="string_303" HPOS="556" VPOS="1451" WIDTH="26" HEIGHT="21" WC="0.93" CONTENT="af"/><SP WIDTH="14" VPOS="1451" HPOS="582"/>
							<String ID="string_304" HPOS="596" VPOS="1451" WIDTH="135" HEIGHT="21" WC="0.92" CONTENT="annuiteten"/><SP WIDTH="15" VPOS="1451" HPOS="731"/>
							<String ID="string_305" HPOS="746" VPOS="1451" WIDTH="120" HEIGHT="28" WC="0.93" CONTENT="upptagits"/>
						</TextLine>
					</TextBlock>
				</ComposedBlock>
				<ComposedBlock ID="cblock_2" HPOS="177" VPOS="1496" WIDTH="371" HEIGHT="20">
					<TextBlock ID="block_3" HPOS="177" VPOS="1496" WIDTH="371" HEIGHT="20">
						<TextLine ID="line_38" HPOS="177" VPOS="1496" WIDTH="371" HEIGHT="20">
							<String ID="string_306" HPOS="177" VPOS="1496" WIDTH="141" HEIGHT="18" WC="0.86" CONTENT="Statsutskottets"/><SP WIDTH="13" VPOS="1496" HPOS="318"/>
							<String ID="string_307" HPOS="331" VPOS="1497" WIDTH="110" HEIGHT="18" WC="0.96" CONTENT="betänkande"/><SP WIDTH="13" VPOS="1497" HPOS="441"/>
							<String ID="string_308" HPOS="454" VPOS="1497" WIDTH="39" HEIGHT="18" WC="0.96" CONTENT="N:o"/><SP WIDTH="12" VPOS="1497" HPOS="493"/>
							<String ID="string_309" HPOS="505" VPOS="1499" WIDTH="11" HEIGHT="16" WC="0.95" CONTENT="4"/><SP WIDTH="10" VPOS="1499" HPOS="516"/>
							<String ID="string_310" HPOS="526" VPOS="1498" WIDTH="22" HEIGHT="18" WC="0.95" CONTENT="A."/>
						</TextLine>
					</TextBlock>
				</ComposedBlock>
			</PrintSpace>
		</Page>
	</Layout>
</alto>
