1098 1753
225 154 26 19 18

222 217 96 22 därmed
333 217 126 29 uppgjordt
474 218 89 29 förslag
577 219 35 21 till
630 218 272 29 landtdagsproposition.
929 218 44 21 Nå-
989 223 4 3 '

224 255 40 26 got
280 253 151 22 meddelande
447 255 121 27 angående
585 255 46 21 den
642 255 134 21 reviderade
787 254 185 21 konventionens

222 289 142 22 ratifikation
379 289 42 22 har
436 290 128 21 emellertid
580 291 46 20 tills
642 291 54 21 dato
710 291 49 21 icke
770 290 52 21 från
834 290 139 21 Statssekre-

221 325 92 22 tariatet
336 325 81 28 ingått,
441 326 109 22 hvarföre
573 326 81 22 vidare
676 326 105 28 åtgärder
801 326 8 21 i
825 326 71 21 saken
921 326 52 21 från

221 360 30 22 K.
269 360 112 22 Senatens
397 362 50 21 sida
462 362 50 22 icke
528 362 118 28 vidtagits.

293 396 81 22 Under
390 398 28 21 de
433 398 176 28 förhandlingar
625 405 49 14 som
695 397 120 29 föregingo
832 397 141 22 afslutandet

221 432 24 21 af
260 432 249 29 Haag-konventionen
525 434 24 21 af
558 436 24 19 år
596 437 56 19 1896
668 434 41 21 har
723 434 8 21 i
741 434 109 21 afseende
866 436 13 18 ä
889 433 83 28 frågan

222 475 36 14 om
275 468 161 22 internationel
452 469 121 29 rättshjälp
594 470 136 21 framhållits
747 472 74 18 såsom
839 469 132 26 önskvärdt,

221 506 34 19 att
278 505 227 29 rättegångsafgifter
529 506 23 20 af
576 508 33 18 ett
624 506 55 21 eller
696 508 69 18 annat
778 505 51 28 slag
845 504 18 29 ej
881 505 90 21 komme

221 543 33 18 att
270 540 119 22 utkräfvas
403 541 36 21 för
449 541 153 22 meddelande
614 542 23 21 af
647 541 175 28 handräckning
833 544 22 18 åt
863 541 108 21 utländsk

221 576 106 22 domstol.
359 577 12 21 I
391 576 150 22 betraktande
562 578 66 21 häraf
648 578 59 21 hade
726 577 29 21 K.
773 577 100 21 Senaten
888 577 8 21 i
913 584 57 14 sam-

220 612 118 28 manhang
368 613 52 21 med
447 613 74 29 öfriga
547 613 35 21 uti
608 614 62 21 detta
697 616 65 18 ämne
788 613 112 28 vidtagna
925 613 45 21 för-

220 647 131 23 beredande
372 648 267 30 lagstiftningsåtgärder
654 649 110 29 uppgjort
780 649 87 28 förslag
882 649 35 21 till
933 652 38 18 än-

220 683 70 29 dring
306 684 23 21 af
345 684 106 28 gällande
467 685 138 28 förordning
621 692 37 14 om
674 685 217 28 expeditionslösen,
907 685 63 21 inne-

218 719 105 22 fattande
339 720 108 22 befrielse
463 721 36 22 för
510 721 28 22 de
549 721 9 21 i
568 721 171 22 konventionen
754 721 137 28 deltagande
902 721 69 21 främ-

218 755 85 22 mande
319 758 113 19 staternas
449 757 125 21 domstolar
587 757 52 21 från
650 757 64 21 lösen
731 757 35 21 för
777 757 77 21 finska
865 757 105 28 myndig-

218 791 77 22 heters
313 792 156 28 expeditioner
485 793 7 20 i
508 793 79 28 dylika
604 793 106 26 ärenden,
722 792 127 29 hvarjämte
859 793 110 28 Regerin-

218 834 53 21 gen,
289 831 54 18 enär
354 835 87 14 samma
451 829 73 21 motiv
535 829 67 28 gälde
612 829 146 21 beträffande
769 829 201 28 stämpelskyldig-

217 863 78 26 heten,
312 867 29 25 på
354 866 45 19 sätt
409 865 71 21 ofvan
491 865 121 28 antyddes,
624 865 33 21 uti
668 865 111 28 förslaget
789 865 34 21 till
835 865 134 28 stämpelbe-

218 899 106 28 villning,
333 900 107 28 upptagit
448 901 143 20 främmande
600 903 56 19 stats
666 900 98 22 domstol
773 900 55 21 eller
833 900 137 29 myndighet

217 934 73 22 bland
298 935 59 26 dem,
370 943 48 14 som
431 936 71 28 enligt
513 936 14 29 &
539 939 12 19 5
561 943 55 14 vore
624 936 102 21 befriade
735 937 52 20 från
796 936 172 28 stämpelafgift.

290 971 258 29 Bevillningsutskottet
556 972 42 21 har
606 973 36 20 för
651 972 36 21 sin
696 972 51 22 deli
755 972 90 29 princip
854 972 50 21 haft
912 972 58 21 intet

217 1009 34 18 att
267 1007 75 21 erinra
358 1011 61 18 emot
435 1008 38 21 det
483 1008 8 21 i
503 1008 45 21 den
562 1008 85 28 nådiga
657 1008 174 29 propositionen
841 1007 129 28 framlagda

216 1077 120 23 Utskottet
359 1078 70 22 likväl
452 1079 121 26 betraktat,
594 1082 32 18 att
642 1080 28 20 de
687 1080 23 20 af
725 1078 172 22 konventionen
913 1079 56 21 eller

217 1113 199 23 konventionerna
431 1115 136 21 föranledda
582 1115 273 29 lagstiftningsåtgärder,
871 1122 48 14 som
931 1116 38 27 på-

216 1149 62 21 kalla
301 1150 141 22 Ständernas
466 1151 147 26 medverkan,
638 1152 71 20 varda
731 1151 98 21 föremål
846 1150 37 22 för
899 1150 71 28 nådig

215 1186 145 28 proposition
383 1186 35 22 till
439 1187 75 21 denna
530 1187 56 21 eller
604 1189 76 26 någon
697 1186 138 22 kommande
850 1186 118 28 landtdag.

288 1223 161 28 Inbyggarene
473 1224 7 20 i
499 1224 161 28 Lappmarken
679 1224 70 21 hafva
769 1223 26 22 af
809 1224 62 20 ålder
886 1223 60 21 varit
961 1223 8 21 i

217 1257 137 29 åtnjutande
378 1259 25 21 af
425 1260 111 21 särskilda
559 1260 115 21 lättnader
695 1260 41 21 och
753 1259 122 25 förmåner,
891 1259 78 21 hvilka

215 1294 51 21 haft
282 1294 35 21 sin
334 1295 75 27 grund
426 1296 7 20 i
449 1296 63 20 detta
527 1296 125 28 landskaps
669 1295 101 28 aflägsna
781 1295 51 28 läge
843 1295 42 21 och
897 1302 70 21 ogyn-

215 1336 88 15 samma
326 1330 174 22 existensvilkor
523 1334 59 18 samt
602 1331 7 21 i
630 1331 163 21 sträfvandena
811 1330 36 22 för
863 1331 104 28 upphjäl-

214 1366 77 27 pande
312 1366 25 21 af
354 1366 176 29 befolkningens
547 1367 147 21 ekonomiska
710 1367 109 28 ställning
835 1367 42 21 och
893 1366 74 22 befor-

214 1401 88 21 drande
327 1402 26 21 af
365 1402 90 21 landets
471 1402 134 29 uppodling.
638 1403 42 21 Till
697 1403 66 21 dessa
779 1402 132 29 privilegier
926 1402 41 21 hör

214 1436 70 22 äfven
307 1437 70 22 frihet
399 1437 52 22 från
475 1438 138 29 erläggande
635 1438 23 21 af
682 1438 166 29 stämpelskatt,
872 1438 95 21 hvarom

213 1473 145 28 stadganden
373 1473 75 29 ingätt
463 1474 7 21 i
487 1474 43 21 alla
546 1474 70 22 sedan
633 1476 23 19 är
675 1476 55 20 1842
748 1473 135 22 emanerade
898 1476 69 19 stäm-

212 1503 208 38 pelförordningar.
