1106 1753
323 152 29 21 U.
368 152 28 21 B.
412 164 27 2 —
458 152 71 27 Prop.
548 151 43 22 N:o
607 152 21 20 5.
846 151 12 19 5

167 220 51 22 Den
241 220 301 22 kommunikationsfonden
562 220 75 29 enligt
660 221 13 27 &
695 222 24 20 10
737 221 6 20 i
760 220 98 21 Förord-

98 255 87 28 ningen
201 256 25 20 af
240 255 44 21 den
301 257 12 20 9
330 255 57 21 Juni
406 256 54 21 1892
477 255 120 28 angäende
621 255 140 28 försäljning
785 262 28 14 m.
831 262 28 13 m.

98 289 24 22 af
143 289 97 21 bränvin
264 289 43 21 och
330 289 73 21 andra
426 289 89 22 brända
539 289 57 21 eller
619 288 143 22 distillerade
791 288 68 28 sprit-

98 324 98 28 drycker
212 323 139 22 tillfallande
368 324 99 20 andelen
483 324 26 21 af
523 323 182 28 utskänknings-
729 323 44 21 och
790 322 68 22 utmi-

98 357 234 29 nuteringsbolagens
349 357 140 22 vinstmedel
504 357 109 29 utgjorde
637 359 92 23 874,000
753 357 65 21 mark
834 357 25 20 är

100 393 61 24 1903,
176 393 92 26 927,300
284 392 65 21 mark
366 392 25 21 är
409 393 54 21 1904
479 392 44 21 och
542 393 93 26 986,500
661 392 64 21 mark
749 392 26 21 är
799 393 60 20 1905.

98 427 12 21 I
126 426 72 21 likhet
213 426 51 21 med
280 427 175 28 propositionen
477 427 42 21 har
541 427 123 21 Utskottet
687 429 76 18 ansett
783 425 76 22 denna

99 461 68 22 andel
178 461 79 21 kunna
274 461 111 21 beräknas
402 461 37 21 till
455 463 91 25 900,000
562 461 65 21 mark
643 461 36 21 för
694 461 125 21 hvartdera
837 460 26 21 af

100 496 54 21 åren
172 497 53 21 1906
241 495 43 22 och
301 497 61 22 1907,
378 495 57 22 eller
451 496 154 21 tillsammans
617 495 35 22 till
665 497 113 24 1,800.000
789 495 70 21 mark.

99 530 91 28 Lägges
207 530 77 21 denna
300 537 88 14 summa
412 530 37 21 till
473 530 39 21 det
535 530 99 28 tidigare
655 529 151 29 kalkylerade
826 530 34 20 in-

99 564 192 28 komstbeloppet,
304 564 98 21 erhälles
416 565 75 21 säsom
505 564 137 22 slutsumma
655 564 60 21 Fmk
728 565 131 25 12,805,000.

168 599 34 21 Pä
217 598 75 29 grund
308 598 26 22 af
347 599 63 21 hvad
425 599 124 22 Utskottet
565 599 97 21 sälunda
677 598 136 27 framhällit,
825 598 36 21 fär

99 633 121 22 Utskottet
236 633 119 21 vördsamt
370 634 124 21 hemställa
509 641 37 14 om
562 633 171 29 godkännande
750 633 26 21 af

376 705 34 18 att
417 703 126 20 inkomsten
552 703 29 27 af
586 702 275 27 bränvinstillvärknings-

306 737 84 20 skutten
413 737 73 21 under
507 737 54 21 ären
575 738 62 20 1906
651 737 39 21 och
706 738 62 20 1907
785 737 74 20 beräk-

306 778 42 13 nas
372 771 35 21 till
428 773 143 25 10,775,000
593 772 69 26 mark,
685 771 174 27 utskänknings-

306 805 86 22 skatten
416 806 36 21 till
477 807 88 25 50,000
587 806 68 25 mark,
678 806 39 21 och
745 806 42 20 den
808 805 54 27 frän

306 840 230 28 distilleringsvärken
558 841 126 27 inflytande
707 840 152 21 kontrollkost-

307 875 73 20 naden
397 875 36 20 till
448 876 103 25 180,000
567 875 74 25 mark;
658 877 58 18 sami

376 946 34 19 att
436 944 43 21 den
505 944 286 27 kommunikationsfonden
818 943 43 20 till-

307 978 100 27 fallande
430 979 94 20 andelen
539 979 30 26 af
580 979 171 26 utskänknings-
767 978 38 21 och
824 979 36 19 ut-

309 1013 254 27 minuteringsbolagens
579 1013 129 20 vinstmedel
723 1013 71 20 under
808 1012 54 21 ären

308 1048 60 19 1906
394 1047 39 20 och
460 1048 61 19 1907
547 1047 106 20 beräknas
679 1047 34 20 till
736 1047 127 26 1,800,000

308 1081 69 21 mark.

169 1143 34 21 Pä
226 1143 183 22 Statsutskottet
432 1144 136 21 ankommer
591 1144 79 21 vidare
687 1147 34 18 att
736 1143 75 22 uttala
827 1144 36 27 sig

100 1177 144 22 beträffande
267 1179 11 27 &
302 1179 12 20 2
338 1178 7 21 i
364 1178 40 21 det
420 1179 8 20 i
445 1179 176 28 propositionen
640 1179 96 28 intagna
752 1178 112 28 förslaget

100 1211 37 22 till
160 1211 144 30 förordning,
319 1213 168 21 innefattande
507 1213 172 21 bestämmelser
695 1220 36 14 om
747 1213 116 21 bränvins-

99 1247 98 21 skattens
212 1248 155 21 användande.

169 1281 35 22 Ur
227 1281 207 22 bränvinsskatten
450 1282 44 21 har
509 1282 152 22 härförinnan
676 1283 78 28 utgätt
770 1283 94 20 kostna-

102 1315 72 22 derna
194 1315 36 22 för
253 1316 133 21 kontrollen
410 1317 68 21 öfver
501 1317 296 28 bränvinstillvärkningen
821 1316 42 21 och

100 1349 37 22 för
159 1350 131 21 beifrandet
316 1351 26 20 af
365 1351 183 22 öfverträdelser
571 1351 26 21 af
618 1351 245 22 bränvinsförfattnin-

100 1391 74 21 garna
196 1387 61 19 samt
279 1385 139 28 ytterligare
443 1385 37 21 till
504 1385 134 29 fördelning
661 1386 84 20 mellan
761 1386 103 20 kommu-

100 1426 73 14 nerna
195 1419 131 29 ersättning
342 1419 36 21 för
401 1420 46 20 den
465 1420 151 21 ekonomiska
631 1420 90 27 förlust,
737 1427 47 14 som
802 1420 63 20 hem-

100 1460 168 21 mansegarena
282 1454 31 28 pä
328 1453 82 21 landet
427 1454 45 21 och
489 1454 119 22 städernas
624 1454 141 21 innevänare
776 1456 88 19 ansetts

170 1499 144 18 Statsutskottets
327 1500 114 17 betänkande
454 1500 39 17 N:o
505 1502 18 16 3.
