<?xml version="1.0" encoding="UTF-8"?>
<alto xmlns="http://www.loc.gov/standards/alto/ns-v3#" xmlns:xlink="http://www.w3.org/1999/xlink" xmlns:xsi="http://www.w3.org/2001/XMLSchema-instance" xsi:schemaLocation="http://www.loc.gov/standards/alto/ns-v3# http://www.loc.gov/alto/v3/alto-3-0.xsd">
	<Description>
		<MeasurementUnit>pixel</MeasurementUnit>
		<sourceImageInformation>
			<fileName>/tmp/tess_8s9logbm_input.PNG</fileName>
		</sourceImageInformation>
		<OCRProcessing ID="OCR_0">
			<ocrProcessingStep>
				<processingSoftware>
					<softwareName>tesseract 5.3.4</softwareName>
				</processingSoftware>
			</ocrProcessingStep>
		</OCRProcessing>
	</Description>
	<Layout>
		<Page WIDTH="1103" HEIGHT="1756" PHYSICAL_IMG_NR="0" ID="page_0">
			<PrintSpace HPOS="0" VPOS="0" WIDTH="1103" HEIGHT="1756">
				<ComposedBlock ID="cblock_0" HPOS="276" VPOS="136" WIDTH="383" HEIGHT="22">
					<TextBlock ID="block_0" HPOS="276" VPOS="136" WIDTH="383" HEIGHT="22">
						<TextLine ID="line_0" HPOS="276" VPOS="136" WIDTH="383" HEIGHT="22">
							<String ID="string_0" HPOS="276" VPOS="136" WIDTH="13" HEIGHT="20" WC="0.78" CONTENT="6"/><SP WIDTH="302" VPOS="136" HPOS="289"/>
							<String ID="string_1" HPOS="591" VPOS="136" WIDTH="42" HEIGHT="21" WC="0.92" CONTENT="N:o"/><SP WIDTH="14" VPOS="136" HPOS="633"/>
							<String ID="string_2" HPOS="647" VPOS="137" WIDTH="12" HEIGHT="21" WC="0.93" CONTENT="7"/>
						</TextLine>
					</TextBlock>
				</ComposedBlock>
				<ComposedBlock ID="cblock_1" HPOS="241" VPOS="204" WIDTH="761" HEIGHT="1266">
					<TextBlock ID="block_1" HPOS="247" VPOS="204" WIDTH="755" HEIGHT="63">
						<TextLine ID="line_1" HPOS="315" VPOS="204" WIDTH="687" HEIGHT="29">
							<String ID="string_3" HPOS="315" VPOS="204" WIDTH="28" HEIGHT="21" WC="0.90" CONTENT="II."/><SP WIDTH="30" VPOS="204" HPOS="343"/>
							<String ID="string_4" HPOS="373" VPOS="205" WIDTH="173" HEIGHT="28" WC="0.92" CONTENT="Nybyggnader"/><SP WIDTH="15" VPOS="205" HPOS="546"/>
							<String ID="string_5" HPOS="561" VPOS="206" WIDTH="13" HEIGHT="20" WC="0.91" CONTENT="å"/><SP WIDTH="16" VPOS="206" HPOS="574"/>
							<String ID="string_6" HPOS="590" VPOS="205" WIDTH="27" HEIGHT="21" WC="0.94" CONTENT="de"/><SP WIDTH="16" VPOS="205" HPOS="617"/>
							<String ID="string_7" HPOS="633" VPOS="205" WIDTH="90" HEIGHT="27" WC="0.96" CONTENT="färdiga"/><SP WIDTH="19" VPOS="205" HPOS="723"/>
							<String ID="string_8" HPOS="742" VPOS="205" WIDTH="101" HEIGHT="21" WC="0.96" CONTENT="banorna"/><SP WIDTH="16" VPOS="205" HPOS="843"/>
							<String ID="string_9" HPOS="859" VPOS="204" WIDTH="39" HEIGHT="22" WC="0.96" CONTENT="och"/><SP WIDTH="18" VPOS="204" HPOS="898"/>
							<String ID="string_10" HPOS="916" VPOS="204" WIDTH="86" HEIGHT="28" WC="0.96" CONTENT="ökning"/>
						</TextLine>
						<TextLine ID="line_2" HPOS="247" VPOS="239" WIDTH="336" HEIGHT="28">
							<String ID="string_11" HPOS="247" VPOS="239" WIDTH="23" HEIGHT="21" WC="0.83" CONTENT="af"/><SP WIDTH="15" VPOS="239" HPOS="270"/>
							<String ID="string_12" HPOS="285" VPOS="239" WIDTH="42" HEIGHT="21" WC="0.96" CONTENT="den"/><SP WIDTH="16" VPOS="239" HPOS="327"/>
							<String ID="string_13" HPOS="343" VPOS="239" WIDTH="85" HEIGHT="28" WC="0.93" CONTENT="rörliga"/><SP WIDTH="15" VPOS="239" HPOS="428"/>
							<String ID="string_14" HPOS="443" VPOS="240" WIDTH="140" HEIGHT="20" WC="0.92" CONTENT="materielen:"/>
						</TextLine>
					</TextBlock>
					<TextBlock ID="block_2" HPOS="245" VPOS="273" WIDTH="757" HEIGHT="400">
						<TextLine ID="line_3" HPOS="314" VPOS="273" WIDTH="688" HEIGHT="29">
							<String ID="string_15" HPOS="314" VPOS="273" WIDTH="42" HEIGHT="21" WC="0.96" CONTENT="Uti"/><SP WIDTH="16" VPOS="273" HPOS="356"/>
							<String ID="string_16" HPOS="372" VPOS="273" WIDTH="37" HEIGHT="21" WC="0.96" CONTENT="det"/><SP WIDTH="17" VPOS="273" HPOS="409"/>
							<String ID="string_17" HPOS="426" VPOS="274" WIDTH="22" HEIGHT="20" WC="0.93" CONTENT="af"/><SP WIDTH="15" VPOS="274" HPOS="448"/>
							<String ID="string_18" HPOS="463" VPOS="274" WIDTH="229" HEIGHT="28" WC="0.91" CONTENT="Järnvägsstyrelsen"/><SP WIDTH="11" VPOS="274" HPOS="692"/>
							<String ID="string_19" HPOS="703" VPOS="273" WIDTH="129" HEIGHT="29" WC="0.96" CONTENT="uppgjorda"/><SP WIDTH="10" VPOS="273" HPOS="832"/>
							<String ID="string_20" HPOS="842" VPOS="273" WIDTH="110" HEIGHT="28" WC="0.96" CONTENT="förslaget"/><SP WIDTH="12" VPOS="273" HPOS="952"/>
							<String ID="string_21" HPOS="964" VPOS="274" WIDTH="38" HEIGHT="20" WC="0.96" CONTENT="till"/>
						</TextLine>
						<TextLine ID="line_4" HPOS="245" VPOS="308" WIDTH="756" HEIGHT="28">
							<String ID="string_22" HPOS="245" VPOS="308" WIDTH="168" HEIGHT="28" WC="0.96" CONTENT="nybyggnader"/><SP WIDTH="17" VPOS="308" HPOS="413"/>
							<String ID="string_23" HPOS="430" VPOS="308" WIDTH="40" HEIGHT="21" WC="0.96" CONTENT="och"/><SP WIDTH="17" VPOS="308" HPOS="470"/>
							<String ID="string_24" HPOS="487" VPOS="316" WIDTH="32" HEIGHT="20" WC="0.96" CONTENT="ny"/><SP WIDTH="15" VPOS="316" HPOS="519"/>
							<String ID="string_25" HPOS="534" VPOS="308" WIDTH="71" HEIGHT="28" WC="0.96" CONTENT="rörlig"/><SP WIDTH="16" VPOS="308" HPOS="605"/>
							<String ID="string_26" HPOS="621" VPOS="308" WIDTH="100" HEIGHT="21" WC="0.96" CONTENT="materiel"/><SP WIDTH="17" VPOS="308" HPOS="721"/>
							<String ID="string_27" HPOS="738" VPOS="308" WIDTH="35" HEIGHT="21" WC="0.96" CONTENT="för"/><SP WIDTH="16" VPOS="308" HPOS="773"/>
							<String ID="string_28" HPOS="789" VPOS="308" WIDTH="54" HEIGHT="20" WC="0.93" CONTENT="åren"/><SP WIDTH="11" VPOS="308" HPOS="843"/>
							<String ID="string_29" HPOS="854" VPOS="308" WIDTH="147" HEIGHT="27" WC="0.91" CONTENT="1905—1907,"/>
						</TextLine>
						<TextLine ID="line_5" HPOS="246" VPOS="342" WIDTH="756" HEIGHT="28">
							<String ID="string_30" HPOS="246" VPOS="342" WIDTH="89" HEIGHT="21" WC="0.93" CONTENT="hvilket"/><SP WIDTH="18" VPOS="342" HPOS="335"/>
							<String ID="string_31" HPOS="353" VPOS="342" WIDTH="85" HEIGHT="28" WC="0.92" CONTENT="bilagts"/><SP WIDTH="15" VPOS="342" HPOS="438"/>
							<String ID="string_32" HPOS="453" VPOS="342" WIDTH="44" HEIGHT="21" WC="0.96" CONTENT="den"/><SP WIDTH="16" VPOS="342" HPOS="497"/>
							<String ID="string_33" HPOS="513" VPOS="342" WIDTH="84" HEIGHT="28" WC="0.95" CONTENT="nådiga"/><SP WIDTH="16" VPOS="342" HPOS="597"/>
							<String ID="string_34" HPOS="613" VPOS="342" WIDTH="170" HEIGHT="28" WC="0.95" CONTENT="propositionen"/><SP WIDTH="12" VPOS="342" HPOS="783"/>
							<String ID="string_35" HPOS="795" VPOS="342" WIDTH="34" HEIGHT="21" WC="0.96" CONTENT="till"/><SP WIDTH="13" VPOS="342" HPOS="829"/>
							<String ID="string_36" HPOS="842" VPOS="344" WIDTH="88" HEIGHT="19" WC="0.93" CONTENT="senaste"/><SP WIDTH="12" VPOS="344" HPOS="930"/>
							<String ID="string_37" HPOS="942" VPOS="344" WIDTH="60" HEIGHT="19" WC="0.89" CONTENT="stän-"/>
						</TextLine>
						<TextLine ID="line_6" HPOS="246" VPOS="376" WIDTH="756" HEIGHT="29">
							<String ID="string_38" HPOS="246" VPOS="376" WIDTH="107" HEIGHT="28" WC="0.91" CONTENT="dermöte,"/><SP WIDTH="17" VPOS="376" HPOS="353"/>
							<String ID="string_39" HPOS="370" VPOS="376" WIDTH="57" HEIGHT="22" WC="0.95" CONTENT="hade"/><SP WIDTH="16" VPOS="376" HPOS="427"/>
							<String ID="string_40" HPOS="443" VPOS="376" WIDTH="152" HEIGHT="22" WC="0.96" CONTENT="kostnaderna"/><SP WIDTH="15" VPOS="376" HPOS="595"/>
							<String ID="string_41" HPOS="610" VPOS="376" WIDTH="35" HEIGHT="22" WC="0.96" CONTENT="för"/><SP WIDTH="10" VPOS="376" HPOS="645"/>
							<String ID="string_42" HPOS="655" VPOS="376" WIDTH="167" HEIGHT="29" WC="0.95" CONTENT="nybyggnader"/><SP WIDTH="13" VPOS="376" HPOS="822"/>
							<String ID="string_43" HPOS="835" VPOS="376" WIDTH="121" HEIGHT="22" WC="0.96" CONTENT="beräknats"/><SP WIDTH="10" VPOS="376" HPOS="956"/>
							<String ID="string_44" HPOS="966" VPOS="376" WIDTH="36" HEIGHT="21" WC="0.96" CONTENT="till"/>
						</TextLine>
						<TextLine ID="line_7" HPOS="246" VPOS="410" WIDTH="754" HEIGHT="29">
							<String ID="string_45" HPOS="246" VPOS="411" WIDTH="169" HEIGHT="27" WC="0.92" CONTENT="sammanlagdt"/><SP WIDTH="15" VPOS="411" HPOS="415"/>
							<String ID="string_46" HPOS="430" VPOS="411" WIDTH="129" HEIGHT="28" WC="0.92" CONTENT="31,136,300"/><SP WIDTH="14" VPOS="411" HPOS="559"/>
							<String ID="string_47" HPOS="573" VPOS="412" WIDTH="64" HEIGHT="20" WC="0.96" CONTENT="mark"/><SP WIDTH="16" VPOS="412" HPOS="637"/>
							<String ID="string_48" HPOS="653" VPOS="413" WIDTH="59" HEIGHT="19" WC="0.96" CONTENT="samt"/><SP WIDTH="14" VPOS="413" HPOS="712"/>
							<String ID="string_49" HPOS="726" VPOS="410" WIDTH="36" HEIGHT="22" WC="0.96" CONTENT="för"/><SP WIDTH="15" VPOS="410" HPOS="762"/>
							<String ID="string_50" HPOS="777" VPOS="418" WIDTH="31" HEIGHT="21" WC="0.96" CONTENT="ny"/><SP WIDTH="10" VPOS="418" HPOS="808"/>
							<String ID="string_51" HPOS="818" VPOS="411" WIDTH="71" HEIGHT="28" WC="0.96" CONTENT="rörlig"/><SP WIDTH="10" VPOS="411" HPOS="889"/>
							<String ID="string_52" HPOS="899" VPOS="410" WIDTH="101" HEIGHT="22" WC="0.96" CONTENT="materiel"/>
						</TextLine>
						<TextLine ID="line_8" HPOS="246" VPOS="445" WIDTH="756" HEIGHT="28">
							<String ID="string_53" HPOS="246" VPOS="445" WIDTH="36" HEIGHT="20" WC="0.93" CONTENT="till"/><SP WIDTH="17" VPOS="445" HPOS="282"/>
							<String ID="string_54" HPOS="299" VPOS="445" WIDTH="127" HEIGHT="28" WC="0.84" CONTENT="19.080,000"/><SP WIDTH="16" VPOS="445" HPOS="426"/>
							<String ID="string_55" HPOS="442" VPOS="446" WIDTH="67" HEIGHT="20" WC="0.92" CONTENT="mark."/><SP WIDTH="30" VPOS="446" HPOS="509"/>
							<String ID="string_56" HPOS="539" VPOS="445" WIDTH="42" HEIGHT="22" WC="0.90" CONTENT="Uti"/><SP WIDTH="19" VPOS="445" HPOS="581"/>
							<String ID="string_57" HPOS="600" VPOS="445" WIDTH="43" HEIGHT="22" WC="0.93" CONTENT="den"/><SP WIDTH="17" VPOS="445" HPOS="643"/>
							<String ID="string_58" HPOS="660" VPOS="445" WIDTH="84" HEIGHT="28" WC="0.96" CONTENT="nådiga"/><SP WIDTH="14" VPOS="445" HPOS="744"/>
							<String ID="string_59" HPOS="758" VPOS="445" WIDTH="171" HEIGHT="28" WC="0.93" CONTENT="propositionen"/><SP WIDTH="15" VPOS="445" HPOS="929"/>
							<String ID="string_60" HPOS="944" VPOS="445" WIDTH="58" HEIGHT="21" WC="0.96" CONTENT="hade"/>
						</TextLine>
						<TextLine ID="line_9" HPOS="245" VPOS="479" WIDTH="756" HEIGHT="29">
							<String ID="string_61" HPOS="245" VPOS="479" WIDTH="66" HEIGHT="22" WC="0.86" CONTENT="dessa"/><SP WIDTH="23" VPOS="479" HPOS="311"/>
							<String ID="string_62" HPOS="334" VPOS="480" WIDTH="168" HEIGHT="28" WC="0.86" CONTENT="anslagsposter"/><SP WIDTH="22" VPOS="480" HPOS="502"/>
							<String ID="string_63" HPOS="524" VPOS="480" WIDTH="143" HEIGHT="21" WC="0.87" CONTENT="nedskattats"/><SP WIDTH="21" VPOS="480" HPOS="667"/>
							<String ID="string_64" HPOS="688" VPOS="480" WIDTH="36" HEIGHT="21" WC="0.93" CONTENT="till"/><SP WIDTH="19" VPOS="480" HPOS="724"/>
							<String ID="string_65" HPOS="743" VPOS="487" WIDTH="56" HEIGHT="20" WC="0.93" CONTENT="resp."/><SP WIDTH="18" VPOS="487" HPOS="799"/>
							<String ID="string_66" HPOS="817" VPOS="479" WIDTH="127" HEIGHT="28" WC="0.92" CONTENT="14,000,000"/><SP WIDTH="16" VPOS="479" HPOS="944"/>
							<String ID="string_67" HPOS="960" VPOS="479" WIDTH="41" HEIGHT="21" WC="0.96" CONTENT="och"/>
						</TextLine>
						<TextLine ID="line_10" HPOS="247" VPOS="514" WIDTH="755" HEIGHT="29">
							<String ID="string_68" HPOS="247" VPOS="514" WIDTH="129" HEIGHT="27" WC="0.91" CONTENT="10,000,000"/><SP WIDTH="14" VPOS="514" HPOS="376"/>
							<String ID="string_69" HPOS="390" VPOS="515" WIDTH="64" HEIGHT="20" WC="0.96" CONTENT="mark"/><SP WIDTH="15" VPOS="515" HPOS="454"/>
							<String ID="string_70" HPOS="469" VPOS="514" WIDTH="35" HEIGHT="21" WC="0.96" CONTENT="för"/><SP WIDTH="11" VPOS="514" HPOS="504"/>
							<String ID="string_71" HPOS="515" VPOS="522" WIDTH="86" HEIGHT="14" WC="0.93" CONTENT="samma"/><SP WIDTH="15" VPOS="522" HPOS="601"/>
							<String ID="string_72" HPOS="616" VPOS="515" WIDTH="131" HEIGHT="28" WC="0.95" CONTENT="tidsperiod."/><SP WIDTH="24" VPOS="515" HPOS="747"/>
							<String ID="string_73" HPOS="771" VPOS="514" WIDTH="51" HEIGHT="21" WC="0.96" CONTENT="Den"/><SP WIDTH="16" VPOS="514" HPOS="822"/>
							<String ID="string_74" HPOS="838" VPOS="514" WIDTH="23" HEIGHT="21" WC="0.93" CONTENT="af"/><SP WIDTH="15" VPOS="514" HPOS="861"/>
							<String ID="string_75" HPOS="876" VPOS="514" WIDTH="126" HEIGHT="21" WC="0.91" CONTENT="Ständerna"/>
						</TextLine>
						<TextLine ID="line_11" HPOS="246" VPOS="548" WIDTH="755" HEIGHT="29">
							<String ID="string_76" HPOS="246" VPOS="551" WIDTH="101" HEIGHT="25" WC="0.95" CONTENT="antagna"/><SP WIDTH="15" VPOS="551" HPOS="347"/>
							<String ID="string_77" HPOS="362" VPOS="549" WIDTH="43" HEIGHT="20" WC="0.96" CONTENT="och"/><SP WIDTH="15" VPOS="549" HPOS="405"/>
							<String ID="string_78" HPOS="420" VPOS="549" WIDTH="22" HEIGHT="21" WC="0.96" CONTENT="af"/><SP WIDTH="15" VPOS="549" HPOS="442"/>
							<String ID="string_79" HPOS="457" VPOS="549" WIDTH="64" HEIGHT="21" WC="0.93" CONTENT="Hans"/><SP WIDTH="20" VPOS="549" HPOS="521"/>
							<String ID="string_80" HPOS="541" VPOS="549" WIDTH="130" HEIGHT="28" WC="0.94" CONTENT="Kejserliga"/><SP WIDTH="18" VPOS="549" HPOS="671"/>
							<String ID="string_81" HPOS="689" VPOS="549" WIDTH="107" HEIGHT="28" WC="0.93" CONTENT="Majestät"/><SP WIDTH="15" VPOS="549" HPOS="796"/>
							<String ID="string_82" HPOS="811" VPOS="548" WIDTH="119" HEIGHT="21" WC="0.93" CONTENT="faststälda"/><SP WIDTH="15" VPOS="548" HPOS="930"/>
							<String ID="string_83" HPOS="945" VPOS="548" WIDTH="56" HEIGHT="21" WC="0.92" CONTENT="bud-"/>
						</TextLine>
						<TextLine ID="line_12" HPOS="245" VPOS="582" WIDTH="756" HEIGHT="30">
							<String ID="string_84" HPOS="245" VPOS="585" WIDTH="70" HEIGHT="25" WC="0.92" CONTENT="geten"/><SP WIDTH="14" VPOS="585" HPOS="315"/>
							<String ID="string_85" HPOS="329" VPOS="582" WIDTH="36" HEIGHT="22" WC="0.96" CONTENT="för"/><SP WIDTH="16" VPOS="582" HPOS="365"/>
							<String ID="string_86" HPOS="381" VPOS="584" WIDTH="24" HEIGHT="20" WC="0.95" CONTENT="är"/><SP WIDTH="16" VPOS="584" HPOS="405"/>
							<String ID="string_87" HPOS="421" VPOS="584" WIDTH="55" HEIGHT="21" WC="0.93" CONTENT="1905"/><SP WIDTH="15" VPOS="584" HPOS="476"/>
							<String ID="string_88" HPOS="491" VPOS="586" WIDTH="114" HEIGHT="26" WC="0.92" CONTENT="upptager"/><SP WIDTH="15" VPOS="586" HPOS="605"/>
							<String ID="string_89" HPOS="620" VPOS="585" WIDTH="48" HEIGHT="20" WC="0.92" CONTENT="äter"/><SP WIDTH="15" VPOS="585" HPOS="668"/>
							<String ID="string_90" HPOS="683" VPOS="583" WIDTH="36" HEIGHT="22" WC="0.93" CONTENT="för"/><SP WIDTH="14" VPOS="583" HPOS="719"/>
							<String ID="string_91" HPOS="733" VPOS="583" WIDTH="167" HEIGHT="29" WC="0.90" CONTENT="nybyggnader"/><SP WIDTH="15" VPOS="583" HPOS="900"/>
							<String ID="string_92" HPOS="915" VPOS="586" WIDTH="33" HEIGHT="18" WC="0.93" CONTENT="ett"/><SP WIDTH="15" VPOS="586" HPOS="948"/>
							<String ID="string_93" HPOS="963" VPOS="590" WIDTH="38" HEIGHT="13" WC="0.93" CONTENT="an-"/>
						</TextLine>
						<TextLine ID="line_13" HPOS="245" VPOS="617" WIDTH="757" HEIGHT="28">
							<String ID="string_94" HPOS="245" VPOS="617" WIDTH="50" HEIGHT="28" WC="0.95" CONTENT="slag"/><SP WIDTH="24" VPOS="617" HPOS="295"/>
							<String ID="string_95" HPOS="319" VPOS="617" WIDTH="22" HEIGHT="21" WC="0.92" CONTENT="af"/><SP WIDTH="23" VPOS="617" HPOS="341"/>
							<String ID="string_96" HPOS="364" VPOS="617" WIDTH="113" HEIGHT="28" WC="0.92" CONTENT="7,100,000"/><SP WIDTH="20" VPOS="617" HPOS="477"/>
							<String ID="string_97" HPOS="497" VPOS="618" WIDTH="63" HEIGHT="21" WC="0.96" CONTENT="mark"/><SP WIDTH="16" VPOS="618" HPOS="560"/>
							<String ID="string_98" HPOS="576" VPOS="618" WIDTH="42" HEIGHT="21" WC="0.96" CONTENT="och"/><SP WIDTH="16" VPOS="618" HPOS="618"/>
							<String ID="string_99" HPOS="634" VPOS="617" WIDTH="34" HEIGHT="22" WC="0.96" CONTENT="för"/><SP WIDTH="16" VPOS="617" HPOS="668"/>
							<String ID="string_100" HPOS="684" VPOS="618" WIDTH="69" HEIGHT="27" WC="0.92" CONTENT="rörlig"/><SP WIDTH="16" VPOS="618" HPOS="753"/>
							<String ID="string_101" HPOS="769" VPOS="618" WIDTH="103" HEIGHT="21" WC="0.92" CONTENT="materiel"/><SP WIDTH="15" VPOS="618" HPOS="872"/>
							<String ID="string_102" HPOS="887" VPOS="617" WIDTH="115" HEIGHT="28" WC="0.90" CONTENT="3,000,000"/>
						</TextLine>
						<TextLine ID="line_14" HPOS="245" VPOS="651" WIDTH="69" HEIGHT="22">
							<String ID="string_103" HPOS="245" VPOS="651" WIDTH="69" HEIGHT="22" WC="0.96" CONTENT="mark."/>
						</TextLine>
					</TextBlock>
					<TextBlock ID="block_3" HPOS="243" VPOS="686" WIDTH="758" HEIGHT="398">
						<TextLine ID="line_15" HPOS="317" VPOS="686" WIDTH="683" HEIGHT="29">
							<String ID="string_104" HPOS="317" VPOS="686" WIDTH="42" HEIGHT="21" WC="0.95" CONTENT="Vid"/><SP WIDTH="16" VPOS="686" HPOS="359"/>
							<String ID="string_105" HPOS="375" VPOS="686" WIDTH="38" HEIGHT="21" WC="0.93" CONTENT="det"/><SP WIDTH="15" VPOS="686" HPOS="413"/>
							<String ID="string_106" HPOS="428" VPOS="687" WIDTH="146" HEIGHT="20" WC="0.91" CONTENT="förenämnda"/><SP WIDTH="17" VPOS="687" HPOS="574"/>
							<String ID="string_107" HPOS="591" VPOS="687" WIDTH="22" HEIGHT="20" WC="0.93" CONTENT="af"/><SP WIDTH="15" VPOS="687" HPOS="613"/>
							<String ID="string_108" HPOS="628" VPOS="687" WIDTH="227" HEIGHT="28" WC="0.90" CONTENT="Järnvägsstyrelsen"/><SP WIDTH="17" VPOS="687" HPOS="855"/>
							<String ID="string_109" HPOS="872" VPOS="686" WIDTH="128" HEIGHT="28" WC="0.92" CONTENT="uppgjorda"/>
						</TextLine>
						<TextLine ID="line_16" HPOS="244" VPOS="719" WIDTH="757" HEIGHT="30">
							<String ID="string_110" HPOS="244" VPOS="719" WIDTH="88" HEIGHT="30" WC="0.91" CONTENT="förslag"/><SP WIDTH="21" VPOS="719" HPOS="332"/>
							<String ID="string_111" HPOS="353" VPOS="721" WIDTH="158" HEIGHT="21" WC="0.91" CONTENT="underkastats"/><SP WIDTH="26" VPOS="721" HPOS="511"/>
							<String ID="string_112" HPOS="537" VPOS="721" WIDTH="95" HEIGHT="28" WC="0.91" CONTENT="förnyad"/><SP WIDTH="24" VPOS="721" HPOS="632"/>
							<String ID="string_113" HPOS="656" VPOS="721" WIDTH="141" HEIGHT="28" WC="0.91" CONTENT="granskning"/><SP WIDTH="20" VPOS="721" HPOS="797"/>
							<String ID="string_114" HPOS="817" VPOS="721" WIDTH="40" HEIGHT="21" WC="0.93" CONTENT="har"/><SP WIDTH="20" VPOS="721" HPOS="857"/>
							<String ID="string_115" HPOS="877" VPOS="721" WIDTH="124" HEIGHT="28" WC="0.92" CONTENT="Järnvägs-"/>
						</TextLine>
						<TextLine ID="line_17" HPOS="245" VPOS="755" WIDTH="756" HEIGHT="27">
							<String ID="string_116" HPOS="245" VPOS="755" WIDTH="111" HEIGHT="27" WC="0.93" CONTENT="styrelsen"/><SP WIDTH="17" VPOS="755" HPOS="356"/>
							<String ID="string_117" HPOS="373" VPOS="755" WIDTH="116" HEIGHT="22" WC="0.92" CONTENT="anmodats"/><SP WIDTH="16" VPOS="755" HPOS="489"/>
							<String ID="string_118" HPOS="505" VPOS="758" WIDTH="40" HEIGHT="24" WC="0.96" CONTENT="att,"/><SP WIDTH="13" VPOS="758" HPOS="545"/>
							<String ID="string_119" HPOS="558" VPOS="755" WIDTH="50" HEIGHT="21" WC="0.93" CONTENT="med"/><SP WIDTH="13" VPOS="755" HPOS="608"/>
							<String ID="string_120" HPOS="621" VPOS="755" WIDTH="105" HEIGHT="22" WC="0.92" CONTENT="afseende"/><SP WIDTH="11" VPOS="755" HPOS="726"/>
							<String ID="string_121" HPOS="737" VPOS="756" WIDTH="12" HEIGHT="20" WC="0.63" CONTENT="ä"/><SP WIDTH="12" VPOS="756" HPOS="749"/>
							<String ID="string_122" HPOS="761" VPOS="755" WIDTH="37" HEIGHT="21" WC="0.93" CONTENT="det"/><SP WIDTH="11" VPOS="755" HPOS="798"/>
							<String ID="string_123" HPOS="809" VPOS="755" WIDTH="99" HEIGHT="21" WC="0.93" CONTENT="rådande"/><SP WIDTH="10" VPOS="755" HPOS="908"/>
							<String ID="string_124" HPOS="918" VPOS="755" WIDTH="83" HEIGHT="21" WC="0.92" CONTENT="finans-"/>
						</TextLine>
						<TextLine ID="line_18" HPOS="244" VPOS="789" WIDTH="757" HEIGHT="29">
							<String ID="string_125" HPOS="244" VPOS="789" WIDTH="69" HEIGHT="28" WC="0.93" CONTENT="läget,"/><SP WIDTH="20" VPOS="789" HPOS="313"/>
							<String ID="string_126" HPOS="333" VPOS="789" WIDTH="104" HEIGHT="28" WC="0.92" CONTENT="iakttaga"/><SP WIDTH="17" VPOS="789" HPOS="437"/>
							<String ID="string_127" HPOS="454" VPOS="789" WIDTH="82" HEIGHT="29" WC="0.93" CONTENT="möjlig"/><SP WIDTH="20" VPOS="789" HPOS="536"/>
							<String ID="string_128" HPOS="556" VPOS="790" WIDTH="146" HEIGHT="27" WC="0.92" CONTENT="sparsamhet."/><SP WIDTH="30" VPOS="790" HPOS="702"/>
							<String ID="string_129" HPOS="732" VPOS="790" WIDTH="40" HEIGHT="21" WC="0.92" CONTENT="Uti"/><SP WIDTH="15" VPOS="790" HPOS="772"/>
							<String ID="string_130" HPOS="787" VPOS="790" WIDTH="93" HEIGHT="28" WC="0.91" CONTENT="bilagda"/><SP WIDTH="16" VPOS="790" HPOS="880"/>
							<String ID="string_131" HPOS="896" VPOS="789" WIDTH="22" HEIGHT="21" WC="0.93" CONTENT="af"/><SP WIDTH="16" VPOS="789" HPOS="918"/>
							<String ID="string_132" HPOS="934" VPOS="790" WIDTH="67" HEIGHT="20" WC="0.92" CONTENT="Järn-"/>
						</TextLine>
						<TextLine ID="line_19" HPOS="244" VPOS="823" WIDTH="756" HEIGHT="30">
							<String ID="string_133" HPOS="244" VPOS="824" WIDTH="169" HEIGHT="27" WC="0.84" CONTENT="vägsstyrelsen"/><SP WIDTH="17" VPOS="824" HPOS="413"/>
							<String ID="string_134" HPOS="430" VPOS="824" WIDTH="49" HEIGHT="21" WC="0.93" CONTENT="med"/><SP WIDTH="17" VPOS="824" HPOS="479"/>
							<String ID="string_135" HPOS="496" VPOS="824" WIDTH="124" HEIGHT="28" WC="0.96" CONTENT="anledning"/><SP WIDTH="15" VPOS="824" HPOS="620"/>
							<String ID="string_136" HPOS="635" VPOS="824" WIDTH="65" HEIGHT="21" WC="0.95" CONTENT="häraf"/><SP WIDTH="14" VPOS="824" HPOS="700"/>
							<String ID="string_137" HPOS="714" VPOS="824" WIDTH="130" HEIGHT="29" WC="0.93" CONTENT="uppgjorda"/><SP WIDTH="15" VPOS="824" HPOS="844"/>
							<String ID="string_138" HPOS="859" VPOS="832" WIDTH="45" HEIGHT="20" WC="0.96" CONTENT="nya"/><SP WIDTH="11" VPOS="832" HPOS="904"/>
							<String ID="string_139" HPOS="915" VPOS="823" WIDTH="85" HEIGHT="28" WC="0.96" CONTENT="förslag"/>
						</TextLine>
						<TextLine ID="line_20" HPOS="244" VPOS="857" WIDTH="756" HEIGHT="30">
							<String ID="string_140" HPOS="244" VPOS="857" WIDTH="70" HEIGHT="22" WC="0.95" CONTENT="hafva"/><SP WIDTH="15" VPOS="857" HPOS="314"/>
							<String ID="string_141" HPOS="329" VPOS="858" WIDTH="75" HEIGHT="21" WC="0.96" CONTENT="derför"/><SP WIDTH="18" VPOS="858" HPOS="404"/>
							<String ID="string_142" HPOS="422" VPOS="859" WIDTH="43" HEIGHT="20" WC="0.93" CONTENT="alla"/><SP WIDTH="18" VPOS="859" HPOS="465"/>
							<String ID="string_143" HPOS="483" VPOS="859" WIDTH="84" HEIGHT="21" WC="0.96" CONTENT="sådana"/><SP WIDTH="18" VPOS="859" HPOS="567"/>
							<String ID="string_144" HPOS="585" VPOS="859" WIDTH="80" HEIGHT="28" WC="0.93" CONTENT="anslag"/><SP WIDTH="22" VPOS="859" HPOS="665"/>
							<String ID="string_145" HPOS="687" VPOS="860" WIDTH="142" HEIGHT="27" WC="0.91" CONTENT="utelemnats,"/><SP WIDTH="20" VPOS="860" HPOS="829"/>
							<String ID="string_146" HPOS="849" VPOS="859" WIDTH="78" HEIGHT="21" WC="0.96" CONTENT="hvilka"/><SP WIDTH="18" VPOS="859" HPOS="927"/>
							<String ID="string_147" HPOS="945" VPOS="861" WIDTH="55" HEIGHT="18" WC="0.96" CONTENT="utan"/>
						</TextLine>
						<TextLine ID="line_21" HPOS="244" VPOS="892" WIDTH="757" HEIGHT="29">
							<String ID="string_148" HPOS="244" VPOS="892" WIDTH="169" HEIGHT="29" WC="0.90" CONTENT="väsendtligare"/><SP WIDTH="6" VPOS="892" HPOS="413"/>
							<String ID="string_149" HPOS="419" VPOS="893" WIDTH="121" HEIGHT="28" WC="0.88" CONTENT="olägenhet"/><SP WIDTH="5" VPOS="893" HPOS="540"/>
							<String ID="string_150" HPOS="545" VPOS="893" WIDTH="35" HEIGHT="21" WC="0.88" CONTENT="för"/><SP WIDTH="6" VPOS="893" HPOS="580"/>
							<String ID="string_151" HPOS="586" VPOS="894" WIDTH="95" HEIGHT="20" WC="0.96" CONTENT="trafiken"/><SP WIDTH="9" VPOS="894" HPOS="681"/>
							<String ID="string_152" HPOS="690" VPOS="893" WIDTH="42" HEIGHT="22" WC="0.93" CONTENT="och"/><SP WIDTH="7" VPOS="893" HPOS="732"/>
							<String ID="string_153" HPOS="739" VPOS="893" WIDTH="163" HEIGHT="28" WC="0.91" CONTENT="järnvägarnas"/><SP WIDTH="9" VPOS="893" HPOS="902"/>
							<String ID="string_154" HPOS="911" VPOS="893" WIDTH="90" HEIGHT="28" WC="0.91" CONTENT="exploa-"/>
						</TextLine>
						<TextLine ID="line_22" HPOS="244" VPOS="927" WIDTH="756" HEIGHT="28">
							<String ID="string_155" HPOS="244" VPOS="927" WIDTH="74" HEIGHT="21" WC="0.91" CONTENT="tation"/><SP WIDTH="16" VPOS="927" HPOS="318"/>
							<String ID="string_156" HPOS="334" VPOS="927" WIDTH="151" HEIGHT="22" WC="0.92" CONTENT="öfverhufvud"/><SP WIDTH="15" VPOS="927" HPOS="485"/>
							<String ID="string_157" HPOS="500" VPOS="931" WIDTH="86" HEIGHT="18" WC="0.96" CONTENT="ansetts"/><SP WIDTH="16" VPOS="931" HPOS="586"/>
							<String ID="string_158" HPOS="602" VPOS="928" WIDTH="77" HEIGHT="21" WC="0.96" CONTENT="kunna"/><SP WIDTH="14" VPOS="928" HPOS="679"/>
							<String ID="string_159" HPOS="693" VPOS="928" WIDTH="35" HEIGHT="21" WC="0.96" CONTENT="för"/><SP WIDTH="14" VPOS="928" HPOS="728"/>
							<String ID="string_160" HPOS="742" VPOS="929" WIDTH="77" HEIGHT="26" WC="0.96" CONTENT="någon"/><SP WIDTH="14" VPOS="929" HPOS="819"/>
							<String ID="string_161" HPOS="833" VPOS="928" WIDTH="34" HEIGHT="21" WC="0.93" CONTENT="tid"/><SP WIDTH="14" VPOS="928" HPOS="867"/>
							<String ID="string_162" HPOS="881" VPOS="927" WIDTH="119" HEIGHT="28" WC="0.92" CONTENT="framskju-"/>
						</TextLine>
						<TextLine ID="line_23" HPOS="244" VPOS="961" WIDTH="756" HEIGHT="29">
							<String ID="string_163" HPOS="244" VPOS="964" WIDTH="41" HEIGHT="18" WC="0.95" CONTENT="tas."/><SP WIDTH="23" VPOS="964" HPOS="285"/>
							<String ID="string_164" HPOS="308" VPOS="961" WIDTH="34" HEIGHT="21" WC="0.95" CONTENT="De"/><SP WIDTH="12" VPOS="961" HPOS="342"/>
							<String ID="string_165" HPOS="354" VPOS="961" WIDTH="22" HEIGHT="21" WC="0.93" CONTENT="af"/><SP WIDTH="10" VPOS="961" HPOS="376"/>
							<String ID="string_166" HPOS="386" VPOS="962" WIDTH="227" HEIGHT="28" WC="0.91" CONTENT="Järnvägsstyrelsen"/><SP WIDTH="12" VPOS="962" HPOS="613"/>
							<String ID="string_167" HPOS="625" VPOS="962" WIDTH="93" HEIGHT="21" WC="0.95" CONTENT="sålunda"/><SP WIDTH="9" VPOS="962" HPOS="718"/>
							<String ID="string_168" HPOS="727" VPOS="970" WIDTH="31" HEIGHT="12" WC="0.95" CONTENT="nu"/><SP WIDTH="7" VPOS="970" HPOS="758"/>
							<String ID="string_169" HPOS="765" VPOS="962" WIDTH="119" HEIGHT="21" WC="0.95" CONTENT="förordade"/><SP WIDTH="8" VPOS="962" HPOS="884"/>
							<String ID="string_170" HPOS="892" VPOS="962" WIDTH="108" HEIGHT="28" WC="0.95" CONTENT="anslagen"/>
						</TextLine>
						<TextLine ID="line_24" HPOS="243" VPOS="995" WIDTH="757" HEIGHT="29">
							<String ID="string_171" HPOS="243" VPOS="998" WIDTH="84" HEIGHT="25" WC="0.96" CONTENT="utgöra"/><SP WIDTH="17" VPOS="998" HPOS="327"/>
							<String ID="string_172" HPOS="344" VPOS="995" WIDTH="35" HEIGHT="21" WC="0.96" CONTENT="för"/><SP WIDTH="19" VPOS="995" HPOS="379"/>
							<String ID="string_173" HPOS="398" VPOS="996" WIDTH="51" HEIGHT="21" WC="0.96" CONTENT="åren"/><SP WIDTH="20" VPOS="996" HPOS="449"/>
							<String ID="string_174" HPOS="469" VPOS="995" WIDTH="56" HEIGHT="22" WC="0.96" CONTENT="1906"/><SP WIDTH="16" VPOS="995" HPOS="525"/>
							<String ID="string_175" HPOS="541" VPOS="996" WIDTH="40" HEIGHT="21" WC="0.96" CONTENT="och"/><SP WIDTH="18" VPOS="996" HPOS="581"/>
							<String ID="string_176" HPOS="599" VPOS="996" WIDTH="55" HEIGHT="21" WC="0.95" CONTENT="1907"/><SP WIDTH="16" VPOS="996" HPOS="654"/>
							<String ID="string_177" HPOS="670" VPOS="996" WIDTH="158" HEIGHT="21" WC="0.95" CONTENT="tillsammans:"/><SP WIDTH="17" VPOS="996" HPOS="828"/>
							<String ID="string_178" HPOS="845" VPOS="996" WIDTH="35" HEIGHT="21" WC="0.93" CONTENT="för"/><SP WIDTH="14" VPOS="996" HPOS="880"/>
							<String ID="string_179" HPOS="894" VPOS="996" WIDTH="106" HEIGHT="28" WC="0.90" CONTENT="nybygg-"/>
						</TextLine>
						<TextLine ID="line_25" HPOS="244" VPOS="1029" WIDTH="757" HEIGHT="29">
							<String ID="string_180" HPOS="244" VPOS="1029" WIDTH="70" HEIGHT="21" WC="0.92" CONTENT="nader"/><SP WIDTH="22" VPOS="1029" HPOS="314"/>
							<String ID="string_181" HPOS="336" VPOS="1030" WIDTH="115" HEIGHT="27" WC="0.91" CONTENT="4,877,580"/><SP WIDTH="19" VPOS="1030" HPOS="451"/>
							<String ID="string_182" HPOS="470" VPOS="1030" WIDTH="64" HEIGHT="21" WC="0.96" CONTENT="mark"/><SP WIDTH="19" VPOS="1030" HPOS="534"/>
							<String ID="string_183" HPOS="553" VPOS="1033" WIDTH="58" HEIGHT="18" WC="0.96" CONTENT="samt"/><SP WIDTH="20" VPOS="1033" HPOS="611"/>
							<String ID="string_184" HPOS="631" VPOS="1030" WIDTH="35" HEIGHT="21" WC="0.96" CONTENT="för"/><SP WIDTH="16" VPOS="1030" HPOS="666"/>
							<String ID="string_185" HPOS="682" VPOS="1030" WIDTH="71" HEIGHT="28" WC="0.96" CONTENT="rörlig"/><SP WIDTH="16" VPOS="1030" HPOS="753"/>
							<String ID="string_186" HPOS="769" VPOS="1030" WIDTH="101" HEIGHT="21" WC="0.93" CONTENT="materiel"/><SP WIDTH="16" VPOS="1030" HPOS="870"/>
							<String ID="string_187" HPOS="886" VPOS="1030" WIDTH="115" HEIGHT="27" WC="0.92" CONTENT="6,329,000"/>
						</TextLine>
						<TextLine ID="line_26" HPOS="244" VPOS="1064" WIDTH="71" HEIGHT="20">
							<String ID="string_188" HPOS="244" VPOS="1064" WIDTH="71" HEIGHT="20" WC="0.96" CONTENT="mark."/>
						</TextLine>
					</TextBlock>
					<TextBlock ID="block_4" HPOS="243" VPOS="1098" WIDTH="757" HEIGHT="62">
						<TextLine ID="line_27" HPOS="313" VPOS="1098" WIDTH="687" HEIGHT="30">
							<String ID="string_189" HPOS="313" VPOS="1098" WIDTH="75" HEIGHT="21" WC="0.94" CONTENT="Bland"/><SP WIDTH="17" VPOS="1098" HPOS="388"/>
							<String ID="string_190" HPOS="405" VPOS="1100" WIDTH="108" HEIGHT="28" WC="0.96" CONTENT="anslagen"/><SP WIDTH="14" VPOS="1100" HPOS="513"/>
							<String ID="string_191" HPOS="527" VPOS="1099" WIDTH="36" HEIGHT="21" WC="0.97" CONTENT="för"/><SP WIDTH="15" VPOS="1099" HPOS="563"/>
							<String ID="string_192" HPOS="578" VPOS="1100" WIDTH="167" HEIGHT="28" WC="0.96" CONTENT="nybyggnader"/><SP WIDTH="16" VPOS="1100" HPOS="745"/>
							<String ID="string_193" HPOS="761" VPOS="1102" WIDTH="37" HEIGHT="18" WC="0.96" CONTENT="äro"/><SP WIDTH="16" VPOS="1102" HPOS="798"/>
							<String ID="string_194" HPOS="814" VPOS="1099" WIDTH="100" HEIGHT="28" WC="0.95" CONTENT="följande"/><SP WIDTH="16" VPOS="1099" HPOS="914"/>
							<String ID="string_195" HPOS="930" VPOS="1102" WIDTH="70" HEIGHT="18" WC="0.90" CONTENT="större"/>
						</TextLine>
						<TextLine ID="line_28" HPOS="243" VPOS="1134" WIDTH="230" HEIGHT="26">
							<String ID="string_196" HPOS="243" VPOS="1136" WIDTH="78" HEIGHT="24" WC="0.96" CONTENT="poster"/><SP WIDTH="17" VPOS="1136" HPOS="321"/>
							<String ID="string_197" HPOS="338" VPOS="1135" WIDTH="33" HEIGHT="19" WC="0.96" CONTENT="att"/><SP WIDTH="15" VPOS="1135" HPOS="371"/>
							<String ID="string_198" HPOS="386" VPOS="1134" WIDTH="87" HEIGHT="20" WC="0.96" CONTENT="märka:"/>
						</TextLine>
					</TextBlock>
					<TextBlock ID="block_5" HPOS="241" VPOS="1168" WIDTH="760" HEIGHT="268">
						<TextLine ID="line_29" HPOS="314" VPOS="1168" WIDTH="686" HEIGHT="29">
							<String ID="string_199" HPOS="314" VPOS="1168" WIDTH="17" HEIGHT="20" WC="0.92" CONTENT="1."/><SP WIDTH="30" VPOS="1168" HPOS="331"/>
							<String ID="string_200" HPOS="361" VPOS="1168" WIDTH="46" HEIGHT="20" WC="0.96" CONTENT="För"/><SP WIDTH="16" VPOS="1168" HPOS="407"/>
							<String ID="string_201" HPOS="423" VPOS="1168" WIDTH="41" HEIGHT="21" WC="0.93" CONTENT="den"/><SP WIDTH="17" VPOS="1168" HPOS="464"/>
							<String ID="string_202" HPOS="481" VPOS="1168" WIDTH="119" HEIGHT="21" WC="0.91" CONTENT="tillernade"/><SP WIDTH="11" VPOS="1168" HPOS="600"/>
							<String ID="string_203" HPOS="611" VPOS="1169" WIDTH="152" HEIGHT="28" WC="0.96" CONTENT="omdaningen"/><SP WIDTH="11" VPOS="1169" HPOS="763"/>
							<String ID="string_204" HPOS="774" VPOS="1169" WIDTH="23" HEIGHT="21" WC="0.90" CONTENT="af"/><SP WIDTH="11" VPOS="1169" HPOS="797"/>
							<String ID="string_205" HPOS="808" VPOS="1169" WIDTH="33" HEIGHT="21" WC="0.96" CONTENT="S:t"/><SP WIDTH="10" VPOS="1169" HPOS="841"/>
							<String ID="string_206" HPOS="851" VPOS="1168" WIDTH="149" HEIGHT="28" WC="0.96" CONTENT="Petersburgs"/>
						</TextLine>
						<TextLine ID="line_30" HPOS="243" VPOS="1201" WIDTH="756" HEIGHT="29">
							<String ID="string_207" HPOS="243" VPOS="1201" WIDTH="103" HEIGHT="28" WC="0.96" CONTENT="bangård"/><SP WIDTH="26" VPOS="1201" HPOS="346"/>
							<String ID="string_208" HPOS="372" VPOS="1201" WIDTH="74" HEIGHT="25" WC="0.96" CONTENT="borde,"/><SP WIDTH="24" VPOS="1201" HPOS="446"/>
							<String ID="string_209" HPOS="470" VPOS="1202" WIDTH="73" HEIGHT="28" WC="0.96" CONTENT="enligt"/><SP WIDTH="21" VPOS="1202" HPOS="543"/>
							<String ID="string_210" HPOS="564" VPOS="1202" WIDTH="37" HEIGHT="21" WC="0.93" CONTENT="det"/><SP WIDTH="24" VPOS="1202" HPOS="601"/>
							<String ID="string_211" HPOS="625" VPOS="1202" WIDTH="77" HEIGHT="22" WC="0.96" CONTENT="härför"/><SP WIDTH="24" VPOS="1202" HPOS="702"/>
							<String ID="string_212" HPOS="726" VPOS="1202" WIDTH="133" HEIGHT="22" WC="0.95" CONTENT="utarbetade"/><SP WIDTH="24" VPOS="1202" HPOS="859"/>
							<String ID="string_213" HPOS="883" VPOS="1202" WIDTH="116" HEIGHT="28" WC="0.96" CONTENT="förslaget,"/>
						</TextLine>
						<TextLine ID="line_31" HPOS="243" VPOS="1235" WIDTH="758" HEIGHT="29">
							<String ID="string_214" HPOS="243" VPOS="1235" WIDTH="80" HEIGHT="21" WC="0.96" CONTENT="främst"/><SP WIDTH="17" VPOS="1235" HPOS="323"/>
							<String ID="string_215" HPOS="340" VPOS="1238" WIDTH="33" HEIGHT="18" WC="0.96" CONTENT="ett"/><SP WIDTH="14" VPOS="1238" HPOS="373"/>
							<String ID="string_216" HPOS="387" VPOS="1235" WIDTH="97" HEIGHT="29" WC="0.96" CONTENT="höjande"/><SP WIDTH="17" VPOS="1235" HPOS="484"/>
							<String ID="string_217" HPOS="501" VPOS="1236" WIDTH="22" HEIGHT="21" WC="0.96" CONTENT="af"/><SP WIDTH="15" VPOS="1236" HPOS="523"/>
							<String ID="string_218" HPOS="538" VPOS="1236" WIDTH="73" HEIGHT="21" WC="0.96" CONTENT="banan"/><SP WIDTH="17" VPOS="1236" HPOS="611"/>
							<String ID="string_219" HPOS="628" VPOS="1240" WIDTH="101" HEIGHT="18" WC="0.96" CONTENT="närmast"/><SP WIDTH="15" VPOS="1240" HPOS="729"/>
							<String ID="string_220" HPOS="744" VPOS="1236" WIDTH="33" HEIGHT="22" WC="0.95" CONTENT="S:t"/><SP WIDTH="12" VPOS="1236" HPOS="777"/>
							<String ID="string_221" HPOS="789" VPOS="1236" WIDTH="145" HEIGHT="28" WC="0.96" CONTENT="Petersburg,"/><SP WIDTH="13" VPOS="1236" HPOS="934"/>
							<String ID="string_222" HPOS="947" VPOS="1236" WIDTH="54" HEIGHT="21" WC="0.96" CONTENT="eller"/>
						</TextLine>
						<TextLine ID="line_32" HPOS="242" VPOS="1268" WIDTH="759" HEIGHT="31">
							<String ID="string_223" HPOS="242" VPOS="1268" WIDTH="51" HEIGHT="22" WC="0.93" CONTENT="från"/><SP WIDTH="23" VPOS="1268" HPOS="293"/>
							<String ID="string_224" HPOS="316" VPOS="1270" WIDTH="101" HEIGHT="20" WC="0.91" CONTENT="Baburin"/><SP WIDTH="25" VPOS="1270" HPOS="417"/>
							<String ID="string_225" HPOS="442" VPOS="1271" WIDTH="108" HEIGHT="27" WC="0.89" CONTENT="pereulok"/><SP WIDTH="23" VPOS="1271" HPOS="550"/>
							<String ID="string_226" HPOS="573" VPOS="1271" WIDTH="35" HEIGHT="21" WC="0.92" CONTENT="till"/><SP WIDTH="24" VPOS="1271" HPOS="608"/>
							<String ID="string_227" HPOS="632" VPOS="1271" WIDTH="112" HEIGHT="28" WC="0.92" CONTENT="Udelnaja"/><SP WIDTH="27" VPOS="1271" HPOS="744"/>
							<String ID="string_228" HPOS="771" VPOS="1271" WIDTH="91" HEIGHT="27" WC="0.93" CONTENT="station,"/><SP WIDTH="20" VPOS="1271" HPOS="862"/>
							<String ID="string_229" HPOS="882" VPOS="1278" WIDTH="42" HEIGHT="21" WC="0.92" CONTENT="ega"/><SP WIDTH="20" VPOS="1278" HPOS="924"/>
							<String ID="string_230" HPOS="944" VPOS="1278" WIDTH="57" HEIGHT="13" WC="0.96" CONTENT="rum."/>
						</TextLine>
						<TextLine ID="line_33" HPOS="243" VPOS="1303" WIDTH="757" HEIGHT="30">
							<String ID="string_231" HPOS="243" VPOS="1303" WIDTH="196" HEIGHT="23" WC="0.87" CONTENT="Totalkostnaden"/><SP WIDTH="17" VPOS="1303" HPOS="439"/>
							<String ID="string_232" HPOS="456" VPOS="1304" WIDTH="35" HEIGHT="22" WC="0.96" CONTENT="för"/><SP WIDTH="15" VPOS="1304" HPOS="491"/>
							<String ID="string_233" HPOS="506" VPOS="1305" WIDTH="93" HEIGHT="27" WC="0.96" CONTENT="arbetet,"/><SP WIDTH="18" VPOS="1305" HPOS="599"/>
							<String ID="string_234" HPOS="617" VPOS="1312" WIDTH="48" HEIGHT="14" WC="0.93" CONTENT="som"/><SP WIDTH="19" VPOS="1312" HPOS="665"/>
							<String ID="string_235" HPOS="684" VPOS="1306" WIDTH="114" HEIGHT="20" WC="0.93" CONTENT="allaredan"/><SP WIDTH="16" VPOS="1306" HPOS="798"/>
							<String ID="string_236" HPOS="814" VPOS="1306" WIDTH="76" HEIGHT="27" WC="0.95" CONTENT="pågår,"/><SP WIDTH="16" VPOS="1306" HPOS="890"/>
							<String ID="string_237" HPOS="906" VPOS="1305" WIDTH="41" HEIGHT="21" WC="0.93" CONTENT="har"/><SP WIDTH="17" VPOS="1305" HPOS="947"/>
							<String ID="string_238" HPOS="964" VPOS="1304" WIDTH="36" HEIGHT="22" WC="0.92" CONTENT="be-"/>
						</TextLine>
						<TextLine ID="line_34" HPOS="242" VPOS="1338" WIDTH="758" HEIGHT="29">
							<String ID="string_239" HPOS="242" VPOS="1338" WIDTH="93" HEIGHT="21" WC="0.95" CONTENT="räknats"/><SP WIDTH="21" VPOS="1338" HPOS="335"/>
							<String ID="string_240" HPOS="356" VPOS="1339" WIDTH="35" HEIGHT="21" WC="0.93" CONTENT="till"/><SP WIDTH="18" VPOS="1339" HPOS="391"/>
							<String ID="string_241" HPOS="409" VPOS="1339" WIDTH="115" HEIGHT="28" WC="0.87" CONTENT="2,860,000"/><SP WIDTH="16" VPOS="1339" HPOS="524"/>
							<String ID="string_242" HPOS="540" VPOS="1340" WIDTH="73" HEIGHT="26" WC="0.93" CONTENT="mark;"/><SP WIDTH="20" VPOS="1340" HPOS="613"/>
							<String ID="string_243" HPOS="633" VPOS="1340" WIDTH="66" HEIGHT="21" WC="0.96" CONTENT="deraf"/><SP WIDTH="15" VPOS="1340" HPOS="699"/>
							<String ID="string_244" HPOS="714" VPOS="1343" WIDTH="37" HEIGHT="18" WC="0.96" CONTENT="äro"/><SP WIDTH="17" VPOS="1343" HPOS="751"/>
							<String ID="string_245" HPOS="768" VPOS="1340" WIDTH="35" HEIGHT="20" WC="0.96" CONTENT="för"/><SP WIDTH="16" VPOS="1340" HPOS="803"/>
							<String ID="string_246" HPOS="819" VPOS="1340" WIDTH="24" HEIGHT="20" WC="0.96" CONTENT="år"/><SP WIDTH="16" VPOS="1340" HPOS="843"/>
							<String ID="string_247" HPOS="859" VPOS="1340" WIDTH="55" HEIGHT="20" WC="0.93" CONTENT="1905"/><SP WIDTH="15" VPOS="1340" HPOS="914"/>
							<String ID="string_248" HPOS="929" VPOS="1339" WIDTH="71" HEIGHT="21" WC="0.92" CONTENT="bevil-"/>
						</TextLine>
						<TextLine ID="line_35" HPOS="241" VPOS="1372" WIDTH="760" HEIGHT="28">
							<String ID="string_249" HPOS="241" VPOS="1372" WIDTH="52" HEIGHT="28" WC="0.92" CONTENT="jade"/><SP WIDTH="23" VPOS="1372" HPOS="293"/>
							<String ID="string_250" HPOS="316" VPOS="1373" WIDTH="114" HEIGHT="27" WC="0.92" CONTENT="1,996,000"/><SP WIDTH="19" VPOS="1373" HPOS="430"/>
							<String ID="string_251" HPOS="449" VPOS="1374" WIDTH="68" HEIGHT="20" WC="0.96" CONTENT="mark."/><SP WIDTH="30" VPOS="1374" HPOS="517"/>
							<String ID="string_252" HPOS="547" VPOS="1374" WIDTH="46" HEIGHT="21" WC="0.93" CONTENT="För"/><SP WIDTH="18" VPOS="1374" HPOS="593"/>
							<String ID="string_253" HPOS="611" VPOS="1375" WIDTH="53" HEIGHT="20" WC="0.96" CONTENT="åren"/><SP WIDTH="21" VPOS="1375" HPOS="664"/>
							<String ID="string_254" HPOS="685" VPOS="1374" WIDTH="55" HEIGHT="22" WC="0.96" CONTENT="1906"/><SP WIDTH="19" VPOS="1374" HPOS="740"/>
							<String ID="string_255" HPOS="759" VPOS="1374" WIDTH="40" HEIGHT="22" WC="0.96" CONTENT="och"/><SP WIDTH="18" VPOS="1374" HPOS="799"/>
							<String ID="string_256" HPOS="817" VPOS="1374" WIDTH="55" HEIGHT="21" WC="0.93" CONTENT="1907"/><SP WIDTH="16" VPOS="1374" HPOS="872"/>
							<String ID="string_257" HPOS="888" VPOS="1374" WIDTH="66" HEIGHT="20" WC="0.90" CONTENT="äskas"/><SP WIDTH="15" VPOS="1374" HPOS="954"/>
							<String ID="string_258" HPOS="969" VPOS="1381" WIDTH="32" HEIGHT="13" WC="0.96" CONTENT="nu"/>
						</TextLine>
						<TextLine ID="line_36" HPOS="242" VPOS="1407" WIDTH="513" HEIGHT="29">
							<String ID="string_259" HPOS="242" VPOS="1407" WIDTH="39" HEIGHT="21" WC="0.93" CONTENT="det"/><SP WIDTH="16" VPOS="1407" HPOS="281"/>
							<String ID="string_260" HPOS="297" VPOS="1408" WIDTH="143" HEIGHT="21" WC="0.92" CONTENT="äterstäende"/><SP WIDTH="16" VPOS="1408" HPOS="440"/>
							<String ID="string_261" HPOS="456" VPOS="1408" WIDTH="107" HEIGHT="28" WC="0.93" CONTENT="beloppet"/><SP WIDTH="14" VPOS="1408" HPOS="563"/>
							<String ID="string_262" HPOS="577" VPOS="1408" WIDTH="94" HEIGHT="28" WC="0.92" CONTENT="864,000"/><SP WIDTH="15" VPOS="1408" HPOS="671"/>
							<String ID="string_263" HPOS="686" VPOS="1409" WIDTH="69" HEIGHT="20" WC="0.96" CONTENT="mark."/>
						</TextLine>
					</TextBlock>
					<TextBlock ID="block_6" HPOS="311" VPOS="1442" WIDTH="689" HEIGHT="28">
						<TextLine ID="line_37" HPOS="311" VPOS="1442" WIDTH="689" HEIGHT="28">
							<String ID="string_264" HPOS="311" VPOS="1442" WIDTH="19" HEIGHT="20" WC="0.91" CONTENT="2."/><SP WIDTH="31" VPOS="1442" HPOS="330"/>
							<String ID="string_265" HPOS="361" VPOS="1442" WIDTH="181" HEIGHT="28" WC="0.91" CONTENT="Ombyggnaden"/><SP WIDTH="21" VPOS="1442" HPOS="542"/>
							<String ID="string_266" HPOS="563" VPOS="1442" WIDTH="22" HEIGHT="21" WC="0.96" CONTENT="af"/><SP WIDTH="19" VPOS="1442" HPOS="585"/>
							<String ID="string_267" HPOS="604" VPOS="1442" WIDTH="144" HEIGHT="28" WC="0.96" CONTENT="Helsingfors"/><SP WIDTH="17" VPOS="1442" HPOS="748"/>
							<String ID="string_268" HPOS="765" VPOS="1442" WIDTH="83" HEIGHT="21" WC="0.96" CONTENT="station"/><SP WIDTH="17" VPOS="1442" HPOS="848"/>
							<String ID="string_269" HPOS="865" VPOS="1442" WIDTH="41" HEIGHT="21" WC="0.93" CONTENT="har"/><SP WIDTH="16" VPOS="1442" HPOS="906"/>
							<String ID="string_270" HPOS="922" VPOS="1442" WIDTH="78" HEIGHT="21" WC="0.92" CONTENT="afsetts"/>
						</TextLine>
					</TextBlock>
				</ComposedBlock>
			</PrintSpace>
		</Page>
	</Layout>
</alto>
