1098 1750
218 312 40 20 gar
275 307 24 18 är
314 306 72 19 utsatt
403 304 53 21 eller
472 304 58 25 icke;
551 304 59 21 dock
626 304 110 28 stämplas

218 339 218 22 fideikommissbref
454 339 70 29 enligt
545 339 191 28 nästföregående

217 376 74 28 punkt
307 376 30 26 a).

271 411 145 21 Testamente
436 411 35 21 till
490 411 72 26 fader,
581 411 85 25 moder,
685 411 51 21 bro-

219 447 46 25 der,
286 446 142 27 halfbroder,
448 450 79 25 syster,
543 447 124 28 halfsyster
683 446 53 22 eller

219 483 100 27 broders,
339 482 153 26 halfbroders,
508 486 85 25 systers
610 483 53 21 eller
678 482 57 22 half-

215 521 84 26 systers
324 518 130 29 afkomling
477 519 82 28 drager
584 518 97 29 stämpel
708 520 27 20 50

215 555 69 28 penni
307 554 36 22 för
364 554 80 28 hvarje
468 554 56 22 fulla
551 557 40 19 100
623 555 63 21 mark
713 554 25 22 af

215 591 153 28 egendomens
384 591 77 21 värde.

275 626 144 22 Testamente
440 627 35 20 till
495 627 66 21 make
585 627 53 21 eller
661 627 85 20 maka
733 622 15 36 ji

215 663 54 20 eller
285 662 169 29 bröstarfvinge
472 662 119 22 äfvensom
610 662 33 21 till
654 663 81 20 under-

214 698 195 28 visningsanstalt,
437 698 168 29 vetenskapligt
631 698 115 27 ändamål

215 734 54 21 eller
297 733 59 22 from
389 734 97 21 stiftelse
510 736 59 19 samt
593 734 43 21 alla
662 726 84 36 öfriga

215 772 158 23 testamenten,
397 777 83 21 genom
510 769 78 22 hvilka
617 770 129 27 egendom,
735 765 13 37 |

215 813 48 14 som
279 806 7 20 i
301 806 96 21 kontant
416 806 54 21 eller
488 806 70 21 värde
569 805 20 28 ej
602 807 90 27 uppgår
702 802 44 43 till)

217 844 41 19 100
282 842 71 25 mark,
377 841 127 28 bortgifves
544 857 4 4 .
582 858 4 4 .
744 854 2 7 |

127 876 136 27 Transport-
277 877 54 22 eller
342 876 204 27 öfverlätelsebref
537 872 18 35 &
561 854 175 54 kronorusthäll,

187 913 179 22 kronohemman
387 913 42 22 och
446 914 70 20 andra
532 906 214 35 kronolägenheter
738 902 12 44 |

188 948 26 22 af
234 949 61 21 hvad
311 957 69 13 namn
397 949 28 21 de
440 957 56 13 vara
511 951 44 24 må,
572 949 108 28 stämplas
696 949 39 21 vid

189 985 128 28 ansökning
333 992 36 14 om
385 985 126 21 immission
527 987 13 18 å
556 985 63 28 dylik
629 985 117 28 lägenhet
738 981 12 36 |

188 1022 73 20 såsom
277 1021 122 28 Köpebref
412 1021 40 21 vid
468 1021 91 28 lagfart.
744 1037 2 9 H

129 1055 160 28 Upplagsbevis
296 1057 109 28 stämplas
414 1059 74 19 såsom
496 1065 74 13 annan
579 1057 82 28 bilaga;
669 1065 23 13 se
698 1056 36 28 48.

128 1091 193 28 Ursprungsbevis
329 1093 54 20 eller
389 1091 119 27 Certifikat,
517 1093 148 21 utfärdadtaf
671 1093 64 21 brän-

187 1127 182 22 vinstillverkare
387 1129 55 21 eller
458 1128 183 29 -återförsäljare,
658 1129 78 21 äfven-

189 1171 48 14 som
254 1164 112 22 certifikat
384 1164 54 22 eller
454 1164 92 22 faktura
562 1165 35 21 för
613 1172 73 19 varor,
704 1165 31 21 af-

190 1200 72 21 sedda
280 1202 33 19 att
329 1200 52 21 med
396 1200 132 22 tullförmån
544 1200 87 22 införas
642 1201 32 21 till
686 1201 55 29 Kej-

190 1236 129 21 saredömet
359 1253 3 3 .
396 1253 3 3 .
434 1253 4 4 <
472 1253 3 4 so
509 1254 4 3 so
546 1252 5 4 so
585 1254 3 3 so
621 1254 5 4 cv
659 1254 4 4 R
694 1237 48 27 fria

190 1271 30 21 Se
235 1271 8 21 i
261 1271 70 28 öfrigt
347 1274 13 18 3
376 1271 19 28 8.

136 1306 106 21 Warrant
258 1307 111 28 stämplas
387 1309 73 19 såsom
477 1308 166 28 Förskrifning.

132 1341 61 22 Vexel
212 1342 109 29 stämplas
338 1344 74 20 såsom
428 1343 167 29 Förskrifning.

130 1370 234 34 Äktenskapsförord
354 1366 14 43 .

131 1408 200 32 Öfverlåtelsebref,
348 1414 46 22 lika
409 1415 53 21 med
474 1395 130 48 Köpebref.

884 306 116 24 Stämpelaf-

882 336 38 24 gift
932 336 29 18 för
975 336 28 18 af-

882 366 118 24 handlingar

875 396 83 18 emellan
971 402 34 12 en-

906 426 67 19 skilda.
