1098 1750
815 114 25 19 11

162 178 27 21 B.
214 178 168 22 Förordnande.
399 179 12 21 I
422 178 135 28 anslutning
567 177 35 22 till
613 180 33 19 ett
657 178 23 21 af
687 176 155 29 Bevillnings-

87 214 115 22 utskottet
227 214 41 21 vid
294 216 91 20 senaste
409 214 112 28 landtdag
547 214 70 21 väckt
644 213 87 29 förslag
764 213 79 21 därom

92 252 33 19 att
148 250 285 21 vikariatsförordnanden
450 250 37 21 för
506 257 30 14 en
553 249 35 22 tid
609 250 23 20 af
648 252 11 19 7
677 249 72 28 dagar
763 248 79 26 borde,

92 285 8 21 i
124 285 72 22 likhet
216 286 53 21 med
292 286 87 21 sådana
401 288 30 26 på
451 286 91 21 kortare
561 285 41 26 tid,
622 285 117 21 meddelas
761 291 83 22 genom

92 321 128 29 stämpelfri
235 321 118 29 handling,
370 322 71 21 hafva
456 321 205 28 bestämningarna
675 321 80 21 härom
773 321 8 21 i
799 320 46 22 den

93 357 85 29 nådiga
194 357 173 29 propositionen
384 357 191 22 omformulerats.
607 357 71 21 Detta
688 356 157 29 ändringsför-

92 393 52 29 slag
159 393 41 21 har
217 393 118 21 Utskottet
351 393 70 21 äfven
436 393 37 21 för
489 393 37 21 sin
542 392 37 22 del
595 392 62 22 velat
672 392 122 29 tillstyrka.

165 429 120 22 Kontrakt.
316 429 234 29 Järnvägsstyrelsen
565 429 42 21 har
623 428 40 22 vid
679 429 76 21 denna
766 428 79 22 rubrik

93 465 83 21 uttalat
191 465 187 21 önskvärdheten
394 465 24 21 af
434 468 32 18 att
477 465 29 21 de
518 465 98 21 emellan
626 464 107 22 bemälda
744 464 101 29 Styrelse

95 501 43 22 och
148 501 104 22 enskilda
257 508 110 22 personer
372 501 122 26 afslutade,
499 501 35 21 till
539 501 57 21 flere
603 500 100 22 tusental
708 500 138 29 uppgående

93 537 111 22 kontrakt
226 537 98 22 rörande
348 537 108 22 leverans
476 538 23 20 af
521 537 46 22 ved
588 537 44 21 och
652 536 71 22 andra
741 539 104 19 trävaror

94 572 78 27 borde,
192 574 36 21 för
249 573 149 22 undvikande
420 574 23 21 af
458 576 129 27 omgångar
603 573 42 22 och
661 572 131 29 tidsspillan
807 572 38 22 fri-

93 609 73 22 kallas
181 609 53 22 från
248 609 124 29 kartering.
396 610 119 21 Utskottet
530 610 41 21 har
587 609 71 22 likväl
674 609 23 21 af
712 608 135 29 principiela

92 645 53 22 skäl
168 648 75 19 ansett
264 647 72 26 något
357 645 262 29 undantagsstadgande
644 645 33 21 uti
697 653 31 13 nu
749 644 97 22 berörda

95 681 109 22 afseende
220 681 50 22 icke
286 681 56 22 böra
357 681 174 29 ifrågakomma.

166 717 166 22 Notariatbevis
341 717 28 28 *).
400 718 37 21 Då
455 717 41 22 vid
520 720 90 19 senaste
632 717 111 28 landtdag
760 717 87 28 förslag

95 752 35 22 till
149 753 149 28 notariatslag
318 753 185 22 öfverlemnades
524 753 35 22 till
579 753 142 22 Ständernas
746 753 101 28 godkän-

95 789 82 26 nande,
198 789 117 28 inrycktes
337 789 70 22 äfven
426 789 35 22 uti
482 790 46 21 den
548 789 35 22 till
598 789 142 28 landtdagen
761 789 87 21 aflätna

94 823 175 30 propositionen
294 825 120 28 angående
440 825 227 29 stämpelbevillning
698 824 150 27 erforderliga

95 860 143 22 föreskrifter
254 861 96 21 rörande
362 861 119 28 kartering
492 861 23 22 af
530 861 223 22 notariaturkunder.
774 860 74 21 Emel-

96 895 69 22 lertid
184 896 54 21 kom
258 897 242 28 lagstiftningsätgärd
519 897 8 22 i
551 899 76 19 ämnet
647 897 50 21 icke
717 896 36 22 till
773 897 74 25 ständ,

96 932 44 21 och
158 939 31 14 nu
206 932 159 29 föreliggande
384 933 241 28 författningsförslag
640 933 41 21 har
697 932 8 21 i
725 932 66 28 fräga
812 939 36 14 om

96 967 118 29 kartering
232 968 23 21 af
272 969 165 21 notariatbevis
456 971 101 26 återgått
579 969 34 21 till
633 969 45 21 den
698 967 151 28 formulering

96 1003 107 28 gällande
220 1004 234 29 stämpelförordning
469 1005 134 21 innehäller.

168 1039 35 22 De
227 1039 169 29 myndigheter,
420 1041 80 21 hvilka
524 1041 73 28 enligt
621 1040 112 28 gällande,
755 1039 94 29 spridda

97 1075 145 21 föreskrifter
258 1082 42 21 ega
316 1075 88 22 befatta
421 1076 36 28 sig
472 1077 54 20 med
542 1076 202 28 notariatgöromäl
760 1079 39 18 äro
810 1083 39 13 no-

96 1111 72 21 tarius
191 1111 105 28 publicus
320 1111 8 21 i
347 1111 52 22 stad
418 1115 60 18 samt
497 1112 145 28 kronofogde
658 1112 43 21 och
716 1111 133 22 kronoläns-

97 1154 54 14 man
166 1149 30 26 pä
211 1147 79 21 landet
306 1147 42 22 och
364 1147 8 22 i
387 1147 64 22 vissa
466 1148 42 22 fall
527 1148 70 22 äfven
616 1148 165 22 tullkammare.
814 1147 35 21 De

97 1182 66 22 bevis
180 1190 49 14 som
245 1183 82 22 härvid
342 1184 170 28 ifrägakomma
528 1184 79 22 kunna
623 1186 48 20 äter
691 1184 108 21 hänföras
815 1183 35 21 till

97 1221 86 19 tvenne
207 1226 107 21 grupper,
339 1220 118 28 nämligen
482 1220 87 22 sädana
589 1227 50 15 som
654 1220 104 21 utfärdas
775 1222 74 18 säsom

98 1253 148 29 själfständig
261 1255 112 29 handling
388 1255 8 22 i
412 1256 173 26 urkundsform,
603 1255 140 29 exempelvis
753 1257 97 27 protest-

97 1289 73 26 bevis,
178 1290 68 29 intyg
253 1291 65 21 öfver
326 1291 120 21 verkstäld
454 1292 128 28 utlottning
591 1292 23 21 af
621 1291 150 29 obligationer
777 1298 29 14 m.
813 1298 36 18 m.,

98 1325 44 21 och
158 1326 86 21 sådana
259 1326 73 29 intyg,
350 1334 49 14 som
414 1328 96 21 tecknas
525 1330 13 19 &
548 1328 119 28 handling,
679 1327 106 21 karterad
796 1326 55 22 eller

170 1385 19 23 +)
202 1385 38 18 Till
249 1386 145 24 förtydligande
404 1386 20 18 af
436 1386 58 18 detta
502 1387 86 23 begrepp
596 1387 36 18 har
640 1386 103 19 Utskottet
751 1386 7 18 i
767 1386 38 18 den
814 1385 38 18 fin-

98 1414 36 18 ska
152 1414 127 19 redaktionen
296 1416 20 17 af
331 1416 135 18 betänkandet
482 1416 89 18 användt
583 1417 100 24 uttrycket
697 1416 154 22 ,notariaattito-

99 1444 73 18 distus"
187 1445 7 17 i
207 1446 23 17 st.
244 1445 12 19 f.
272 1446 197 22 ,notariontodistus*
484 1446 64 24 enligt
561 1446 38 18 den
612 1446 71 24 nådiga
696 1446 156 24 propositionens

96 1474 134 24 terminologi.
