1103 1756
235 154 27 20 10
478 154 28 22 U.
525 154 25 22 B.
567 166 27 4 —
611 154 73 28 Prop.
700 154 42 22 N:o
758 154 22 22 6.

233 225 90 29 årligen
341 226 107 21 använda
470 226 130 27 1,500,000
625 226 65 22 mark
713 226 36 22 till
767 226 82 28 bidrag
867 226 25 21 åt
910 225 76 22 lands-

232 260 167 22 kommunerna
430 260 36 22 för
490 260 145 29 uppförande
660 260 23 22 af
701 268 46 21 nya
765 260 221 28 folkskolebyggna-

233 294 48 28 der,
300 294 89 28 egande
417 294 101 22 Senaten
547 297 47 19 rätt
613 297 35 19 att
666 299 63 17 ännu
746 295 73 21 under
838 296 54 20 åren
914 294 71 27 1908,

235 329 64 21 1909
320 330 41 20 och
385 330 62 21 1910
466 330 36 21 för
520 329 132 22 ändamålet
670 330 107 21 använda
796 329 43 21 den
859 329 37 21 del
915 330 23 20 af
951 329 35 21 för

233 363 139 29 föregående
391 364 25 21 år
435 364 113 28 anslagna
573 364 80 27 medel,
672 364 80 22 hvilka
771 364 29 21 då
819 364 52 21 icke
890 363 96 22 kommit

233 398 38 20 till
291 398 166 29 användning
444 394 17 37 ;

303 433 23 26 2)
345 435 36 18 att
399 433 23 21 af
440 432 157 22 statsfondens
616 433 74 21 medel
709 434 58 20 efter
785 432 69 21 behof
872 432 61 29 finge
946 439 40 14 an-

232 466 89 22 vändas
340 467 69 28 högst
428 467 131 28 5,000,000
578 467 65 21 mark
662 467 37 22 till
717 467 38 22 lån
774 467 24 21 åt
815 467 171 21 landskommu-

232 508 72 15 nerna
323 501 34 22 för
375 500 143 30 uppförande
530 501 22 21 af
564 501 253 30 folkskolebyggnader
826 502 29 28 på
865 500 121 23 enahanda

232 535 77 22 vilkor
335 544 49 13 som
411 536 75 21 finnas
513 536 124 21 faststälda
656 537 7 20 i
681 536 87 29 nådiga
789 536 155 28 kungörelsen
964 535 22 22 af

232 569 46 22 den
301 571 25 20 11
349 571 59 28 april
438 570 62 22 1899
521 571 120 28 angående
659 571 38 22 lån
722 571 35 22 för
775 578 86 14 samma
880 569 106 22 ändamål

232 612 29 14 ur
279 605 152 21 statsvärkets
458 605 183 28 utläningsfond,
665 605 59 22 dock
743 605 82 22 endast
843 605 8 21 i
869 605 44 21 den
932 605 53 21 män

232 647 50 13 som
300 639 218 29 utlåningsfondens
545 639 73 22 medel
642 640 51 21 icke
712 647 55 14 voro
790 639 143 29 tillräckliga
951 639 35 21 för

232 673 105 29 fyllande
355 675 24 20 af
397 674 109 22 behofvet
524 674 22 21 af
565 674 87 22 sådana
670 675 50 26 lån;

304 709 22 26 3)
345 711 35 19 att
398 709 64 21 såväl
480 716 28 13 ur
526 709 206 28 utlåningsfonden
751 716 48 14 som
826 716 28 13 ur
872 708 6 21 i
897 708 89 28 föregå-

232 742 60 21 ende
311 746 101 19 moment
431 743 95 28 angifna
550 743 74 21 medel
650 744 33 21 för
705 743 155 22 ofvannämda
879 741 107 22 ändamål

233 777 78 21 kunde
330 778 25 21 åt
373 777 234 22 landskommunerna
624 778 87 28 jämväl
731 777 95 29 beviljas
846 777 38 21 lån
897 779 48 19 mot
957 784 27 13 en

233 812 108 21 annuitet
359 812 23 21 af
401 810 52 33 31/,
466 809 39 34 9/,,
524 812 82 21 hvaraf
625 809 56 35 29/,
701 811 114 22 räknades
834 812 75 21 såsom
918 813 68 19 ränta

233 845 44 22 och
296 846 130 22 återstoden
446 847 74 21 såsom
540 847 147 28 amortering,
706 847 74 21 under
794 846 76 21 vilkor
880 848 34 19 att
925 845 62 22 kom-

232 888 86 14 munen
336 881 120 21 förbinder
474 881 36 28 sig
528 883 35 19 att
585 881 147 29 grundlägga
751 889 28 13 en
798 880 189 28 folkskolebygg-

232 914 129 22 nadskassa
389 915 43 22 och
463 917 34 19 att
524 915 35 21 till
578 915 132 22 densamma
729 915 73 22 under
820 915 52 21 hela
891 917 96 18 amorte-

232 949 130 27 ringstiden
382 950 97 28 bidraga
498 949 51 21 med
571 947 55 33 19/,
646 951 23 20 af
691 950 39 21 det
749 950 22 21 af
790 949 141 21 statsvärket
950 949 37 20 be-

234 983 89 29 viljade
341 984 165 28 ursprungliga
524 984 163 28 lånebeloppet
705 987 60 19 samt
778 986 35 19 att
826 984 67 20 sköta
903 983 84 21 kassan

232 1018 7 20 i
260 1018 104 28 enlighet
391 1018 51 22 med
470 1018 22 22 af
520 1018 100 22 Senaten
649 1019 6 20 i
683 1018 91 22 samråd
802 1017 51 22 med
879 1017 109 21 General-

232 1056 147 24 guvernören
399 1053 65 28 gifna
483 1053 149 21 föreskrifter.
668 1053 31 21 Af
715 1053 77 21 denna
806 1052 90 21 lättnad
911 1051 76 21 kunde

234 1086 76 22 blifva
329 1086 119 30 delaktiga
467 1087 85 29 jämväl
571 1087 27 21 de
609 1088 135 20 kommuner
754 1086 81 22 hvilka
845 1090 62 18 ännu
918 1086 70 21 hafva

232 1121 121 21 obetalade
373 1122 23 20 af
414 1122 141 21 statsvärket
574 1122 115 28 beviljade
708 1122 51 26 län;
769 1122 36 20 för
817 1120 91 22 hvilket
918 1120 70 22 ända-

232 1156 47 20 mål
299 1155 100 22 Senaten
419 1156 73 21 skulle
512 1156 126 28 berättigas
658 1159 34 19 att
710 1156 118 28 medgifva
847 1156 141 25 kommuner,

233 1190 84 21 hvilka
334 1190 74 22 under
437 1190 27 22 de
484 1193 90 19 senaste
593 1191 54 20 ären
665 1191 96 28 uppfört
780 1192 34 19 ett
832 1192 73 19 större
924 1189 64 21 antal

232 1224 255 29 folkskolebyggnader
516 1225 42 21 och
578 1224 133 28 därigenom
731 1225 68 21 räkat
817 1225 8 20 i
843 1231 62 14 mera
924 1224 64 27 bety-

232 1258 78 22 dande
329 1258 69 22 skuld
417 1259 36 21 till
472 1259 148 27 statsvärket,
640 1260 57 20 efter
715 1258 100 22 särskild
827 1258 112 29 pröfning
950 1258 39 20 tvä

233 1293 57 21 eller
310 1293 69 29 högst
397 1296 34 18 tre
450 1294 37 20 ärs
506 1293 137 21 räntefrihet
667 1294 51 21 med
737 1293 77 22 vilkor
833 1295 35 19 att
886 1292 102 22 kommu-

232 1334 47 14 nen
298 1327 104 29 grundar
421 1328 71 21 sädan
512 1328 66 21 kassa
598 1328 42 21 och
658 1328 86 28 jämväl
762 1327 110 28 bidrager
884 1326 37 22 till
934 1326 55 21 den-

232 1369 88 15 samma
337 1362 52 21 med
407 1362 40 22 det
466 1362 150 28 räntebelopp
630 1362 139 22 kommunen
782 1362 98 22 sälunda
893 1361 95 21 befriats

230 1396 53 22 från
302 1398 36 20 att
355 1396 95 29 erlägga
469 1397 36 21 till
523 1396 162 22 statsvärket*.

303 1431 49 21 Den
375 1431 29 21 19
418 1432 42 28 juli
476 1432 62 21 1905
552 1431 42 21 har
606 1431 66 21 Hans
685 1431 131 29 Kejserliga
828 1430 111 29 Majestät
952 1430 37 21 be-

232 1465 74 27 slutit,
319 1468 35 18 att
363 1466 85 22 nämda
464 1465 158 28 underdäniga
641 1465 138 22 hemställan
790 1464 129 22 tillsvidare
930 1464 59 22 skall

304 1508 140 18 Statsutskottets
458 1509 109 17 betänkande
580 1509 36 17 N:o
629 1509 18 17 2.
