1106 1753
307 153 28 22 U.
352 153 25 21 B.
394 166 26 2 —
437 152 75 28 Prop.
528 152 44 22 N:o
588 152 22 22 5.
835 152 13 20 3

87 215 195 28 förbrukningens
298 215 87 21 storlek
408 215 35 21 till
460 215 82 21 endast
564 216 113 26 6,000,000
692 214 53 21 liter
760 221 41 21 per
817 214 31 25 är,

88 249 56 21 eller
160 249 36 21 för
218 249 75 29 bägge
315 250 55 20 ären
386 250 153 21 tillsammans
555 249 37 21 till
611 250 125 26 12,000,000
751 249 59 24 liter,
827 248 21 20 d.

87 291 21 13 v.
126 291 16 13 s.
158 283 122 21 enahanda
296 284 116 21 kvantitet
428 291 49 14 som
494 284 102 28 antagits
612 284 8 20 i
636 283 182 29 propositionen.

88 352 82 28 Enligt
182 352 122 22 Utskottet
314 352 224 21 tillhandakommen
550 360 57 21 upp-

117 386 45 29 gift
184 386 108 29 utgjorde
313 387 233 28 lagerbehällningen
562 387 44 21 den

117 422 24 20 31
160 421 126 21 December
303 422 54 21 1905
384 438 4 4 .
420 439 4 3 .
457 438 3 4 .
494 439 3 3 .
640 422 142 24 2,943,456.04
797 421 53 20 liter

89 455 193 28 Tillvärkningen
304 455 74 21 under
398 455 64 22 förra
476 438 92 39 hälften
584 438 26 39 af

117 489 157 22 innevarande
290 490 25 21 är
331 490 45 21 kan
392 490 139 29 uppskattas
547 490 59 21 till
603 485 17 38 .
638 491 156 24 4,500,000:—
811 506 11 8 »

444 531 164 21 Tillsammans
640 532 141 24 7,443,456.M
812 547 10 8 ,,

158 599 59 21 Hela
242 599 64 21 detta
331 599 92 29 belopp,
450 599 126 21 afrundadt
599 599 37 21 till
653 600 113 25 7,500,00
789 599 61 24 liter,

89 634 73 21 måste
171 637 96 25 antagas
277 633 71 22 blifva
357 636 93 26 uttaget
458 634 53 21 från
519 634 141 28 nederlagen
669 635 48 19 före
726 633 44 21 den
782 635 9 19 1
800 633 50 22 Juli

91 670 60 26 1906,
175 668 29 21 dä
226 668 243 29 skatteförhöjningen
494 672 24 18 är
542 668 81 22 afsedd
639 671 35 18 att
690 668 97 22 inträda.
818 667 33 22 Af

89 703 54 21 hela
158 702 114 29 beloppet,
290 704 126 25 12,000,000
432 703 61 28 liter,
510 711 48 13 som
575 703 125 21 beräknats
710 706 84 25 utgöra
805 702 46 21 för-

90 737 147 28 brukningen
259 737 74 21 under
356 737 54 21 ären
436 739 56 20 1906
518 737 43 22 och
578 739 61 25 1907,
654 737 91 21 komme
761 737 89 21 säledes

90 773 113 25 7,500,000
219 771 53 21 liter
288 774 34 18 att
338 771 71 29 draga
426 772 44 21 den
488 771 134 22 nuvarande
638 771 92 22 skatten
746 771 26 21 af
786 773 26 20 85
828 779 21 20 p.

90 813 40 21 per
153 806 53 21 liter
230 805 42 22 och
296 806 139 25 återstoden,
462 807 116 26 4,500,000
600 807 58 26 liter,
686 806 43 21 den
745 805 107 28 förhöjda

90 840 91 21 skatten
198 840 26 21 af
239 842 8 19 1
265 840 65 21 mark
346 841 28 20 20
390 848 21 21 p.
428 848 42 21 per
485 841 61 21 liter.

159 875 165 28 Beräkningen
347 875 26 20 af
395 875 134 21 inkomsten
546 883 83 21 genom
646 875 205 21 bränvinsskatten

90 909 80 21 ställer
185 909 35 28 sig
236 909 79 21 därför
330 909 110 21 sälunda:

91 979 112 25 7,500,000
219 979 53 20 liter
287 980 42 53 N
331 981 11 19 S
359 986 30 21 Pi
422 995 4 4 »
497 996 3 4 2
538 997 1 3 0
568 997 4 3 <
604 979 60 21 Fmk
696 979 118 26 6,375,000:
829 991 22 2 —

90 1014 114 26 4,500,000
345 1013 65 21 mark
427 996 36 38 20
471 1021 30 20 p.
627 1031 11 7 »
694 1014 157 24 5.400,000:
836 1010 20 32 —

480 1031 94 44 TI
590 1053 60 21 Fmk
684 1053 130 26 11,775,000:
825 1065 27 2 —

160 1121 64 22 Ifrän
240 1122 85 21 nämda
340 1122 84 29 belopp
442 1123 42 20 bör
499 1123 82 21 främst
597 1122 107 29 afdragas
722 1122 61 21 hvad
803 1129 50 14 som

90 1156 37 21 för
142 1156 165 21 denatureradt
322 1156 100 22 bränvin
438 1157 142 21 restitueras.
611 1157 52 21 Den
676 1157 116 21 kvantitet
804 1163 48 14 som

91 1191 159 21 denaturerats
266 1191 42 21 har
323 1191 102 29 utgjort:

160 1260 25 21 är
202 1261 54 20 1902
297 1277 4 4 <
369 1276 223 5 00.
624 1261 92 24 385,000
731 1260 53 21 liter

168 1311 10 8 »
202 1295 53 21 1903
296 1311 4 4 oo
332 1311 39 6 sov
404 1312 4 3 vc
441 1311 41 4 sc
514 1312 39 4 vv
586 1312 3 3 ov
620 1296 93 25 414,000
757 1311 11 8 >

168 1345 11 8 »
200 1329 54 21 1904
330 1345 259 6 0.
620 1330 92 24 419000

169 1379 10 7 »
201 1364 53 20 1905
295 1381 3 2 oo
331 1381 3 3 oc
367 1380 3 3 so
403 1381 4 3 co
441 1381 3 2 cs
478 1381 4 3 co
515 1380 3 3 cv
550 1380 39 4 n.
622 1364 90 25 444,000

92 1425 42 21 och
157 1425 65 21 torde
245 1424 36 22 för
297 1425 55 21 åren
377 1426 55 21 1906
456 1426 45 21 och
518 1427 54 21 1907
594 1426 78 21 kunna
689 1426 112 20 beräknas
817 1424 38 22 till

91 1460 91 26 450,000
206 1459 53 21 liter
280 1467 40 19 per
336 1460 30 26 år,
389 1460 59 21 eller
463 1460 155 22 tillsammans
634 1460 36 21 till
686 1461 91 26 900,000
793 1460 60 20 liter.

161 1500 141 17 Statsutskottets
315 1500 111 17 betänkande
439 1501 39 17 N:o
492 1502 18 16 3.
