1103 1756
446 134 41 21 N:o
502 135 12 20 7
805 133 25 20 13

171 203 249 28 Järnvägsbetjeningens
437 203 100 28 aflöning.
567 203 62 20 Enär
651 202 27 21 de
702 201 157 30 aflöningsför-

101 239 84 26 mäner,
205 237 84 28 hvilka,
312 237 90 28 jemlikt
425 237 44 21 den
491 237 36 21 för
549 237 74 21 finska
646 236 214 28 Statsjärnvägarne

102 272 107 28 gällande
237 274 75 19 staten
342 271 22 22 af
389 271 44 22 den
458 273 13 20 7
497 271 45 28 Maj
570 271 62 27 1908,
663 271 129 21 tillkomma
816 271 44 20 den

102 307 64 28 lägre
181 305 263 30 järnvägsbetjeningen,
464 308 86 19 ansetts
565 313 55 14 vara
636 305 76 21 alltför
727 305 59 28 läga,
802 305 58 21 hade

101 340 257 29 järnvägsbetjeningen
378 340 39 21 vid
436 340 95 21 allmänt
546 342 62 19 möte
623 339 72 22 under
710 344 90 17 senaste
815 339 45 21 No-

102 375 93 21 vember
216 375 83 21 månad
320 375 84 20 tillsatt
426 382 29 13 en
475 374 86 21 komit6
586 374 36 21 för
646 373 92 29 frågans
760 373 100 22 behand-

102 409 55 28 ling.
194 409 65 21 Efter
288 409 108 21 slutfördt
426 409 105 28 uppdrag
560 409 129 20 inlemnade
718 408 105 21 komiten
852 408 8 20 i

102 443 126 22 December
251 443 55 22 1905
329 443 41 21 sitt
392 443 87 28 förslag
502 443 36 21 till
561 443 228 28 Järnvägsstyrelsen
808 443 53 20 med

104 478 107 21 anhällan
236 480 34 19 att
294 478 125 21 detsamma
444 480 88 19 snarast
557 477 92 28 möjligt
673 478 71 20 mätte
767 477 93 28 bringas

102 513 73 20 under
190 512 145 28 vederbörlig
350 511 115 29 pröfning.
489 512 132 21 Oberoende
637 511 22 22 af
674 512 39 21 det
728 511 96 22 sälunda
838 511 23 21 af

103 546 258 29 järnvägsbetjeningen
384 549 70 26 tagna
476 546 125 21 initiativet
618 546 58 21 hade
692 546 87 28 jemväl
799 546 61 21 inom

103 581 229 28 Järnvägsstyrelsen
349 580 82 29 frägan
449 588 37 13 om
506 580 147 28 erforderliga
668 581 194 27 löneregleringar

105 615 81 22 väckts
213 615 40 21 och
277 623 28 13 en
327 615 87 21 komite
437 615 34 21 för
495 615 129 21 ändamålet
646 615 100 21 tillsatts.
783 615 78 21 Ehuru

104 649 75 22 denna
201 657 78 14 senare
296 649 86 22 komitö
399 653 61 18 ännu
476 649 19 29 ej
512 649 58 22 hade
587 649 94 22 afslutat
696 649 49 22 sina
761 649 99 27 arbeten,

105 685 71 28 ansåg
199 685 232 27 Järnvägsstyrelsen,
451 684 53 21 med
522 684 105 21 afseende
646 685 13 20 &
678 684 43 21 den
736 684 52 29 vigt
802 684 59 28 järn-

104 718 207 29 vägsbetjeningen
333 718 58 21 fäste
414 718 39 22 vid
475 719 88 28 frågan,
594 719 35 27 sig
652 719 57 21 dock
732 718 55 22 böra
806 721 55 19 utan

105 753 109 21 afvaktan
232 753 65 21 deraf
313 753 36 21 till
368 753 99 21 Senaten
483 753 96 22 insända
593 753 268 29 järnvägsbetjeningens

105 787 152 22 lönekomitös
273 788 85 28 förslag
374 788 69 28 jemte
459 791 53 25 eget
527 788 123 22 utlåtande.

175 822 81 28 Enligt
272 822 105 28 gällande
389 825 45 19 stat
445 825 38 19 äro
496 822 277 28 arvodestjenstemännen
784 822 78 22 äfven-

105 864 50 14 som
173 856 147 28 betjeningen
340 856 39 22 vid
395 857 208 28 statsjärnvägarne
618 857 104 21 indelade
738 857 7 20 i
762 857 26 21 19
799 857 62 21 löne-

107 891 94 26 klasser;
220 891 35 21 för
270 891 28 21 de
313 890 45 22 fem
374 892 75 28 lägsta
465 891 23 21 af
503 891 65 21 dessa
583 892 86 20 klasser
684 892 62 28 gälla
760 890 102 30 följande

109 926 134 28 aflöningar:

519 971 7 17 i
539 972 47 17 äret.
696 971 6 17 i
714 972 102 17 mänaden.

176 1006 27 20 15
218 1006 90 21 klassen
329 1023 1 3 .
361 1023 1 3 .
393 1023 3 3 .
428 1024 3 2 .
462 1006 58 21 Fmk
537 1006 68 27 1,008:
621 1020 11 1 --
716 1006 34 21 84:
767 1020 24 1 —

177 1040 26 21 16
256 1049 7 10 >»
326 1057 106 4 PUSSIEN
489 1050 8 9 »
558 1041 47 21 900:
623 1054 24 1 —
718 1040 32 22 75:
766 1054 27 2 —

176 1074 85 22 17»
325 1092 71 3 homoa
428 1092 2 3 n
488 1083 9 11 >
556 1075 49 21 804:
622 1088 23 2 —
717 1075 33 22 67:
767 1088 26 2 —

177 1109 28 21 18
256 1118 7 10 >»
325 1126 37 4 som
394 1127 3 2 a
428 1126 3 3 3
489 1118 6 10 >
558 1109 46 22 708:
622 1122 24 2 —
717 1109 33 21 59:
767 1123 21 1 —

179 1143 27 21 19
260 1152 6 9 »
328 1160 38 4 Kono
397 1161 38 3 ease
490 1154 7 8 »
559 1144 46 21 600:
622 1157 26 2 —
718 1144 32 21 50:
767 1157 2 2 -

175 1200 86 20 Härtill
276 1200 92 21 komma
383 1200 142 28 hyresmedel
541 1201 51 21 med
607 1201 85 21 25—75
702 1201 28 28 9/,
746 1200 22 22 af
778 1201 85 28 grund-

107 1233 137 29 aflöningen,
261 1234 111 22 beroende
388 1235 29 28 pä
428 1237 57 19 orts-
497 1235 42 21 och
550 1235 69 21 andra
629 1234 163 29 förhällanden,
805 1235 59 21 dock

107 1268 19 28 ej
143 1268 72 21 under
231 1268 42 22 180
287 1269 64 21 mark
366 1269 7 21 i
390 1270 53 20 äret.

175 1302 275 30 Järnvägsbetjeningens
473 1304 139 21 lönekomit6
630 1304 40 21 har
688 1304 8 20 i
712 1304 68 21 saken
796 1304 67 20 fram-

108 1336 65 22 ställt
196 1339 32 19 ett
252 1336 140 22 omfattande
412 1338 92 28 förslag,
520 1338 123 21 berörande
660 1346 27 13 en
702 1338 85 28 mängd
803 1338 61 21 olika

106 1370 84 29 frågor.
220 1371 46 21 Dot
287 1371 94 22 främsta
402 1372 114 28 yrkandet
539 1372 58 21 aiser
620 1375 34 18 att
675 1372 27 22 de
722 1372 51 28 fyra
789 1373 75 27 lägsta

106 1404 170 23 löneklasserna
299 1406 73 21 skulle
396 1406 93 22 alldeles
512 1406 107 22 afskaffas
638 1407 42 21 och
699 1407 27 21 de
745 1407 36 21 till
800 1406 65 21 dessa

107 1439 87 22 klasser
213 1448 31 13 nu
263 1440 111 21 hänförda
389 1448 138 20 personerna
541 1441 125 28 uppflyttas
682 1441 8 21 i
705 1441 159 22 motsvarande
