1103 1728
239 140 28 21 20
431 140 84 23 Ständ.
532 140 38 23 Sv.
587 154 28 3 —
630 141 74 28 Prop.
721 141 41 22 N:o
779 141 20 22 7.

241 211 144 23 Ständerna
416 212 57 23 med
503 212 164 29 iakttagande
696 212 25 22 af
747 211 78 30 nödig
850 212 144 23 varsamhet

239 245 85 23 funnit
352 246 92 29 skäligt
472 247 3 22 i
494 246 359 29 kommunikationsbudgeten
873 248 119 28 upptaga.

240 279 144 24 Ständerna
410 281 119 22 förbinda
556 281 43 22 vid
630 281 83 22 denna
743 281 92 28 utvägs
865 281 128 22 anlitande

239 315 51 22 den
313 314 178 31 förhoppning,
511 317 35 21 att
565 315 30 22 de
615 315 325 23 kommunikationsfonden
959 322 33 16 nu

238 349 48 22 och
314 349 107 29 tidigare
448 350 185 22 förskotterade
661 350 60 22 eller
747 349 114 29 längifna
885 350 107 22 medel
971 345 23 38 i

239 383 81 22 sinom
347 384 36 22 tid
406 384 86 23 kunna
520 384 125 23 definitivt
670 384 36 23 till
730 384 93 23 fonden
842 384 149 23 öfverföras.

239 418 99 23 Härvid
360 419 78 22 tilläta
457 419 38 29 sig
516 419 142 22 Ständerna
677 419 82 22 erinra
779 425 39 16 om
832 419 68 22 hvad
912 419 80 22 redan

239 453 108 28 tidigare
367 453 95 23 anförts
481 460 40 16 om
540 453 146 30 billigheten
700 453 26 23 af
738 460 30 15 en
782 454 140 29 ersättning
934 453 57 22 frän

238 487 166 23 statsverkets
429 488 54 23 sida
508 488 39 22 för
568 488 247 22 frambefordrandet
837 488 25 22 af
880 489 112 28 postver-

237 521 58 22 kets
322 529 106 22 vagnar,
456 523 103 22 hvilken
587 523 140 29 ersättning
754 522 44 22 vid
823 523 48 22 den
890 523 101 28 slutliga

237 557 172 28 uppgörelsen
436 557 123 23 fonderna
585 557 104 22 emellan
715 557 84 22 kunde
818 557 114 26 beaktas,
952 557 40 22 för

238 591 85 22 sävidt
350 591 145 23 densamma
525 592 90 22 hänför
643 592 39 29 sig
708 592 36 22 till
771 591 49 22 den
847 591 144 30 förgängna

237 625 78 22 tiden.

307 660 12 22 I
346 660 167 23 betraktande
538 661 25 22 af
588 662 35 21 att
649 660 140 23 Ständerna
808 660 81 22 under
908 660 82 22 denna

237 694 92 22 urtima
347 694 123 30 landtdag
488 695 102 22 beslutit
608 701 51 22 nya
671 694 318 29 järnvägsanläggningar,

237 728 100 23 hvilkas
356 729 246 29 byggnadskostnad
618 729 136 22 beräknats
767 729 100 22 komma
881 730 36 21 att
929 735 61 22 upp-

236 763 35 28 gä
299 763 35 22 till
361 764 54 22 icke
442 764 97 22 mindre
567 764 31 22 än
626 763 157 27 34,452,000
811 763 79 26 mark,
913 763 77 22 hafva

237 797 146 23 Ständerna
403 798 137 22 emellertid
559 798 67 22 velat
644 798 86 22 bifalla
749 798 36 22 till
804 798 42 22 det
866 798 24 22 af
909 798 80 28 Rege-

236 832 91 28 ringen
355 832 95 23 äskade
478 839 51 22 nya
548 832 143 23 statslänets
710 832 165 29 upptagande
893 832 33 28 pä
945 832 43 26 tid,

236 866 34 22 dä
298 866 74 27 länet,
400 868 55 22 med
484 867 127 22 anlitande
638 866 176 30 förnämligast
842 866 26 23 af
886 866 49 23 den
953 868 37 21 ut-

235 901 110 22 ländska
364 902 260 28 kapitalmarknaden,
644 901 49 22 kan
712 901 200 29 uppnegocieras
931 901 32 28 pä
982 901 8 22 i

236 935 44 22 det
299 937 126 21 närmaste
443 937 51 21 lika
513 936 149 29 förmänliga
682 936 91 22 villkor
792 942 53 16 som
865 936 38 26 de,
918 935 71 22 hvar-

236 970 37 21 till
293 970 30 22 de
343 972 99 21 senaste
462 971 137 22 statslänen
619 971 119 26 erhällits,
757 971 143 28 hvarjämte
921 969 69 23 Stän-

235 1004 88 27 derna,
341 1005 56 22 med
417 1005 99 29 hänsyn
535 1005 78 22 redan
630 1005 90 28 därtill,
734 1006 36 21 att
783 1005 26 21 af
821 1005 67 22 lånet
901 1005 89 22 endast

235 1044 34 16 en
293 1038 41 22 del
358 1039 127 22 erfordras
504 1039 39 23 för
562 1039 122 22 täckande
704 1039 26 22 af
750 1038 240 22 kommunikations-

235 1072 109 23 fondens
363 1073 64 23 brist
445 1074 80 22 under
541 1074 172 22 innevarande
726 1073 180 28 finansperiod,
919 1073 67 22 hälla

235 1107 64 27 före,
328 1109 35 20 att
391 1108 160 29 Regeringen
571 1108 46 22 bör
635 1108 167 28 bemyndigas
823 1109 35 20 att
876 1109 113 27 upptaga

235 1141 70 23 länet
324 1142 120 29 antingen
462 1143 33 27 pä
514 1149 31 15 en
564 1142 69 30 gäng
652 1142 59 22 eller
730 1142 7 22 i
755 1142 98 22 mindre
871 1143 75 21 rater.

305 1176 166 23 Beträffande
490 1177 31 22 de
539 1177 88 26 medel,
639 1183 53 15 som
705 1184 30 14 ur
748 1176 242 22 kommunikations-

235 1210 96 22 fonden
355 1210 64 23 böra
438 1211 35 22 till
498 1211 136 23 eventuellt
652 1210 163 23 bestridande
835 1210 25 22 af
879 1210 111 22 annuite-

235 1246 44 20 ten
304 1245 14 21 å
347 1245 42 22 det
415 1252 51 22 nya
494 1246 131 22 statslänet
648 1245 39 22 för
706 1245 173 22 innevarande
897 1244 94 22 finans-

235 1279 89 27 period
353 1280 110 26 anvisas,
491 1280 78 22 hafva
598 1280 142 22 Ständerna
759 1279 58 22 med
835 1279 100 28 hänsyn
954 1279 36 22 till

235 1313 188 23 ofvananförda
442 1314 210 29 förutsättningar
670 1314 54 22 icke
743 1315 61 21 trott
823 1314 38 29 sig
879 1313 111 22 behöfva

235 1347 114 23 beräkna
369 1349 128 22 desamma
516 1349 34 22 till
570 1351 34 20 ett
622 1349 79 28 högre
722 1349 91 27 belopp
832 1349 32 21 än
880 1347 110 27 562,500

234 1382 81 22 mark.

305 1416 12 22 I
335 1416 64 29 följd
419 1417 25 21 af
462 1417 68 21 hvad
549 1417 46 21 här
613 1417 83 22 blifvit
715 1416 152 22 framställdt
880 1416 24 22 få
920 1415 70 23 Stän-

234 1450 81 22 derna
326 1451 193 29 .underdänigst
537 1451 114 22 meddela
671 1453 35 20 att
721 1450 144 23 Ständerna
876 1450 113 22 beslutit:
