1100 1750
227 171 13 19 2
422 171 84 23 Ständ.
523 171 40 23 Sv.
578 184 29 2 —
622 171 74 28 Prop.
713 171 43 22 N:o
772 170 23 22 2.

228 239 34 21 för
278 239 95 28 spelkort
392 239 68 22 under
475 239 60 22 tiden
557 239 47 22 från
620 239 42 22 den
679 241 11 20 1
706 239 37 28 juli
761 239 55 22 1906
832 239 32 21 till
880 238 111 29 utgången

228 273 23 21 af
266 273 23 22 år
307 274 60 21 1907.

298 307 51 22 Med
366 308 116 29 anledning
496 308 63 21 häraf
573 308 23 21 få
612 308 127 27 Ständerna,
753 308 90 21 hvilka
835 303 13 39 i
858 308 67 21 likhet
940 307 48 21 med

228 341 43 22 den
288 342 76 28 nådiga
382 343 161 28 propositionen
559 343 104 21 beräknat
678 342 122 22 inkomsten
817 342 23 21 af
852 342 41 21 den
910 341 79 28 ifråga-

228 376 95 21 varande
339 377 144 28 bevillningen
499 376 69 22 under
582 377 50 21 åren
650 378 54 20 1906
716 377 41 21 och
769 377 54 21 1907
836 377 32 20 till
884 383 105 14 samman-

230 411 61 28 lagdt
307 412 76 25 76,000
399 412 66 26 mark,
480 411 39 22 hos
542 411 69 22 Eders
634 411 121 29 Kejserliga
771 411 103 28 Majestät
890 412 6 19 i
912 410 77 21 under-

230 445 104 28 dånighet
349 446 83 21 anmäla

504 511 34 19 att
558 508 132 28 Ständerna,
706 515 48 15 som
774 510 73 19 ansett
868 508 120 27 bevillning

436 543 37 27 för
487 543 95 28 spelkort
594 543 86 28 jämväl
694 543 72 21 under
781 542 59 21 tiden
856 542 55 28 från
926 543 42 20 den
978 543 12 19 I

434 578 45 27 juli
501 579 61 20 1906
578 578 35 21 till
635 577 111 29 utgången
765 577 29 28 af
812 577 27 21 år
854 578 61 20 1907
938 577 51 21 böra

436 613 105 27 erläggas,
558 612 48 22 med
626 613 161 27 godkännande
802 612 30 28 af
850 612 41 21 den
907 612 82 27 nådiga

434 647 172 28 propositionen,
621 647 88 28 antagit
723 654 27 14 en
765 646 26 21 så
807 647 93 27 lydande

506 721 125 28 Förordning
648 727 32 16 om
696 721 40 23 den
748 721 116 27 bevillning,
876 726 46 17 som
935 720 54 22 skall

436 755 100 28 erläggas
550 755 36 23 för
601 756 102 27 spelkort.

300 812 102 21 Förutom
425 813 41 21 den
489 820 76 21 genom
588 813 78 28 nådiga
689 813 143 28 kungörelsen
856 812 23 21 af
900 812 42 21 den
962 813 27 20 22

228 847 46 27 juni
292 847 53 21 1859
362 847 122 21 fastställda
499 847 155 28 stämpelafgift
670 847 34 21 för
726 847 102 28 spelkort,
844 847 96 27 erlägges
957 846 33 21 för

228 881 78 28 hvarje
322 881 84 21 kortlek
422 889 25 14 en
465 881 193 28 bevillningsafgift
673 882 23 21 af
711 882 70 21 sextio
797 882 70 27 penni.

300 915 105 22 Senatens
421 915 268 29 Ekonomiedepartement
704 923 51 21 eger
771 915 97 22 meddela
885 915 105 21 erforder-

229 949 44 28 liga
289 949 136 22 föreskrifter
440 950 133 21 beträffande
588 950 126 29 uppbörden
730 949 41 22 och
787 949 166 28 redovisningen
969 949 23 21 af

228 983 166 28 ifrågavarande
410 984 124 28 bevillning.

300 1018 77 21 Denna
400 1019 126 27 förordning
548 1019 72 21 träder
635 1020 7 19 i
656 1019 100 28 gällande
779 1018 59 21 kraft
860 1018 42 21 den
927 1019 10 20 1
953 1017 38 28 juli

230 1053 55 21 1906
302 1053 41 21 och
358 1053 67 27 gäller
440 1053 32 21 till
487 1053 107 28 utgången
611 1053 23 21 af
648 1053 24 21 år
688 1054 61 21 1907.

299 1121 104 21 Finlands
419 1121 93 22 Ständer
526 1121 122 21 framhärda
664 1125 40 18 etc.

301 1190 141 29 Helsingfors
458 1191 41 20 den
516 1191 27 20 14
558 1191 44 28 juni
620 1191 60 21 1906.

363 1488 117 23 Helsingfors
493 1488 49 18 1906.
566 1488 116 23 Helsingfors
696 1487 162 23 Centraltryckeri.
