1103 1756
235 126 14 20 4
469 133 29 23 U.
513 134 25 20 B.
556 146 26 2 —
599 133 73 28 Prop.
689 134 40 22 N:o
745 133 22 21 6.

236 204 63 30 höjts
318 205 51 21 från
388 205 91 27 40,000
498 205 38 21 till
556 205 91 27 560,000
675 205 72 27 mark,
773 204 91 22 hvadan
885 204 52 22 hela
955 212 39 13 an-

236 239 172 29 slagsbeloppet
425 240 121 28 upptagits
564 239 38 22 till
624 240 130 26 1,558,000
773 238 71 22 mark.

307 274 35 21 Dä
368 273 122 23 Utskottet
515 274 79 21 funnit
618 274 39 21 det
681 281 56 14 vara
762 273 52 22 med
833 273 99 21 rättvisa
950 273 44 21 och

236 308 111 29 billighet
364 308 119 29 förenligt,
502 310 36 20 att
555 308 107 29 grunden
680 308 36 22 för
735 308 158 28 beräkningen
913 307 24 22 af
954 307 40 21 det

236 350 29 14 ur
283 342 217 29 bevillningsmedel
520 342 36 22 till
574 342 122 22 underhåll
712 342 23 22 af
750 342 243 22 stadskommunernas

234 377 131 21 folkskolor
387 377 117 29 utgäende
526 377 82 29 bidrag
626 377 76 22 blefve
720 376 126 23 förändrad
864 377 8 21 i
890 376 103 28 enlighet

235 411 53 22 med
306 411 62 22 hvad
386 419 47 14 som
452 412 8 21 i
478 412 174 28 propositionen
668 411 140 28 framhälles,
821 411 36 21 fär
872 411 121 22 Utskottet

235 446 120 22 vördsamt
370 446 90 28 föreslä,
480 449 35 19 att
534 446 130 22 Ständerna
683 446 55 22 ville
756 446 98 27 besluta,

510 518 32 19 att
559 517 9 20 i
586 517 33 21 det
646 517 79 27 belopp,
743 523 46 15 som
814 518 60 25 utgör
893 516 99 27 grunden

441 551 38 31 för.
500 551 142 27 beräkningen
660 551 28 27 af
701 552 35 20 det
752 558 30 14 ur
799 550 194 28 bevillningsmedel

442 586 33 21 till
501 586 114 20 underhåll
638 586 28 27 af
684 586 112 21 städernas
818 585 113 27 folkskolor
953 586 36 20 ut-

439 620 81 27 gående
538 620 80 28 bidrag,
631 620 87 28 jämväl
736 620 59 28 finge
811 620 78 20 räknas
907 620 24 20 de
949 619 40 28 hy-

440 655 114 27 resbelopp,
572 662 46 14 som
636 655 215 21 stadskommunerna
862 654 80 27 nödgas
953 656 36 18 ut-

441 689 69 21 betala
521 689 35 27 för
567 689 83 21 sådana
660 690 59 27 legda
727 689 182 27 folkskolelokaler,
919 688 71 21 hvilka

441 723 99 28 vefinnas
563 725 107 19 motsvara
693 724 38 20 sitt
752 723 110 27 ändamål,
880 723 110 27 äfvensom

442 758 103 21 kontanta
570 758 90 28 utgifter
685 758 36 28 för
747 758 73 20 böcker
844 758 33 20 till
894 757 97 21 bibliotek

440 792 35 27 för
492 792 283 28 folkskollärarepersonalen
794 794 57 19 samt
868 792 75 27 anslag
957 792 34 20 till

440 827 117 27 stipendier
580 827 35 27 för
637 827 148 27 auskultering
802 827 38 21 och
857 826 132 21 studieresor.

303 928 46 22 För
373 928 128 23 utredande
526 930 23 21 af
574 929 28 21 de
626 930 98 28 utgifter
742 929 28 22 de
790 931 73 19 större
883 928 108 22 städerna

232 962 37 22 för
287 963 145 21 närvarande
450 963 72 22 hafva
539 964 35 21 för
592 964 69 28 hyror
680 964 23 22 af
721 963 69 29 legda
811 963 179 22 folkskoleloka-

232 996 36 22 ler
285 996 42 22 har
345 997 123 23 Utskottet
486 998 79 22 härom
584 998 148 22 införskaffat
750 998 120 28 uppgifter
881 997 52 21 från
945 999 44 19 stä-

232 1030 76 23 derna
326 1032 154 28 Helsingfors,
493 1028 58 32 Åbo,
564 1032 90 29 Viborg
666 1032 43 22 och
722 1032 162 22 Tammerfors.
911 1032 12 21 I
935 1032 54 21 Hel-

232 1066 101 27 singfors
357 1066 42 22 har
417 1067 8 21 i
443 1066 71 29 hyror
537 1067 36 21 för
597 1067 76 21 kansli
695 1067 43 22 och
757 1066 142 22 skollokaler
916 1066 74 22 under

232 1099 27 22 år
279 1100 64 21 1905
367 1100 129 23 utbetalats
521 1101 89 29 30,000
635 1101 72 26 mark,
734 1108 53 15 men
808 1101 43 21 har
868 1100 65 21 detta
951 1100 38 21 be-

231 1134 56 29 lopp
307 1135 8 20 i
333 1135 94 28 utgifts-
451 1135 43 22 och
518 1135 178 22 inkomststaten
721 1135 36 22 för
779 1136 25 21 år
826 1135 63 21 1906
909 1135 80 21 beräk-

231 1171 54 19 nats
309 1169 38 21 till
371 1169 91 28 35,000
486 1169 72 28 mark,
583 1170 119 21 hvarifrån
724 1170 61 21 dock
804 1169 93 28 vidpass
916 1169 72 27 2,000

235 1203 66 21 mark
325 1203 79 22 kunde
429 1204 109 22 afräknas
563 1205 36 21 för
617 1204 179 22 kanslilokalen.
832 1204 11 21 I
861 1199 52 26 Åbo
931 1211 58 21 upp-

230 1239 69 26 tages
326 1237 36 22 för
388 1238 26 21 år
443 1239 64 21 1906
532 1238 8 21 i
564 1239 70 28 hyror
651 1239 36 22 för
704 1239 90 22 lokaler
818 1237 171 28 sammanlagdt

230 1271 93 28 86,100
352 1273 72 27 mark,
449 1273 52 21 från
519 1273 91 22 hvilket
629 1273 84 29 belopp
732 1273 61 22 dock
812 1273 41 21 bör
880 1272 108 21 afräknas

230 1305 60 29 hyra
302 1306 35 21 för
350 1306 172 23 kanslilokalen
534 1307 8 22 i
555 1307 198 29 stadshusgården
764 1307 52 22 med
832 1307 71 27 1,000
916 1307 71 21 mark.

229 1339 14 22 I
261 1340 161 29 utgiftsstaten
442 1341 35 22 för
489 1341 101 28 Viborgs
608 1342 52 22 stad
678 1342 36 22 för
732 1343 26 20 år
774 1341 63 22 1906
850 1341 74 21 finnes
936 1341 52 22 icke

229 1377 116 26 upptaget
363 1376 73 28 något
448 1376 84 29 belopp
551 1376 37 21 för
605 1376 58 29 hyra
682 1376 23 21 af
723 1375 147 23 skollokaler.
897 1375 12 22 I
922 1375 67 22 Tam-

229 1409 98 22 merfors
345 1409 50 22 åter
412 1413 114 26 upptages
545 1410 74 29 hyran
637 1411 37 21 till
692 1413 35 19 ett
752 1410 84 29 belopp
855 1409 23 22 af
899 1410 88 27 16,900

229 1443 74 22 mark.
339 1444 12 21 I
375 1443 109 23 städerna
507 1445 153 28 Helsingfors,
690 1441 52 26 Åbo
771 1444 43 22 och
835 1444 152 22 Tammerfors

300 1487 143 18 Statsutskottets
456 1489 110 17 betänkande
578 1489 37 17 N:o
624 1489 18 17 2.
