1100 1750
924 223 33 21 2

989 226 16 18 E

977 216 36 9 el

977 231 36 17 IL

977 249 36 18 i

902 248 111 53 Tn

130 307 115 34 Stämpelaf-
259 315 1 21 |
379 310 32 20 alt
419 309 57 21 efter
484 317 48 14 som
542 310 114 27 domaren,
665 310 51 21 med
725 309 105 21 afseende
842 309 11 20 ä
862 304 42 25 af-
977 302 1 27 I
1012 309 1 3 ;

126 336 38 23 gilt
176 336 30 33 för
218 337 26 17 at-
259 348 1 21 |
378 344 217 28 verkningsaftalets
628 344 145 28 omfattning,
803 343 101 63 betr,
977 356 1 8 i

129 365 115 24 handlingar
259 374 1 11 |
390 378 82 21 käliet.
769 368 2 3 ;
902 371 2 2 H
977 379 1 6 i

146 394 83 18 emellan
258 388 2 25 |
379 385 75 21 skallg
977 393 1 16 i

142 410 92 37 enskilda.
258 414 2 43 |
317 412 33 21 2:0
367 413 117 54 TY
500 413 46 28 köp
562 413 41 21 och
614 413 54 28 byte
684 412 22 22 af
719 412 58 29 jord,
800 412 49 27 hus,
866 419 28 14 m.

258 458 1 11 I

402 464 10 10 .
428 447 35 27 då,
480 447 97 21 förutom
594 447 115 28 köpebref,
728 446 108 22 kontrakt
845 435 48 32 där-

378 464 35 38 =
430 484 126 25 upprättas,
572 481 36 22 för
623 481 77 28 hvarje
717 481 39 22 ark
786 498 3 3 .
821 498 3 3 .
945 481 10 19 1

317 516 32 21 3:o
366 516 117 27 angående
494 516 85 28 bolag
572 511 13 37 i
596 515 89 28 handel,
708 515 85 29 fartyg,
816 523 87 17 manu-;

377 550 83 28 faktur,
478 551 62 26 bruk,
564 549 75 22 fabrik
662 551 55 20 eller
732 557 76 14 annan
823 549 80 23 sådan;

377 564 90 54 rörelse,
498 585 136 29 handtering
658 586 54 20 eller
741 584 88 29 näring,
858 584 36 21 för

376 619 79 29 hvarje
471 620 39 21 ark
545 637 4 3 .
580 637 3 3 so
614 637 38 3 vo.
889 622 14 25 <!
930 619 27 20 10
976 629 30 18 |—

316 654 33 21 40
367 654 45 21 alla
428 654 74 28 öfriga
518 654 95 22 emellan
630 636 104 39 snäkäilä
752 636 151 46 upprättade!
976 653 36 21 i

377 688 240 22 öfverenskommelser
632 688 40 22 och
697 688 151 22 förbindelser
870 687 26 21 af

377 722 193 28 kontraktsnatur,
587 723 79 21 hvilka
674 723 50 21 icke
733 723 77 21 kunna
821 722 81 27 under;

376 756 189 30 ofvanupptagna
575 757 104 21 rubriker
689 757 114 27 hänföras,
814 756 78 28 hvarje
901 758 1 42 |
976 766 1 32 |
1011 750 1 34 |

256 796 2 27 i
377 792 67 20 ark.
476 788 536 36 e]
941 784 15 44 2

273 825 68 27 Köpe-
357 826 55 20 eller
426 826 56 22 salu-
498 829 59 19 samt
570 826 72 28 gäfro-
658 826 42 22 och
719 825 106 29 bytesbref
838 826 64 32 eller;
976 826 1 3 H

316 867 74 14 annan
414 860 256 28 öfverlätelsehandling
689 862 13 20 &
717 860 46 22 fast
781 860 103 28 egendom
901 854 1 42 |

317 894 6 21 i
343 894 51 22 stad
412 896 56 20 eller
488 896 29 27 pä
539 895 83 28 landet,
649 896 64 27 bruk,
739 894 163 28 manufaktur,|

315 928 75 22 fabrik
406 930 51 21 med
472 930 54 20 flere
541 930 55 21 verk
612 930 42 21 och
667 908 160 53 inrättningar,
844 936 38 14 som
894 917 8 39 |

315 962 139 29 fastigheten
479 964 81 28 åtfölja
582 967 59 18 samt
663 964 71 21 under
757 959 145 33 eganderätt!

315 997 117 29 föryttras,
449 998 70 28 skola,
535 998 29 21 då
579 998 27 22 de
622 998 35 22 för
671 998 116 21 vinnande
803 997 26 22 af
844 998 58 27 lag-:

315 1066 143 22 förbållande
473 1067 36 21 till
525 1067 153 28 egendomens
694 1067 69 22 värde
779 1066 103 22 sålunda:
901 1079 1 12 |
975 1093 1 3 |

375 1101 37 21 till
428 1101 42 21 och
487 1102 51 20 med
554 1102 42 21 100
611 1102 63 21 mark
715 1119 3 3 .
891 1102 11 20 J
928 1102 25 2 TT
975 1098 36 27 50

376 1138 58 18 samt
443 1135 131 22 därutöfver
582 1136 35 21 för
625 1136 79 28 hvarje
712 1119 57 38 fulla
779 1114 43 53 100
828 1118 61 38 mark
900 1144 2 23 |
935 1142 18 2 —
975 1131 36 26 500:

445 1171 92 20 Samma
562 1171 166 28 stämpelafgift
758 1171 74 28 gäller
857 1157 45 34 för
895 1153 9 48 |

376 1204 79 28 dylika
470 1205 137 28 handlingar
622 1205 117 28 angående
755 1204 85 29 fartyg,
864 1204 28 21 då

375 1239 39 21 det
429 1239 37 21 till
480 1239 147 28 registrering
644 1240 107 27 anmäles,
774 1239 117 28 byggnad,

375 1273 75 22 fabrik
470 1274 42 21 och
538 1281 72 14 annan
637 1274 134 28 inrättning,
797 1281 47 13 som
871 1268 30 35 ej!

376 1307 22 21 af
427 1307 110 29 fastighet
567 1308 97 28 åtföljes,
698 1309 28 20 då
756 1307 145 31 inteckning
891 1303 13 39 |
974 1320 1 7 i

375 1342 49 20 däri
443 1342 71 26 sökes,
539 1345 58 18 samt
622 1342 154 22 arrendetomt
800 1342 7 20 i
834 1339 67 29 stad,|
974 1340 1 28 |

374 1376 29 21 dä
419 1376 71 21 skedd
506 1376 143 22 öfverlätelse
665 1376 22 22 af
705 1376 196 28 besittningsrät-
974 1369 1 40 |

374 1413 39 19 ten
433 1410 83 28 därtill,
540 1410 69 28 jemte
632 1411 164 28 eganderätten
819 1410 37 21 till
878 1407 23 30 &!
974 1416 1 8 |

375 1448 87 18 tomten
481 1445 121 28 befintliga
625 1445 140 28 byggnader,
790 1445 40 21 hos
853 1450 48 21 ve-|
974 1442 1 8 :
