1103 1731
326 142 29 23 U.
370 142 28 23 B.
414 155 26 3 —
456 142 74 29 Prop.
548 143 42 22 N:o
606 142 23 23 6.
843 143 15 20 3

171 211 117 27 Därjämte
304 211 73 21 beslöt
393 211 99 27 Ständet,
508 215 33 18 att
556 212 37 21 det
609 212 32 21 uti
658 212 116 21 klämmen
779 207 12 36 å
785 211 72 22 sida

104 247 26 20 19
153 248 118 25 upptagna
292 246 79 27 anslag
387 246 74 21 skulle
477 253 67 15 anses
558 247 76 21 såsom
652 249 29 18 elt
696 247 162 21 reservations-

103 281 86 26 anslag.

171 315 160 20 Bondeständet
345 315 43 20 har
404 315 99 27 beslutit,
520 315 169 27 godkännande
701 315 156 21 betänkandet

102 349 6 20 i
132 349 73 27 öfrigt,
225 351 31 18 att
272 349 163 21 älerremittera
451 349 129 22 detsamma
596 349 34 21 till
646 349 114 21 Utskottet
775 349 36 21 för
827 349 31 20 af-

103 383 125 27 lägsnande
244 383 26 20 af
283 383 54 21 sista
353 386 125 19 momentet
494 384 25 21 af
530 384 43 21 den
590 384 29 27 pä
631 384 93 21 sidorna
737 385 26 20 10
774 384 43 21 och
830 384 24 20 11

103 418 94 26 intagna
213 417 125 22 klämmen.

173 452 122 21 Dessutom
311 451 74 21 skulle
401 452 113 21 Utskottet
530 453 235 27 uppmärksamgöras
777 451 81 28 därpä,

103 489 32 18 att
158 487 44 20 den
226 486 54 21 sista
304 486 117 21 klämmen
445 486 6 21 i
471 487 37 20 det
524 487 74 21 finska
615 487 155 20 betänkandet
785 486 73 21 borde

103 523 66 25 göras
185 521 252 21 öfverensstämmande
452 522 53 20 med
522 522 36 20 det
574 522 98 20 svenska
688 527 82 21 genom
785 521 73 26 tilläg-

103 556 74 27 gande
193 556 25 20 af
232 555 64 21 ordet
314 556 254 21 »suostuntavaroista.»

172 591 35 20 Dä
230 590 77 21 säsom
330 590 68 21 häraf
419 590 100 27 framgär
542 591 169 21 Prästeständet
729 590 75 21 blifvit
820 597 38 14 en-

103 628 60 18 samt
178 632 38 14 om
232 625 44 21 den
292 625 8 20 i
315 625 70 21 första
401 625 117 21 klämmen
536 625 48 21 sida
602 626 26 20 10
643 625 108 27 vidtagna
766 624 93 22 ändrin-

102 666 50 20 gen,
168 666 50 14 som
234 659 18 27 ej
271 659 82 21 värkar
361 659 29 27 pä
402 659 37 21 det
449 659 112 27 beviljade
572 660 113 26 anslagets
698 660 91 27 belopp,
801 660 57 20 före-

103 694 69 26 ligger
188 694 107 26 lagenligt
308 693 168 21 ständerbeslut
490 694 6 20 i
508 694 76 20 denna
597 694 42 20 del.
648 694 77 20 Andra
735 694 43 21 och
787 693 72 27 tredje

103 728 118 20 klämmen
249 728 30 27 pä
294 734 89 14 samma
400 728 49 20 sida
465 728 69 20 hafva
550 728 114 27 godkänts
680 728 25 20 af
717 728 46 21 alla
779 727 78 22 Ständ.

172 762 52 21 Med
240 762 105 21 afseende
365 762 14 20 &
395 762 118 21 klämmen
530 763 50 20 sida
597 764 23 19 11
639 763 91 21 märkes
745 762 114 26 däremot,

103 799 32 18 att
157 797 137 21 densamma
313 796 114 27 godkänts
447 797 81 21 endast
543 797 25 21 af
582 797 175 26 Prästeständet,
772 796 85 22 medan

104 831 166 27 Ridderskapet
292 832 44 20 och
358 831 79 27 Adeln,
461 832 74 20 under
558 832 140 20 omfattande
714 832 25 20 af
752 832 107 26 förslaget

103 868 46 24 om!
165 866 139 21 tillsättande
328 866 24 20 af
371 873 27 13 en
423 866 99 21 särskild
545 866 71 21 nämd
639 866 34 21 för
689 866 132 21 utdelandet
836 865 26 21 af

103 900 80 27 anslag
206 900 23 21 ät
250 900 89 21 landets
362 900 182 27 folkhögskolor,
568 901 59 21 velat
642 901 142 20 öfverlämna
800 900 60 20 valet

103 935 25 20 af
141 935 135 21 densamma
292 935 23 21 ät
330 936 69 26 sagda
415 935 90 22 skolors
522 935 139 21 direktioner
676 935 43 21 och
735 935 124 27 lärareper-

103 969 73 21 sonal.
208 970 106 26 Borgare-
337 970 43 21 och
404 970 178 21 Bondeständen
606 970 47 21 åter
672 970 69 20 hatva
757 969 102 21 uteslutit

103 1004 77 20 denna
196 1004 70 27 kläm,
283 1004 189 21 öfverlämnande
489 1005 97 20 sälunda
602 1005 24 20 ät
642 1004 138 27 Regeringen
798 1003 62 21 utde-

104 1038 77 21 landet
197 1039 24 20 af
234 1038 38 21 det
287 1039 23 20 ät
325 1039 206 26 folkhögskolorna
547 1039 112 27 beviljade
675 1039 107 26 anslaget.

172 1073 45 21 Till
232 1073 113 21 ernäende
361 1073 26 21 af
400 1074 253 21 sammanstämmande
669 1073 74 20 beslut
758 1073 6 20 i
781 1072 78 21 anled-

103 1107 56 27 ning
182 1107 25 21 af
228 1108 85 20 nämda
329 1108 201 27 meningsolikhet,
546 1108 74 20 finner
639 1107 33 27 sig
688 1107 172 21 Statsutskottet

103 1141 56 21 böra
176 1142 118 21 vördsamt
309 1142 42 21 hos
365 1142 167 27 Ridderskapet
548 1142 43 21 och
607 1141 72 22 Adeln
695 1144 59 19 samt
770 1141 89 21 Präste-

103 1176 90 21 ständet
210 1177 119 21 hemställa

379 1245 111 21 huruvida
515 1245 45 21 icke
584 1245 24 21 de
632 1245 47 21 ville
695 1245 64 27 äfven
774 1245 37 27 för
825 1244 36 21 sin

310 1279 34 21 del
359 1280 44 20 läta
420 1280 50 21 bero
487 1279 36 22 vid
538 1281 31 20 att
584 1280 111 21 klämmen
712 1279 7 21 i
733 1279 66 28 fräga
816 1280 43 19 ute-

311 1315 69 24 slutes,
401 1314 144 27 hvarigenom
562 1314 123 21 utdelandet
699 1313 27 28 af
737 1314 69 26 sagda
822 1320 41 13 an-

310 1349 48 26 slag
375 1348 151 28 öfverlämnas
540 1349 24 20 ät
578 1347 138 29 Regeringen.

174 1416 52 21 Med
249 1416 106 22 afseende
377 1417 14 21 ä
412 1418 73 20 första
500 1418 118 20 klämmen
634 1418 50 20 sida
701 1418 25 20 18
741 1416 122 27 föreligger

103 1450 45 21 den
172 1451 268 27 meningsskiljaktighet,
457 1454 33 18 att
506 1452 125 21 Utskottets
647 1452 84 26 förslag
745 1454 56 18 utan
818 1451 45 21 för-

174 1496 142 19 Statsutskottets
328 1497 112 18 betänkande
452 1497 40 18 N:o
504 1498 18 17 5.
