1075 1750
67 320 116 24 Stämpelaf-
202 329 1 11 |
299 324 12 21 å
322 331 74 14 annan
407 324 130 28 befattning
548 324 6 21 i
563 324 73 21 kom-'

56 348 38 24 gift
101 349 31 18 för
140 350 63 26 dom-|
298 366 66 14 muns
396 359 54 21 eller
480 354 156 32 församlings
629 350 10 40 |

60 378 78 23 stolars,
151 384 39 12 em-
311 392 3 4 .
388 396 8 4 4
448 394 6 6 2
635 390 1 7 i

72 406 104 19 betsverks
201 413 2 13 |
298 395 70 26 tjenst
387 401 27 13 än
434 393 77 28 sådan,
531 400 48 14 som
595 392 31 39 of-

56 423 45 39 samt
110 423 79 39 tjenste-
198 427 5 22 |
298 434 44 14 van
367 430 101 26 nämnes,
493 428 103 28 erlägges
619 435 17 29 il

61 466 56 16 mäns
130 470 58 18 expe-
201 470 2 2 |
298 462 168 28 stämpelafgift
484 480 4 3 .
623 467 13 28 si

80 488 90 40 ditioner.
239 496 26 21 B.
281 496 158 28 Förordnande,
459 504 53 14 vare
528 496 35 28 sig
579 496 57 21 det-|

201 545 1 6 |
281 538 85 14 samma
398 531 115 21 meddelas
543 528 93 31 genom!

281 565 107 22 särskildt
403 565 153 22 förordnande
572 566 55 21 eller

280 607 82 21 genom
376 600 211 28 protokollsutdrag
597 607 28 14 m.
634 616 1 9 |

279 642 35 20 m.,
334 637 34 19 att
386 635 30 28 pä
433 635 106 21 bestämd
553 635 34 20 tid
603 635 25 20 af

280 671 33 19 ott
331 669 24 21 är
372 669 56 22 eller
445 669 132 22 därutöfver
591 669 34 21 sä-

280 710 48 14 som
350 703 87 22 vikarie
460 703 101 22 bestrida
580 711 45 14 em-

278 738 58 27 bete,
362 737 72 28 tjenst
456 738 55 21 eller
533 738 92 21 beställ-

199 775 2 27 |
278 772 63 28 ning,
357 779 49 14 som
421 772 73 21 under
508 772 74 28 punkt
596 773 29 26 a),

199 803 2 4 |
279 806 20 27 0)
313 806 42 21 och
366 808 19 26 e)
396 809 101 25 nämnas,
509 807 114 28 stämplas,

279 841 29 20 dä
323 841 93 21 därmed
431 841 67 28 följer
508 841 51 20 hela
571 841 63 27 eller:

278 875 76 28 nägon
369 875 37 21 del
417 875 23 22 af
450 875 43 21 den
504 875 52 21 med
566 875 58 28 tjen-
633 886 1 20 |

279 911 49 20 sten
347 909 109 22 förenade
476 909 102 28 aflöning
594 910 40 23 el-|

277 944 34 21 ler
324 943 108 28 inkomst,
448 944 53 21 med
517 961 4 4 .
585 961 38 4 e.

311 978 46 21 Vid
390 978 120 21 enahanda
538 978 86 21 förord-

277 1013 74 20 nande
366 1013 30 27 pä
405 1013 91 21 kortare
507 1013 55 21 eller
573 1012 51 22 obe-

278 1047 73 21 stämd
367 1047 35 21 tid
418 1047 54 21 eller
488 1047 39 21 vid
537 1047 96 26 förord-
625 1043 12 34 |

276 1081 74 21 nande
358 1083 57 20 utan
424 1081 52 22 hela
484 1082 55 21 eller
546 1082 77 27 någon

277 1115 36 22 del
335 1115 26 22 af
382 1116 44 21 den
448 1116 52 21 med
524 1115 99 29 tjensten

275 1149 109 22 förenade
402 1149 102 29 aflöning
519 1150 55 22 eller
589 1150 34 21 in-

276 1184 75 22 komst
371 1185 68 28 utgår
457 1184 175 29 stämpelafgif-
626 1180 10 37 |

275 1214 47 36 ten
340 1218 42 22 med
412 1236 3 4 .
446 1236 4 4 .
480 1236 4 4 .
516 1236 71 4 cc
618 1228 14 11 |

309 1253 119 28 Förnyadt
433 1253 189 21 förordnandeatt
630 1251 2 5 |

275 1287 140 21 fortfarande
444 1288 73 20 under
543 1288 78 27 längre

276 1322 53 20 eller
343 1321 93 22 kortare
450 1321 35 21 tid
499 1322 54 20 eller
564 1322 57 20 tills-

275 1355 77 22 vidare
368 1356 101 21 bestrida
484 1363 87 14 samma
583 1356 38 21 be-

194 1401 2 17 |
275 1389 101 29 fattning
392 1390 56 22 eller
463 1390 88 28 syssla
542 1385 13 37 .

308 1424 163 22 Förordnande
494 1427 35 19 att
549 1425 72 21 under

275 1466 27 14 en
320 1459 73 21 vecka
412 1459 54 21 eller
480 1459 91 21 kortare
586 1459 35 21 tid

273 1492 101 22 bestrida
393 1494 94 28 embete,
504 1493 71 29 tjenst
590 1489 40 32 el-|
