1103 1756
332 136 28 21 U.
377 136 25 21 B.
421 148 26 3 —
464 135 72 28 Prop.
554 135 43 22 N:o
613 135 20 22 %.
843 135 13 20 5

170 208 135 21 Inkomsten
326 208 23 21 af
367 207 186 29 persontrafiken
573 214 41 15 var

231 271 26 21 är
279 271 64 20 1894
381 287 3 4 .
423 287 3 4 .
464 287 3 3 .
523 270 133 27 —5,462,000
675 269 65 22 mark

237 322 8 11 »
279 305 64 21 1899
381 322 4 3 .
423 321 4 4 .
464 321 3 4 .
506 305 149 27 10,090,000
704 321 9 11 ,

237 356 9 11 »
279 339 64 22 1904
381 356 3 3 .
423 356 4 4 .
464 356 3 3 .
507 339 148 28 12,200,000

103 408 123 22 utvisande
253 408 74 21 under
345 407 109 30 perioden
476 408 169 21 1894—1899
665 415 27 14 en
712 408 105 29 stegring
835 407 24 22 af

104 443 50 22 84.7
168 439 32 35 0/,
225 443 43 21 och
293 442 73 22 under
390 442 110 29 perioden
521 443 169 21 1899—1904
709 443 23 21 af
751 443 52 22 20.9
819 439 38 34 9/4.

171 477 133 22 Tillväxten
332 477 7 21 i
363 477 158 28 godstrafiken
540 477 91 28 belyses
651 477 22 21 af
692 476 102 30 följande
813 477 44 21 tal:

349 543 50 18 antal
411 542 77 23 godston
505 538 11 32 —
523 542 145 24 godsvagnaxel-
689 538 14 32 —
712 542 86 23 godston-

545 567 99 32 kilometer
708 571 93 18 kilometer

571 596 44 31 milj.
730 600 42 22 milj.

146 650 25 21 år
193 649 86 22 1894.
316 666 4 5 .
362 649 129 27 1,104,000
524 635 23 45 =
565 650 68 22 110.9
723 649 67 23 149.8

152 701 9 10 »
193 684 88 21 1899.
318 701 3 4 .
359 684 132 29 2,209,000
564 684 69 22 206.2
720 684 69 22 285.0

150 735 10 11 »
193 719 87 20 1904.
317 735 4 4 .
359 719 132 27 2,918,000
563 719 69 22 273.8
720 719 68 21 376.2

172 788 98 21 Antalet
288 787 98 29 godston
407 787 41 22 har
465 788 75 21 under
559 787 109 29 perioden
690 787 166 21 1894—1899

104 822 68 22 vuxit
199 821 52 22 med
277 822 67 22 100.1
364 819 39 34 %,
430 822 358 28 godsvagnaxelkilometertalet
806 820 53 23 med

105 856 53 22 86.5
171 853 33 34 %,
223 856 43 22 och
284 856 283 28 godstonkilometertalet
585 856 50 22 med
650 855 51 23 90.1
715 854 38 33 %/,.
779 856 81 22 Under

105 891 55 21 åren
176 890 166 22 1899—1904
355 891 42 21 har
407 890 162 23 motsvarande
577 891 89 28 ökning
676 892 62 20 varit
746 890 36 22 för
791 890 69 29 gods-

105 925 101 22 tontalet
225 926 51 22 32.1
287 922 39 35 %/,
344 926 35 21 för
391 925 356 29 godsvagnaxelkilometertalet
761 926 52 22 32.8
827 922 32 34 %/,

106 959 43 22 och
168 960 36 21 för
221 960 282 28 godstonkilometertalet
522 960 51 22 32.1
593 957 39 35 %s-

173 1029 135 21 Inkomsten
328 1029 23 21 af
369 1028 159 29 godstrafiken
547 1036 41 14 var

234 1093 25 21 är
280 1092 63 21 1894
380 1108 5 5 .
422 1109 4 4 .
463 1108 4 4 .
522 1090 133 29 —8,656,000
673 1091 63 22 mark

239 1143 9 11 >
280 1126 63 22 1899
381 1143 4 4 .
423 1143 3 4 .
463 1144 4 3 .
508 1125 147 29 14,658,000
692 1143 10 11 ,

239 1178 9 11 »
280 1161 63 22 1904
380 1178 4 4 .
422 1178 4 3 .
446 1146 5 47 0
463 1178 4 4 .
507 1160 148 28 18,675,000
692 1178 9 10 ,

107 1229 124 22 utvisande
261 1237 28 14 en
318 1230 105 28 stegring
450 1230 74 21 under
551 1230 109 28 perioden
690 1229 169 22 1894—1899

106 1264 23 21 af
154 1264 52 22 69.3
226 1261 31 35 %/,
281 1264 43 22 och
350 1264 73 21 under
444 1265 55 21 åren
521 1262 167 24 1899—1904
708 1264 22 21 af
749 1264 52 22 27.6
821 1260 39 34 9/4.

174 1344 35 22 Ur
227 1344 66 22 dessa
311 1344 144 30 jämförande
474 1345 76 21 siffror
562 1345 108 28 framgär,
684 1346 103 20 hurusom
805 1347 54 25 steg-

105 1380 78 27 ringen
200 1380 10 20 i
227 1380 116 21 inkomster
369 1380 44 21 icke
439 1380 63 21 hållit
519 1380 80 28 jämna
622 1382 43 25 steg
687 1380 49 21 med
757 1380 104 27 trafikens

105 1414 86 28 ökning.
228 1414 77 21 Bland
329 1414 28 21 de
382 1414 37 21 till
447 1414 65 22 detta
536 1413 97 22 resultat
652 1413 143 29 bidragande
815 1421 47 14 om-

106 1448 163 29 ätändigheter
289 1452 24 17 är
331 1449 35 21 för
393 1449 110 28 perioden
535 1448 161 22 1894—1899
716 1451 35 19 att
766 1449 96 21 anteck-

175 1491 142 18 Statsutskotteis
330 1492 110 17 betänkande
451 1492 38 17 N:o
501 1493 12 16 4
522 1492 22 17 A.
