1098 1750
433 128 41 22 N:o
488 129 13 20 3
790 128 27 20 45

212 312 138 22 derbörande
365 312 137 28 myndighet
516 312 8 21 i
541 312 105 21 afseende
662 313 12 20 å
689 320 37 13 an-
844 333 1 4 i
859 309 113 39 IIN

213 346 108 28 teckning
337 347 105 21 anmäles.
844 363 1 4 ;
856 339 37 23 gift
906 340 28 30 för
951 344 26 10 af-

280 381 28 21 Har
343 380 110 22 fastighet,
479 381 3 3 i
612 381 45 21 bad
681 388 5 5 v
860 367 114 22 handlingar

231 416 3 3 |
305 389 20 13 ar
354 386 105 23 fastighet,
476 388 70 14 innan
562 388 80 21 uppbud
656 388 71 30 vun-
877 396 82 17 emellan

212 418 52 25 nits,
288 416 55 21 eller
358 415 83 28 fartyg,
465 422 46 14 som
529 416 99 20 anmäles
644 416 36 20 till
695 423 32 13 re-
811 422 1 12 i
873 424 93 19 säskilda,

214 450 131 28 gistrering,
361 450 59 21 varit
436 450 94 21 föremål
546 450 36 21 för
591 450 54 21 flere
656 449 72 22 öfver-

213 485 96 27 låtelser,
334 485 58 20 skall
411 484 78 28 hvarje
513 484 215 21 öfverlätelsehand-

214 519 55 28 ling,
285 519 29 20 då
329 518 85 28 lagfart
430 519 55 21 eller
493 519 148 28 registrering
657 519 71 26 sökes,

214 553 70 28 draga
307 553 95 21 särskild
427 554 97 27 stämpel
547 554 72 21 såsom
643 553 40 21 här
706 556 23 18 är

216 588 71 28 sagdt.
318 588 65 21 Dock
409 589 36 20 mä
468 588 261 28 öfverlätelsehandling,

215 622 106 22 utfärdad
336 622 49 22 före
401 623 43 21 den
461 623 11 21 1
488 623 96 21 Januari
601 623 61 27 1892,
680 623 50 21 kar-

215 660 59 18 teras
291 658 73 20 såsom
379 657 83 28 bilaga.
740 653 1 3 |

284 691 35 21 Då
335 692 112 28 egendom
464 692 25 20 af
502 692 42 21 den
568 691 162 29 beskaffenhet,

216 733 48 14 som
280 726 40 20 här
328 725 75 22 finnes
414 726 129 28 omnämnd,
560 726 108 28 frivilligt
679 727 63 26 eller

217 760 118 22 exekutivt
350 760 85 21 medels
451 760 93 22 auktion
559 760 110 28 försäljes,
680 768 52 14 vare

217 795 34 27 sig
267 802 83 20 genom
370 794 105 28 offentlig
497 795 137 28 myndighet
657 795 54 21 eller
726 796 17 29 i

218 829 88 21 enskild
317 832 51 25 väg,
385 829 59 21 skall
455 828 106 29 salubref,
577 829 93 29 belagdt
683 822 60 30 med:

218 864 96 26 stämpel
329 863 36 21 till
382 862 68 22 ofvan
466 852 110 39 stadgade
592 864 90 28 belopp,
698 864 36 21 till

217 898 101 28 köparen
334 897 108 21 utfärdas.
457 898 203 28 Stämpelafgiften
668 899 67 27 utgår

217 939 27 13 ur
267 932 239 28 auktionsskillingen,
524 932 78 21 såvida
619 932 19 28 ej
655 940 79 14 annor-

218 966 68 22 lunda
303 965 78 23 blifvit
396 966 142 22 förbehållet.

100 1001 227 31 Leveranskontrakt,
343 1008 23 14 se
388 1001 7 21 3
411 1003 18 25 $,
446 1001 122 21 Kontrakt.

100 1027 2 36 -
121 1023 201 44 Löftesförbindelse,
338 1036 96 20 tecknad
452 1036 13 20 &
452 1036 153 55 USS
624 1036 112 28 stämplad

100 1066 2 36 |
158 1070 112 38 handling
308 1087 37 3 E
584 1088 37 3 en
705 1070 41 36 IKÄ
820 1065 1 22 [

101 1107 1 22 |
160 1104 53 22 Sei
228 1104 71 28 öfrigt
314 1084 169 53 Borgesskrift,
493 1104 14 22 4
515 1088 26 43 s.
745 1120 2 5 i
855 1107 2 27 |

101 1147 1 3 '
120 1138 146 29 Obligationer,
282 1138 52 22 med
349 1139 119 28 undantag
484 1138 23 22 af
521 1138 28 22 de
560 1139 72 21 under
646 1140 34 26 3$
692 1146 55 20 om-
738 1134 13 37 |
820 1142 2 13 jo
855 1136 2 27 |

145 1173 122 28 nämndna,
283 1174 110 27 stämplas
409 1174 74 21 säsom
502 1173 163 29 Förskrifning.
856 1166 1 18 |

102 1219 1 20 |
118 1207 108 28 Pantbref
238 1208 109 27 stämplas
364 1209 72 20 såsom
453 1207 125 29 Köpebref.

122 1242 181 21 Postremissvexrel
319 1242 81 28 drager
416 1243 98 27 stämpel
530 1249 27 14 ss.
572 1242 166 29 Förskrifning.

120 1277 82 26 Revers,
219 1284 23 13 se
257 1276 167 29 Förskrifning.
747 1298 1 5 ;

118 1310 94 29 Ritning
232 1311 36 21 till
293 1318 39 20 ny-
349 1311 54 21 eller
426 1311 136 29 tillbyggnad,
587 1319 47 14 som
658 1311 22 21 ai
703 1316 46 25 en-;

162 1345 66 28 skild,
244 1345 8 21 i
268 1345 105 21 afseende
383 1341 10 37 ä
412 1345 153 29 fastställelse,
583 1346 35 20 till
632 1346 117 28 vederbö-
743 1341 11 37 |

162 1380 70 21 rande
248 1380 139 28 myndighet
403 1380 108 28 ingifves:

103 1433 1 9 |
132 1410 17 37 —
161 1414 37 21 till
223 1414 142 28 boningshus
389 1414 22 21 af
433 1415 75 20 sten
499 1410 17 37 i
530 1414 54 22 flere
609 1418 29 18 än
653 1422 27 14 en
702 1415 38 21 vä-

222 1448 639 28 MIRELLA
782 1444 19 37 2
822 1444 44 37 |<
