<?xml version="1.0" encoding="UTF-8"?>
<alto xmlns="http://www.loc.gov/standards/alto/ns-v3#" xmlns:xlink="http://www.w3.org/1999/xlink" xmlns:xsi="http://www.w3.org/2001/XMLSchema-instance" xsi:schemaLocation="http://www.loc.gov/standards/alto/ns-v3# http://www.loc.gov/alto/v3/alto-3-0.xsd">
	<Description>
		<MeasurementUnit>pixel</MeasurementUnit>
		<sourceImageInformation>
			<fileName>/tmp/tess_mw3sl_gg_input.PNG</fileName>
		</sourceImageInformation>
		<OCRProcessing ID="OCR_0">
			<ocrProcessingStep>
				<processingSoftware>
					<softwareName>tesseract 5.3.4</softwareName>
				</processingSoftware>
			</ocrProcessingStep>
		</OCRProcessing>
	</Description>
	<Layout>
		<Page WIDTH="1098" HEIGHT="1750" PHYSICAL_IMG_NR="0" ID="page_0">
			<PrintSpace HPOS="0" VPOS="0" WIDTH="1098" HEIGHT="1750">
				<ComposedBlock ID="cblock_0" HPOS="264" VPOS="138" WIDTH="389" HEIGHT="35">
					<TextBlock ID="block_0" HPOS="264" VPOS="138" WIDTH="389" HEIGHT="35">
						<TextLine ID="line_0" HPOS="264" VPOS="138" WIDTH="389" HEIGHT="35">
							<String ID="string_0" HPOS="264" VPOS="138" WIDTH="32" HEIGHT="35" WC="0.76" CONTENT="54"/><SP WIDTH="287" VPOS="138" HPOS="296"/>
							<String ID="string_1" HPOS="583" VPOS="142" WIDTH="41" HEIGHT="22" WC="0.95" CONTENT="N:o"/><SP WIDTH="16" VPOS="142" HPOS="624"/>
							<String ID="string_2" HPOS="640" VPOS="141" WIDTH="13" HEIGHT="21" WC="0.96" CONTENT="3"/>
						</TextLine>
					</TextBlock>
				</ComposedBlock>
				<ComposedBlock ID="cblock_1" HPOS="240" VPOS="204" WIDTH="763" HEIGHT="139">
					<TextBlock ID="block_1" HPOS="240" VPOS="204" WIDTH="763" HEIGHT="139">
						<TextLine ID="line_1" HPOS="240" VPOS="204" WIDTH="759" HEIGHT="35">
							<String ID="string_3" HPOS="240" VPOS="211" WIDTH="110" HEIGHT="21" WC="0.96" CONTENT="svarande"/><SP WIDTH="22" VPOS="211" HPOS="350"/>
							<String ID="string_4" HPOS="372" VPOS="212" WIDTH="74" HEIGHT="20" WC="0.93" CONTENT="värde."/><SP WIDTH="26" VPOS="212" HPOS="446"/>
							<String ID="string_5" HPOS="472" VPOS="204" WIDTH="21" HEIGHT="28" WC="0.93" CONTENT="Å"/><SP WIDTH="15" VPOS="204" HPOS="493"/>
							<String ID="string_6" HPOS="508" VPOS="211" WIDTH="163" HEIGHT="28" WC="0.92" CONTENT="länestyrelsen"/><SP WIDTH="20" VPOS="211" HPOS="671"/>
							<String ID="string_7" HPOS="691" VPOS="211" WIDTH="132" HEIGHT="20" WC="0.93" CONTENT="ankommer"/><SP WIDTH="16" VPOS="211" HPOS="823"/>
							<String ID="string_8" HPOS="839" VPOS="210" WIDTH="109" HEIGHT="28" WC="0.90" CONTENT="därjemte"/><SP WIDTH="16" VPOS="210" HPOS="948"/>
							<String ID="string_9" HPOS="964" VPOS="211" WIDTH="35" HEIGHT="18" WC="0.96" CONTENT="att"/>
						</TextLine>
						<TextLine ID="line_2" HPOS="241" VPOS="243" WIDTH="762" HEIGHT="31">
							<String ID="string_10" HPOS="241" VPOS="245" WIDTH="117" HEIGHT="28" WC="0.92" CONTENT="medgifva"/><SP WIDTH="14" VPOS="245" HPOS="358"/>
							<String ID="string_11" HPOS="372" VPOS="245" WIDTH="81" HEIGHT="29" WC="0.96" CONTENT="utbyte"/><SP WIDTH="17" VPOS="245" HPOS="453"/>
							<String ID="string_12" HPOS="470" VPOS="246" WIDTH="22" HEIGHT="21" WC="0.96" CONTENT="af"/><SP WIDTH="16" VPOS="246" HPOS="492"/>
							<String ID="string_13" HPOS="508" VPOS="246" WIDTH="109" HEIGHT="27" WC="0.96" CONTENT="stämplar"/><SP WIDTH="15" VPOS="246" HPOS="617"/>
							<String ID="string_14" HPOS="632" VPOS="245" WIDTH="36" HEIGHT="21" WC="0.96" CONTENT="till"/><SP WIDTH="16" VPOS="245" HPOS="668"/>
							<String ID="string_15" HPOS="684" VPOS="245" WIDTH="84" HEIGHT="22" WC="0.96" CONTENT="sådana"/><SP WIDTH="17" VPOS="245" HPOS="768"/>
							<String ID="string_16" HPOS="785" VPOS="244" WIDTH="164" HEIGHT="29" WC="0.96" CONTENT="expeditioner,"/><SP WIDTH="16" VPOS="244" HPOS="949"/>
							<String ID="string_17" HPOS="965" VPOS="243" WIDTH="38" HEIGHT="22" WC="0.96" CONTENT="för"/>
						</TextLine>
						<TextLine ID="line_3" HPOS="240" VPOS="279" WIDTH="761" HEIGHT="30">
							<String ID="string_18" HPOS="240" VPOS="280" WIDTH="78" HEIGHT="22" WC="0.91" CONTENT="hvilka"/><SP WIDTH="24" VPOS="280" HPOS="318"/>
							<String ID="string_19" HPOS="342" VPOS="279" WIDTH="128" HEIGHT="30" WC="0.91" CONTENT="afgifterna,"/><SP WIDTH="22" VPOS="279" HPOS="470"/>
							<String ID="string_20" HPOS="492" VPOS="281" WIDTH="7" HEIGHT="20" WC="0.96" CONTENT="i"/><SP WIDTH="15" VPOS="281" HPOS="499"/>
							<String ID="string_21" HPOS="514" VPOS="280" WIDTH="113" HEIGHT="21" WC="0.94" CONTENT="anseende"/><SP WIDTH="22" VPOS="280" HPOS="627"/>
							<String ID="string_22" HPOS="649" VPOS="281" WIDTH="35" HEIGHT="20" WC="0.94" CONTENT="till"/><SP WIDTH="19" VPOS="281" HPOS="684"/>
							<String ID="string_23" HPOS="703" VPOS="279" WIDTH="123" HEIGHT="28" WC="0.96" CONTENT="fattigdom"/><SP WIDTH="23" VPOS="279" HPOS="826"/>
							<String ID="string_24" HPOS="849" VPOS="279" WIDTH="55" HEIGHT="22" WC="0.96" CONTENT="eller"/><SP WIDTH="23" VPOS="279" HPOS="904"/>
							<String ID="string_25" HPOS="927" VPOS="286" WIDTH="74" HEIGHT="14" WC="0.95" CONTENT="annan"/>
						</TextLine>
						<TextLine ID="line_4" HPOS="242" VPOS="314" WIDTH="563" HEIGHT="29">
							<String ID="string_26" HPOS="242" VPOS="315" WIDTH="53" HEIGHT="28" WC="0.96" CONTENT="laga"/><SP WIDTH="17" VPOS="315" HPOS="295"/>
							<String ID="string_27" HPOS="312" VPOS="315" WIDTH="72" HEIGHT="28" WC="0.96" CONTENT="orsak,"/><SP WIDTH="18" VPOS="315" HPOS="384"/>
							<String ID="string_28" HPOS="402" VPOS="315" WIDTH="18" HEIGHT="28" WC="0.96" CONTENT="ej"/><SP WIDTH="18" VPOS="315" HPOS="420"/>
							<String ID="string_29" HPOS="438" VPOS="315" WIDTH="88" HEIGHT="22" WC="0.96" CONTENT="kunnat"/><SP WIDTH="16" VPOS="315" HPOS="526"/>
							<String ID="string_30" HPOS="542" VPOS="315" WIDTH="41" HEIGHT="21" WC="0.93" CONTENT="hos"/><SP WIDTH="16" VPOS="315" HPOS="583"/>
							<String ID="string_31" HPOS="599" VPOS="315" WIDTH="125" HEIGHT="28" WC="0.92" CONTENT="sakegaren"/><SP WIDTH="15" VPOS="315" HPOS="724"/>
							<String ID="string_32" HPOS="739" VPOS="314" WIDTH="66" HEIGHT="22" WC="0.91" CONTENT="utfås."/>
						</TextLine>
					</TextBlock>
				</ComposedBlock>
				<ComposedBlock ID="cblock_2" HPOS="239" VPOS="379" WIDTH="766" HEIGHT="653">
					<TextBlock ID="block_2" HPOS="595" VPOS="379" WIDTH="62" HEIGHT="26">
						<TextLine ID="line_5" HPOS="595" VPOS="379" WIDTH="62" HEIGHT="26">
							<String ID="string_33" HPOS="595" VPOS="379" WIDTH="28" HEIGHT="20" WC="0.93" CONTENT="27"/><SP WIDTH="16" VPOS="379" HPOS="623"/>
							<String ID="string_34" HPOS="639" VPOS="380" WIDTH="18" HEIGHT="25" WC="0.82" CONTENT="8."/>
						</TextLine>
					</TextBlock>
					<TextBlock ID="block_3" HPOS="239" VPOS="418" WIDTH="764" HEIGHT="305">
						<TextLine ID="line_6" HPOS="311" VPOS="418" WIDTH="691" HEIGHT="29">
							<String ID="string_35" HPOS="311" VPOS="418" WIDTH="126" HEIGHT="22" WC="0.89" CONTENT="Förefaller"/><SP WIDTH="23" VPOS="418" HPOS="437"/>
							<String ID="string_36" HPOS="460" VPOS="419" WIDTH="159" HEIGHT="28" WC="0.89" CONTENT="misskrifning"/><SP WIDTH="22" VPOS="419" HPOS="619"/>
							<String ID="string_37" HPOS="641" VPOS="419" WIDTH="38" HEIGHT="22" WC="0.93" CONTENT="vid"/><SP WIDTH="24" VPOS="419" HPOS="679"/>
							<String ID="string_38" HPOS="703" VPOS="419" WIDTH="195" HEIGHT="28" WC="0.92" CONTENT="stämpelpappers"/><SP WIDTH="21" VPOS="419" HPOS="898"/>
							<String ID="string_39" HPOS="919" VPOS="421" WIDTH="83" HEIGHT="18" WC="0.92" CONTENT="använ-"/>
						</TextLine>
						<TextLine ID="line_7" HPOS="242" VPOS="453" WIDTH="760" HEIGHT="28">
							<String ID="string_40" HPOS="242" VPOS="453" WIDTH="75" HEIGHT="21" WC="0.96" CONTENT="dande"/><SP WIDTH="16" VPOS="453" HPOS="317"/>
							<String ID="string_41" HPOS="333" VPOS="453" WIDTH="23" HEIGHT="21" WC="0.96" CONTENT="af"/><SP WIDTH="15" VPOS="453" HPOS="356"/>
							<String ID="string_42" HPOS="371" VPOS="453" WIDTH="87" HEIGHT="22" WC="0.96" CONTENT="enskild"/><SP WIDTH="18" VPOS="453" HPOS="458"/>
							<String ID="string_43" HPOS="476" VPOS="461" WIDTH="88" HEIGHT="20" WC="0.96" CONTENT="person,"/><SP WIDTH="17" VPOS="461" HPOS="564"/>
							<String ID="string_44" HPOS="581" VPOS="454" WIDTH="55" HEIGHT="21" WC="0.96" CONTENT="eller"/><SP WIDTH="15" VPOS="454" HPOS="636"/>
							<String ID="string_45" HPOS="651" VPOS="454" WIDTH="40" HEIGHT="21" WC="0.96" CONTENT="har"/><SP WIDTH="16" VPOS="454" HPOS="691"/>
							<String ID="string_46" HPOS="707" VPOS="454" WIDTH="44" HEIGHT="21" WC="0.96" CONTENT="han"/><SP WIDTH="16" VPOS="454" HPOS="751"/>
							<String ID="string_47" HPOS="767" VPOS="453" WIDTH="24" HEIGHT="21" WC="0.95" CONTENT="af"/><SP WIDTH="9" VPOS="453" HPOS="791"/>
							<String ID="string_48" HPOS="800" VPOS="453" WIDTH="129" HEIGHT="28" WC="0.93" CONTENT="uppenbart"/><SP WIDTH="9" VPOS="453" HPOS="929"/>
							<String ID="string_49" HPOS="938" VPOS="453" WIDTH="64" HEIGHT="20" WC="0.92" CONTENT="miss-"/>
						</TextLine>
						<TextLine ID="line_8" HPOS="240" VPOS="487" WIDTH="761" HEIGHT="30">
							<String ID="string_50" HPOS="240" VPOS="490" WIDTH="44" HEIGHT="25" WC="0.96" CONTENT="tag"/><SP WIDTH="15" VPOS="490" HPOS="284"/>
							<String ID="string_51" HPOS="299" VPOS="487" WIDTH="115" HEIGHT="29" WC="0.92" CONTENT="begagnat"/><SP WIDTH="14" VPOS="487" HPOS="414"/>
							<String ID="string_52" HPOS="428" VPOS="489" WIDTH="186" HEIGHT="28" WC="0.89" CONTENT="stämpelpapper"/><SP WIDTH="11" VPOS="489" HPOS="614"/>
							<String ID="string_53" HPOS="625" VPOS="489" WIDTH="54" HEIGHT="20" WC="0.93" CONTENT="eller"/><SP WIDTH="11" VPOS="489" HPOS="679"/>
							<String ID="string_54" HPOS="690" VPOS="488" WIDTH="181" HEIGHT="28" WC="0.89" CONTENT="stämpelmärke,"/><SP WIDTH="13" VPOS="488" HPOS="871"/>
							<String ID="string_55" HPOS="884" VPOS="487" WIDTH="27" HEIGHT="21" WC="0.96" CONTENT="då"/><SP WIDTH="11" VPOS="487" HPOS="911"/>
							<String ID="string_56" HPOS="922" VPOS="487" WIDTH="79" HEIGHT="21" WC="0.96" CONTENT="sådant"/>
						</TextLine>
						<TextLine ID="line_9" HPOS="244" VPOS="521" WIDTH="758" HEIGHT="30">
							<String ID="string_57" HPOS="244" VPOS="522" WIDTH="50" HEIGHT="21" WC="0.93" CONTENT="icke"/><SP WIDTH="16" VPOS="522" HPOS="294"/>
							<String ID="string_58" HPOS="310" VPOS="521" WIDTH="128" HEIGHT="29" WC="0.92" CONTENT="erfordrats,"/><SP WIDTH="18" VPOS="521" HPOS="438"/>
							<String ID="string_59" HPOS="456" VPOS="523" WIDTH="54" HEIGHT="21" WC="0.95" CONTENT="eller"/><SP WIDTH="16" VPOS="523" HPOS="510"/>
							<String ID="string_60" HPOS="526" VPOS="523" WIDTH="100" HEIGHT="21" WC="0.96" CONTENT="användt"/><SP WIDTH="17" VPOS="523" HPOS="626"/>
							<String ID="string_61" HPOS="643" VPOS="523" WIDTH="70" HEIGHT="28" WC="0.96" CONTENT="högre"/><SP WIDTH="17" VPOS="523" HPOS="713"/>
							<String ID="string_62" HPOS="730" VPOS="523" WIDTH="103" HEIGHT="27" WC="0.96" CONTENT="stämpel,"/><SP WIDTH="12" VPOS="523" HPOS="833"/>
							<String ID="string_63" HPOS="845" VPOS="525" WIDTH="28" HEIGHT="18" WC="0.93" CONTENT="än"/><SP WIDTH="15" VPOS="525" HPOS="873"/>
							<String ID="string_64" HPOS="888" VPOS="521" WIDTH="114" HEIGHT="22" WC="0.90" CONTENT="föreskrif-"/>
						</TextLine>
						<TextLine ID="line_10" HPOS="243" VPOS="557" WIDTH="759" HEIGHT="29">
							<String ID="string_65" HPOS="243" VPOS="559" WIDTH="39" HEIGHT="18" WC="0.96" CONTENT="vet"/><SP WIDTH="16" VPOS="559" HPOS="282"/>
							<String ID="string_66" HPOS="298" VPOS="559" WIDTH="29" HEIGHT="25" WC="0.96" CONTENT="är,"/><SP WIDTH="18" VPOS="559" HPOS="327"/>
							<String ID="string_67" HPOS="345" VPOS="557" WIDTH="36" HEIGHT="20" WC="0.95" CONTENT="må"/><SP WIDTH="15" VPOS="557" HPOS="381"/>
							<String ID="string_68" HPOS="396" VPOS="557" WIDTH="105" HEIGHT="21" WC="0.96" CONTENT="tillstånd"/><SP WIDTH="16" VPOS="557" HPOS="501"/>
							<String ID="string_69" HPOS="517" VPOS="557" WIDTH="36" HEIGHT="21" WC="0.96" CONTENT="till"/><SP WIDTH="17" VPOS="557" HPOS="553"/>
							<String ID="string_70" HPOS="570" VPOS="557" WIDTH="50" HEIGHT="22" WC="0.93" CONTENT="dess"/><SP WIDTH="16" VPOS="557" HPOS="620"/>
							<String ID="string_71" HPOS="636" VPOS="557" WIDTH="127" HEIGHT="29" WC="0.91" CONTENT="utbytande"/><SP WIDTH="16" VPOS="557" HPOS="763"/>
							<String ID="string_72" HPOS="779" VPOS="557" WIDTH="66" HEIGHT="21" WC="0.96" CONTENT="sökas"/><SP WIDTH="15" VPOS="557" HPOS="845"/>
							<String ID="string_73" HPOS="860" VPOS="557" WIDTH="42" HEIGHT="20" WC="0.93" CONTENT="hos"/><SP WIDTH="15" VPOS="557" HPOS="902"/>
							<String ID="string_74" HPOS="917" VPOS="557" WIDTH="85" HEIGHT="21" WC="0.90" CONTENT="Guver-"/>
						</TextLine>
						<TextLine ID="line_11" HPOS="244" VPOS="591" WIDTH="758" HEIGHT="29">
							<String ID="string_75" HPOS="244" VPOS="594" WIDTH="70" HEIGHT="18" WC="0.91" CONTENT="nören"/><SP WIDTH="16" VPOS="594" HPOS="314"/>
							<String ID="string_76" HPOS="330" VPOS="592" WIDTH="7" HEIGHT="20" WC="0.94" CONTENT="i"/><SP WIDTH="16" VPOS="592" HPOS="337"/>
							<String ID="string_77" HPOS="353" VPOS="592" WIDTH="67" HEIGHT="28" WC="0.95" CONTENT="länet,"/><SP WIDTH="23" VPOS="592" HPOS="420"/>
							<String ID="string_78" HPOS="443" VPOS="592" WIDTH="93" HEIGHT="22" WC="0.96" CONTENT="hvilken"/><SP WIDTH="22" VPOS="592" HPOS="536"/>
							<String ID="string_79" HPOS="558" VPOS="600" WIDTH="53" HEIGHT="20" WC="0.93" CONTENT="eger"/><SP WIDTH="18" VPOS="600" HPOS="611"/>
							<String ID="string_80" HPOS="629" VPOS="592" WIDTH="80" HEIGHT="28" WC="0.92" CONTENT="pröfva"/><SP WIDTH="16" VPOS="592" HPOS="709"/>
							<String ID="string_81" HPOS="725" VPOS="592" WIDTH="41" HEIGHT="22" WC="0.93" CONTENT="och"/><SP WIDTH="17" VPOS="592" HPOS="766"/>
							<String ID="string_82" HPOS="783" VPOS="591" WIDTH="84" HEIGHT="29" WC="0.92" CONTENT="afgöra,"/><SP WIDTH="17" VPOS="591" HPOS="867"/>
							<String ID="string_83" HPOS="884" VPOS="599" WIDTH="36" HEIGHT="13" WC="0.93" CONTENT="om"/><SP WIDTH="15" VPOS="599" HPOS="920"/>
							<String ID="string_84" HPOS="935" VPOS="591" WIDTH="67" HEIGHT="28" WC="0.91" CONTENT="utby-"/>
						</TextLine>
						<TextLine ID="line_12" HPOS="242" VPOS="626" WIDTH="760" HEIGHT="28">
							<String ID="string_85" HPOS="242" VPOS="629" WIDTH="34" HEIGHT="18" WC="0.96" CONTENT="tet"/><SP WIDTH="19" VPOS="629" HPOS="276"/>
							<String ID="string_86" HPOS="295" VPOS="626" WIDTH="44" HEIGHT="21" WC="0.95" CONTENT="kan"/><SP WIDTH="23" VPOS="626" HPOS="339"/>
							<String ID="string_87" HPOS="362" VPOS="626" WIDTH="103" HEIGHT="28" WC="0.94" CONTENT="beviljas."/><SP WIDTH="30" VPOS="626" HPOS="465"/>
							<String ID="string_88" HPOS="495" VPOS="627" WIDTH="45" HEIGHT="21" WC="0.96" CONTENT="För"/><SP WIDTH="17" VPOS="627" HPOS="540"/>
							<String ID="string_89" HPOS="557" VPOS="628" WIDTH="103" HEIGHT="26" WC="0.95" CONTENT="stämpel,"/><SP WIDTH="17" VPOS="628" HPOS="660"/>
							<String ID="string_90" HPOS="677" VPOS="634" WIDTH="48" HEIGHT="14" WC="0.93" CONTENT="som"/><SP WIDTH="16" VPOS="634" HPOS="725"/>
							<String ID="string_91" HPOS="741" VPOS="627" WIDTH="127" HEIGHT="27" WC="0.91" CONTENT="begagnats"/><SP WIDTH="16" VPOS="627" HPOS="868"/>
							<String ID="string_92" HPOS="884" VPOS="626" WIDTH="34" HEIGHT="21" WC="0.91" CONTENT="till"/><SP WIDTH="16" VPOS="626" HPOS="918"/>
							<String ID="string_93" HPOS="934" VPOS="628" WIDTH="68" HEIGHT="18" WC="0.91" CONTENT="rätte-"/>
						</TextLine>
						<TextLine ID="line_13" HPOS="239" VPOS="659" WIDTH="764" HEIGHT="30">
							<String ID="string_94" HPOS="239" VPOS="659" WIDTH="192" HEIGHT="29" WC="0.88" CONTENT="gångsfullmakt,"/><SP WIDTH="17" VPOS="659" HPOS="431"/>
							<String ID="string_95" HPOS="448" VPOS="661" WIDTH="84" HEIGHT="28" WC="0.96" CONTENT="inlaga,"/><SP WIDTH="16" VPOS="661" HPOS="532"/>
							<String ID="string_96" HPOS="548" VPOS="661" WIDTH="64" HEIGHT="21" WC="0.96" CONTENT="bevis"/><SP WIDTH="11" VPOS="661" HPOS="612"/>
							<String ID="string_97" HPOS="623" VPOS="661" WIDTH="54" HEIGHT="21" WC="0.96" CONTENT="eller"/><SP WIDTH="12" VPOS="661" HPOS="677"/>
							<String ID="string_98" HPOS="689" VPOS="668" WIDTH="73" HEIGHT="14" WC="0.96" CONTENT="annan"/><SP WIDTH="13" VPOS="668" HPOS="762"/>
							<String ID="string_99" HPOS="775" VPOS="660" WIDTH="66" HEIGHT="21" WC="0.96" CONTENT="skrift"/><SP WIDTH="11" VPOS="660" HPOS="841"/>
							<String ID="string_100" HPOS="852" VPOS="660" WIDTH="23" HEIGHT="21" WC="0.96" CONTENT="af"/><SP WIDTH="10" VPOS="660" HPOS="875"/>
							<String ID="string_101" HPOS="885" VPOS="660" WIDTH="118" HEIGHT="21" WC="0.96" CONTENT="enahanda"/>
						</TextLine>
						<TextLine ID="line_14" HPOS="243" VPOS="694" WIDTH="561" HEIGHT="29">
							<String ID="string_102" HPOS="243" VPOS="694" WIDTH="163" HEIGHT="28" WC="0.95" CONTENT="beskaffenhet,"/><SP WIDTH="16" VPOS="694" HPOS="406"/>
							<String ID="string_103" HPOS="422" VPOS="696" WIDTH="38" HEIGHT="20" WC="0.96" CONTENT="må"/><SP WIDTH="14" VPOS="696" HPOS="460"/>
							<String ID="string_104" HPOS="474" VPOS="695" WIDTH="82" HEIGHT="28" WC="0.96" CONTENT="utbyte"/><SP WIDTH="16" VPOS="695" HPOS="556"/>
							<String ID="string_105" HPOS="572" VPOS="695" WIDTH="58" HEIGHT="22" WC="0.96" CONTENT="dock"/><SP WIDTH="16" VPOS="695" HPOS="630"/>
							<String ID="string_106" HPOS="646" VPOS="695" WIDTH="50" HEIGHT="22" WC="0.96" CONTENT="icke"/><SP WIDTH="16" VPOS="695" HPOS="696"/>
							<String ID="string_107" HPOS="712" VPOS="695" WIDTH="92" HEIGHT="21" WC="0.96" CONTENT="tillåtas."/>
						</TextLine>
					</TextBlock>
					<TextBlock ID="block_4" HPOS="242" VPOS="729" WIDTH="763" HEIGHT="303">
						<TextLine ID="line_15" HPOS="312" VPOS="729" WIDTH="688" HEIGHT="29">
							<String ID="string_108" HPOS="312" VPOS="729" WIDTH="49" HEIGHT="21" WC="0.93" CONTENT="Den"/><SP WIDTH="17" VPOS="729" HPOS="361"/>
							<String ID="string_109" HPOS="378" VPOS="729" WIDTH="159" HEIGHT="22" WC="0.91" CONTENT="lånsökande"/><SP WIDTH="-10" VPOS="729" HPOS="537"/>
							<String ID="string_110" HPOS="527" VPOS="725" WIDTH="15" HEIGHT="37" WC="0.96" CONTENT="i"/><SP WIDTH="9" VPOS="725" HPOS="542"/>
							<String ID="string_111" HPOS="551" VPOS="730" WIDTH="109" HEIGHT="21" WC="0.93" CONTENT="Finlands"/><SP WIDTH="16" VPOS="730" HPOS="660"/>
							<String ID="string_112" HPOS="676" VPOS="729" WIDTH="228" HEIGHT="29" WC="0.91" CONTENT="Hypoteksförening"/><SP WIDTH="15" VPOS="729" HPOS="904"/>
							<String ID="string_113" HPOS="919" VPOS="736" WIDTH="81" HEIGHT="21" WC="0.94" CONTENT="genom"/>
						</TextLine>
						<TextLine ID="line_16" HPOS="242" VPOS="763" WIDTH="759" HEIGHT="28">
							<String ID="string_114" HPOS="242" VPOS="763" WIDTH="188" HEIGHT="22" WC="0.92" CONTENT="cirkulärbrefvet"/><SP WIDTH="24" VPOS="763" HPOS="430"/>
							<String ID="string_115" HPOS="454" VPOS="764" WIDTH="24" HEIGHT="21" WC="0.95" CONTENT="af"/><SP WIDTH="18" VPOS="764" HPOS="478"/>
							<String ID="string_116" HPOS="496" VPOS="764" WIDTH="43" HEIGHT="21" WC="0.96" CONTENT="den"/><SP WIDTH="22" VPOS="764" HPOS="539"/>
							<String ID="string_117" HPOS="561" VPOS="765" WIDTH="26" HEIGHT="20" WC="0.96" CONTENT="19"/><SP WIDTH="16" VPOS="765" HPOS="587"/>
							<String ID="string_118" HPOS="603" VPOS="765" WIDTH="55" HEIGHT="20" WC="0.96" CONTENT="Juni"/><SP WIDTH="17" VPOS="765" HPOS="658"/>
							<String ID="string_119" HPOS="675" VPOS="764" WIDTH="56" HEIGHT="21" WC="0.96" CONTENT="1860"/><SP WIDTH="15" VPOS="764" HPOS="731"/>
							<String ID="string_120" HPOS="746" VPOS="763" WIDTH="97" HEIGHT="28" WC="0.96" CONTENT="tillagda"/><SP WIDTH="15" VPOS="763" HPOS="843"/>
							<String ID="string_121" HPOS="858" VPOS="763" WIDTH="88" HEIGHT="22" WC="0.96" CONTENT="förmån"/><SP WIDTH="17" VPOS="763" HPOS="946"/>
							<String ID="string_122" HPOS="963" VPOS="766" WIDTH="38" HEIGHT="24" WC="0.96" CONTENT="att,"/>
						</TextLine>
						<TextLine ID="line_17" HPOS="244" VPOS="797" WIDTH="757" HEIGHT="30">
							<String ID="string_123" HPOS="244" VPOS="797" WIDTH="28" HEIGHT="21" WC="0.96" CONTENT="då"/><SP WIDTH="23" VPOS="797" HPOS="272"/>
							<String ID="string_124" HPOS="295" VPOS="797" WIDTH="22" HEIGHT="22" WC="0.96" CONTENT="af"/><SP WIDTH="21" VPOS="797" HPOS="317"/>
							<String ID="string_125" HPOS="338" VPOS="797" WIDTH="83" HEIGHT="22" WC="0.93" CONTENT="honom"/><SP WIDTH="24" VPOS="797" HPOS="421"/>
							<String ID="string_126" HPOS="445" VPOS="797" WIDTH="111" HEIGHT="29" WC="0.89" CONTENT="utgifven,"/><SP WIDTH="21" VPOS="797" HPOS="556"/>
							<String ID="string_127" HPOS="577" VPOS="799" WIDTH="34" HEIGHT="20" WC="0.96" CONTENT="till"/><SP WIDTH="21" VPOS="799" HPOS="611"/>
							<String ID="string_128" HPOS="632" VPOS="798" WIDTH="135" HEIGHT="29" WC="0.93" CONTENT="föreningen"/><SP WIDTH="21" VPOS="798" HPOS="767"/>
							<String ID="string_129" HPOS="788" VPOS="798" WIDTH="60" HEIGHT="21" WC="0.92" CONTENT="stäld"/><SP WIDTH="18" VPOS="798" HPOS="848"/>
							<String ID="string_130" HPOS="866" VPOS="797" WIDTH="135" HEIGHT="28" WC="0.91" CONTENT="skuldsedel,"/>
						</TextLine>
						<TextLine ID="line_18" HPOS="244" VPOS="831" WIDTH="758" HEIGHT="30">
							<String ID="string_131" HPOS="244" VPOS="832" WIDTH="36" HEIGHT="21" WC="0.96" CONTENT="för"/><SP WIDTH="15" VPOS="832" HPOS="280"/>
							<String ID="string_132" HPOS="295" VPOS="831" WIDTH="93" HEIGHT="22" WC="0.96" CONTENT="hvilken"/><SP WIDTH="15" VPOS="831" HPOS="388"/>
							<String ID="string_133" HPOS="403" VPOS="832" WIDTH="136" HEIGHT="29" WC="0.96" CONTENT="inteckning"/><SP WIDTH="16" VPOS="832" HPOS="539"/>
							<String ID="string_134" HPOS="555" VPOS="832" WIDTH="77" HEIGHT="22" WC="0.96" CONTENT="blifvit"/><SP WIDTH="15" VPOS="832" HPOS="632"/>
							<String ID="string_135" HPOS="647" VPOS="832" WIDTH="126" HEIGHT="28" WC="0.96" CONTENT="meddelad,"/><SP WIDTH="18" VPOS="832" HPOS="773"/>
							<String ID="string_136" HPOS="791" VPOS="832" WIDTH="24" HEIGHT="21" WC="0.96" CONTENT="af"/><SP WIDTH="9" VPOS="832" HPOS="815"/>
							<String ID="string_137" HPOS="824" VPOS="840" WIDTH="28" HEIGHT="13" WC="0.96" CONTENT="en"/><SP WIDTH="11" VPOS="840" HPOS="852"/>
							<String ID="string_138" HPOS="863" VPOS="833" WIDTH="55" HEIGHT="20" WC="0.96" CONTENT="eller"/><SP WIDTH="11" VPOS="833" HPOS="918"/>
							<String ID="string_139" HPOS="929" VPOS="839" WIDTH="73" HEIGHT="14" WC="0.96" CONTENT="annan"/>
						</TextLine>
						<TextLine ID="line_19" HPOS="245" VPOS="866" WIDTH="757" HEIGHT="29">
							<String ID="string_140" HPOS="245" VPOS="866" WIDTH="65" HEIGHT="21" WC="0.96" CONTENT="orsak"/><SP WIDTH="16" VPOS="866" HPOS="310"/>
							<String ID="string_141" HPOS="326" VPOS="866" WIDTH="127" HEIGHT="22" WC="0.96" CONTENT="sedermera"/><SP WIDTH="15" VPOS="866" HPOS="453"/>
							<String ID="string_142" HPOS="468" VPOS="867" WIDTH="50" HEIGHT="21" WC="0.93" CONTENT="icke"/><SP WIDTH="16" VPOS="867" HPOS="518"/>
							<String ID="string_143" HPOS="534" VPOS="867" WIDTH="133" HEIGHT="28" WC="0.91" CONTENT="begagnats,"/><SP WIDTH="17" VPOS="867" HPOS="667"/>
							<String ID="string_144" HPOS="684" VPOS="867" WIDTH="72" HEIGHT="21" WC="0.96" CONTENT="återfå"/><SP WIDTH="17" VPOS="867" HPOS="756"/>
							<String ID="string_145" HPOS="773" VPOS="867" WIDTH="42" HEIGHT="20" WC="0.96" CONTENT="den"/><SP WIDTH="17" VPOS="867" HPOS="815"/>
							<String ID="string_146" HPOS="832" VPOS="866" WIDTH="91" HEIGHT="29" WC="0.93" CONTENT="erlagda"/><SP WIDTH="12" VPOS="866" HPOS="923"/>
							<String ID="string_147" HPOS="935" VPOS="869" WIDTH="67" HEIGHT="18" WC="0.90" CONTENT="stäm-"/>
						</TextLine>
						<TextLine ID="line_20" HPOS="244" VPOS="900" WIDTH="758" HEIGHT="29">
							<String ID="string_148" HPOS="244" VPOS="900" WIDTH="143" HEIGHT="29" WC="0.90" CONTENT="pelafgiften,"/><SP WIDTH="23" VPOS="900" HPOS="387"/>
							<String ID="string_149" HPOS="410" VPOS="901" WIDTH="103" HEIGHT="22" WC="0.96" CONTENT="kommer"/><SP WIDTH="22" VPOS="901" HPOS="513"/>
							<String ID="string_150" HPOS="535" VPOS="902" WIDTH="36" HEIGHT="21" WC="0.96" CONTENT="för"/><SP WIDTH="17" VPOS="902" HPOS="571"/>
							<String ID="string_151" HPOS="588" VPOS="901" WIDTH="122" HEIGHT="22" WC="0.96" CONTENT="framtiden"/><SP WIDTH="19" VPOS="901" HPOS="710"/>
							<String ID="string_152" HPOS="729" VPOS="904" WIDTH="34" HEIGHT="19" WC="0.96" CONTENT="att"/><SP WIDTH="18" VPOS="904" HPOS="763"/>
							<String ID="string_153" HPOS="781" VPOS="901" WIDTH="132" HEIGHT="21" WC="0.93" CONTENT="bibehållas."/><SP WIDTH="30" VPOS="901" HPOS="913"/>
							<String ID="string_154" HPOS="943" VPOS="901" WIDTH="59" HEIGHT="20" WC="0.91" CONTENT="Ena-"/>
						</TextLine>
						<TextLine ID="line_21" HPOS="243" VPOS="935" WIDTH="760" HEIGHT="29">
							<String ID="string_155" HPOS="243" VPOS="935" WIDTH="75" HEIGHT="21" WC="0.95" CONTENT="handa"/><SP WIDTH="18" VPOS="935" HPOS="318"/>
							<String ID="string_156" HPOS="336" VPOS="935" WIDTH="89" HEIGHT="22" WC="0.82" CONTENT="förmån"/><SP WIDTH="21" VPOS="935" HPOS="425"/>
							<String ID="string_157" HPOS="446" VPOS="936" WIDTH="147" HEIGHT="21" WC="0.92" CONTENT="tillerkännes"/><SP WIDTH="18" VPOS="936" HPOS="593"/>
							<String ID="string_158" HPOS="611" VPOS="936" WIDTH="86" HEIGHT="28" WC="0.91" CONTENT="jemväl"/><SP WIDTH="18" VPOS="936" HPOS="697"/>
							<String ID="string_159" HPOS="715" VPOS="935" WIDTH="140" HEIGHT="22" WC="0.91" CONTENT="lånsökande"/><SP WIDTH="15" VPOS="935" HPOS="855"/>
							<String ID="string_160" HPOS="870" VPOS="935" WIDTH="8" HEIGHT="21" WC="0.96" CONTENT="i"/><SP WIDTH="15" VPOS="935" HPOS="878"/>
							<String ID="string_161" HPOS="893" VPOS="935" WIDTH="110" HEIGHT="21" WC="0.96" CONTENT="Finlands"/>
						</TextLine>
						<TextLine ID="line_22" HPOS="244" VPOS="969" WIDTH="759" HEIGHT="22">
							<String ID="string_162" HPOS="244" VPOS="969" WIDTH="68" HEIGHT="21" WC="0.96" CONTENT="Bank"/><SP WIDTH="16" VPOS="969" HPOS="312"/>
							<String ID="string_163" HPOS="328" VPOS="970" WIDTH="42" HEIGHT="21" WC="0.96" CONTENT="och"/><SP WIDTH="15" VPOS="970" HPOS="370"/>
							<String ID="string_164" HPOS="385" VPOS="970" WIDTH="111" HEIGHT="21" WC="0.93" CONTENT="Finlands"/><SP WIDTH="16" VPOS="970" HPOS="496"/>
							<String ID="string_165" HPOS="512" VPOS="971" WIDTH="146" HEIGHT="20" WC="0.91" CONTENT="Statskontor"/><SP WIDTH="15" VPOS="971" HPOS="658"/>
							<String ID="string_166" HPOS="673" VPOS="973" WIDTH="59" HEIGHT="18" WC="0.96" CONTENT="samt"/><SP WIDTH="15" VPOS="973" HPOS="732"/>
							<String ID="string_167" HPOS="747" VPOS="970" WIDTH="70" HEIGHT="21" WC="0.96" CONTENT="andra"/><SP WIDTH="11" VPOS="970" HPOS="817"/>
							<String ID="string_168" HPOS="828" VPOS="970" WIDTH="114" HEIGHT="21" WC="0.93" CONTENT="allmänna"/><SP WIDTH="10" VPOS="970" HPOS="942"/>
							<String ID="string_169" HPOS="952" VPOS="970" WIDTH="51" HEIGHT="21" WC="0.90" CONTENT="kas-"/>
						</TextLine>
						<TextLine ID="line_23" HPOS="244" VPOS="1003" WIDTH="761" HEIGHT="29">
							<String ID="string_170" HPOS="244" VPOS="1011" WIDTH="42" HEIGHT="20" WC="0.96" CONTENT="sor,"/><SP WIDTH="17" VPOS="1011" HPOS="286"/>
							<String ID="string_171" HPOS="303" VPOS="1003" WIDTH="29" HEIGHT="22" WC="0.96" CONTENT="då"/><SP WIDTH="15" VPOS="1003" HPOS="332"/>
							<String ID="string_172" HPOS="347" VPOS="1003" WIDTH="39" HEIGHT="22" WC="0.96" CONTENT="det"/><SP WIDTH="14" VPOS="1003" HPOS="386"/>
							<String ID="string_173" HPOS="400" VPOS="1005" WIDTH="45" HEIGHT="27" WC="0.93" CONTENT="lån,"/><SP WIDTH="17" VPOS="1005" HPOS="445"/>
							<String ID="string_174" HPOS="462" VPOS="1004" WIDTH="70" HEIGHT="22" WC="0.90" CONTENT="hvarå"/><SP WIDTH="20" VPOS="1004" HPOS="532"/>
							<String ID="string_175" HPOS="552" VPOS="1005" WIDTH="129" HEIGHT="20" WC="0.90" CONTENT="skuldsedel"/><SP WIDTH="18" VPOS="1005" HPOS="681"/>
							<String ID="string_176" HPOS="699" VPOS="1004" WIDTH="120" HEIGHT="27" WC="0.96" CONTENT="utfärdats,"/><SP WIDTH="20" VPOS="1004" HPOS="819"/>
							<String ID="string_177" HPOS="839" VPOS="1004" WIDTH="126" HEIGHT="21" WC="0.96" CONTENT="sedermera"/><SP WIDTH="15" VPOS="1004" HPOS="965"/>
							<String ID="string_178" HPOS="980" VPOS="1003" WIDTH="25" HEIGHT="22" WC="0.96" CONTENT="af"/>
						</TextLine>
					</TextBlock>
				</ComposedBlock>
				<ComposedBlock ID="cblock_3" HPOS="242" VPOS="1059" WIDTH="761" HEIGHT="112">
					<TextBlock ID="block_5" HPOS="242" VPOS="1059" WIDTH="761" HEIGHT="112">
						<TextLine ID="line_24" HPOS="245" VPOS="1059" WIDTH="758" HEIGHT="46">
							<String ID="string_179" HPOS="245" VPOS="1072" WIDTH="35" HEIGHT="21" WC="0.96" CONTENT="vit"/><SP WIDTH="15" VPOS="1072" HPOS="280"/>
							<String ID="string_180" HPOS="295" VPOS="1072" WIDTH="125" HEIGHT="28" WC="0.96" CONTENT="meddelad,"/><SP WIDTH="17" VPOS="1072" HPOS="420"/>
							<String ID="string_181" HPOS="437" VPOS="1073" WIDTH="50" HEIGHT="21" WC="0.96" CONTENT="icke"/><SP WIDTH="16" VPOS="1073" HPOS="487"/>
							<String ID="string_182" HPOS="503" VPOS="1059" WIDTH="111" HEIGHT="46" WC="0.96" CONTENT="beviljats."/><SP WIDTH="27" VPOS="1059" HPOS="614"/>
							<String ID="string_183" HPOS="641" VPOS="1073" WIDTH="86" HEIGHT="21" WC="0.96" CONTENT="Sådant"/><SP WIDTH="14" VPOS="1073" HPOS="727"/>
							<String ID="string_184" HPOS="741" VPOS="1072" WIDTH="142" HEIGHT="21" WC="0.96" CONTENT="förhållande"/><SP WIDTH="11" VPOS="1072" HPOS="883"/>
							<String ID="string_185" HPOS="894" VPOS="1072" WIDTH="41" HEIGHT="21" WC="0.96" CONTENT="bör"/><SP WIDTH="10" VPOS="1072" HPOS="935"/>
							<String ID="string_186" HPOS="945" VPOS="1072" WIDTH="58" HEIGHT="21" WC="0.96" CONTENT="dock"/>
						</TextLine>
						<TextLine ID="line_25" HPOS="242" VPOS="1106" WIDTH="761" HEIGHT="29">
							<String ID="string_187" HPOS="242" VPOS="1106" WIDTH="40" HEIGHT="21" WC="0.94" CONTENT="vid"/><SP WIDTH="22" VPOS="1106" HPOS="282"/>
							<String ID="string_188" HPOS="304" VPOS="1106" WIDTH="78" HEIGHT="28" WC="0.96" CONTENT="hvarje"/><SP WIDTH="24" VPOS="1106" HPOS="382"/>
							<String ID="string_189" HPOS="406" VPOS="1107" WIDTH="92" HEIGHT="21" WC="0.96" CONTENT="tillfälle"/><SP WIDTH="19" VPOS="1107" HPOS="498"/>
							<String ID="string_190" HPOS="517" VPOS="1115" WIDTH="54" HEIGHT="14" WC="0.96" CONTENT="vara"/><SP WIDTH="18" VPOS="1115" HPOS="571"/>
							<String ID="string_191" HPOS="589" VPOS="1107" WIDTH="124" HEIGHT="28" WC="0.96" CONTENT="behörigen"/><SP WIDTH="21" VPOS="1107" HPOS="713"/>
							<String ID="string_192" HPOS="734" VPOS="1107" WIDTH="80" HEIGHT="28" WC="0.94" CONTENT="styrkt,"/><SP WIDTH="23" VPOS="1107" HPOS="814"/>
							<String ID="string_193" HPOS="837" VPOS="1109" WIDTH="58" HEIGHT="19" WC="0.96" CONTENT="samt"/><SP WIDTH="16" VPOS="1109" HPOS="895"/>
							<String ID="string_194" HPOS="911" VPOS="1106" WIDTH="92" HEIGHT="21" WC="0.96" CONTENT="ärendet"/>
						</TextLine>
						<TextLine ID="line_26" HPOS="244" VPOS="1141" WIDTH="681" HEIGHT="30">
							<String ID="string_195" HPOS="244" VPOS="1141" WIDTH="35" HEIGHT="21" WC="0.96" CONTENT="till"/><SP WIDTH="18" VPOS="1141" HPOS="279"/>
							<String ID="string_196" HPOS="297" VPOS="1141" WIDTH="170" HEIGHT="22" WC="0.93" CONTENT="vederbörande"/><SP WIDTH="17" VPOS="1141" HPOS="467"/>
							<String ID="string_197" HPOS="484" VPOS="1142" WIDTH="129" HEIGHT="22" WC="0.92" CONTENT="Guvernörs"/><SP WIDTH="16" VPOS="1142" HPOS="613"/>
							<String ID="string_198" HPOS="629" VPOS="1142" WIDTH="124" HEIGHT="29" WC="0.89" CONTENT="afgörande"/><SP WIDTH="16" VPOS="1142" HPOS="753"/>
							<String ID="string_199" HPOS="769" VPOS="1142" WIDTH="156" HEIGHT="21" WC="0.90" CONTENT="öfverlemnas."/>
						</TextLine>
					</TextBlock>
				</ComposedBlock>
				<ComposedBlock ID="cblock_4" HPOS="573" VPOS="1246" WIDTH="105" HEIGHT="21">
					<TextBlock ID="block_6" HPOS="573" VPOS="1246" WIDTH="105" HEIGHT="21">
						<TextLine ID="line_27" HPOS="573" VPOS="1246" WIDTH="105" HEIGHT="21">
							<String ID="string_200" HPOS="573" VPOS="1246" WIDTH="20" HEIGHT="21" WC="0.92" CONTENT="V"/><SP WIDTH="16" VPOS="1246" HPOS="593"/>
							<String ID="string_201" HPOS="609" VPOS="1246" WIDTH="69" HEIGHT="21" WC="0.95" CONTENT="KAP."/>
						</TextLine>
					</TextBlock>
				</ComposedBlock>
				<ComposedBlock ID="cblock_5" HPOS="241" VPOS="1309" WIDTH="762" HEIGHT="200">
					<TextBlock ID="block_7" HPOS="241" VPOS="1309" WIDTH="762" HEIGHT="200">
						<TextLine ID="line_28" HPOS="307" VPOS="1309" WIDTH="631" HEIGHT="27">
							<String ID="string_202" HPOS="307" VPOS="1309" WIDTH="33" HEIGHT="22" WC="0.93" CONTENT="Om"/><SP WIDTH="17" VPOS="1309" HPOS="340"/>
							<String ID="string_203" HPOS="357" VPOS="1309" WIDTH="98" HEIGHT="27" WC="0.96" CONTENT="påföljden"/><SP WIDTH="17" VPOS="1309" HPOS="455"/>
							<String ID="string_204" HPOS="472" VPOS="1310" WIDTH="34" HEIGHT="21" WC="0.93" CONTENT="och"/><SP WIDTH="16" VPOS="1310" HPOS="506"/>
							<String ID="string_205" HPOS="522" VPOS="1310" WIDTH="92" HEIGHT="21" WC="0.95" CONTENT="ansvaret"/><SP WIDTH="15" VPOS="1310" HPOS="614"/>
							<String ID="string_206" HPOS="629" VPOS="1310" WIDTH="29" HEIGHT="21" WC="0.93" CONTENT="för"/><SP WIDTH="15" VPOS="1310" HPOS="658"/>
							<String ID="string_207" HPOS="673" VPOS="1309" WIDTH="152" HEIGHT="22" WC="0.92" CONTENT="öfverträdelser"/><SP WIDTH="15" VPOS="1309" HPOS="825"/>
							<String ID="string_208" HPOS="840" VPOS="1309" WIDTH="21" HEIGHT="21" WC="0.96" CONTENT="af"/><SP WIDTH="15" VPOS="1309" HPOS="861"/>
							<String ID="string_209" HPOS="876" VPOS="1309" WIDTH="62" HEIGHT="21" WC="0.96" CONTENT="denna"/>
						</TextLine>
						<TextLine ID="line_29" HPOS="353" VPOS="1349" WIDTH="540" HEIGHT="28">
							<String ID="string_210" HPOS="353" VPOS="1349" WIDTH="113" HEIGHT="28" WC="0.96" CONTENT="förordning"/><SP WIDTH="16" VPOS="1349" HPOS="466"/>
							<String ID="string_211" HPOS="482" VPOS="1350" WIDTH="51" HEIGHT="22" WC="0.95" CONTENT="samt"/><SP WIDTH="15" VPOS="1350" HPOS="533"/>
							<String ID="string_212" HPOS="548" VPOS="1356" WIDTH="31" HEIGHT="16" WC="0.93" CONTENT="om"/><SP WIDTH="16" VPOS="1356" HPOS="579"/>
							<String ID="string_213" HPOS="595" VPOS="1351" WIDTH="44" HEIGHT="26" WC="0.95" CONTENT="laga"/><SP WIDTH="16" VPOS="1351" HPOS="639"/>
							<String ID="string_214" HPOS="655" VPOS="1350" WIDTH="81" HEIGHT="22" WC="0.95" CONTENT="domstol"/><SP WIDTH="17" VPOS="1350" HPOS="736"/>
							<String ID="string_215" HPOS="753" VPOS="1350" WIDTH="4" HEIGHT="21" WC="0.96" CONTENT="i"/><SP WIDTH="16" VPOS="1350" HPOS="757"/>
							<String ID="string_216" HPOS="773" VPOS="1350" WIDTH="60" HEIGHT="21" WC="0.93" CONTENT="dessa"/><SP WIDTH="16" VPOS="1350" HPOS="833"/>
							<String ID="string_217" HPOS="849" VPOS="1349" WIDTH="44" HEIGHT="22" WC="0.92" CONTENT="mål."/>
						</TextLine>
						<TextLine ID="line_30" HPOS="595" VPOS="1407" WIDTH="62" HEIGHT="27">
							<String ID="string_218" HPOS="595" VPOS="1407" WIDTH="28" HEIGHT="21" WC="0.89" CONTENT="28"/><SP WIDTH="16" VPOS="1407" HPOS="623"/>
							<String ID="string_219" HPOS="639" VPOS="1409" WIDTH="18" HEIGHT="25" WC="0.88" CONTENT="8."/>
						</TextLine>
						<TextLine ID="line_31" HPOS="311" VPOS="1446" WIDTH="692" HEIGHT="29">
							<String ID="string_220" HPOS="311" VPOS="1446" WIDTH="105" HEIGHT="22" WC="0.91" CONTENT="Embets-"/><SP WIDTH="23" VPOS="1446" HPOS="416"/>
							<String ID="string_221" HPOS="439" VPOS="1447" WIDTH="42" HEIGHT="22" WC="0.92" CONTENT="och"/><SP WIDTH="23" VPOS="1447" HPOS="481"/>
							<String ID="string_222" HPOS="504" VPOS="1447" WIDTH="143" HEIGHT="28" WC="0.92" CONTENT="tjensteman,"/><SP WIDTH="20" VPOS="1447" HPOS="647"/>
							<String ID="string_223" HPOS="667" VPOS="1455" WIDTH="48" HEIGHT="14" WC="0.96" CONTENT="som"/><SP WIDTH="16" VPOS="1455" HPOS="715"/>
							<String ID="string_224" HPOS="731" VPOS="1447" WIDTH="39" HEIGHT="22" WC="0.93" CONTENT="vid"/><SP WIDTH="20" VPOS="1447" HPOS="770"/>
							<String ID="string_225" HPOS="790" VPOS="1447" WIDTH="102" HEIGHT="21" WC="0.87" CONTENT="skrifters"/><SP WIDTH="16" VPOS="1447" HPOS="892"/>
							<String ID="string_226" HPOS="908" VPOS="1449" WIDTH="95" HEIGHT="19" WC="0.92" CONTENT="emotta-"/>
						</TextLine>
						<TextLine ID="line_32" HPOS="241" VPOS="1480" WIDTH="762" HEIGHT="29">
							<String ID="string_227" HPOS="241" VPOS="1480" WIDTH="81" HEIGHT="28" WC="0.91" CONTENT="gande,"/><SP WIDTH="25" VPOS="1480" HPOS="322"/>
							<String ID="string_228" HPOS="347" VPOS="1481" WIDTH="73" HEIGHT="21" WC="0.92" CONTENT="ehvad"/><SP WIDTH="24" VPOS="1481" HPOS="420"/>
							<String ID="string_229" HPOS="444" VPOS="1481" WIDTH="64" HEIGHT="22" WC="0.91" CONTENT="dessa"/><SP WIDTH="23" VPOS="1481" HPOS="508"/>
							<String ID="string_230" HPOS="531" VPOS="1481" WIDTH="126" HEIGHT="22" WC="0.91" CONTENT="sedermera"/><SP WIDTH="16" VPOS="1481" HPOS="657"/>
							<String ID="string_231" HPOS="673" VPOS="1481" WIDTH="108" HEIGHT="22" WC="0.91" CONTENT="insändas"/><SP WIDTH="17" VPOS="1481" HPOS="781"/>
							<String ID="string_232" HPOS="798" VPOS="1481" WIDTH="33" HEIGHT="21" WC="0.96" CONTENT="till"/><SP WIDTH="18" VPOS="1481" HPOS="831"/>
							<String ID="string_233" HPOS="849" VPOS="1488" WIDTH="74" HEIGHT="14" WC="0.93" CONTENT="annan"/><SP WIDTH="15" VPOS="1488" HPOS="923"/>
							<String ID="string_234" HPOS="938" VPOS="1488" WIDTH="65" HEIGHT="21" WC="0.90" CONTENT="myn-"/>
						</TextLine>
					</TextBlock>
				</ComposedBlock>
			</PrintSpace>
		</Page>
	</Layout>
</alto>
