1103 1750
238 106 30 31 44
520 113 22 18 U.
555 113 21 18 B.
590 113 59 23 Prop.
662 113 36 18 N:o
711 114 18 17 5.

245 172 75 21 sulent
343 172 7 21 i
371 172 293 29 nykterhetsundervisning
683 173 38 22 vid
741 172 159 22 seminarierna
920 173 7 21 i
943 172 51 22 lan-

244 207 44 27 det,
314 208 91 21 hvilken
429 208 6 21 i
455 208 50 22 dem
522 208 72 22 skulle
610 209 61 21 hålla
686 209 126 22 lärokurser
828 209 7 20 i
850 208 145 29 nykterhets-

245 243 167 28 undervisning,
438 245 87 21 ansetts
548 245 67 27 högst
638 245 93 27 önsklig,
755 244 79 21 liksom
857 244 41 22 ock
918 244 77 22 åstad-

245 278 146 23 kommandet
415 279 24 22 af
462 280 211 29 nykterhetskurser
692 282 29 27 på
740 281 71 21 annat
826 281 53 20 sätt.
910 280 85 22 Genom

245 315 36 21 att
306 315 136 22 föranstalta
468 323 16 14 s.
508 316 20 21 k.
555 316 276 29 nykterhetsskrifningar,
859 316 37 22 vid
919 315 76 23 hvilka

244 351 93 28 premier
360 351 95 28 utdelas,
480 352 40 22 har
544 353 58 21 man"
618 352 40 22 ock
681 353 62 21 velat
757 352 74 22 väcka
848 351 146 28 umgdomens

244 386 95 22 intresse
363 387 33 21 för
419 387 77 28 saken,
517 395 50 14 men
587 388 67 22 äfven
673 388 34 22 för
723 388 64 22 detta
801 387 107 22 ändamål
924 387 71 22 hafva

245 422 72 22 medel
341 423 100 28 saknats,
466 424 40 21 och
530 424 72 21 skulle
626 424 87 22 sådana
734 424 110 21 behöfvas
862 424 85 28 jämväl
962 423 33 22 för

244 458 153 22 anskaffande
420 459 24 22 af
468 459 275 28 undervisningsmaterial
766 460 41 21 och
830 460 85 21 böcker.
946 459 49 22 Den

244 494 147 23 verksamhet
409 495 159 23 studenternas
588 496 70 27 bägge
678 495 260 30 nykterhetsföreningar
957 498 37 19 ut-

243 529 67 22 öfvat
332 530 69 22 bland
426 531 125 28 ungdomen
575 533 6 20 i
602 532 26 22 de
648 532 63 22 lärda
727 532 104 21 skolorna
847 531 41 22 och
904 531 91 22 hvilken

244 565 45 22 lätt
312 566 75 22 kunde
411 567 112 28 ansenligt
547 568 111 28 utvidgas,
675 575 52 15 vore
743 567 108 23 likaledes
866 568 7 21 i
889 567 67 22 behof
972 566 23 22 af

245 602 115 28 betydliga
387 603 79 28 medel;
494 605 32 21 ett
549 604 85 22 mindre
658 604 170 28 anslagsbelopp
853 603 73 29 (3,000
949 603 45 28 mk)

244 638 42 21 har
308 638 130 28 föreningen
463 640 162 28 »Opiskelevan
648 640 109 21 Nuorison
776 640 167 21 Raittiusliitto»
962 639 33 21 för

243 680 29 14 en
290 673 31 22 tid
338 674 70 22 sedan
425 675 23 21 af
464 679 75 18 staten
556 675 94 28 erhällit,
668 683 50 14 men
729 678 24 19 är
764 675 128 22 detsamma
903 675 91 22 alldeles

244 709 149 28 otillräekligt.

316 745 33 22 De
374 746 40 21 här
437 747 5 20 i
467 747 88 22 korthet
572 747 91 22 berörda
680 747 315 29 nykterhetsundervisnings-

244 780 117 29 företagen
386 784 37 20 äro
448 783 69 27 enligt
535 783 127 22 Utskottets
682 783 61 22 äsikt
762 783 45 22 alla
823 783 24 21 af
863 783 42 21 den
921 783 72 28 nytta,

245 817 36 21 att
300 817 92 22 berörda
409 819 143 22 verksamhet
568 819 67 22 borde
653 827 24 14 ur
693 819 115 22 allmänna
825 819 71 21 medel
913 818 81 22 under-

245 853 90 28 stödjas.
362 853 117 24 Utskottet
495 855 40 21 har
550 855 140 29 följaktligen
706 855 94 22 beslutit
815 855 87 27 föreslå,
920 856 36 20 att
971 854 24 21 af

244 888 274 24 bränvinsskattemedlen
542 892 33 21 ett
598 891 65 28 ärligt
688 891 80 28 anslag
792 891 23 22 af
835 891 81 27 20,000
931 890 63 22 mark

244 925 71 21 mätte
334 925 119 22 användas
472 926 34 22 för
524 927 125 28 främjande
665 927 24 22 af
704 926 290 29 nykterhetsundervisnin-

244 967 50 20 gen,
312 960 64 22 däraf
398 962 78 27 15,000
495 963 63 21 mark
574 963 33 21 för
623 963 152 28 finskspräkig
791 963 41 21 och
849 962 67 25 5,000
932 962 62 21 mark

244 995 35 22 för
304 997 176 28 svenskspräkig
507 999 164 28 undervisning.
707 999 46 22 Och
779 998 74 21 finner
878 998 117 21 Utskottet

243 1031 105 28 öÖnskligt,
366 1035 35 20 att
416 1035 128 26 regeringen
560 1035 71 21 måtte
645 1035 82 28 bevilja
738 1035 27 20 de
776 1034 35 21 för
821 1033 173 28 ifrågavarande

243 1067 108 22 ändamål
367 1069 95 22 afsedda
477 1070 87 21 medlen
580 1071 23 21 ät
620 1070 110 22 särskilda
745 1070 128 27 föreningar
888 1069 41 22 och
940 1069 54 22 säll-

243 1102 58 30 skap
325 1104 6 20 i
351 1105 125 28 proportion
493 1106 33 21 till
542 1106 164 27 omfattningen
723 1106 24 21 af
763 1105 64 22 deras
845 1105 149 22 verksamhet.

244 1138 62 22 Inom
330 1139 118 23 Utskottet
471 1141 40 22 har
534 1142 129 27 visserligen
687 1142 134 27 föreslagits,
847 1142 34 20 att
907 1141 86 21 medlen

245 1175 67 22 borde
338 1176 95 29 beviljas
460 1177 204 28 centralledningen
690 1177 34 22 för
747 1177 126 29 sällskapet
896 1177 98 29 Nykter-

243 1210 81 23 hetens
347 1211 93 23 Vänner
463 1213 34 22 för
520 1215 34 20 att
578 1221 80 20 genom
679 1213 51 22 dess
745 1213 133 28 förmedling
892 1213 102 22 fördelas.

243 1246 52 22 Men
322 1247 50 22 med
396 1249 88 28 hänsyn
508 1249 79 28 därtill,
612 1251 35 20 att
670 1249 45 22 alla
738 1249 27 22 de
789 1249 133 27 föreningar,
947 1256 47 15 som

243 1282 81 22 arbeta
339 1285 29 26 pä
385 1285 335 28 nykterhetsundervisningens
736 1284 97 28 omräde,
850 1284 48 21 icke
912 1284 82 22 under-

243 1317 54 30 lyda
312 1319 168 28 Nykterhetens
497 1321 102 22 Vänners
616 1321 176 26 centralledning
808 1320 41 22 och
866 1321 34 20 att
910 1320 85 28 jämväl

242 1361 48 21 nya
313 1355 99 22 initiativ
436 1358 29 27 pä
484 1357 62 22 detta
562 1357 90 22 omräde
668 1357 79 22 kunna
763 1363 61 22 yppa
840 1357 39 27 sig,
896 1356 41 21 har
952 1356 42 21 Ut-

243 1390 86 23 skottet
346 1391 56 22 dock
419 1393 76 21 ansett
511 1393 135 28 lämpligast,
663 1394 35 21 att
713 1392 132 28 regeringen
862 1391 69 28 enligt
939 1398 55 21 egen

242 1427 104 28 pröfning
363 1429 29 27 pä
409 1429 102 21 ansökan
526 1429 95 28 beviljar
634 1429 27 21 de
672 1429 60 21 olika
742 1428 159 27 föreningarna
912 1427 82 22 under-

242 1463 52 22 stöd
310 1463 33 22 för
359 1464 145 22 anordnande
521 1464 23 22 af
560 1464 302 29 nykterhetsundervisning.
