1103 1753
377 118 22 17 U.
412 117 21 18 B.
447 117 59 24 Prop.
519 118 37 18 N:o
568 119 18 17 5.
836 119 24 16 45

179 176 41 22 För
251 176 154 29 befrämjande
436 177 24 21 af
485 177 281 28 ungdomsföreningarnas
792 178 66 22 verk-

108 212 88 21 samhet
219 212 41 22 har
283 212 117 22 Utskottet
424 212 76 22 vidare
519 213 93 21 beslutit
635 213 87 22 förorda
747 214 110 28 beviljan-

108 247 38 22 det
169 248 22 21 af
215 249 33 20 ett
271 248 67 28 ärligt
361 248 80 28 anslag
464 248 24 22 af
508 248 80 28 30,000
610 249 62 21 mark
693 256 26 14 ur
739 250 119 21 bränvins-

108 283 171 28 skattemedlen,
305 284 113 28 nämligen
446 284 81 28 25,000
551 285 63 21 mark
638 286 25 20 ät
686 285 27 21 de
732 285 126 29 finsksprä-

108 319 52 27 kiga
183 319 41 22 och
247 320 67 27 5,000
338 320 63 22 mark
425 321 24 21 ät
473 320 26 22 de
523 320 190 29 svenskspräkiga
736 321 123 28 ungdoms-

107 355 165 28 föreningarna.
303 355 73 22 Dessa
396 355 142 29 lifskraftiga,
560 356 34 21 till
612 356 40 22 och
668 356 50 21 med
735 357 5 20 i
758 356 26 22 de
801 359 57 19 mest

108 390 83 22 afsides
215 391 96 27 belägna
336 391 85 22 trakter
444 391 24 22 af
491 392 77 21 landet
591 392 114 22 verkande
724 392 134 29 föreningar,

108 426 90 22 hvilkas
219 427 58 28 syfte
295 429 24 20 är
335 428 36 21 att
386 428 7 21 i
410 427 44 22 alla
471 428 121 21 afseenden
608 428 52 28 höja
675 425 126 30 bildnings-
818 429 40 21 och

108 462 191 28 sedlighetsnivän
325 463 68 22 bland
417 463 89 22 landets
530 464 104 27 ungdom,
658 463 71 22 hafva
747 464 112 22 härintills

109 499 88 22 arbetat
213 500 56 21 utan
285 500 70 27 nägot
371 499 95 22 allmänt
481 499 127 28 understöd,
626 500 40 21 och
682 500 41 21 har
732 500 85 21 bristen
830 501 29 28 pä

109 534 71 22 medel
196 535 91 22 utöfvat
304 542 27 14 en
348 535 7 21 i
371 537 83 26 många
469 535 121 22 afseenden
602 535 135 22 hämmande
749 536 108 22 inverkan

108 572 29 27 pä
155 571 65 21 deras
236 571 90 28 nyttiga
342 571 150 22 verksamhet.
522 571 83 30 Dylika
622 571 238 28 ungdomsföreningar

107 606 76 22 finnas
209 607 68 21 redan
304 614 31 14 nu
361 608 7 20 i
391 607 78 22 landet
492 607 33 22 till
547 609 33 20 ett
604 608 62 21 antal
690 607 24 22 af
736 607 62 22 öfver
814 608 45 21 600

108 642 174 29 finskspräkiga,
307 643 79 21 hvilka
409 643 70 22 hafva
503 651 16 14 c.
544 643 81 26 35,000
649 643 150 28 medlemmar,
817 644 41 21 och

109 679 94 27 ungefär
220 679 29 22 70
266 679 195 29 svenskspräkiga.
493 679 281 27 Ungdomsföreningarnas
791 680 66 21 verk-

108 714 89 22 samhet
220 716 25 20 är
267 714 152 22 öfverhufvud
438 715 55 21 värd
515 716 158 28 uppmuntran,
690 722 51 14 men
759 716 99 28 speciellt

108 758 69 21 synas
194 750 64 22 deras
275 750 147 22 sträfvanden
440 752 35 20 att
491 758 79 20 genom
584 750 102 28 föredrag
696 751 95 22 utbreda
802 751 55 22 folk-

107 786 128 28 bildningen
261 786 40 22 och
325 786 65 22 deras
415 787 114 21 nitälskan
553 786 33 22 för
602 786 141 28 grundandet
760 787 22 21 af
798 787 60 22 folk-

109 822 105 22 bibliotek
240 822 98 28 förtjäna
364 824 33 20 ett
424 823 137 21 allmännare
585 822 126 22 understöd.
742 823 116 22 Utskottet

108 858 40 21 har
165 860 75 20 ansett
256 858 106 29 lämpligt,
380 859 35 21 att
426 858 103 28 anslaget
539 858 34 22 för
584 858 26 22 de
621 858 168 28 finskspräkiga
800 866 58 20 ung-

108 894 223 28 domsföreningarna
354 902 26 14 ur
399 894 274 22 bränvinsskattemedlen
690 894 72 22 skulle
778 894 81 22 ställas

107 930 34 22 till
157 930 216 28 centralledningens
388 930 35 22 för
441 930 109 22 »Suomen
566 930 109 22 Nuorison
686 930 80 22 Liitto»
780 930 76 29 dispo-

108 966 66 22 sition
199 966 40 22 och
262 966 34 22 för
319 966 27 22 de
370 966 190 28 svenskspråkiga
583 966 158 27 föreningarna
762 966 47 22 åter
825 966 33 21 till

108 1002 41 21 den
175 1002 187 27 centrallednings
386 1002 136 28 disposition,
547 1009 47 15 som
618 1002 58 22 inom
700 1001 50 22 dem
769 1002 89 21 komme

108 1039 35 20 att
158 1039 88 28 uppstå.

179 1073 108 28 Slutligen
309 1073 40 22 har
365 1075 33 20 ett
413 1074 60 21 inom
490 1073 116 22 Utskottet
622 1073 69 22 väckt
706 1073 83 28 förslag
805 1073 52 22 där-

108 1116 42 20 om,
168 1110 36 21 att
220 1109 23 22 af
258 1109 274 22 bränvinsskattemedlen
550 1110 33 21 ett
598 1109 86 29 belopp,
699 1109 159 22 motsvarande

107 1145 42 21 den
174 1152 89 15 summa
286 1152 47 14 som
357 1145 24 21 af
404 1145 274 28 utskänkningsbolagens
703 1145 97 22 ärsvinst
819 1145 40 21 bör

107 1181 123 22 öfverföras
254 1181 33 22 till
311 1181 297 27 kommunikationsfonden,
636 1182 69 20 måtte
732 1188 127 14 reserveras

107 1217 33 21 till
161 1224 28 14 en
210 1217 95 21 särskild
321 1217 54 21 fond
390 1217 34 21 för
440 1216 188 28 understödjande
644 1217 23 21 af
683 1217 43 21 den
742 1217 116 21 allmänna

107 1252 373 27 invaliditetsförsäkringsanstalt,
498 1259 47 15 som
562 1252 110 28 snarligen
689 1252 67 22 borde
767 1252 91 22 komma

108 1288 33 22 till
157 1288 67 22 ständ
240 1289 7 21 i
258 1288 83 25 landet,
354 1288 108 28 enhälligt
474 1288 23 22 af
507 1288 117 22 Utskottet
635 1288 124 22 omfattats.
784 1288 73 21 Dessa

108 1324 70 22 medel
201 1324 71 22 hafva
296 1324 7 21 i
327 1324 42 21 den
393 1324 49 21 nåd.
467 1324 164 28 propositionen
648 1324 122 21 beräknats
787 1324 71 21 under

107 1360 152 22 instundande
283 1360 152 28 finansperiod
459 1361 75 27 uppgä
556 1360 33 21 till
613 1360 6 21 i
639 1359 104 22 medeltal
761 1360 97 21 900.000

107 1396 64 21 mark
187 1396 89 27 ärligen.

179 1431 76 22 Ehuru
278 1431 289 22 kommunikationsfonden
592 1431 95 22 sälunda
710 1431 88 21 komme
823 1432 35 19 att

107 1469 28 25 gå
156 1467 66 22 miste
244 1474 35 15 om
298 1474 27 14 en
341 1467 100 28 betydlig
458 1467 34 21 del
509 1467 24 21 af
548 1467 38 22 det
602 1467 78 28 belopp
697 1466 24 21 af
736 1467 121 21 bränvins-
