1103 1756
314 142 29 22 U.
360 142 27 21 B.
404 154 26 2 —
446 141 75 28 Prop.
538 142 42 21 N:o
596 141 22 22 5.
834 140 27 21 15

364 256 236 27 Folkhögskolorna.

170 327 46 22 Det
233 327 43 22 har
294 327 139 29 föreslagits,
453 330 35 19 att
506 328 78 28 nägon
603 327 38 21 del
660 327 23 21 af
702 327 66 22 dessa
787 327 74 22 medel

101 362 76 22 blefve
205 361 108 22 använda
341 362 35 21 för
398 361 189 22 understödande
607 361 24 22 af
649 361 212 29 folkhögskolorna.

102 397 42 21 Om
170 396 128 22 understöd
323 396 22 21 af
373 396 118 22 allmänna
518 396 74 21 medel
612 397 23 20 ät
655 396 206 29 folkhögskolorna

101 431 70 22 hafva
199 431 125 28 petitioner
352 431 127 21 framstälts
504 431 40 21 vid
562 431 47 21 alla
628 430 28 21 de
675 433 91 19 senaste
785 430 75 22 landt-

102 465 104 30 dagarna
225 465 32 22 alt
274 465 61 22 ifrän
355 466 25 21 är
401 465 72 27 1894,
492 472 52 15 men
564 465 66 22 dessa
649 465 124 28 petitioner
791 465 71 22 hafva

101 501 52 21 icke
171 500 50 21 ledt
239 499 37 22 till
294 499 101 22 önskadt
408 500 106 27 resultat,
533 507 35 14 om
588 507 53 14 man
657 499 147 29 undantager
822 499 40 22 det

103 535 88 28 anslag,
220 534 171 28 sammanlagdt
416 535 92 26 80,000
536 534 72 27 mark,
628 534 90 21 hvilket
736 535 82 28 gifvits
838 535 24 20 ät

103 569 28 22 de
149 569 51 22 med
230 569 176 28 folkhögskolor
433 569 111 21 förenade
566 568 163 22 landtmanna-
748 568 43 22 och
809 568 53 21 hus-

103 603 207 22 modersskolorna.
347 603 230 28 Folkhögskolornas
596 603 92 28 viktiga
708 603 96 29 uppgift
828 603 34 21 sä-

103 645 47 14 som
169 637 206 28 bildningshärdar
393 638 36 21 för
447 637 93 22 landets
558 637 102 29 ungdom
679 638 41 21 har
734 637 128 22 emellertid

103 673 89 27 värkat,
213 675 34 19 att
265 679 28 14 en
312 672 111 29 enhällig,
442 673 92 27 mäktig
547 672 96 29 opinion
655 672 7 21 i
676 672 80 22 landet
772 672 90 21 fordrar

102 707 125 22 understöd
246 715 27 13 ur
291 707 118 21 allmänna
428 707 76 21 medel
516 707 36 21 för
569 706 205 29 folkhögskolorna
787 707 74 21 säsom

103 741 93 22 sådana.
234 741 103 22 Sälunda
355 741 101 28 föreslog
475 741 127 22 Allmänna
629 741 233 22 Petitionsutskottet

103 776 40 21 vid
161 779 92 19 senaste
271 776 121 28 landtdag,
413 779 35 18 att
466 777 25 20 ät
509 776 208 28 folkhögskolorna
735 776 74 21 skulle
824 776 38 21 be-

103 811 68 28 viljas
191 810 185 22 statsunderstöd
391 818 36 14 om
440 811 155 21 tillsammans
610 811 251 27 115,000—120,000

104 845 65 21 mark
188 853 35 13 om
243 846 55 20 äret.
335 844 46 22 Vid
399 844 144 30 landtdagen
564 845 52 21 kom
636 845 64 21 detta
719 845 88 29 förslag
819 845 43 21 lik-

104 880 39 21 väl
161 880 51 21 icke
231 880 36 20 till
285 879 150 29 behandling.
464 879 137 22 Förenande
620 880 36 27 sig
674 887 35 14 om
728 879 50 22 dei
790 879 72 29 sagda

104 914 103 21 utskotts
225 914 148 22 betänkande
392 914 138 22 framstälda
549 914 51 21 skäl
622 914 42 21 och
683 914 8 21 i
709 914 155 22 betraktande

105 948 72 28 däraf,
205 951 34 19 att
265 956 32 13 nu
324 948 120 29 pågående
467 949 87 21 urtima
572 948 114 29 landtdag
703 949 52 21 icke
774 949 90 21 kunnat

104 983 56 28 ingå
178 982 52 22 med
249 982 98 22 särskild
367 983 99 28 petition
486 991 37 13 om
541 983 127 21 understöd
696 990 26 14 ur
747 983 117 21 allmänna

105 1017 74 21 medel
197 1018 25 20 åt
240 1017 213 29 folkhögskolorna,
472 1018 43 21 har
533 1018 232 21 Ekonomiutskottet
789 1017 75 22 beslu-

105 1052 30 21 tit
155 1052 86 21 föreslå
259 1054 35 19 att
311 1051 75 22 under
403 1046 161 28 innevarande
583 1052 156 28 finansperiod
758 1060 28 14 ur
798 1052 66 21 brän-

105 1086 229 28 vinsskattemedlen,
353 1086 44 22 och
415 1086 24 22 af
457 1086 41 22 det
516 1086 84 29 belopp
620 1094 47 14 som
686 1089 103 19 närmast
807 1086 58 22 före-

105 1120 83 29 slagits
217 1123 35 19 att
279 1120 126 22 öfverföras
432 1121 38 21 till
498 1121 300 22 kommunikationsfonden
822 1120 43 22 och

105 1154 150 22 härförinnan
275 1155 124 22 öfverförts
415 1155 37 21 till
465 1155 237 28 bevillningsfonden,
715 1158 34 19 ett
762 1155 103 21 tillräck-

105 1189 46 29 ligt
169 1189 83 29 belopp
271 1190 76 21 skulle
366 1190 78 21 anslås
462 1190 38 22 för
519 1193 35 19 att
571 1190 119 21 användas
718 1190 37 21 till
782 1189 83 22 under-

106 1224 52 21 stöd
177 1224 24 21 åt
213 1224 90 21 landets
316 1224 109 28 samtliga
438 1224 182 29 folkhögskolor.
645 1224 149 22 Beträffande
808 1226 58 19 stor-

105 1258 68 22 leken
193 1259 23 21 af
235 1258 44 22 den
297 1266 89 14 summa
405 1266 47 14 som
472 1258 80 22 härför
569 1258 72 22 borde
660 1258 118 22 användas
796 1258 70 22 hafva

106 1292 7 21 i
133 1292 122 22 Utskottet
273 1293 62 21 olika
354 1294 122 28 meningar
496 1294 104 26 uttalats,
621 1293 98 22 hvarvid
744 1293 40 21 det
808 1294 58 20 före-

106 1327 89 28 slagits,
223 1330 35 19 att
285 1327 60 22 ända
372 1328 38 21 till
439 1328 110 26 300,000
568 1328 66 21 mark
653 1328 73 21 skulle
746 1327 120 22 användas

105 1361 84 21 härför.
225 1362 123 22 Utskottet
374 1362 43 21 har
444 1362 62 22 dock
532 1365 76 19 ansett
635 1364 34 19 ett
692 1362 127 22 understöd
844 1361 22 21 af

109 1396 106 27 150,000
234 1396 64 22 mark
317 1396 36 22 för
371 1396 210 28 folkhögskolorna
599 1396 128 22 tillsvidare
745 1404 57 14 vara
820 1396 46 21 till-

106 1430 108 29 räckligt.
249 1431 83 22 Denna
359 1439 89 14 summa
478 1435 26 18 är
531 1431 137 29 visserligen
695 1432 72 27 något
794 1431 72 28 högre

177 1497 142 18 Statsutskottets
332 1497 112 18 betänkande
458 1497 40 18 N:o
511 1499 17 16 3.
