1103 1734
245 146 14 20 4
480 146 29 23 U.
525 146 28 23 B.
569 159 28 3 —
612 146 74 30 Prop.
702 147 42 22 N:o
760 146 23 22 6.

246 220 98 27 ändring
366 220 113 27 godkänts
502 221 25 21 af
547 222 87 20 Präste-
657 222 43 21 och
717 220 183 27 Bondeständen,
916 220 83 21 medan

245 254 106 22 däremot
373 255 165 28 Ridderskapet
554 256 44 20 och
613 256 72 21 Adeln
702 256 94 26 vidtagit
811 256 32 26 en'
858 255 141 21 redaktionel

246 288 105 28 ändring,
374 292 60 18 samt
457 290 196 26 Borgareständet,
669 296 82 21 genom
780 289 175 21 bortlämnande
978 289 24 21 af

245 323 145 21 föreskriften
407 324 141 21 beträffande
564 324 27 21 de
610 325 136 27 föreningar,
763 331 50 14 som
829 324 55 26 egde
900 326 100 24 mottaga

245 358 110 26 anslaget,
363 358 59 21 velat
433 358 142 21 öfverlämna
586 359 73 21 dettas
670 358 138 28 disposition
819 358 23 21 ät
853 358 145 27 Regeringen.

315 392 32 20 Pä
367 392 74 26 grund
457 392 25 21 af
495 394 85 20 tvänne
596 393 82 21 Ständs
694 392 252 22 sammanstämmande
962 392 37 21 be-

247 426 51 25 slut,
314 426 7 20 i
337 426 132 21 hufvudsak
485 427 252 21 öfverensstämmande
753 427 52 20 med
817 427 42 20 den
874 426 24 21 af
907 426 92 21 Ridder-

245 460 82 27 skapet
349 461 44 20 och
416 461 72 21 Adeln
513 461 124 22 omfattade
653 462 98 27 mening,
768 462 75 20 finner
858 461 32 27 sig
906 461 94 21 Statsut-

247 494 83 21 skottet
341 495 121 22 föranlätet
473 498 31 18 att
515 496 118 21 vördsamt
641 496 33 21 till
684 496 165 27 Ridderskapet
860 496 43 21 och
914 495 85 21 Adelns

245 532 60 18 samt
321 530 200 26 Borgareständets
537 531 107 27 pröfning
659 531 148 25 öfverlämna,

520 616 110 21 huruvida
654 617 45 20 icke
722 617 65 26 äfven
808 616 25 20 de
855 616 35 27 för
911 615 33 21 sin
967 615 33 20 del

452 651 50 20 ville
525 651 44 20 låta
593 651 49 20 bero
665 651 36 20 vid
718 651 111 21 Utskottets
848 651 28 26 af
887 650 25 20 de
928 649 70 28 öfriga

452 684 97 21 Ständen
566 685 118 27 omfattade
699 685 90 28 förslag.

315 765 77 20 Andra
416 765 117 21 klämmen
557 765 49 21 sida
624 766 25 20 18
665 766 41 20 har
722 766 25 20 af
760 765 169 21 Prästeständet
945 764 53 27 god-

244 798 69 21 känts
329 799 52 20 med
398 802 30 18 ett
443 799 83 27 tillägg,
543 807 51 13 men
611 800 24 20 af
649 801 26 20 de
691 802 32 19 tre
739 800 71 26 öfriga
827 799 99 21 Ständen
944 801 54 18 utan

245 833 142 26 förändring.
417 834 42 20 Det
483 834 94 21 äterstär
593 835 80 20 härvid
690 835 35 20 för
742 835 114 20 Utskottet
872 833 80 21 endast
968 836 31 18 att

244 867 139 27 konstatera,
399 871 32 18 att
446 869 105 26 lagenligt
567 869 168 21 ständerbeslut
750 868 124 27 föreligger.

314 902 81 27 Tredje
411 903 117 21 klämmen
544 904 12 20 ä
573 904 48 20 sida
640 904 25 20 18
681 904 41 20 har
739 904 24 20 af
777 904 87 20 Präste-
880 903 43 21 och
940 903 58 20 Bon-

244 936 125 21 deständen
387 937 139 21 oförändrad
542 938 119 26 godkänts,
678 938 83 20 medan
780 938 164 26 Ridderskapet
955 938 43 20 och

243 970 73 21 Adeln
333 971 8 20 i
357 972 134 20 densamma
508 972 94 26 vidtagit
617 979 28 13 en
661 972 80 21 formel
758 972 44 21 och
818 972 80 20 endast
914 971 30 27 pä
954 972 44 20 den

244 1005 99 21 svenska
360 1008 75 18 texten
451 1006 117 20 värkande
584 1006 102 26 ändring,
703 1006 106 27 betingad
827 1006 24 20 af
860 1006 96 20 beslutet
967 1008 32 18 att

244 1039 77 27 någon
338 1040 70 20 nämd
425 1040 17 26 ej
461 1040 92 21 komme
569 1043 32 18 att
616 1041 104 21 tillsättas
732 1041 35 21 för
779 1040 117 26 utdelning
907 1040 22 20 af
940 1040 57 20 folk-

244 1073 169 27 högskolornas
437 1074 85 27 anslag.
554 1075 188 26 Borgareständet
758 1075 43 20 har
817 1075 66 20 äfven
900 1074 6 20 i
922 1074 75 20 denna

243 1108 37 20 del
304 1108 58 20 velat
377 1108 142 21 öfverlämna
535 1109 37 21 det
588 1109 104 21 beslutna
709 1109 114 26 anslagets
839 1108 121 21 utdelande
977 1108 21 20 ät

244 1142 147 26 Regeringen.

312 1176 10 20 I
345 1176 149 22 betraktande
518 1177 25 21 af
563 1180 32 18 att
617 1180 32 18 tre
673 1178 82 20 Ständs
781 1177 74 21 beslut
879 1178 38 19 äro
934 1176 5 20 i
956 1176 42 21 sak

243 1210 252 22 öfverensstämmande
511 1214 59 18 samt
585 1212 44 20 den
645 1212 25 20 af
684 1212 167 26 Ridderskapet
867 1211 43 21 och
926 1211 72 20 Adeln

243 1244 110 27 vidtagna
375 1245 190 21 omredaktionen
587 1246 6 20 i
613 1246 43 20 den
681 1246 99 20 svenska
803 1248 76 18 texten
902 1246 25 19 är
943 1245 55 21 nöd-

243 1278 92 27 vändig,
352 1279 46 20 ifall
415 1279 44 20 den
475 1280 25 20 af
514 1280 114 20 Utskottet
643 1280 35 20 för
694 1280 148 25 utdelningen
859 1279 25 20 af
897 1280 102 25 anslaget

241 1312 26 21 ät
289 1313 204 26 folkhögskolorna
510 1314 126 26 föreslagna
653 1315 98 20 nämden
769 1313 124 26 bortfaller,
909 1313 34 20 fär
960 1313 38 21 Ut-

243 1346 91 27 skottet,
350 1347 33 20 till
399 1348 114 21 ernäende
529 1348 24 20 af
567 1348 254 21 sammanstämmande
837 1347 81 26 beslut,
934 1347 64 21 vörd-

243 1383 61 18 samt
327 1382 42 21 hos
386 1382 92 26 Präste-,
496 1383 105 26 Borgare-
616 1383 43 20 och
677 1381 176 22 Bondeständen
871 1382 126 25 hemställa,

243 1415 116 22 huruvida
381 1416 28 21 de
432 1417 49 20 icke
504 1417 53 20 ville
572 1417 123 26 godkänna
712 1417 34 20 för
763 1416 118 21 klämmen
898 1415 100 28 följande

241 1449 27 21 af
282 1450 166 28 Ridderskapet
463 1451 43 21 och
522 1451 71 21 Adeln
610 1451 123 20 omfattade
750 1450 158 27 formulering:

312 1495 144 18 Statsutskottets
468 1496 109 17 betänkande
589 1496 37 17 N:o
639 1497 17 16 5.
