1109 1739
334 146 28 22 U.
379 146 27 22 B.
423 160 27 2 —
466 147 74 28 Prop.
558 147 43 22 N:o
617 146 22 22 5.
849 147 25 21 17

115 217 50 22 dets
193 218 135 22 seminarier
355 218 119 22 anstäldes
502 226 28 14 en
559 218 127 22 konsulent
703 219 8 21 i
729 218 149 29 nykterhets-

114 252 176 28 undervisning,
309 252 97 22 likasom
425 253 72 21 ocksä
515 256 36 18 att
569 253 73 22 andra
660 253 81 21 kurser
759 254 7 20 i
783 253 94 29 nykter-

115 286 222 30 hetsundervisning
355 287 74 29 finges
448 287 38 22 till
504 287 76 22 ständ.
616 287 89 22 Genom
718 296 16 13 s.
748 288 21 20 k.
784 288 94 28 nykter-

115 321 203 29 hetsskrifningar,
336 322 36 22 för
390 321 82 23 hvilka
491 322 46 29 pris
553 322 76 22 skulle
647 322 98 28 utdelas,
764 322 42 22 har
824 329 53 14 man

116 356 70 21 ocksä
210 356 63 22 velat
306 359 143 25 uppmuntra
476 356 146 29 ungdomens
649 357 60 21 ifver
735 357 36 21 för
799 357 79 27 saken,

116 398 51 14 men
191 390 80 22 därtill
295 390 70 22 hafva
390 391 75 21 medel
491 392 104 27 saknats,
614 391 99 22 likasom
731 391 36 22 för
786 391 93 21 anskaf-

116 424 69 22 fande
211 425 23 21 af
256 424 289 29 undervisningsmateriel
576 425 44 22 och
644 426 92 22 böcker.
779 425 100 22 Studen-

116 462 77 19 ternas
222 459 75 29 bägge
321 460 288 29 nykterhetsföreningars
634 460 149 22 värksamhet
807 459 72 23 bland

116 494 121 22 skolornas
256 494 109 28 ungdom,
385 502 48 14 som
446 495 73 22 borde
531 495 130 28 väsentligt
673 495 117 29 utvidgas,
803 494 76 22 skulle

118 528 133 22 äfvenledes
278 528 103 22 erfordra
410 529 134 29 betydande
569 529 86 28 medel;
679 532 34 19 ett
731 529 90 22 mindre
840 536 40 14 an-

117 563 51 29 slag
180 562 84 30 (3,000
277 564 74 28 mark)
366 563 42 22 har
423 564 142 29 föreningen
580 564 169 29 ,Opiskelevan
762 564 118 22 Nuorison

117 597 180 23 Raittiusliitto*
323 598 36 22 för
383 599 80 27 någon
488 598 35 22 tid
542 598 72 22 sedan
641 598 94 22 erhållit
754 599 23 21 af
796 601 84 24 staten,

117 640 52 14 men
189 632 40 22 det
247 636 25 18 är
290 632 97 22 alldeles
406 633 163 29 otillräckligt.

187 667 83 22 Denna
289 667 7 22 i
315 667 96 22 korthet
438 668 101 22 berörda
567 668 170 28 undervisning
756 671 31 24 är,
806 666 76 29 enligt

117 701 135 22 Utskottets
271 702 101 29 mening,
396 703 25 20 sä
447 703 87 28 nyttig,
561 705 36 20 att
615 702 44 22 den
679 702 71 22 borde
769 701 52 22 med
841 701 40 22 all-

118 740 85 18 männa
230 736 74 21 medel
333 736 164 23 understödas.
534 735 77 24 Äfven
631 737 73 22 andra
729 736 153 22 sträfvanden

119 771 34 21 för
171 771 354 29 nykterhetsundervisningens
544 771 159 30 befrämjande
723 775 29 18 än
770 771 28 22 de
811 771 72 22 ofvan

119 805 120 29 päpekade
265 805 79 22 kunna
371 806 138 22 framträda.
543 806 122 22 Utskottet
687 806 42 21 har
747 806 79 21 därför
845 813 38 13 en-

119 839 85 29 hälligt
237 840 96 21 beslutit
362 840 93 28 föreslå,
486 843 35 20 att
549 841 24 22 af
601 839 282 23 bränvinsskattemedlen

119 874 89 29 årligen
223 875 71 21 måtte
308 875 78 21 anslås
393 875 37 21 för
437 875 352 28 nykterhetsundervisningens
800 874 83 21 under-

119 908 114 23 stödande
247 909 90 28 20,000
350 910 74 27 mark,
438 909 69 22 däraf
528 911 89 27 15,000
631 910 63 21 mark
707 910 36 21 för
756 909 44 22 den
813 909 71 21 finsk-

119 943 111 29 spräkiga
248 943 43 22 och
311 944 74 27 5,000
405 944 68 22 mark
492 945 36 21 för
546 945 44 21 den
611 944 196 29 svenskspräkiga
825 943 59 29 nyk-

119 977 302 30 terhetsundervisningens
448 979 137 29 främjande.
629 979 48 21 Och
704 979 35 22 fär
762 978 123 22 Utskottet

119 1012 92 28 föreslå,
231 1015 35 19 att
283 1013 141 29 regeringen
444 1013 77 22 skulle
534 1013 93 29 utgifva
643 1013 82 29 anslag
738 1013 34 22 för
785 1021 32 13 nu
831 1012 54 21 ifrä-

120 1047 134 29 gavarande
282 1047 109 22 ändamål
420 1049 25 20 ät
470 1048 137 29 föreningar
631 1048 43 21 och
693 1048 102 28 sällskap
814 1047 9 22 i
841 1047 45 22 för-

120 1081 109 22 hållande
247 1082 37 21 till
303 1082 198 29 utsträckningen
521 1083 23 22 af
563 1083 66 21 deras
645 1082 156 22 värksamhet.
819 1082 66 21 Inom

120 1115 123 22 Utskottet
270 1116 43 22 har
339 1117 142 28 visserligen
507 1117 140 29 föreslagits,
672 1119 35 20 att
725 1117 67 21 dessa
810 1115 75 22 medel

120 1150 75 21 skulle
213 1151 156 22 öfverlämnas
388 1152 25 21 ät
432 1151 219 30 centralledningen
664 1151 36 22 för
712 1151 174 29 Nykterhetens

120 1185 95 21 Vänner
233 1185 36 22 för
296 1188 36 19 att
353 1185 24 22 af
395 1185 139 23 densamma
552 1186 107 22 fördelas.
696 1186 53 21 Men
768 1186 8 21 i
794 1185 93 22 betrak-

120 1219 71 22 tande
210 1219 73 29 däraf,
301 1222 36 19 att
355 1220 53 21 icke
428 1220 49 22 alla
496 1221 28 22 de
543 1221 141 28 föreningar,
706 1220 81 22 hvilka
806 1219 81 22 arbeta

120 1255 31 27 på
174 1254 357 30 nykterhetsundervisningens
557 1255 98 29 område,
674 1255 129 29 underlyda
823 1254 64 29 Nyk-

121 1288 118 22 terhetens
266 1289 107 22 Vänners
398 1290 193 29 centralledning
616 1290 43 22 vch
679 1292 34 20 att
731 1298 46 20 nya
795 1290 92 27 företag

122 1324 29 27 pä
174 1323 65 22 detta
263 1324 94 22 omräde
382 1324 84 23 kunna
491 1325 92 29 uppstä,
611 1324 42 22 har
670 1324 123 22 Utskottet
811 1325 78 20 ansett

120 1357 146 29 lämpligare,
293 1360 36 20 att
355 1359 146 29 regeringen
519 1360 29 28 pä
567 1360 104 21 ansökan
689 1358 91 22 utdelar
804 1358 84 22 under-

121 1392 52 21 stöd
201 1392 36 22 för
260 1393 315 29 nykterhetsundervisning
600 1394 8 21 i
629 1392 144 23 förhållande
797 1392 37 22 till
853 1394 35 19 ut-

122 1426 167 29 sträckningen
307 1427 24 22 af
350 1427 83 30 hvarje
455 1428 123 29 förenings
597 1427 152 23 värksamhet.

192 1504 145 18 Statsutskottets
351 1505 115 18 betänkande
479 1505 38 18 N:o
530 1506 17 17 3.
