1106 1750
302 139 86 23 Ständ.
404 139 38 23 Sv.
458 152 28 3 —
502 140 74 27 Prop.
591 139 43 22 N:o
651 140 20 21 7.
852 140 10 20 7

176 211 55 22 Den
250 217 90 15 senare
353 210 134 28 periodens
499 212 63 20 mest
575 210 149 29 betänkliga
736 212 127 27 symptom

108 245 32 22 är
158 245 141 22 emellertid
321 245 145 28 stegringen
485 245 10 22 i
512 245 259 28 statsjärnvägarnas
790 244 74 23 drift-

108 279 144 23 kostnader.
284 279 67 22 Från
371 279 28 22 år
420 279 65 22 1894
504 279 36 22 till
558 279 28 22 år
607 279 67 22 1899
694 285 46 16 var
759 279 104 29 stegrin-

108 320 49 23 gen
176 313 8 22 i
202 313 138 29 utgifterna
364 313 57 23 90.5
436 310 32 35 %
487 313 46 22 och
552 313 182 27 motsvarades,
759 313 105 23 oaktadt

108 349 49 21 den
183 348 90 22 sänkta
299 347 109 27 tariffen,
434 330 34 40 af
482 354 30 16 en
532 348 114 29 stegring
664 348 7 22 i
690 348 174 22 trafikinkom-

108 384 85 21 sterna
213 382 25 22 af
256 383 56 22 75.1
323 379 40 34 %,.
401 382 119 23 Däremot
538 382 145 29 öfverstego
702 383 162 22 driftkostna-

108 417 78 22 derna
212 417 28 22 är
267 417 67 22 1904
358 417 56 22 dem
434 417 28 22 är
482 416 66 23 1899
567 417 56 22 med
643 417 41 22 52.
687 420 12 19 0
711 413 39 35 %o
772 417 92 22 medan

108 451 128 33 ökningen
255 451 8 22 i
282 451 250 22 trafikinkomsterna
552 451 123 22 stannade
694 451 43 22 vid
756 451 56 40 24.9
824 448 38 35 %o-

108 480 136 35 Ökningen
263 486 7 21 i
289 485 104 30 utgifter
412 487 28 20 är
459 486 98 22 säledes
576 486 58 22 vida
649 486 114 22 starkare
776 487 33 21 än
822 486 42 22 ök-

108 521 93 28 ningen
221 521 8 21 i
248 520 144 28 inkomster,
417 520 80 23 ehuru
522 521 129 28 samtidigt
675 521 190 28 vagnaxelkilo-

108 555 140 22 metertalet
276 555 54 22 icke
357 555 73 22 ökats
458 555 56 22 med
540 561 68 16 mera
633 555 32 22 än
690 555 56 23 35.4
762 552 32 35 %,
814 557 51 20 mot

108 590 56 22 82.7
176 587 32 34 9/,
226 590 82 22 under
326 590 121 28 perioden
468 590 179 22 1894—1899.

177 624 35 22 Pä
232 624 82 29 grund
335 624 25 22 af
379 624 42 22 det
430 630 184 23 ogynnsamma
625 624 169 22 förhällandet
807 624 57 22 mel-

108 658 41 22 lan
170 658 128 29 ökningen
316 658 8 22 i
343 658 138 23 inkomster
500 658 14 22 &
534 665 47 16 ena
594 659 73 22 sidan
680 659 46 22 och
730 654 14 38 i
760 659 104 29 utgifter

108 692 14 22 ä
142 693 49 22 den
211 693 85 26 andra,
315 692 77 23 hafva
411 693 171 22 inkomsterna

110 761 166 22 1894—1899
284 767 45 22 per
336 761 258 29 vagnaxelkilometer
602 761 121 22 minskats
730 758 133 34 med3.5%,

111 795 165 23 1899—1904.
296 812 14 10 ,,
452 813 12 9 ”
639 813 15 9 ”
744 813 12 9 »
793 796 62 25 6.6»

107 864 91 23 medan
217 864 138 29 utgifterna

110 933 172 23 1894—1899
296 940 46 22 per
354 934 259 29 vagnaxelkilometer
626 934 73 23 ökats
712 934 56 23 med
782 935 40 22 5.0
832 931 31 34 %,

110 967 171 23 1899—1904
313 985 14 9 ,,
484 985 13 11 »”
655 985 14 10 =
735 985 11 10 »
766 969 52 22 18.7
840 985 13 9 ,,

177 1037 46 22 Till
242 1037 69 22 detta
330 1043 184 23 ogynnsamma
533 1037 105 23 resultat
656 1037 78 22 hafva
753 1037 112 29 bidragit

108 1071 119 28 stegrade
252 1071 104 29 utgifter
380 1071 67 22 inom
472 1072 250 28 statsjärnvägarnas
748 1072 49 22 alla
816 1072 49 22 för-

108 1105 230 29 valtningsgrenar.
379 1105 113 23 Sälunda
517 1106 77 22 hafva
618 1106 140 29 utgifterna
782 1106 83 22 under

108 1140 121 27 perioden
250 1140 174 22 1899-—1904
442 1140 70 29 stigit

170 1205 58 18 inom:
356 1201 50 32 frän:
512 1207 36 18 till:
653 1207 43 18 eller
708 1206 51 19 med:

107 1239 211 24 Centralförvaltningen
329 1241 91 21 1,016,000
425 1241 53 17 mark
489 1241 90 22 1,496,000
584 1241 53 18 mark
660 1241 109 22 480,000mk
776 1248 22 9 =
805 1241 60 23 47.19,

107 1268 175 24 Byräafdelningen.
296 1283 4 4 .
316 1283 1 4 .
347 1269 75 21 300,000
448 1277 7 8 »
506 1270 75 21 467,000
606 1277 8 8 »
663 1270 73 21 167,000
754 1277 3 8 »
777 1271 64 17 =55.7
851 1277 6 8 »

106 1296 182 25 Trafikafdelningen
296 1311 4 4 .
313 1311 4 4 .
330 1298 92 22 5,190,000
448 1306 7 8 »
488 1299 92 21 8,366,000
605 1306 7 8 »
644 1298 92 22 3,176,000
753 1306 3 8 »
776 1299 81 17 —=61.2>

107 1325 158 24 Banafdelningen
278 1339 4 5 .
295 1340 4 4 .
312 1340 4 4 .
328 1326 94 22 4,927,000
447 1335 7 7 »
489 1327 91 21 6,832,000
606 1335 7 8 »
645 1327 91 22 1,905,000
750 1335 7 8 »
776 1327 66 18 —=38.7
851 1335 7 8 »

106 1353 192 24 Maskinafdelningen
311 1368 4 4 .
328 1355 92 22 6,069,000
446 1363 7 8 »
488 1355 91 22 9,445,000
604 1363 8 8 »
643 1355 91 22 3,376,000
753 1363 3 8 »
775 1357 67 17 —=55.6
851 1363 7 8 »

178 1414 141 23 Ständerna
341 1415 78 22 hafva
442 1416 54 22 icke
515 1416 97 22 kunnat
631 1416 56 29 ingä
706 1416 32 28 pä
759 1422 30 15 en
808 1416 58 22 när-

107 1455 69 16 mare
200 1449 120 29 pröfning
346 1449 25 22 af
395 1451 139 21 orsakerna
559 1450 35 22 till
617 1451 73 22 dessa
710 1450 155 29 utgiftssteg-
