1103 1753
302 120 86 24 Ständ.
404 120 39 24 Sv.
459 134 28 3 —
503 122 74 28 Prop.
593 122 40 22 N:o
651 121 22 23 6.
848 122 13 21 9

104 190 181 21 tionsmemoria!
294 190 51 22 blef
349 190 150 27 remitteradt,
507 198 41 13 var
557 190 55 22 fullt
620 197 54 14 ense
682 190 87 26 därom,
778 192 36 20 att
821 190 40 21 det

106 224 197 28 bildningsbehof,
309 232 49 14 som
366 224 8 22 i
382 224 258 29 petitionsmemorialet
648 224 128 28 framhölls,
786 232 40 14 var
837 224 27 22 af

105 258 148 29 synnerligen
269 258 171 22 beaktansvärd
449 261 42 19 art.
506 258 156 22 Folkskolans
670 258 74 22 lärare
753 258 43 22 och
802 258 58 22 lära-

104 293 86 24 rinnor,
200 293 26 21 af
239 293 79 21 hvilka
327 293 28 21 de
364 292 66 22 flesta
441 293 72 21 verka
521 296 83 18 nästan
613 293 120 27 isolerade,
742 296 57 18 utan
815 293 47 21 till-

104 327 55 22 fälle
175 327 37 21 till
227 328 95 28 andliga
338 328 118 21 väckelser
479 328 44 21 och
538 328 157 21 växelverkan
713 327 52 22 med
788 327 73 22 andra

105 361 103 22 arbetare
233 362 30 28 pä
288 361 40 22 det
352 361 95 29 andliga
473 361 110 28 området,
608 361 78 22 kunde
711 361 45 22 lätt
785 361 76 22 stelna

105 395 8 22 i
128 396 140 21 skematiska
284 396 90 27 former,
390 396 151 28 hvarigenom
557 396 66 21 deras
638 395 169 29 undervisning
816 395 46 22 för-

105 430 78 21 lorade
199 430 34 21 sin
250 432 65 19 bästa
330 430 147 22 beständsdel
492 431 43 21 och
551 431 36 20 sin
603 430 103 22 lifvande
717 430 69 22 kraft.
809 430 51 21 Den

105 465 134 28 synnerliga
246 464 65 27 ifver,
328 460 93 38 hvarmed
433 460 105 38 speciellt
545 464 315 29 folkskollärarepersonalen

105 499 102 28 skyndat
228 501 36 20 att
288 499 94 28 deltaga
404 500 8 21 i
435 499 28 22 de
486 499 74 22 under
583 499 39 21 det
637 501 90 20 senaste
743 499 116 22 ärtiondet

105 533 167 22 föranstaltade
302 533 148 22 akademiska
480 534 175 24 feriekurserna,
686 533 109 29 utgjorde
825 536 35 19 ett

105 567 96 22 vackert
216 568 63 21 bevis
295 568 30 28 pä
340 568 127 28 kunskaps-
483 568 43 22 och
541 567 245 29 utvecklingsbegäret
797 568 63 20 inom

106 601 140 23 densamma.
275 602 55 22 Men
352 602 40 22 det
414 606 25 18 är
462 602 51 22 icke
536 602 83 22 tvifvel
637 602 173 27 underkastadt,
826 604 35 19 att

106 636 63 22 tiden
192 644 54 14 vore
268 637 54 21 inne
345 640 35 18 att
394 637 31 29 pä
440 637 62 21 olika
517 636 110 22 omräden
642 637 56 21 söka
713 636 84 22 bereda
813 636 48 22 del-

106 673 111 26 tagarena
238 671 7 22 i
262 671 110 21 kurserna
387 672 93 21 tillfälle
499 672 36 21 till
559 679 28 14 en
604 671 149 29 grundligare
768 670 93 29 utvidg-

106 705 57 29 ning
186 705 26 22 af
232 705 66 22 deras
319 706 168 29 kunskapssfär
516 710 29 17 än
568 713 84 22 genom
673 706 29 21 de
727 705 135 28 kortvariga

107 739 169 23 feriekurserna
291 741 90 21 kunnat
397 741 46 21 ske.

175 774 46 22 Det
249 775 8 21 i
281 775 256 28 petitionsmemorialet
561 777 120 27 upptagna
706 775 108 28 beloppet
839 773 23 22 af

107 809 77 26 30,000
207 809 65 21 mark
290 809 89 28 årligen
402 809 75 22 skulle
499 809 100 22 fördelas
614 809 104 27 sålunda,
734 812 35 19 att
786 809 76 27 18,000

107 843 65 21 mark
191 843 107 29 utgäfves
314 844 74 21 säsom
405 844 129 29 stipendier
550 844 13 21 &
578 845 42 21 450
636 844 65 21 mark
716 843 70 22 bland
802 843 60 22 folk-

107 877 125 22 skollärare
242 878 36 21 och
290 878 129 22 lärarinnor
426 879 43 21 och
479 880 75 25 12,000
565 879 66 21 mark
639 878 117 22 användes
772 878 37 21 till
825 878 38 21 be-

106 912 113 21 kostande
242 913 26 21 af
286 913 205 28 undervisningen,
507 913 82 22 främst
604 913 35 21 till
655 913 121 21 aflönande
792 913 26 21 af
830 912 33 21 lä-

107 953 56 14 rare.
194 947 125 22 Allmänna
341 947 232 22 Petitionsutskottet
593 947 58 22 fann
672 947 45 22 den
737 947 71 22 ofvan
824 954 39 14 an-

107 981 66 28 gifna
203 989 102 14 summan
336 982 129 21 tillsvidare
490 989 55 14 vara
571 982 127 28 tillräcklig
722 982 44 21 och
790 981 74 28 ansåg

107 1015 141 29 lämpligast,
270 1019 34 18 att
327 1016 44 22 den
392 1017 133 27 bestyrelse,
540 1024 49 14 som
605 1016 132 22 anordnade
752 1017 112 20 kurserna

108 1049 43 21 och
173 1050 118 21 fördelade
314 1050 165 28 stipendierna,
498 1051 59 20 efter
571 1050 111 29 pröfning
698 1051 71 20 mätte
784 1050 81 21 kunna

110 1083 85 30 bevilja
215 1084 50 21 dem
281 1085 36 21 till
332 1085 72 28 nägot
420 1085 62 22 olika
498 1085 89 29 belopp,
602 1085 113 22 400—450
730 1084 66 22 mark
812 1083 52 22 med

109 1117 108 23 afseende
236 1119 70 21 bland
322 1122 71 19 annat
408 1120 13 21 å
436 1120 145 21 sökandenas
597 1119 63 22 olika
675 1122 63 19 stora
752 1119 114 21 resekost-

108 1152 77 23 nader.
215 1153 149 22 Beträffande
386 1153 123 22 kursernas
532 1153 157 29 organisation
709 1153 43 22 och
766 1153 98 28 ledning

109 1187 57 21 fann
189 1187 113 22 utskottet
320 1188 227 29 ändamälsenligast,
564 1191 35 18 att
613 1188 76 21 denna
704 1187 161 22 anförtroddes

110 1223 24 20 ät
151 1229 28 14 en
194 1221 83 30 fätalig
292 1222 134 29 bestyrelse,
448 1230 50 14 som
514 1223 119 28 själffallet
647 1223 39 21 vid
703 1222 71 22 behof
786 1221 79 22 kunde

111 1256 127 29 adjungera
259 1257 161 21 utomstäende
443 1264 108 21 personer
574 1257 52 22 med
648 1256 159 27 fackinsikter,
822 1255 44 22 och

109 1291 101 28 föreslog
225 1291 114 22 utskottet
356 1291 79 22 därför
451 1295 34 18 ett
509 1291 83 22 sädant
615 1291 194 29 tillvägagäende,
832 1293 36 19 att

109 1325 73 21 Eders
204 1325 131 29 Kejserliga
350 1326 121 29 Majestäts
487 1326 72 21 Senat
573 1325 36 22 för
625 1325 101 22 Finland
741 1326 72 21 mätte
828 1332 40 15 an-

110 1359 68 22 moda
193 1360 181 22 Universitetets
396 1361 165 21 konsistorium
585 1363 34 19 att
633 1361 9 21 i
658 1360 142 29 bestyrelsen
815 1362 52 19 utse

111 1398 86 17 tvenne
220 1395 42 21 och
282 1389 185 33 Öfverstyrelsen
483 1395 37 21 för
542 1395 164 21 skolväsendet
728 1397 34 19 att
781 1395 9 20 i
813 1394 55 21 den-

111 1436 88 14 samma
214 1431 50 19 utse
280 1436 28 14 en
324 1429 105 21 medlem.
459 1429 47 21 Det
522 1429 87 29 anslag,
626 1436 48 14 som
690 1428 36 22 för
745 1428 123 22 kursernas
