<?xml version="1.0" encoding="UTF-8"?>
<alto xmlns="http://www.loc.gov/standards/alto/ns-v3#" xmlns:xlink="http://www.w3.org/1999/xlink" xmlns:xsi="http://www.w3.org/2001/XMLSchema-instance" xsi:schemaLocation="http://www.loc.gov/standards/alto/ns-v3# http://www.loc.gov/alto/v3/alto-3-0.xsd">
	<Description>
		<MeasurementUnit>pixel</MeasurementUnit>
		<sourceImageInformation>
			<fileName>/tmp/tess_zuws3rw8_input.PNG</fileName>
		</sourceImageInformation>
		<OCRProcessing ID="OCR_0">
			<ocrProcessingStep>
				<processingSoftware>
					<softwareName>tesseract 5.3.4</softwareName>
				</processingSoftware>
			</ocrProcessingStep>
		</OCRProcessing>
	</Description>
	<Layout>
		<Page WIDTH="1103" HEIGHT="1756" PHYSICAL_IMG_NR="0" ID="page_0">
			<PrintSpace HPOS="0" VPOS="0" WIDTH="1103" HEIGHT="1756">
				<ComposedBlock ID="cblock_0" HPOS="249" VPOS="135" WIDTH="534" HEIGHT="30">
					<TextBlock ID="block_0" HPOS="249" VPOS="135" WIDTH="534" HEIGHT="30">
						<TextLine ID="line_0" HPOS="249" VPOS="135" WIDTH="534" HEIGHT="30">
							<String ID="string_0" HPOS="249" VPOS="135" WIDTH="25" HEIGHT="21" WC="0.96" CONTENT="18"/><SP WIDTH="209" VPOS="135" HPOS="274"/>
							<String ID="string_1" HPOS="483" VPOS="137" WIDTH="29" HEIGHT="22" WC="0.89" CONTENT="U."/><SP WIDTH="16" VPOS="137" HPOS="512"/>
							<String ID="string_2" HPOS="528" VPOS="137" WIDTH="28" HEIGHT="22" WC="0.91" CONTENT="B."/><SP WIDTH="16" VPOS="137" HPOS="556"/>
							<String ID="string_3" HPOS="572" VPOS="149" WIDTH="28" HEIGHT="4" WC="0.92" CONTENT="—"/><SP WIDTH="15" VPOS="149" HPOS="600"/>
							<String ID="string_4" HPOS="615" VPOS="137" WIDTH="74" HEIGHT="28" WC="0.94" CONTENT="Prop."/><SP WIDTH="17" VPOS="137" HPOS="689"/>
							<String ID="string_5" HPOS="706" VPOS="138" WIDTH="40" HEIGHT="21" WC="0.95" CONTENT="N:o"/><SP WIDTH="16" VPOS="138" HPOS="746"/>
							<String ID="string_6" HPOS="762" VPOS="137" WIDTH="21" HEIGHT="22" WC="0.95" CONTENT="7."/>
						</TextLine>
					</TextBlock>
				</ComposedBlock>
				<ComposedBlock ID="cblock_1" HPOS="240" VPOS="204" WIDTH="765" HEIGHT="747">
					<TextBlock ID="block_1" HPOS="243" VPOS="204" WIDTH="762" HEIGHT="442">
						<TextLine ID="line_1" HPOS="314" VPOS="204" WIDTH="689" HEIGHT="30">
							<String ID="string_7" HPOS="314" VPOS="204" WIDTH="80" HEIGHT="22" WC="0.96" CONTENT="Under"/><SP WIDTH="13" VPOS="204" HPOS="394"/>
							<String ID="string_8" HPOS="407" VPOS="205" WIDTH="148" HEIGHT="21" WC="0.95" CONTENT="erkännande"/><SP WIDTH="12" VPOS="205" HPOS="555"/>
							<String ID="string_9" HPOS="567" VPOS="205" WIDTH="26" HEIGHT="21" WC="0.95" CONTENT="af"/><SP WIDTH="13" VPOS="205" HPOS="593"/>
							<String ID="string_10" HPOS="606" VPOS="207" WIDTH="35" HEIGHT="20" WC="0.95" CONTENT="att"/><SP WIDTH="15" VPOS="207" HPOS="641"/>
							<String ID="string_11" HPOS="656" VPOS="205" WIDTH="160" HEIGHT="29" WC="0.96" CONTENT="utnyttjandet"/><SP WIDTH="16" VPOS="205" HPOS="816"/>
							<String ID="string_12" HPOS="832" VPOS="205" WIDTH="26" HEIGHT="21" WC="0.93" CONTENT="af"/><SP WIDTH="12" VPOS="205" HPOS="858"/>
							<String ID="string_13" HPOS="870" VPOS="205" WIDTH="133" HEIGHT="28" WC="0.90" CONTENT="godsvagn-"/>
						</TextLine>
						<TextLine ID="line_2" HPOS="247" VPOS="238" WIDTH="758" HEIGHT="30">
							<String ID="string_14" HPOS="247" VPOS="238" WIDTH="89" HEIGHT="28" WC="0.96" CONTENT="parken"/><SP WIDTH="16" VPOS="238" HPOS="336"/>
							<String ID="string_15" HPOS="352" VPOS="239" WIDTH="7" HEIGHT="20" WC="0.96" CONTENT="i"/><SP WIDTH="16" VPOS="239" HPOS="359"/>
							<String ID="string_16" HPOS="375" VPOS="239" WIDTH="51" HEIGHT="21" WC="0.96" CONTENT="icke"/><SP WIDTH="15" VPOS="239" HPOS="426"/>
							<String ID="string_17" HPOS="441" VPOS="239" WIDTH="67" HEIGHT="28" WC="0.96" CONTENT="ringa"/><SP WIDTH="15" VPOS="239" HPOS="508"/>
							<String ID="string_18" HPOS="523" VPOS="239" WIDTH="58" HEIGHT="29" WC="0.96" CONTENT="grad"/><SP WIDTH="26" VPOS="239" HPOS="581"/>
							<String ID="string_19" HPOS="607" VPOS="239" WIDTH="115" HEIGHT="22" WC="0.94" CONTENT="försvåras"/><SP WIDTH="16" VPOS="239" HPOS="722"/>
							<String ID="string_20" HPOS="738" VPOS="247" WIDTH="84" HEIGHT="21" WC="0.95" CONTENT="genom"/><SP WIDTH="15" VPOS="247" HPOS="822"/>
							<String ID="string_21" HPOS="837" VPOS="239" WIDTH="124" HEIGHT="28" WC="0.95" CONTENT="frånvaron"/><SP WIDTH="16" VPOS="239" HPOS="961"/>
							<String ID="string_22" HPOS="977" VPOS="239" WIDTH="28" HEIGHT="28" WC="0.94" CONTENT="af"/>
						</TextLine>
						<TextLine ID="line_3" HPOS="244" VPOS="273" WIDTH="756" HEIGHT="29">
							<String ID="string_23" HPOS="244" VPOS="273" WIDTH="298" HEIGHT="28" WC="0.90" CONTENT="sammanbindningsbanor"/><SP WIDTH="15" VPOS="273" HPOS="542"/>
							<String ID="string_24" HPOS="557" VPOS="275" WIDTH="10" HEIGHT="20" WC="0.95" CONTENT="i"/><SP WIDTH="12" VPOS="275" HPOS="567"/>
							<String ID="string_25" HPOS="579" VPOS="275" WIDTH="36" HEIGHT="20" WC="0.96" CONTENT="det"/><SP WIDTH="14" VPOS="275" HPOS="615"/>
							<String ID="string_26" HPOS="629" VPOS="275" WIDTH="49" HEIGHT="21" WC="0.96" CONTENT="inre"/><SP WIDTH="16" VPOS="275" HPOS="678"/>
							<String ID="string_27" HPOS="694" VPOS="275" WIDTH="29" HEIGHT="27" WC="0.96" CONTENT="af"/><SP WIDTH="12" VPOS="275" HPOS="723"/>
							<String ID="string_28" HPOS="735" VPOS="275" WIDTH="73" HEIGHT="21" WC="0.96" CONTENT="landet"/><SP WIDTH="10" VPOS="275" HPOS="808"/>
							<String ID="string_29" HPOS="818" VPOS="275" WIDTH="82" HEIGHT="20" WC="0.96" CONTENT="mellan"/><SP WIDTH="8" VPOS="275" HPOS="900"/>
							<String ID="string_30" HPOS="908" VPOS="274" WIDTH="25" HEIGHT="21" WC="0.93" CONTENT="de"/><SP WIDTH="8" VPOS="274" HPOS="933"/>
							<String ID="string_31" HPOS="941" VPOS="276" WIDTH="59" HEIGHT="19" WC="0.91" CONTENT="väst-"/>
						</TextLine>
						<TextLine ID="line_4" HPOS="246" VPOS="307" WIDTH="756" HEIGHT="28">
							<String ID="string_32" HPOS="246" VPOS="307" WIDTH="45" HEIGHT="28" WC="0.95" CONTENT="liga"/><SP WIDTH="16" VPOS="307" HPOS="291"/>
							<String ID="string_33" HPOS="307" VPOS="308" WIDTH="39" HEIGHT="21" WC="0.96" CONTENT="och"/><SP WIDTH="14" VPOS="308" HPOS="346"/>
							<String ID="string_34" HPOS="360" VPOS="308" WIDTH="79" HEIGHT="27" WC="0.93" CONTENT="östliga"/><SP WIDTH="24" VPOS="308" HPOS="439"/>
							<String ID="string_35" HPOS="463" VPOS="309" WIDTH="141" HEIGHT="26" WC="0.92" CONTENT="bandelarna,"/><SP WIDTH="16" VPOS="309" HPOS="604"/>
							<String ID="string_36" HPOS="620" VPOS="309" WIDTH="46" HEIGHT="21" WC="0.96" CONTENT="kan"/><SP WIDTH="15" VPOS="309" HPOS="666"/>
							<String ID="string_37" HPOS="681" VPOS="309" WIDTH="123" HEIGHT="22" WC="0.96" CONTENT="Utskottet"/><SP WIDTH="16" VPOS="309" HPOS="804"/>
							<String ID="string_38" HPOS="820" VPOS="308" WIDTH="59" HEIGHT="21" WC="0.96" CONTENT="dock"/><SP WIDTH="15" VPOS="308" HPOS="879"/>
							<String ID="string_39" HPOS="894" VPOS="308" WIDTH="52" HEIGHT="21" WC="0.92" CONTENT="icke"/><SP WIDTH="15" VPOS="308" HPOS="946"/>
							<String ID="string_40" HPOS="961" VPOS="307" WIDTH="41" HEIGHT="22" WC="0.91" CONTENT="fri-"/>
						</TextLine>
						<TextLine ID="line_5" HPOS="244" VPOS="341" WIDTH="758" HEIGHT="30">
							<String ID="string_41" HPOS="244" VPOS="344" WIDTH="58" HEIGHT="25" WC="0.96" CONTENT="göra"/><SP WIDTH="22" VPOS="344" HPOS="302"/>
							<String ID="string_42" HPOS="324" VPOS="341" WIDTH="36" HEIGHT="29" WC="0.96" CONTENT="sig"/><SP WIDTH="22" VPOS="341" HPOS="360"/>
							<String ID="string_43" HPOS="382" VPOS="342" WIDTH="52" HEIGHT="21" WC="0.95" CONTENT="från"/><SP WIDTH="23" VPOS="342" HPOS="434"/>
							<String ID="string_44" HPOS="457" VPOS="343" WIDTH="118" HEIGHT="28" WC="0.95" CONTENT="intrycket"/><SP WIDTH="23" VPOS="343" HPOS="575"/>
							<String ID="string_45" HPOS="598" VPOS="345" WIDTH="35" HEIGHT="19" WC="0.96" CONTENT="att"/><SP WIDTH="22" VPOS="345" HPOS="633"/>
							<String ID="string_46" HPOS="655" VPOS="343" WIDTH="40" HEIGHT="21" WC="0.96" CONTENT="vid"/><SP WIDTH="16" VPOS="343" HPOS="695"/>
							<String ID="string_47" HPOS="711" VPOS="343" WIDTH="169" HEIGHT="28" WC="0.96" CONTENT="dispositionen"/><SP WIDTH="16" VPOS="343" HPOS="880"/>
							<String ID="string_48" HPOS="896" VPOS="342" WIDTH="26" HEIGHT="21" WC="0.93" CONTENT="af"/><SP WIDTH="13" VPOS="342" HPOS="922"/>
							<String ID="string_49" HPOS="935" VPOS="342" WIDTH="67" HEIGHT="29" WC="0.92" CONTENT="gods-"/>
						</TextLine>
						<TextLine ID="line_6" HPOS="245" VPOS="376" WIDTH="757" HEIGHT="29">
							<String ID="string_50" HPOS="245" VPOS="383" WIDTH="121" HEIGHT="21" WC="0.95" CONTENT="vagnarna"/><SP WIDTH="24" VPOS="383" HPOS="366"/>
							<String ID="string_51" HPOS="390" VPOS="377" WIDTH="82" HEIGHT="21" WC="0.91" CONTENT="brister"/><SP WIDTH="17" VPOS="377" HPOS="472"/>
							<String ID="string_52" HPOS="489" VPOS="377" WIDTH="133" HEIGHT="24" WC="0.91" CONTENT="förefinnas,"/><SP WIDTH="22" VPOS="377" HPOS="622"/>
							<String ID="string_53" HPOS="644" VPOS="384" WIDTH="84" HEIGHT="21" WC="0.95" CONTENT="genom"/><SP WIDTH="15" VPOS="384" HPOS="728"/>
							<String ID="string_54" HPOS="743" VPOS="377" WIDTH="93" HEIGHT="21" WC="0.93" CONTENT="hvilkas"/><SP WIDTH="16" VPOS="377" HPOS="836"/>
							<String ID="string_55" HPOS="852" VPOS="376" WIDTH="150" HEIGHT="29" WC="0.92" CONTENT="afhjälpande"/>
						</TextLine>
						<TextLine ID="line_7" HPOS="245" VPOS="410" WIDTH="756" HEIGHT="29">
							<String ID="string_56" HPOS="245" VPOS="412" WIDTH="34" HEIGHT="19" WC="0.96" CONTENT="ett"/><SP WIDTH="15" VPOS="412" HPOS="279"/>
							<String ID="string_57" HPOS="294" VPOS="410" WIDTH="55" HEIGHT="21" WC="0.96" CONTENT="vida"/><SP WIDTH="25" VPOS="410" HPOS="349"/>
							<String ID="string_58" HPOS="374" VPOS="413" WIDTH="73" HEIGHT="19" WC="0.96" CONTENT="större"/><SP WIDTH="22" VPOS="413" HPOS="447"/>
							<String ID="string_59" HPOS="469" VPOS="414" WIDTH="102" HEIGHT="25" WC="0.96" CONTENT="tonnage"/><SP WIDTH="24" VPOS="414" HPOS="571"/>
							<String ID="string_60" HPOS="595" VPOS="415" WIDTH="29" HEIGHT="17" WC="0.96" CONTENT="än"/><SP WIDTH="23" VPOS="415" HPOS="624"/>
							<String ID="string_61" HPOS="647" VPOS="411" WIDTH="84" HEIGHT="22" WC="0.93" CONTENT="hittills"/><SP WIDTH="16" VPOS="411" HPOS="731"/>
							<String ID="string_62" HPOS="747" VPOS="411" WIDTH="92" HEIGHT="21" WC="0.96" CONTENT="komme"/><SP WIDTH="25" VPOS="411" HPOS="839"/>
							<String ID="string_63" HPOS="864" VPOS="413" WIDTH="35" HEIGHT="19" WC="0.94" CONTENT="att"/><SP WIDTH="15" VPOS="413" HPOS="899"/>
							<String ID="string_64" HPOS="914" VPOS="411" WIDTH="36" HEIGHT="21" WC="0.96" CONTENT="stå"/><SP WIDTH="16" VPOS="411" HPOS="950"/>
							<String ID="string_65" HPOS="966" VPOS="411" WIDTH="35" HEIGHT="21" WC="0.96" CONTENT="till"/>
						</TextLine>
						<TextLine ID="line_8" HPOS="244" VPOS="444" WIDTH="757" HEIGHT="30">
							<String ID="string_66" HPOS="244" VPOS="444" WIDTH="110" HEIGHT="22" WC="0.96" CONTENT="trafikens"/><SP WIDTH="12" VPOS="444" HPOS="354"/>
							<String ID="string_67" HPOS="366" VPOS="445" WIDTH="143" HEIGHT="29" WC="0.96" CONTENT="förfogande."/><SP WIDTH="16" VPOS="445" HPOS="509"/>
							<String ID="string_68" HPOS="525" VPOS="445" WIDTH="87" HEIGHT="22" WC="0.96" CONTENT="Likaså"/><SP WIDTH="15" VPOS="445" HPOS="612"/>
							<String ID="string_69" HPOS="627" VPOS="446" WIDTH="71" HEIGHT="21" WC="0.96" CONTENT="borde"/><SP WIDTH="15" VPOS="446" HPOS="698"/>
							<String ID="string_70" HPOS="713" VPOS="445" WIDTH="151" HEIGHT="29" WC="0.96" CONTENT="möjligheten"/><SP WIDTH="11" VPOS="445" HPOS="864"/>
							<String ID="string_71" HPOS="875" VPOS="445" WIDTH="36" HEIGHT="22" WC="0.96" CONTENT="för"/><SP WIDTH="11" VPOS="445" HPOS="911"/>
							<String ID="string_72" HPOS="922" VPOS="453" WIDTH="28" HEIGHT="13" WC="0.93" CONTENT="en"/><SP WIDTH="10" VPOS="453" HPOS="950"/>
							<String ID="string_73" HPOS="960" VPOS="445" WIDTH="41" HEIGHT="21" WC="0.92" CONTENT="all-"/>
						</TextLine>
						<TextLine ID="line_9" HPOS="244" VPOS="479" WIDTH="757" HEIGHT="30">
							<String ID="string_74" HPOS="244" VPOS="482" WIDTH="111" HEIGHT="18" WC="0.90" CONTENT="männare"/><SP WIDTH="11" VPOS="482" HPOS="355"/>
							<String ID="string_75" HPOS="366" VPOS="480" WIDTH="182" HEIGHT="29" WC="0.92" CONTENT="omgestaltning"/><SP WIDTH="15" VPOS="480" HPOS="548"/>
							<String ID="string_76" HPOS="563" VPOS="480" WIDTH="27" HEIGHT="21" WC="0.92" CONTENT="af"/><SP WIDTH="12" VPOS="480" HPOS="590"/>
							<String ID="string_77" HPOS="602" VPOS="480" WIDTH="170" HEIGHT="22" WC="0.92" CONTENT="lokomotivens"/><SP WIDTH="12" VPOS="480" HPOS="772"/>
							<String ID="string_78" HPOS="784" VPOS="480" WIDTH="156" HEIGHT="29" WC="0.96" CONTENT="tjänstgöring"/><SP WIDTH="10" VPOS="480" HPOS="940"/>
							<String ID="string_79" HPOS="950" VPOS="479" WIDTH="51" HEIGHT="22" WC="0.96" CONTENT="icke"/>
						</TextLine>
						<TextLine ID="line_10" HPOS="243" VPOS="514" WIDTH="758" HEIGHT="29">
							<String ID="string_80" HPOS="243" VPOS="521" WIDTH="57" HEIGHT="14" WC="0.95" CONTENT="vara"/><SP WIDTH="9" VPOS="521" HPOS="300"/>
							<String ID="string_81" HPOS="309" VPOS="514" WIDTH="116" HEIGHT="21" WC="0.96" CONTENT="utesluten"/><SP WIDTH="16" VPOS="514" HPOS="425"/>
							<String ID="string_82" HPOS="441" VPOS="515" WIDTH="44" HEIGHT="21" WC="0.96" CONTENT="och"/><SP WIDTH="20" VPOS="515" HPOS="485"/>
							<String ID="string_83" HPOS="505" VPOS="515" WIDTH="122" HEIGHT="21" WC="0.96" CONTENT="resultatet"/><SP WIDTH="15" VPOS="515" HPOS="627"/>
							<String ID="string_84" HPOS="642" VPOS="515" WIDTH="26" HEIGHT="21" WC="0.96" CONTENT="af"/><SP WIDTH="12" VPOS="515" HPOS="668"/>
							<String ID="string_85" HPOS="680" VPOS="523" WIDTH="29" HEIGHT="13" WC="0.96" CONTENT="en"/><SP WIDTH="15" VPOS="523" HPOS="709"/>
							<String ID="string_86" HPOS="724" VPOS="515" WIDTH="73" HEIGHT="22" WC="0.96" CONTENT="sådan"/><SP WIDTH="16" VPOS="515" HPOS="797"/>
							<String ID="string_87" HPOS="813" VPOS="515" WIDTH="82" HEIGHT="28" WC="0.96" CONTENT="åtgärd"/><SP WIDTH="15" VPOS="515" HPOS="895"/>
							<String ID="string_88" HPOS="910" VPOS="515" WIDTH="91" HEIGHT="21" WC="0.95" CONTENT="komme"/>
						</TextLine>
						<TextLine ID="line_11" HPOS="244" VPOS="548" WIDTH="757" HEIGHT="30">
							<String ID="string_89" HPOS="244" VPOS="548" WIDTH="118" HEIGHT="21" WC="0.96" CONTENT="sannolikt"/><SP WIDTH="15" VPOS="548" HPOS="362"/>
							<String ID="string_90" HPOS="377" VPOS="551" WIDTH="35" HEIGHT="18" WC="0.96" CONTENT="att"/><SP WIDTH="22" VPOS="551" HPOS="412"/>
							<String ID="string_91" HPOS="434" VPOS="549" WIDTH="86" HEIGHT="28" WC="0.96" CONTENT="påvisa,"/><SP WIDTH="24" VPOS="549" HPOS="520"/>
							<String ID="string_92" HPOS="544" VPOS="551" WIDTH="35" HEIGHT="19" WC="0.96" CONTENT="att"/><SP WIDTH="24" VPOS="551" HPOS="579"/>
							<String ID="string_93" HPOS="603" VPOS="557" WIDTH="28" HEIGHT="13" WC="0.96" CONTENT="en"/><SP WIDTH="26" VPOS="557" HPOS="631"/>
							<String ID="string_94" HPOS="657" VPOS="549" WIDTH="105" HEIGHT="29" WC="0.96" CONTENT="stegring"/><SP WIDTH="15" VPOS="549" HPOS="762"/>
							<String ID="string_95" HPOS="777" VPOS="549" WIDTH="8" HEIGHT="21" WC="0.96" CONTENT="i"/><SP WIDTH="15" VPOS="549" HPOS="785"/>
							<String ID="string_96" HPOS="800" VPOS="549" WIDTH="45" HEIGHT="21" WC="0.96" CONTENT="den"/><SP WIDTH="21" VPOS="549" HPOS="845"/>
							<String ID="string_97" HPOS="866" VPOS="549" WIDTH="135" HEIGHT="21" WC="0.96" CONTENT="nuvarande"/>
						</TextLine>
						<TextLine ID="line_12" HPOS="243" VPOS="583" WIDTH="757" HEIGHT="29">
							<String ID="string_98" HPOS="243" VPOS="583" WIDTH="99" HEIGHT="21" WC="0.96" CONTENT="trafiken"/><SP WIDTH="15" VPOS="583" HPOS="342"/>
							<String ID="string_99" HPOS="357" VPOS="583" WIDTH="51" HEIGHT="21" WC="0.93" CONTENT="icke"/><SP WIDTH="15" VPOS="583" HPOS="408"/>
							<String ID="string_100" HPOS="423" VPOS="583" WIDTH="94" HEIGHT="22" WC="0.91" CONTENT="kräfver"/><SP WIDTH="16" VPOS="583" HPOS="517"/>
							<String ID="string_101" HPOS="533" VPOS="591" WIDTH="28" HEIGHT="14" WC="0.96" CONTENT="en"/><SP WIDTH="16" VPOS="591" HPOS="561"/>
							<String ID="string_102" HPOS="577" VPOS="584" WIDTH="165" HEIGHT="21" WC="0.95" CONTENT="motsvarande"/><SP WIDTH="21" VPOS="584" HPOS="742"/>
							<String ID="string_103" HPOS="763" VPOS="584" WIDTH="89" HEIGHT="28" WC="0.96" CONTENT="ökning"/><SP WIDTH="10" VPOS="584" HPOS="852"/>
							<String ID="string_104" HPOS="862" VPOS="583" WIDTH="27" HEIGHT="22" WC="0.92" CONTENT="af"/><SP WIDTH="9" VPOS="583" HPOS="889"/>
							<String ID="string_105" HPOS="898" VPOS="583" WIDTH="102" HEIGHT="22" WC="0.90" CONTENT="förefint-"/>
						</TextLine>
						<TextLine ID="line_13" HPOS="244" VPOS="617" WIDTH="177" HEIGHT="29">
							<String ID="string_106" HPOS="244" VPOS="617" WIDTH="34" HEIGHT="28" WC="0.96" CONTENT="lig"/><SP WIDTH="16" VPOS="617" HPOS="278"/>
							<String ID="string_107" HPOS="294" VPOS="617" WIDTH="127" HEIGHT="29" WC="0.95" CONTENT="dragkraft."/>
						</TextLine>
					</TextBlock>
					<TextBlock ID="block_2" HPOS="242" VPOS="652" WIDTH="759" HEIGHT="133">
						<TextLine ID="line_14" HPOS="315" VPOS="652" WIDTH="686" HEIGHT="29">
							<String ID="string_108" HPOS="315" VPOS="652" WIDTH="121" HEIGHT="22" WC="0.96" CONTENT="Utskottet"/><SP WIDTH="14" VPOS="652" HPOS="436"/>
							<String ID="string_109" HPOS="450" VPOS="653" WIDTH="42" HEIGHT="21" WC="0.96" CONTENT="vill"/><SP WIDTH="17" VPOS="653" HPOS="492"/>
							<String ID="string_110" HPOS="509" VPOS="653" WIDTH="127" HEIGHT="21" WC="0.96" CONTENT="emellertid"/><SP WIDTH="15" VPOS="653" HPOS="636"/>
							<String ID="string_111" HPOS="651" VPOS="653" WIDTH="51" HEIGHT="21" WC="0.93" CONTENT="icke"/><SP WIDTH="10" VPOS="653" HPOS="702"/>
							<String ID="string_112" HPOS="712" VPOS="653" WIDTH="88" HEIGHT="28" WC="0.90" CONTENT="påyrka"/><SP WIDTH="11" VPOS="653" HPOS="800"/>
							<String ID="string_113" HPOS="811" VPOS="660" WIDTH="27" HEIGHT="14" WC="0.96" CONTENT="en"/><SP WIDTH="12" VPOS="660" HPOS="838"/>
							<String ID="string_114" HPOS="850" VPOS="652" WIDTH="151" HEIGHT="29" WC="0.96" CONTENT="nedsättning"/>
						</TextLine>
						<TextLine ID="line_15" HPOS="244" VPOS="686" WIDTH="756" HEIGHT="30">
							<String ID="string_115" HPOS="244" VPOS="687" WIDTH="14" HEIGHT="21" WC="0.93" CONTENT="å"/><SP WIDTH="17" VPOS="687" HPOS="258"/>
							<String ID="string_116" HPOS="275" VPOS="686" WIDTH="39" HEIGHT="22" WC="0.96" CONTENT="det"/><SP WIDTH="15" VPOS="686" HPOS="314"/>
							<String ID="string_117" HPOS="329" VPOS="687" WIDTH="8" HEIGHT="21" WC="0.96" CONTENT="i"/><SP WIDTH="15" VPOS="687" HPOS="337"/>
							<String ID="string_118" HPOS="352" VPOS="688" WIDTH="173" HEIGHT="28" WC="0.96" CONTENT="propositionen"/><SP WIDTH="12" VPOS="688" HPOS="525"/>
							<String ID="string_119" HPOS="537" VPOS="688" WIDTH="43" HEIGHT="28" WC="0.96" CONTENT="för"/><SP WIDTH="15" VPOS="688" HPOS="580"/>
							<String ID="string_120" HPOS="595" VPOS="688" WIDTH="80" HEIGHT="28" WC="0.96" CONTENT="ökning"/><SP WIDTH="16" VPOS="688" HPOS="675"/>
							<String ID="string_121" HPOS="691" VPOS="688" WIDTH="31" HEIGHT="28" WC="0.96" CONTENT="af"/><SP WIDTH="7" VPOS="688" HPOS="722"/>
							<String ID="string_122" HPOS="729" VPOS="688" WIDTH="41" HEIGHT="21" WC="0.96" CONTENT="den"/><SP WIDTH="10" VPOS="688" HPOS="770"/>
							<String ID="string_123" HPOS="780" VPOS="688" WIDTH="84" HEIGHT="28" WC="0.93" CONTENT="rörliga"/><SP WIDTH="12" VPOS="688" HPOS="864"/>
							<String ID="string_124" HPOS="876" VPOS="688" WIDTH="124" HEIGHT="20" WC="0.91" CONTENT="materielen"/>
						</TextLine>
						<TextLine ID="line_16" HPOS="245" VPOS="720" WIDTH="755" HEIGHT="30">
							<String ID="string_125" HPOS="245" VPOS="720" WIDTH="133" HEIGHT="30" WC="0.95" CONTENT="föreslagna"/><SP WIDTH="22" VPOS="720" HPOS="378"/>
							<String ID="string_126" HPOS="400" VPOS="722" WIDTH="111" HEIGHT="28" WC="0.96" CONTENT="anslaget,"/><SP WIDTH="23" VPOS="722" HPOS="511"/>
							<String ID="string_127" HPOS="534" VPOS="725" WIDTH="57" HEIGHT="18" WC="0.96" CONTENT="utan"/><SP WIDTH="22" VPOS="725" HPOS="591"/>
							<String ID="string_128" HPOS="613" VPOS="722" WIDTH="43" HEIGHT="21" WC="0.95" CONTENT="har"/><SP WIDTH="20" VPOS="722" HPOS="656"/>
							<String ID="string_129" HPOS="676" VPOS="722" WIDTH="79" HEIGHT="21" WC="0.95" CONTENT="härför"/><SP WIDTH="15" VPOS="722" HPOS="755"/>
							<String ID="string_130" HPOS="770" VPOS="722" WIDTH="109" HEIGHT="28" WC="0.96" CONTENT="upptagit"/><SP WIDTH="14" VPOS="722" HPOS="879"/>
							<String ID="string_131" HPOS="893" VPOS="722" WIDTH="53" HEIGHT="21" WC="0.96" CONTENT="hela"/><SP WIDTH="15" VPOS="722" HPOS="946"/>
							<String ID="string_132" HPOS="961" VPOS="721" WIDTH="39" HEIGHT="21" WC="0.96" CONTENT="det"/>
						</TextLine>
						<TextLine ID="line_17" HPOS="242" VPOS="756" WIDTH="424" HEIGHT="29">
							<String ID="string_133" HPOS="242" VPOS="756" WIDTH="85" HEIGHT="21" WC="0.93" CONTENT="äskade"/><SP WIDTH="17" VPOS="756" HPOS="327"/>
							<String ID="string_134" HPOS="344" VPOS="756" WIDTH="107" HEIGHT="29" WC="0.93" CONTENT="beloppet"/><SP WIDTH="16" VPOS="756" HPOS="451"/>
							<String ID="string_135" HPOS="467" VPOS="758" WIDTH="112" HEIGHT="24" WC="0.92" CONTENT="6,300,000"/><SP WIDTH="16" VPOS="758" HPOS="579"/>
							<String ID="string_136" HPOS="595" VPOS="757" WIDTH="71" HEIGHT="21" WC="0.96" CONTENT="mark."/>
						</TextLine>
					</TextBlock>
					<TextBlock ID="block_3" HPOS="240" VPOS="790" WIDTH="758" HEIGHT="99">
						<TextLine ID="line_18" HPOS="312" VPOS="790" WIDTH="683" HEIGHT="29">
							<String ID="string_137" HPOS="312" VPOS="790" WIDTH="45" HEIGHT="22" WC="0.94" CONTENT="Till"/><SP WIDTH="15" VPOS="790" HPOS="357"/>
							<String ID="string_138" HPOS="372" VPOS="791" WIDTH="153" HEIGHT="27" WC="0.96" CONTENT="fullbordande"/><SP WIDTH="15" VPOS="791" HPOS="525"/>
							<String ID="string_139" HPOS="540" VPOS="792" WIDTH="29" HEIGHT="27" WC="0.95" CONTENT="af"/><SP WIDTH="12" VPOS="792" HPOS="569"/>
							<String ID="string_140" HPOS="581" VPOS="792" WIDTH="75" HEIGHT="20" WC="0.96" CONTENT="banan"/><SP WIDTH="14" VPOS="792" HPOS="656"/>
							<String ID="string_141" HPOS="670" VPOS="792" WIDTH="54" HEIGHT="27" WC="0.93" CONTENT="från"/><SP WIDTH="16" VPOS="792" HPOS="724"/>
							<String ID="string_142" HPOS="740" VPOS="791" WIDTH="149" HEIGHT="21" WC="0.89" CONTENT="Elisenvaara"/><SP WIDTH="13" VPOS="791" HPOS="889"/>
							<String ID="string_143" HPOS="902" VPOS="791" WIDTH="35" HEIGHT="21" WC="0.93" CONTENT="till"/><SP WIDTH="12" VPOS="791" HPOS="937"/>
							<String ID="string_144" HPOS="949" VPOS="791" WIDTH="46" HEIGHT="21" WC="0.91" CONTENT="Ny-"/>
						</TextLine>
						<TextLine ID="line_19" HPOS="240" VPOS="825" WIDTH="758" HEIGHT="29">
							<String ID="string_145" HPOS="240" VPOS="826" WIDTH="53" HEIGHT="20" WC="0.96" CONTENT="slott"/><SP WIDTH="15" VPOS="826" HPOS="293"/>
							<String ID="string_146" HPOS="308" VPOS="825" WIDTH="42" HEIGHT="22" WC="0.96" CONTENT="bör"/><SP WIDTH="15" VPOS="825" HPOS="350"/>
							<String ID="string_147" HPOS="365" VPOS="826" WIDTH="74" HEIGHT="28" WC="0.93" CONTENT="enligt"/><SP WIDTH="15" VPOS="826" HPOS="439"/>
							<String ID="string_148" HPOS="454" VPOS="826" WIDTH="187" HEIGHT="28" WC="0.91" CONTENT="propositionens"/><SP WIDTH="16" VPOS="826" HPOS="641"/>
							<String ID="string_149" HPOS="657" VPOS="826" WIDTH="87" HEIGHT="28" WC="0.96" CONTENT="förslag"/><SP WIDTH="16" VPOS="826" HPOS="744"/>
							<String ID="string_150" HPOS="760" VPOS="826" WIDTH="37" HEIGHT="21" WC="0.97" CONTENT="för"/><SP WIDTH="15" VPOS="826" HPOS="797"/>
							<String ID="string_151" HPOS="812" VPOS="826" WIDTH="55" HEIGHT="20" WC="0.97" CONTENT="åren"/><SP WIDTH="18" VPOS="826" HPOS="867"/>
							<String ID="string_152" HPOS="885" VPOS="826" WIDTH="54" HEIGHT="21" WC="0.96" CONTENT="1906"/><SP WIDTH="16" VPOS="826" HPOS="939"/>
							<String ID="string_153" HPOS="955" VPOS="825" WIDTH="43" HEIGHT="21" WC="0.96" CONTENT="och"/>
						</TextLine>
						<TextLine ID="line_20" HPOS="242" VPOS="860" WIDTH="572" HEIGHT="29">
							<String ID="string_154" HPOS="242" VPOS="860" WIDTH="56" HEIGHT="21" WC="0.96" CONTENT="1907"/><SP WIDTH="16" VPOS="860" HPOS="298"/>
							<String ID="string_155" HPOS="314" VPOS="860" WIDTH="92" HEIGHT="21" WC="0.96" CONTENT="anvisas"/><SP WIDTH="17" VPOS="860" HPOS="406"/>
							<String ID="string_156" HPOS="423" VPOS="863" WIDTH="34" HEIGHT="18" WC="0.96" CONTENT="ett"/><SP WIDTH="15" VPOS="863" HPOS="457"/>
							<String ID="string_157" HPOS="472" VPOS="860" WIDTH="83" HEIGHT="29" WC="0.96" CONTENT="belopp"/><SP WIDTH="16" VPOS="860" HPOS="555"/>
							<String ID="string_158" HPOS="571" VPOS="860" WIDTH="26" HEIGHT="22" WC="0.93" CONTENT="af"/><SP WIDTH="14" VPOS="860" HPOS="597"/>
							<String ID="string_159" HPOS="611" VPOS="862" WIDTH="113" HEIGHT="24" WC="0.92" CONTENT="6,801,000"/><SP WIDTH="17" VPOS="862" HPOS="724"/>
							<String ID="string_160" HPOS="741" VPOS="860" WIDTH="73" HEIGHT="22" WC="0.96" CONTENT="mark."/>
						</TextLine>
					</TextBlock>
					<TextBlock ID="block_4" HPOS="241" VPOS="894" WIDTH="755" HEIGHT="57">
						<TextLine ID="line_21" HPOS="310" VPOS="894" WIDTH="686" HEIGHT="28">
							<String ID="string_161" HPOS="310" VPOS="894" WIDTH="307" HEIGHT="28" WC="0.91" CONTENT="Kommunikationsfondens"/><SP WIDTH="29" VPOS="894" HPOS="617"/>
							<String ID="string_162" HPOS="646" VPOS="895" WIDTH="92" HEIGHT="27" WC="0.92" CONTENT="utgifter"/><SP WIDTH="29" VPOS="895" HPOS="738"/>
							<String ID="string_163" HPOS="767" VPOS="894" WIDTH="36" HEIGHT="22" WC="0.93" CONTENT="för"/><SP WIDTH="25" VPOS="894" HPOS="803"/>
							<String ID="string_164" HPOS="828" VPOS="894" WIDTH="168" HEIGHT="22" WC="0.91" CONTENT="ofvanberörda"/>
						</TextLine>
						<TextLine ID="line_22" HPOS="241" VPOS="928" WIDTH="686" HEIGHT="23">
							<String ID="string_165" HPOS="241" VPOS="928" WIDTH="109" HEIGHT="22" WC="0.90" CONTENT="ändamål"/><SP WIDTH="17" VPOS="928" HPOS="350"/>
							<String ID="string_166" HPOS="367" VPOS="929" WIDTH="76" HEIGHT="21" WC="0.92" CONTENT="blefve"/><SP WIDTH="15" VPOS="929" HPOS="443"/>
							<String ID="string_167" HPOS="458" VPOS="929" WIDTH="97" HEIGHT="21" WC="0.96" CONTENT="sålunda"/><SP WIDTH="15" VPOS="929" HPOS="555"/>
							<String ID="string_168" HPOS="570" VPOS="930" WIDTH="74" HEIGHT="20" WC="0.93" CONTENT="under"/><SP WIDTH="15" VPOS="930" HPOS="644"/>
							<String ID="string_169" HPOS="659" VPOS="930" WIDTH="55" HEIGHT="20" WC="0.96" CONTENT="åren"/><SP WIDTH="18" VPOS="930" HPOS="714"/>
							<String ID="string_170" HPOS="732" VPOS="930" WIDTH="54" HEIGHT="21" WC="0.96" CONTENT="1906"/><SP WIDTH="17" VPOS="930" HPOS="786"/>
							<String ID="string_171" HPOS="803" VPOS="928" WIDTH="43" HEIGHT="22" WC="0.96" CONTENT="och"/><SP WIDTH="16" VPOS="928" HPOS="846"/>
							<String ID="string_172" HPOS="862" VPOS="929" WIDTH="65" HEIGHT="21" WC="0.96" CONTENT="1907:"/>
						</TextLine>
					</TextBlock>
				</ComposedBlock>
				<ComposedBlock ID="cblock_2" HPOS="239" VPOS="991" WIDTH="482" HEIGHT="64">
					<TextBlock ID="block_5" HPOS="239" VPOS="991" WIDTH="482" HEIGHT="64">
						<TextLine ID="line_23" HPOS="239" VPOS="991" WIDTH="482" HEIGHT="29">
							<String ID="string_173" HPOS="239" VPOS="991" WIDTH="91" HEIGHT="22" WC="0.96" CONTENT="Räntor"/><SP WIDTH="25" VPOS="991" HPOS="330"/>
							<String ID="string_174" HPOS="355" VPOS="992" WIDTH="43" HEIGHT="21" WC="0.93" CONTENT="och"/><SP WIDTH="23" VPOS="992" HPOS="398"/>
							<String ID="string_175" HPOS="421" VPOS="992" WIDTH="141" HEIGHT="28" WC="0.93" CONTENT="amortering"/><SP WIDTH="15" VPOS="992" HPOS="562"/>
							<String ID="string_176" HPOS="577" VPOS="992" WIDTH="14" HEIGHT="22" WC="0.89" CONTENT="å"/><SP WIDTH="15" VPOS="992" HPOS="591"/>
							<String ID="string_177" HPOS="606" VPOS="992" WIDTH="39" HEIGHT="21" WC="0.96" CONTENT="län"/><SP WIDTH="16" VPOS="992" HPOS="645"/>
							<String ID="string_178" HPOS="661" VPOS="995" WIDTH="60" HEIGHT="19" WC="0.96" CONTENT="samt"/>
						</TextLine>
						<TextLine ID="line_24" HPOS="310" VPOS="1026" WIDTH="410" HEIGHT="29">
							<String ID="string_179" HPOS="310" VPOS="1026" WIDTH="227" HEIGHT="29" WC="0.91" CONTENT="bankirprovisioner"/><SP WIDTH="19" VPOS="1026" HPOS="537"/>
							<String ID="string_180" HPOS="556" VPOS="1026" WIDTH="43" HEIGHT="22" WC="0.93" CONTENT="och"/><SP WIDTH="20" VPOS="1026" HPOS="599"/>
							<String ID="string_181" HPOS="619" VPOS="1026" WIDTH="101" HEIGHT="22" WC="0.93" CONTENT="omkost-"/>
						</TextLine>
					</TextBlock>
				</ComposedBlock>
				<ComposedBlock ID="cblock_3" HPOS="237" VPOS="1060" WIDTH="759" HEIGHT="255">
					<TextBlock ID="block_6" HPOS="309" VPOS="1060" WIDTH="687" HEIGHT="27">
						<TextLine ID="line_25" HPOS="309" VPOS="1060" WIDTH="687" HEIGHT="27">
							<String ID="string_182" HPOS="309" VPOS="1060" WIDTH="71" HEIGHT="22" WC="0.85" CONTENT="nader"/><SP WIDTH="16" VPOS="1060" HPOS="380"/>
							<String ID="string_183" HPOS="396" VPOS="1078" WIDTH="4" HEIGHT="4" WC="0.90" CONTENT="."/><SP WIDTH="31" VPOS="1078" HPOS="400"/>
							<String ID="string_184" HPOS="431" VPOS="1078" WIDTH="4" HEIGHT="4" WC="0.87" CONTENT="."/><SP WIDTH="34" VPOS="1078" HPOS="435"/>
							<String ID="string_185" HPOS="469" VPOS="1078" WIDTH="1" HEIGHT="4" WC="0.71" CONTENT="."/><SP WIDTH="34" VPOS="1078" HPOS="470"/>
							<String ID="string_186" HPOS="504" VPOS="1079" WIDTH="2" HEIGHT="3" WC="0.75" CONTENT="."/><SP WIDTH="31" VPOS="1079" HPOS="506"/>
							<String ID="string_187" HPOS="537" VPOS="1078" WIDTH="183" HEIGHT="4" WC="0.0" CONTENT="lus."/><SP WIDTH="27" VPOS="1078" HPOS="720"/>
							<String ID="string_188" HPOS="747" VPOS="1061" WIDTH="61" HEIGHT="21" WC="0.73" CONTENT="Fmk"/><SP WIDTH="17" VPOS="1061" HPOS="808"/>
							<String ID="string_189" HPOS="825" VPOS="1060" WIDTH="133" HEIGHT="27" WC="0.89" CONTENT="13,015,720:"/><SP WIDTH="11" VPOS="1060" HPOS="958"/>
							<String ID="string_190" HPOS="969" VPOS="1073" WIDTH="27" HEIGHT="3" WC="0.89" CONTENT="—"/>
						</TextLine>
					</TextBlock>
					<TextBlock ID="block_7" HPOS="238" VPOS="1112" WIDTH="481" HEIGHT="70">
						<TextLine ID="line_26" HPOS="308" VPOS="1112" WIDTH="151" HEIGHT="29">
							<String ID="string_191" HPOS="308" VPOS="1112" WIDTH="91" HEIGHT="29" WC="0.96" CONTENT="Anslag"/><SP WIDTH="15" VPOS="1112" HPOS="399"/>
							<String ID="string_192" HPOS="414" VPOS="1112" WIDTH="45" HEIGHT="22" WC="0.96" CONTENT="för:"/>
						</TextLine>
						<TextLine ID="line_27" HPOS="238" VPOS="1152" WIDTH="481" HEIGHT="56">
							<String ID="string_193" HPOS="238" VPOS="1152" WIDTH="257" HEIGHT="28" WC="0.91" CONTENT="Nybyggnadsarbeten"/><SP WIDTH="24" VPOS="1152" HPOS="495"/>
							<String ID="string_194" HPOS="519" VPOS="1153" WIDTH="39" HEIGHT="21" WC="0.96" CONTENT="vid"/><SP WIDTH="23" VPOS="1153" HPOS="558"/>
							<String ID="string_195" HPOS="581" VPOS="1154" WIDTH="28" HEIGHT="20" WC="0.96" CONTENT="de"/><SP WIDTH="19" VPOS="1154" HPOS="609"/>
							<String ID="string_196" HPOS="628" VPOS="1153" WIDTH="91" HEIGHT="55" WC="0.91" CONTENT="fördiga"/>
						</TextLine>
					</TextBlock>
					<TextBlock ID="block_8" HPOS="237" VPOS="1186" WIDTH="759" HEIGHT="99">
						<TextLine ID="line_28" HPOS="309" VPOS="1186" WIDTH="687" HEIGHT="28">
							<String ID="string_197" HPOS="309" VPOS="1186" WIDTH="103" HEIGHT="22" WC="0.86" CONTENT="banorna"/><SP WIDTH="18" VPOS="1186" HPOS="412"/>
							<String ID="string_198" HPOS="430" VPOS="1204" WIDTH="4" HEIGHT="4" WC="0.83" CONTENT="."/><SP WIDTH="31" VPOS="1204" HPOS="434"/>
							<String ID="string_199" HPOS="465" VPOS="1204" WIDTH="4" HEIGHT="4" WC="0.83" CONTENT="."/><SP WIDTH="32" VPOS="1204" HPOS="469"/>
							<String ID="string_200" HPOS="501" VPOS="1206" WIDTH="2" HEIGHT="2" WC="0.90" CONTENT="."/><SP WIDTH="213" VPOS="1206" HPOS="503"/>
							<String ID="string_201" HPOS="716" VPOS="1205" WIDTH="3" HEIGHT="3" WC="0.32" CONTENT="="/><SP WIDTH="56" VPOS="1205" HPOS="719"/>
							<String ID="string_202" HPOS="775" VPOS="1204" WIDTH="9" HEIGHT="10" WC="0.57" CONTENT="5"/><SP WIDTH="29" VPOS="1204" HPOS="784"/>
							<String ID="string_203" HPOS="813" VPOS="1182" WIDTH="17" HEIGHT="37" WC="0.36" CONTENT="="/><SP WIDTH="8" VPOS="1182" HPOS="830"/>
							<String ID="string_204" HPOS="838" VPOS="1187" WIDTH="158" HEIGHT="25" WC="0.36" CONTENT="4,900,000:—"/>
						</TextLine>
						<TextLine ID="line_29" HPOS="238" VPOS="1203" WIDTH="756" HEIGHT="47">
							<String ID="string_205" HPOS="238" VPOS="1220" WIDTH="97" HEIGHT="29" WC="0.91" CONTENT="Rörliga"/><SP WIDTH="15" VPOS="1220" HPOS="335"/>
							<String ID="string_206" HPOS="350" VPOS="1222" WIDTH="147" HEIGHT="21" WC="0.91" CONTENT="materielens"/><SP WIDTH="16" VPOS="1222" HPOS="497"/>
							<String ID="string_207" HPOS="513" VPOS="1203" WIDTH="99" HEIGHT="47" WC="0.77" CONTENT="dining:"/><SP WIDTH="31" VPOS="1203" HPOS="612"/>
							<String ID="string_208" HPOS="643" VPOS="1239" WIDTH="2" HEIGHT="3" WC="0.52" CONTENT="ä"/><SP WIDTH="68" VPOS="1239" HPOS="645"/>
							<String ID="string_209" HPOS="713" VPOS="1238" WIDTH="5" HEIGHT="4" WC="0.48" CONTENT="+"/><SP WIDTH="53" VPOS="1238" HPOS="718"/>
							<String ID="string_210" HPOS="771" VPOS="1239" WIDTH="11" HEIGHT="9" WC="0.52" CONTENT="n"/><SP WIDTH="29" VPOS="1239" HPOS="782"/>
							<String ID="string_211" HPOS="811" VPOS="1217" WIDTH="18" HEIGHT="36" WC="0.0" CONTENT="="/><SP WIDTH="9" VPOS="1217" HPOS="829"/>
							<String ID="string_212" HPOS="838" VPOS="1222" WIDTH="121" HEIGHT="26" WC="0.0" CONTENT="6,300,000:"/><SP WIDTH="10" VPOS="1222" HPOS="959"/>
							<String ID="string_213" HPOS="969" VPOS="1233" WIDTH="25" HEIGHT="3" WC="0.91" CONTENT="—"/>
						</TextLine>
						<TextLine ID="line_30" HPOS="237" VPOS="1240" WIDTH="482" HEIGHT="72">
							<String ID="string_214" HPOS="237" VPOS="1254" WIDTH="175" HEIGHT="23" WC="0.86" CONTENT="Fullbordande"/><SP WIDTH="29" VPOS="1254" HPOS="412"/>
							<String ID="string_215" HPOS="441" VPOS="1256" WIDTH="23" HEIGHT="21" WC="0.96" CONTENT="af"/><SP WIDTH="25" VPOS="1256" HPOS="464"/>
							<String ID="string_216" HPOS="489" VPOS="1240" WIDTH="230" HEIGHT="72" WC="0.13" CONTENT="EisenvaaraNy-"/>
						</TextLine>
					</TextBlock>
					<TextBlock ID="block_9" HPOS="307" VPOS="1290" WIDTH="688" HEIGHT="25">
						<TextLine ID="line_31" HPOS="307" VPOS="1290" WIDTH="688" HEIGHT="25">
							<String ID="string_217" HPOS="307" VPOS="1290" WIDTH="57" HEIGHT="21" WC="0.96" CONTENT="slott"/><SP WIDTH="15" VPOS="1290" HPOS="364"/>
							<String ID="string_218" HPOS="379" VPOS="1290" WIDTH="90" HEIGHT="22" WC="0.91" CONTENT="banan."/><SP WIDTH="31" VPOS="1290" HPOS="469"/>
							<String ID="string_219" HPOS="500" VPOS="1308" WIDTH="3" HEIGHT="4" WC="0.91" CONTENT="."/><SP WIDTH="33" VPOS="1308" HPOS="503"/>
							<String ID="string_220" HPOS="536" VPOS="1308" WIDTH="3" HEIGHT="3" WC="0.92" CONTENT="."/><SP WIDTH="175" VPOS="1308" HPOS="539"/>
							<String ID="string_221" HPOS="714" VPOS="1308" WIDTH="4" HEIGHT="3" WC="0.56" CONTENT="="/><SP WIDTH="54" VPOS="1308" HPOS="718"/>
							<String ID="string_222" HPOS="772" VPOS="1307" WIDTH="11" HEIGHT="8" WC="0.38" CONTENT="»”"/><SP WIDTH="55" VPOS="1307" HPOS="783"/>
							<String ID="string_223" HPOS="838" VPOS="1290" WIDTH="157" HEIGHT="25" WC="0.89" CONTENT="6,801,000:"/><SP WIDTH="-17" VPOS="1290" HPOS="995"/>
							<String ID="string_224" HPOS="978" VPOS="1286" WIDTH="20" HEIGHT="34" WC="0.92" CONTENT="—"/>
						</TextLine>
					</TextBlock>
				</ComposedBlock>
				<ComposedBlock ID="cblock_4" HPOS="306" VPOS="1336" WIDTH="688" HEIGHT="56">
					<TextBlock ID="block_10" HPOS="306" VPOS="1336" WIDTH="688" HEIGHT="56">
						<TextLine ID="line_32" HPOS="749" VPOS="1336" WIDTH="245" HEIGHT="27">
							<String ID="string_225" HPOS="749" VPOS="1336" WIDTH="59" HEIGHT="22" WC="0.90" CONTENT="Fmk"/><SP WIDTH="16" VPOS="1336" HPOS="808"/>
							<String ID="string_226" HPOS="824" VPOS="1336" WIDTH="134" HEIGHT="27" WC="0.87" CONTENT="31,016,720:"/><SP WIDTH="10" VPOS="1336" HPOS="958"/>
							<String ID="string_227" HPOS="968" VPOS="1349" WIDTH="26" HEIGHT="2" WC="0.91" CONTENT="—"/>
						</TextLine>
						<TextLine ID="line_33" HPOS="306" VPOS="1369" WIDTH="412" HEIGHT="23">
							<String ID="string_228" HPOS="306" VPOS="1369" WIDTH="37" HEIGHT="22" WC="0.96" CONTENT="Då"/><SP WIDTH="21" VPOS="1369" HPOS="343"/>
							<String ID="string_229" HPOS="364" VPOS="1369" WIDTH="99" HEIGHT="22" WC="0.96" CONTENT="fondens"/><SP WIDTH="22" VPOS="1369" HPOS="463"/>
							<String ID="string_230" HPOS="485" VPOS="1371" WIDTH="126" HEIGHT="21" WC="0.93" CONTENT="inkomster"/><SP WIDTH="22" VPOS="1371" HPOS="611"/>
							<String ID="string_231" HPOS="633" VPOS="1371" WIDTH="85" HEIGHT="21" WC="0.92" CONTENT="beräk-"/>
						</TextLine>
					</TextBlock>
				</ComposedBlock>
				<ComposedBlock ID="cblock_5" HPOS="236" VPOS="1404" WIDTH="758" HEIGHT="74">
					<TextBlock ID="block_11" HPOS="236" VPOS="1404" WIDTH="758" HEIGHT="74">
						<TextLine ID="line_34" HPOS="236" VPOS="1404" WIDTH="756" HEIGHT="26">
							<String ID="string_232" HPOS="236" VPOS="1405" WIDTH="53" HEIGHT="19" WC="0.94" CONTENT="nats"/><SP WIDTH="16" VPOS="1405" HPOS="289"/>
							<String ID="string_233" HPOS="305" VPOS="1404" WIDTH="57" HEIGHT="21" WC="0.89" CONTENT="till."/><SP WIDTH="32" VPOS="1404" HPOS="362"/>
							<String ID="string_234" HPOS="394" VPOS="1422" WIDTH="4" HEIGHT="3" WC="0.82" CONTENT="."/><SP WIDTH="31" VPOS="1422" HPOS="398"/>
							<String ID="string_235" HPOS="429" VPOS="1421" WIDTH="5" HEIGHT="4" WC="0.84" CONTENT="."/><SP WIDTH="31" VPOS="1421" HPOS="434"/>
							<String ID="string_236" HPOS="465" VPOS="1422" WIDTH="4" HEIGHT="4" WC="0.84" CONTENT="."/><SP WIDTH="31" VPOS="1422" HPOS="469"/>
							<String ID="string_237" HPOS="500" VPOS="1422" WIDTH="3" HEIGHT="4" WC="0.85" CONTENT="."/><SP WIDTH="68" VPOS="1422" HPOS="503"/>
							<String ID="string_238" HPOS="571" VPOS="1422" WIDTH="39" HEIGHT="4" WC="0.15" CONTENT="Lom"/><SP WIDTH="68" VPOS="1422" HPOS="610"/>
							<String ID="string_239" HPOS="678" VPOS="1422" WIDTH="39" HEIGHT="4" WC="0.27" CONTENT="rf"/><SP WIDTH="54" VPOS="1422" HPOS="717"/>
							<String ID="string_240" HPOS="771" VPOS="1421" WIDTH="11" HEIGHT="8" WC="0.86" CONTENT="»"/><SP WIDTH="41" VPOS="1421" HPOS="782"/>
							<String ID="string_241" HPOS="823" VPOS="1404" WIDTH="169" HEIGHT="26" WC="0.63" CONTENT="22,883,000:"/><SP WIDTH="-15" VPOS="1404" HPOS="992"/>
							<String ID="string_242" HPOS="977" VPOS="1400" WIDTH="18" HEIGHT="35" WC="0.93" CONTENT="—"/>
						</TextLine>
						<TextLine ID="line_35" HPOS="236" VPOS="1449" WIDTH="758" HEIGHT="29">
							<String ID="string_243" HPOS="236" VPOS="1449" WIDTH="126" HEIGHT="29" WC="0.96" CONTENT="föreligger"/><SP WIDTH="15" VPOS="1449" HPOS="362"/>
							<String ID="string_244" HPOS="377" VPOS="1450" WIDTH="98" HEIGHT="22" WC="0.96" CONTENT="sålunda"/><SP WIDTH="16" VPOS="1450" HPOS="475"/>
							<String ID="string_245" HPOS="491" VPOS="1458" WIDTH="28" HEIGHT="14" WC="0.96" CONTENT="en"/><SP WIDTH="16" VPOS="1458" HPOS="519"/>
							<String ID="string_246" HPOS="535" VPOS="1451" WIDTH="55" HEIGHT="21" WC="0.96" CONTENT="brist"/><SP WIDTH="15" VPOS="1451" HPOS="590"/>
							<String ID="string_247" HPOS="605" VPOS="1451" WIDTH="40" HEIGHT="21" WC="0.80" CONTENT="af."/><SP WIDTH="32" VPOS="1451" HPOS="645"/>
							<String ID="string_248" HPOS="677" VPOS="1469" WIDTH="2" HEIGHT="2" WC="0.89" CONTENT="."/><SP WIDTH="34" VPOS="1469" HPOS="679"/>
							<String ID="string_249" HPOS="713" VPOS="1467" WIDTH="2" HEIGHT="4" WC="0.88" CONTENT="."/><SP WIDTH="31" VPOS="1467" HPOS="715"/>
							<String ID="string_250" HPOS="746" VPOS="1450" WIDTH="62" HEIGHT="21" WC="0.91" CONTENT="Fmk"/><SP WIDTH="29" VPOS="1450" HPOS="808"/>
							<String ID="string_251" HPOS="837" VPOS="1450" WIDTH="120" HEIGHT="25" WC="0.89" CONTENT="8,133,720:"/><SP WIDTH="10" VPOS="1450" HPOS="957"/>
							<String ID="string_252" HPOS="967" VPOS="1463" WIDTH="27" HEIGHT="2" WC="0.91" CONTENT="—"/>
						</TextLine>
					</TextBlock>
				</ComposedBlock>
				<ComposedBlock ID="cblock_6" HPOS="306" VPOS="1489" WIDTH="368" HEIGHT="19">
					<TextBlock ID="block_12" HPOS="306" VPOS="1489" WIDTH="368" HEIGHT="19">
						<TextLine ID="line_36" HPOS="306" VPOS="1489" WIDTH="368" HEIGHT="19">
							<String ID="string_253" HPOS="306" VPOS="1489" WIDTH="142" HEIGHT="19" WC="0.86" CONTENT="Statsutskottets"/><SP WIDTH="13" VPOS="1489" HPOS="448"/>
							<String ID="string_254" HPOS="461" VPOS="1491" WIDTH="108" HEIGHT="17" WC="0.96" CONTENT="betänkande"/><SP WIDTH="12" VPOS="1491" HPOS="569"/>
							<String ID="string_255" HPOS="581" VPOS="1491" WIDTH="38" HEIGHT="17" WC="0.96" CONTENT="N:o"/><SP WIDTH="12" VPOS="1491" HPOS="619"/>
							<String ID="string_256" HPOS="631" VPOS="1491" WIDTH="12" HEIGHT="16" WC="0.96" CONTENT="4"/><SP WIDTH="9" VPOS="1491" HPOS="643"/>
							<String ID="string_257" HPOS="652" VPOS="1491" WIDTH="22" HEIGHT="17" WC="0.96" CONTENT="A."/>
						</TextLine>
					</TextBlock>
				</ComposedBlock>
			</PrintSpace>
		</Page>
	</Layout>
</alto>
