1103 1756
425 123 84 23 Ständ.
526 123 39 24 Sv.
581 137 28 3 —
624 124 74 29 Prop.
715 125 42 22 N:o
769 123 23 23 6.

263 1004 26 18 10.

263 1040 27 16 11.

264 1096 27 18 12,

265 1177 27 17 13.

265 1258 27 17 14.

657 205 2 16 I

656 223 1 14 |
668 222 28 23 År
708 227 45 19 1906
762 218 10 40 |
779 228 27 17 År
819 227 43 19 1907
874 218 13 40 |
893 229 77 18 Summa

732 303 99 18 Finska
855 303 71 18 mark

307 392 69 24 Bidrag
396 393 27 18 till
445 389 176 49 fölkskolevasender
640 393 5 18 i

311 415 83 19 städerna
411 430 3 4 .
468 430 3 4 ä
692 413 74 21 784,000|
800 413 76 21 —864,000|
894 412 91 22 1,648,000

309 450 68 23 Bidrag
384 450 27 18 till
417 430 98 39 aflönande
520 430 19 39 af
543 425 41 53 den
583 430 62 44 egent-

311 473 36 24 liga
356 473 155 24 lärarpersonalen
521 473 30 19 vid
563 474 82 41 folksko-

311 496 52 18 lorna
375 497 24 23 pä
411 497 63 18 landet
498 510 4 4 .
526 511 4 4 .
555 511 4 4 .
584 511 3 4 .
674 493 93 23 2,260,000|
785 493 92 24 2,410,000|
894 492 92 23 4,670,000]

309 531 68 23 Bidrag
384 531 26 18 till
417 531 98 19 aflönande
521 531 19 18 af
546 532 59 17 lärare
611 510 36 39 och

311 555 101 17 lärarinnor
430 555 29 18 för
477 554 52 42 slöjd.
541 555 35 18 och
587 551 59 48 band”

308 572 78 33 arbeten
467 591 4 4 5
583 591 4 5 b
694 574 73 22 115,000|
803 574 74 21 —127,500|
912 573 74 22 242,50]

309 612 72 40 Anslag
398 612 27 17 till
442 591 173 44 Töneförhöjningar-
627 613 20 17 ät

313 630 34 33 den
372 635 89 40 sgentliga
481 635 165 24 lärarepersonalen

313 657 30 18 vid
356 658 125 18 folkskolorna
493 659 24 23 pä
529 658 62 19 landet
613 672 4 4 .
642 672 4 4 .
660 649 10 37 |
694 655 75 22 520,000[
803 655 75 22 560,000/
897 653 90 23 1,080,000]

311 693 45 17 Anslag
396 693 26 18 till
462 694 71 18 pensioner
545 694 20 40 åt
577 699 70 12 samma

313 695 101 48 personal.
440 700 59 34 E
705 713 63 23 86,000|
805 712 73 22 —106,000/
914 712 73 22 —192,000

311 750 70 24 Bidrag
393 752 26 16 till
432 752 125 26 pensionering
564 726 25 53 af
599 730 48 38 folk-
856 770 8 4 N
966 770 8 3 -

314 774 206 24 skollärarepersonalen
533 775 5 17 i
551 773 96 19 städerna
637 769 14 33 .
661 768 2 33 |
706 767 66 30 37,300]
810 766 68 30 38,550
924 765 66 30 75,850]

311 808 71 24 Anslag
400 809 26 17 till
445 808 99 19 understöd
563 809 20 17 ät
595 808 54 22 sjuka

315 832 140 18 folkskollärare
467 832 34 18 och
513 832 102 18 lärarinnor
644 844 4 4 .
706 824 66 31 55,000
815 829 64 22 55,000|
915 826 72 22 —110,000

312 866 44 18 Bidrag
398 867 28 17 till
444 866 114 18 uppförande
569 866 20 18 af
601 865 47 19 folk-

315 868 88 47 skölekua
415 890 34 18 och
479 889 111 23 öjdlokaler
587 884 10 32 .
615 902 4 4 .
644 902 4 4 .
696 886 73 22 150,000]
806 886 73 22 —150,000/
914 884 74 22 —300,000

313 924 71 23 Anslag
394 924 27 18 till
430 924 87 18 bibliotek
525 924 29 18 för
560 923 89 27 folkskol-

315 947 58 17 lärare
393 947 34 18 och
449 947 100 18 lärarinnor
567 947 5 17 i
587 946 62 40 Jands-
928 966 8 4 <

315 970 134 18 kommunerna
473 984 4 4 .
502 983 4 5 .
531 984 3 4 .
646 983 3 3 5
708 967 63 21 25,000)
794 960 15 33 —
817 966 64 23 25,000|
904 960 12 33 —
927 964 62 22 50,000]

314 1004 71 24 Anslag
397 1005 27 17 till
437 982 193 46 fortsättningskurser
647 1020 3 4 N
708 1002 63 21 70,000|
794 995 15 34 —
817 1000 64 22 80,000|
917 999 73 22 —150,000)

313 1038 72 27 Anslag
394 1039 27 17 till
431 1038 97 24 stipendier
537 1038 29 18 för
575 1038 76 40 auskul-

317 1062 58 23 tering
387 1062 34 18 och
434 1061 109 19 studieresor
560 1075 4 4 .
589 1075 4 3 .
618 1074 3 4 .
710 1054 64 30 15,000
820 1053 64 30 15,000
928 1052 68 30 30,000]

316 1096 71 27 Anslag
393 1096 29 18 för
431 1096 120 18 anskaffande
557 1096 20 17 af
585 1074 66 39 äskåd-

363 1120 91 17 smateriel
461 1120 29 17 för
496 1119 126 40 jolkakoloma
628 1119 24 40 på

317 1120 76 40 et”
533 1156 3 4 s
561 1155 4 5 N
709 1139 63 22 25,000|
795 1132 15 34 —
819 1138 63 22 35,000/
906 1132 12 34 —
928 1136 63 22 60,000

316 1176 71 27 Anslag
400 1176 28 18 för
440 1152 117 52 änördnandg
565 1155 31 38 vid
606 1154 45 39 Uni-

311 1200 93 17 versitetet
428 1200 19 17 af
459 1198 194 24 fortsättningskurser

312 1222 29 18 för
357 1222 137 18 folkskollärare
506 1222 34 18 och
552 1222 101 18 lärarinnor
710 1230 22 3 —
820 1218 63 22 30,000|
906 1212 15 34 —
929 1216 63 22 30,000

316 1256 69 24 Bidrag
403 1257 26 18 till
448 1257 55 22 inköp
515 1256 19 18 af
545 1256 108 18 läroböcker

319 1281 20 17 åt
358 1280 98 18 medellösa
474 1280 57 17 elever
551 1279 31 18 vid
605 1279 47 18 folk-

320 1303 86 18 skolorna
418 1304 23 22 pä
453 1302 84 19 landet
530 1296 14 35 .
558 1296 12 35 .
591 1315 3 4 .
619 1316 3 3 .
649 1316 3 3 .
711 1300 63 22 20,000|
797 1292 15 35 —
821 1298 63 20 20,0001
908 1292 12 35 —
930 1296 63 22 40,000

575 1343 77 18 Summa
658 1333 12 36 |
682 1341 92 22 4,162,300]
792 1339 92 22 4,516,050|
902 1337 92 23 8,678,350
