1098 1750
252 112 27 20 12

250 175 128 27 okarterad,
394 176 95 22 hvilken
505 176 35 22 till
555 176 175 22 vederbörande
740 176 113 22 inlemnas
864 176 36 22 för
911 176 93 29 påteck-

250 211 64 28 ning.
346 211 45 22 Till
407 212 143 21 sistnämnda
566 219 75 22 grupp
657 213 42 20 hör
714 215 16 18 t.
748 219 34 14 ex.
798 212 68 28 intyg
884 219 49 14 som
953 212 50 21 afse

250 246 155 29 bestyrkande
429 248 24 21 af
468 248 144 21 underskrift
628 248 54 21 eller
698 247 193 28 vederhäftighet,
908 248 95 21 vidima-

250 282 49 22 tion
316 283 23 21 af
355 283 92 22 afskrift
463 286 41 19 etc.
537 284 113 21 Gällande
672 283 173 29 bestämningar
860 283 8 22 i
883 283 67 29 fråga
965 291 37 14 om

250 318 118 29 kartering
385 319 22 21 af
423 319 87 22 sådana
525 319 66 22 bevis
606 320 66 21 torde
689 320 83 29 åsyfta,
788 319 43 22 och
846 319 72 22 hafva
933 319 69 22 äfven

250 354 8 21 1
281 355 77 28 praxis
377 355 129 22 merendels
524 356 84 21 tolkats
625 358 32 24 så,
674 358 33 19 att
721 356 68 28 intyg
805 355 23 22 af
843 355 160 22 förstnämnda

250 390 111 28 kategori,
370 391 41 21 där
427 391 28 22 de
472 391 49 22 icke
538 392 73 28 enligt
627 392 72 21 andra
718 391 145 22 föreskrifter
880 394 38 19 äro
935 394 67 19 stäm-

250 426 89 28 pelfria,
356 427 63 21 skola
434 427 111 29 beläggas
561 428 53 21 med
630 431 13 18 2
660 428 50 21 mks
728 427 104 28 stämpel,
843 427 83 22 medan
936 427 67 21 bevis

250 462 103 22 hörande
376 463 34 21 till
434 463 45 22 den
503 464 72 21 andra
590 471 106 21 gruppen
712 463 50 22 icke
778 463 100 22 behöfva
892 463 114 22 karteras..

322 499 124 26 Utskottet,
471 507 49 14 som
544 502 76 19 ansett
642 507 32 16 nu
698 499 107 29 gällande
831 499 172 28 bestämningar

250 533 76 22 lemna
342 542 50 14 rum
407 535 37 22 för
461 535 113 28 befogade
590 536 179 28 anmärkningar
784 535 8 21 i
808 535 109 22 afseende
929 538 12 18 ä
951 535 52 28 tyd-

250 569 74 29 lighet
347 571 43 21 och
412 571 80 22 koncis
515 571 167 29 uppställning,
706 572 42 21 har
764 571 152 22 underkastat
936 571 67 21 desså

250 606 145 22 föreskrifter
417 615 29 14 en
470 608 166 28 omarbetning,
662 615 49 15 som
734 608 50 21 icke
809 607 97 22 innebär
926 610 78 25 någon

251 642 74 28 saklig
345 643 98 28 ändring
463 647 56 18 utan
535 644 82 21 endast
633 644 88 28 åsyftar
737 646 33 19 att
786 644 64 27 gifva
866 646 33 19 ett
914 643 88 21 klarare

251 680 92 27 uttryck
360 681 23 18 åt
393 679 157 26 förenämnda,
568 680 24 21 af
607 680 77 28 praxis
701 679 124 29 godkända
845 679 156 28 uppfattning.

322 714 165 29 Pensionsbref.
507 716 149 22 Beträffande
668 716 162 29 pensionsbref
838 716 41 21 har
890 716 61 21 inom
962 716 41 21 Ut-

251 751 84 21 skottet
357 751 26 22 af
395 752 166 29 billighetsskäl
580 753 108 28 påyrkats
710 752 168 29 stämpelfrihet
894 752 34 22 för
944 752 59 21 ordi-

250 787 63 21 narie
328 788 128 27 pensioner,
473 789 42 21 och
531 789 40 21 vid
587 789 92 28 frågans
695 788 141 28 behandling
846 788 8 21 i
864 789 139 20 Prestestån-

252 823 40 20 det
314 823 41 21 har
376 823 88 28 jämväl
487 824 135 22 framhållits
646 825 183 21 önskvärdheten
854 824 26 21 af
898 826 33 19 att
946 824 59 21 slika

250 859 128 28 pensioner,
403 861 28 20 då
455 861 28 20 de
505 861 132 28 understiga
664 863 63 23 1,000
752 861 46 24 mk,
815 861 70 20 måtte
901 859 102 22 frikallas

250 894 52 21 från
317 896 164 28 stämpelskatt.
513 897 129 21 Utskottets
658 896 73 21 flertal
746 896 42 22 har
804 896 58 21 dock
879 895 49 22 icke
942 895 61 22 velat

250 930 93 22 förorda
360 931 153 22 afskaffandet
529 933 26 20 af
569 933 75 21 denna
660 933 70 21 sedan
746 932 110 28 gammalt
866 931 8 21 i
885 933 40 20 vär
936 935 67 18 stäm-

250 966 183 30 pellagstiftning
449 968 186 21 förekommande
651 967 227 28 beskattningsform,
892 967 7 20 i
910 975 93 20 synner-

250 1003 40 20 het
313 1010 49 14 som
379 1003 28 22 de
422 1003 8 22 i
447 1004 62 21 detta
525 1004 108 21 afseende
650 1004 106 28 gällande
773 1003 43 22 och
832 1011 31 13 nu
879 1005 48 19 åter
945 1003 60 21 före-

23 1038 1054 30 Aa
759 1034 30 38 E
793 1034 43 38 ÖRE
859 1034 23 38 ÄN
914 1034 32 38 RA
959 1034 122 38 ENN

250 1075 107 27 grunder.

322 1110 173 28 Privilegiibref.
512 1112 79 28 Enligt
600 1110 164 29 förordningen
774 1110 118 28 angående
900 1117 103 21 pressan-

250 1146 207 29 gelägenheterna
448 1141 13 40 i
466 1147 98 22 Finland
574 1147 25 22 af
606 1147 43 22 den
659 1149 26 19 31
696 1146 45 29 Maj
756 1148 65 24 1867,
830 1146 8 20 i
846 1145 111 22 särskilda
966 1146 38 21 de-

250 1183 34 21 lar
295 1183 87 21 ändrad
393 1191 82 20 genom
484 1183 163 28 förordningen
655 1183 45 21 den
712 1185 26 19 18
747 1182 57 22 Juni
815 1184 64 23 1891,
890 1181 113 22 erfordras

250 1218 36 22 för
303 1219 144 28 anläggande
456 1219 25 22 af
487 1219 54 22 bok-
551 1219 53 21 eller
613 1219 150 28 stentryckeri
770 1218 120 21 äfvensom
896 1217 108 28 rättighet

242 1257 42 19 att
308 1255 75 21 drifva
406 1255 128 22 bokhandel
558 1257 58 20 samt
634 1255 60 21 hålla
710 1254 163 22 lånebibliotek
890 1253 42 22 och
947 1253 56 22 läse-

249 1290 106 22 kabinett
377 1291 102 22 tillstånd
503 1291 24 22 af
549 1286 184 33 Öfverstyrelsen
756 1290 37 21 för
813 1289 189 29 pressärendena;

250 1327 44 21 och
314 1327 134 21 förutsätter
470 1327 44 21 den
529 1327 85 28 nådiga
636 1326 180 29 propositionen,
833 1325 7 21 i
860 1325 72 21 likhet
951 1325 52 21 med

249 1363 62 21 hvad
331 1362 149 22 härförinnan
495 1363 59 21 varit
570 1363 113 28 gällande,
700 1365 32 18 att
749 1357 195 32 Öfverstyrelsens
960 1361 45 21 till-

250 1398 203 22 ståndsresolution
477 1399 8 20 i
503 1399 58 21 slika
584 1398 40 21 fall
647 1398 41 21 bör
704 1398 59 21 efter
780 1396 225 29 omständigheterna

250 1434 44 21 och
317 1435 180 28 anläggningens
521 1434 53 21 eller
593 1434 111 21 rörelsens
721 1433 159 22 beskaffenhet
895 1432 109 28 beläggas

250 1470 53 21 med
320 1471 96 28 stämpel
432 1470 51 21 från
502 1472 25 19 10
543 1470 34 21 till
594 1470 42 21 och
652 1469 52 22 med
721 1471 43 20 200
781 1469 45 21 mk.
856 1468 37 21 Då
904 1467 101 22 emeller-
