1098 1753
250 112 13 19 8

249 175 177 27 löneförmåner,
444 183 48 14 som
509 178 56 27 utgå
581 176 53 21 med
650 176 59 21 visst
724 176 84 29 belopp
824 183 41 21 per
882 177 31 25 år,
929 175 74 22 borde

249 213 66 26 tagas
331 211 8 21 i
355 211 150 22 betraktande
521 212 41 22 vid
578 212 126 28 uträkning
719 213 24 20 af
759 212 196 28 stämpelafgiften
965 212 36 22 för

249 246 138 22 fullmakter.
420 247 40 22 Uti
483 248 108 28 gällande
611 248 188 28 aflöningsstater
814 248 37 21 för
866 247 63 22 vissa
944 248 57 22 verk

249 282 77 22 finnas
350 283 123 28 nämligen,
497 286 64 19 utom
586 283 28 22 de
638 283 157 26 förenämnda,
812 286 118 26 upptagna
946 283 55 22 aflö-

249 318 134 29 ningstitlar
397 319 74 22 under
488 327 29 14 en
533 319 86 28 mängd
635 319 168 28 benämningar
821 320 84 26 (såsom
921 319 80 29 tjänst-

249 354 191 29 göringspengar,
477 356 161 25 traktamente,
672 356 133 25 resemedel,
837 355 98 21 tillskott
964 355 40 21 för

248 390 155 29 tjänstgöring
426 391 8 21 i
457 391 177 29 Kejsaredömet
650 399 20 14 o.
688 392 37 27 d.),
742 392 23 21 af
780 391 79 21 hvilka
878 398 28 14 en
923 391 37 21 del
976 394 25 18 är

249 426 24 22 af
288 426 145 29 väsentligen
459 427 121 21 enahanda
602 430 68 18 natur
686 435 49 14 som
751 427 101 22 arvodet.
883 426 118 22 Utskottet

248 462 42 21 har
309 462 71 22 likväl
395 462 50 22 icke
462 466 75 18 ansett
553 463 127 28 anledning
695 463 142 21 förekomma
853 465 32 19 att
903 462 100 29 indraga

249 498 68 21 dessa
341 498 104 22 rubriker
468 498 7 22 i
498 498 180 29 beskattningen
698 499 42 21 och
758 498 134 28 härigenom
909 499 44 21 öka
967 506 32 13 nu

247 534 178 28 ifrågavarande
441 534 174 29 stämpelafgift,
638 542 56 18 som,
713 534 8 22 i
736 534 107 28 förening
859 534 52 22 med
928 534 71 22 andra

249 570 74 28 dryga
352 570 95 28 pålagor
473 573 58 19 samt
560 570 335 28 begrafningshjälpsafdraget
925 570 74 22 under

249 606 40 21 det
311 606 72 22 första
406 606 141 29 tjänsteåret,
572 606 36 22 för
632 607 46 21 den
695 606 103 22 enskilde
813 606 186 29 tjänstemannen

249 642 70 22 äfven
335 643 134 21 därförutan
483 643 89 22 kännes
589 643 88 28 ganska
693 643 154 28 betungande.

321 678 47 22 Vid
383 679 131 25 befordran,
532 681 124 25 transport,
672 679 141 28 tjänstebyte
825 678 55 22 eller
891 678 40 21 vid
942 680 57 19 åter-

248 714 91 21 inträde
354 714 9 21 i
378 713 71 29 tjänst
471 714 58 22 skall
552 714 72 28 enligt
648 714 45 22 den
714 714 86 28 nådiga
818 713 180 29 propositionen,

248 756 50 15 som
313 750 139 21 härutinnan
469 753 24 18 är
509 750 252 22 öfverensstämmande
773 750 53 21 med
837 750 106 28 gällande
953 750 45 21 för-

247 785 109 29 fattning,
369 786 196 28 stämpelafgiften
576 789 94 25 utgöras
682 786 34 21 till
725 786 38 21 det
771 786 92 28 belopp,
875 786 124 26 ,hvarmed

248 821 99 29 afgiften
363 822 36 21 för
416 822 44 21 den
476 829 47 21 nya
542 821 102 29 tjänsten
660 821 154 29 öfverskjuter
831 822 119 21 enahanda
966 821 32 21 af-

247 857 46 27 gift
309 858 37 20 för
370 860 91 19 senaste
483 858 78 28 tjänst,
586 858 114 21 hvardera
715 858 99 28 afgiften
830 857 113 21 uträknad
960 864 38 14 en-

247 892 44 29 ligt
313 893 202 29 bestämningarna
538 893 8 22 i
570 894 76 21 denna
669 894 159 28 förordning".
852 893 69 22 Detta
938 893 59 21 stad-

248 929 76 27 gande
339 929 42 21 har
397 929 8 21 i
420 929 77 29 praxis
520 930 88 21 lemnat
626 937 51 14 rum
692 930 37 21 för
745 930 60 21 olika
821 929 152 28 tillämpning,
989 929 9 21 i

248 964 45 32 det
303 967 33 19 att
352 972 29 14 en
397 965 38 21 del
450 966 163 28 myndigheter
628 966 42 21 vid
685 965 159 28 beräkningen
861 965 23 21 af
899 965 98 28 afgiften

246 1000 38 21 för
300 1000 45 22 den
369 1004 91 18 senaste
483 1001 102 29 tjänsten
608 1003 76 26 utgått
706 1002 52 20 från
777 1001 28 21 de
821 1001 176 25 löneförmåner,

246 1071 103 22 börande
372 1072 117 22 tillträdde
517 1073 140 26 densamma,
686 1073 83 21 medan
795 1072 104 21 däremot
926 1071 72 22 andra

246 1107 163 29 myndigheter
419 1108 58 28 tagit
487 1109 92 28 hänsyn
589 1108 35 21 till
635 1109 82 20 efteråt
727 1108 112 21 inträffad
850 1107 116 28 reglering
974 1107 24 22 af

247 1143 72 28 sagda
329 1143 176 22 löneförmåner.
524 1144 48 21 Vid
582 1144 234 29 Järnvägsstyrelsen
826 1144 41 21 har
878 1143 120 28 därjämte,

246 1179 73 28 enligt
327 1179 62 22 hvad
399 1180 42 21 hos
450 1180 118 21 Utskottet
576 1180 137 28 uppgifvits,
721 1180 75 21 under
805 1180 28 21 de
843 1182 90 19 senaste
943 1182 54 19 åren

246 1214 47 21 den
304 1215 76 28 praxis
388 1215 84 22 vunnit
482 1215 83 28 insteg,
575 1218 33 19 att
618 1215 105 28 afdraget
734 1216 37 21 för
782 1215 45 22 den
839 1217 90 20 senaste
940 1214 57 29 tjän-

247 1253 52 18 sten
315 1250 124 22 beräknats
456 1251 81 22 endast
552 1251 36 21 till
604 1251 39 22 det
658 1251 92 29 belopp,
767 1258 50 15 som
833 1251 36 21 för
886 1251 45 21 den
946 1251 51 21 tidi-

245 1293 56 21 gare
323 1286 138 22 fullmakten
478 1287 96 21 faktiskt
592 1287 92 28 erlagts,
703 1287 88 22 hvilket
811 1286 188 29 beräkningssätt

244 1321 52 22 icke
316 1322 65 21 torde
400 1330 57 14 vara
477 1323 252 21 öfverensstämmande
747 1323 54 21 med
817 1322 180 29 författningens

245 1357 96 29 mening
359 1358 43 21 och
417 1358 8 21 i
440 1358 63 22 vissa
521 1359 42 21 fall
581 1359 46 21 kan
648 1358 64 29 gifva
728 1361 33 18 ett
779 1358 146 28 väsentligen
941 1358 56 22 afvi-

244 1394 77 21 kande
337 1394 102 21 resultat.
470 1394 37 21 En
525 1394 162 28 omarbetning
702 1394 23 21 af
741 1394 70 21 dessa
825 1394 175 28 bestämningar

244 1429 9 21 i
272 1429 61 28 syfte
352 1432 33 19 att
403 1429 144 29 undanrödja
566 1430 31 21 all
616 1430 130 28 otydlighet
764 1429 41 22 vid
820 1429 178 28 tillämpningen

244 1465 43 21 har
302 1465 145 22 fördenskull
462 1465 59 22 varit
537 1466 25 21 af
576 1466 112 21 behofvet
703 1465 114 29 påkallad.
