1106 1756
258 150 26 21 18
472 150 28 23 U.
520 152 26 21 B.
562 163 27 3 —
600 151 73 29 Prop.
690 151 42 23 N:o
748 151 24 22 6.

254 223 66 19 mänt
338 221 186 31 medborgerliga
542 222 138 30 bildningen
698 222 102 22 hörande
819 222 66 22 delar
903 223 24 22 af
944 224 69 20 rätts-

254 256 158 29 vetenskapen
433 259 60 19 samt
511 257 82 22 musik.

324 290 72 22 Det
383 286 15 39 i
419 292 257 28 petitionsmemorialet
703 294 120 26 upptagna
851 292 110 28 beloppet
989 292 23 21 af

256 325 90 27 30,000
365 326 66 21 mark
444 326 88 29 årligen
546 326 74 22 skulle
639 326 101 22 fördelas
752 326 105 28 sålunda,
871 329 36 19 att
922 326 89 28 18,000

254 359 66 22 mark
347 360 109 29 utgåfvos
484 361 75 21 såsom
586 360 128 30 stipendier
741 361 13 21 4
772 361 50 21 450
850 360 65 22 mark
939 360 72 22 bland

253 394 179 22 folkskollärare
458 395 44 22 och
521 395 129 22 lärarinnor
668 395 44 22 och
733 395 89 28 12,000
841 396 65 21 mark
925 399 86 18 använ-

254 428 40 21 des
321 428 36 22 till
383 429 143 22 bekostande
552 430 22 21 af
596 429 206 29 undervisningen,
821 430 82 21 främst
921 429 37 22 till
979 430 32 21 af-

253 462 101 23 lönande
383 463 23 22 af
432 464 82 22 lärare.
550 464 126 22 Allmänna
702 463 235 23 Petitionsutskottet
954 463 57 22 fann

253 497 45 22 den
319 498 69 21 ofvan
408 499 96 28 angifna
523 506 104 15 summan
646 498 130 23 tillsvidare
800 506 57 14 vara
881 498 129 29 tillräcklig

253 532 43 21 och
324 533 72 28 ansåg
420 533 141 29 lämpligast,
592 536 36 19 att
646 533 43 22 den
709 533 133 28 bestyrelse,
862 540 47 15 som
929 532 83 23 anord-

252 566 61 22 nade
340 567 112 22 kurserna
477 568 43 22 och
547 567 118 22 fördelade
687 567 166 30 stipendierna,
873 568 59 21 efter
949 567 62 29 pröf-

253 601 58 28 ning
330 601 71 22 måtte
420 602 79 22 kunna
518 602 86 29 bevilja
622 602 52 22 dem
692 603 37 21 till
748 603 72 28 något
839 602 63 22 olika
918 602 93 29 belopp,

252 635 132 23 400—450
403 637 66 22 mark
488 637 52 22 med
558 637 108 22 afseende
685 636 71 23 bland
775 639 72 20 annat
865 637 14 22 å
897 636 113 23 sökande-

252 677 42 15 nas
322 671 63 22 olika
410 676 62 17 stora
499 671 181 22 resekostnader.
717 671 151 22 Beträffande
887 671 123 22 kursernas

252 705 159 29 organisation
431 706 43 22 och
493 706 97 29 ledning
608 706 56 22 fann
690 706 116 22 utskottet
832 705 178 23 ändamålsenli-

251 743 61 24 gast,
335 743 35 18 att
397 740 77 22 denna
501 740 159 23 anförtroddes
684 741 25 21 åt
726 748 29 14 en
773 741 84 28 fåtalig
875 740 134 29 bestyrelse,

251 781 50 14 som
320 774 120 29 själffallet
458 775 40 22 vid
517 775 70 22 behof
605 775 78 22 kunde
702 775 128 30 adjungera
848 774 161 23 utomstående

252 815 110 22 personer
380 809 52 22 med
457 809 159 28 fackinsikter,
635 809 43 23 och
696 809 102 30 föreslog
824 809 115 22 utskottet
958 809 51 22 där-

250 843 43 28 för,
312 843 8 21 i
339 843 138 30 anslutning
492 844 36 21 till
547 844 194 29 petitionärernas
759 844 94 29 förslag,
873 846 34 19 ett
925 843 84 22 sädant

251 877 197 29 tillvägagäende,
462 881 34 19 att
509 879 102 22 Senaten
630 879 71 22 mätte
714 878 100 23 anmoda
826 878 182 23 Universitetets

250 911 166 23 konsistorium
434 915 36 20 att
488 913 8 22 i
514 913 141 29 bestyrelsen
674 915 50 20 utse
743 916 87 19 tvänne
858 912 43 23 och
929 909 78 26 Öfver-

250 947 114 27 styrelsen
391 947 36 21 för
454 947 164 23 skolväsendet
645 950 35 19 att
707 948 8 20 i
742 948 134 21 densamma
900 949 51 19 utse
978 955 29 13 en

250 980 106 22 medlem.
392 981 46 22 Det
467 982 81 28 anslag
574 989 48 15 som
649 982 36 21 för
709 982 124 22 kursernas
858 981 149 22 anordnande

250 1014 136 30 beviljades,
406 1017 73 28 ansäg
497 1016 115 22 utskottet
633 1016 135 29 lämpligast
787 1016 56 22 böra
862 1016 81 22 ställas
970 1016 37 21 till

248 1049 156 29 bestyrelsens
423 1050 146 30 disposition.

318 1084 64 22 Enär
400 1087 35 19 ett
453 1087 59 20 stort
530 1086 64 21 antal
612 1085 177 23 folkskollärare
808 1085 43 21 och
876 1084 131 22 lärarinnor

248 1118 83 28 finnes,
350 1118 82 23 hvilka
451 1120 20 28 ej
491 1120 79 22 kunna
588 1120 56 29 följa
663 1120 52 22 med
734 1127 28 14 en
781 1119 169 29 undervisning
977 1120 30 28 pä

248 1152 41 22 det
316 1152 73 23 andra
416 1154 121 22 inhemska
563 1154 101 29 spräket,
682 1154 40 29 läg
744 1154 39 21 det
801 1154 8 21 i
828 1153 83 22 sakens
930 1156 75 25 natur,

248 1189 36 19 att
312 1187 111 23 kurserna
445 1188 80 30 hvarje
550 1189 62 28 gång
631 1189 65 22 skola
714 1196 56 14 vara
789 1188 146 29 enspråkiga.
971 1188 35 21 De

248 1221 73 22 borde
347 1222 122 29 själffallet
496 1223 27 22 de
547 1223 67 22 flesta
632 1224 25 21 är
675 1223 74 22 hållas
768 1223 30 29 pä
816 1222 83 28 finska,
919 1230 52 14 men
989 1225 16 19 t.

246 1262 36 15 ex.
311 1256 69 22 hvart
407 1257 71 22 femte
504 1258 26 21 är
556 1258 29 28 pä
613 1258 105 21 svenska.
754 1257 64 21 Enär
845 1256 40 22 det
904 1260 103 19 närmast

246 1290 80 28 gällde
345 1293 35 19 att
399 1292 65 21 anslä
482 1292 74 22 medel
575 1292 81 22 endast
674 1292 36 22 för
728 1294 86 20 tvänne
833 1292 32 27 är,
882 1292 64 22 1906
963 1291 44 22 och

249 1325 73 28 1907,
341 1325 61 22 hade
429 1327 114 21 utskottet
561 1326 69 22 tänkt
648 1327 42 28 sig,
709 1328 35 20 att
762 1326 120 28 kurserna,
901 1326 36 22 för
954 1326 51 22 vin-

246 1359 78 22 nande
352 1360 24 21 af
402 1360 176 29 fullständigast
600 1361 95 29 möjliga
713 1360 139 28 erfarenhet,
870 1360 136 29 lämpligast

246 1393 76 22 skulle
349 1394 116 22 anordnas
484 1395 44 22 den
546 1403 44 14 ena
607 1396 92 28 gängen
718 1396 30 28 pä
766 1395 82 27 finska,
867 1395 46 21 den
933 1394 72 23 andra

244 1428 32 28 pä
294 1428 108 22 svenska.

315 1504 145 19 Statsutskottets
473 1506 109 18 betänkande
594 1507 37 17 N:o
643 1507 17 17 2.
