<?xml version="1.0" encoding="UTF-8"?>
<alto xmlns="http://www.loc.gov/standards/alto/ns-v3#" xmlns:xlink="http://www.w3.org/1999/xlink" xmlns:xsi="http://www.w3.org/2001/XMLSchema-instance" xsi:schemaLocation="http://www.loc.gov/standards/alto/ns-v3# http://www.loc.gov/alto/v3/alto-3-0.xsd">
	<Description>
		<MeasurementUnit>pixel</MeasurementUnit>
		<sourceImageInformation>
			<fileName>/tmp/tess_1rqf8h3u_input.PNG</fileName>
		</sourceImageInformation>
		<OCRProcessing ID="OCR_0">
			<ocrProcessingStep>
				<processingSoftware>
					<softwareName>tesseract 5.3.4</softwareName>
				</processingSoftware>
			</ocrProcessingStep>
		</OCRProcessing>
	</Description>
	<Layout>
		<Page WIDTH="1100" HEIGHT="1750" PHYSICAL_IMG_NR="0" ID="page_0">
			<PrintSpace HPOS="0" VPOS="0" WIDTH="1100" HEIGHT="1750">
				<ComposedBlock ID="cblock_0" HPOS="380" VPOS="117" WIDTH="479" HEIGHT="23">
					<TextBlock ID="block_0" HPOS="380" VPOS="117" WIDTH="479" HEIGHT="23">
						<TextLine ID="line_0" HPOS="380" VPOS="117" WIDTH="479" HEIGHT="23">
							<String ID="string_0" HPOS="380" VPOS="118" WIDTH="22" HEIGHT="18" WC="0.90" CONTENT="U."/><SP WIDTH="14" VPOS="118" HPOS="402"/>
							<String ID="string_1" HPOS="416" VPOS="117" WIDTH="21" HEIGHT="18" WC="0.92" CONTENT="B."/><SP WIDTH="13" VPOS="117" HPOS="437"/>
							<String ID="string_2" HPOS="450" VPOS="117" WIDTH="59" HEIGHT="23" WC="0.95" CONTENT="Prop."/><SP WIDTH="13" VPOS="117" HPOS="509"/>
							<String ID="string_3" HPOS="522" VPOS="118" WIDTH="37" HEIGHT="18" WC="0.96" CONTENT="N:o"/><SP WIDTH="12" VPOS="118" HPOS="559"/>
							<String ID="string_4" HPOS="571" VPOS="118" WIDTH="19" HEIGHT="17" WC="0.94" CONTENT="5."/><SP WIDTH="248" VPOS="118" HPOS="590"/>
							<String ID="string_5" HPOS="838" VPOS="117" WIDTH="21" HEIGHT="17" WC="0.90" CONTENT="41"/>
						</TextLine>
					</TextBlock>
				</ComposedBlock>
				<ComposedBlock ID="cblock_1" HPOS="109" VPOS="176" WIDTH="758" HEIGHT="853">
					<TextBlock ID="block_1" HPOS="109" VPOS="176" WIDTH="756" HEIGHT="595">
						<TextLine ID="line_1" HPOS="109" VPOS="176" WIDTH="751" HEIGHT="29">
							<String ID="string_6" HPOS="109" VPOS="176" WIDTH="44" HEIGHT="28" WC="0.96" CONTENT="liga"/><SP WIDTH="16" VPOS="176" HPOS="153"/>
							<String ID="string_7" HPOS="169" VPOS="177" WIDTH="7" HEIGHT="20" WC="0.96" CONTENT="i"/><SP WIDTH="16" VPOS="177" HPOS="176"/>
							<String ID="string_8" HPOS="192" VPOS="178" WIDTH="35" HEIGHT="20" WC="0.96" CONTENT="att"/><SP WIDTH="16" VPOS="178" HPOS="227"/>
							<String ID="string_9" HPOS="243" VPOS="176" WIDTH="106" HEIGHT="22" WC="0.96" CONTENT="särskildt"/><SP WIDTH="15" VPOS="176" HPOS="349"/>
							<String ID="string_10" HPOS="364" VPOS="177" WIDTH="81" HEIGHT="21" WC="0.96" CONTENT="belöna"/><SP WIDTH="15" VPOS="177" HPOS="445"/>
							<String ID="string_11" HPOS="460" VPOS="178" WIDTH="138" HEIGHT="27" WC="0.96" CONTENT="tjänstemän"/><SP WIDTH="11" VPOS="178" HPOS="598"/>
							<String ID="string_12" HPOS="609" VPOS="177" WIDTH="34" HEIGHT="21" WC="0.96" CONTENT="för"/><SP WIDTH="10" VPOS="177" HPOS="643"/>
							<String ID="string_13" HPOS="653" VPOS="177" WIDTH="110" HEIGHT="27" WC="0.96" CONTENT="åtgärder,"/><SP WIDTH="13" VPOS="177" HPOS="763"/>
							<String ID="string_14" HPOS="776" VPOS="177" WIDTH="84" HEIGHT="27" WC="0.96" CONTENT="hvilka,"/>
						</TextLine>
						<TextLine ID="line_2" HPOS="110" VPOS="212" WIDTH="749" HEIGHT="28">
							<String ID="string_15" HPOS="110" VPOS="213" WIDTH="72" HEIGHT="21" WC="0.96" CONTENT="såsom"/><SP WIDTH="24" VPOS="213" HPOS="182"/>
							<String ID="string_16" HPOS="206" VPOS="212" WIDTH="38" HEIGHT="22" WC="0.92" CONTENT="vid"/><SP WIDTH="23" VPOS="212" HPOS="244"/>
							<String ID="string_17" HPOS="267" VPOS="212" WIDTH="127" HEIGHT="22" WC="0.91" CONTENT="beifrandet"/><SP WIDTH="22" VPOS="212" HPOS="394"/>
							<String ID="string_18" HPOS="416" VPOS="212" WIDTH="24" HEIGHT="22" WC="0.90" CONTENT="af"/><SP WIDTH="23" VPOS="212" HPOS="440"/>
							<String ID="string_19" HPOS="463" VPOS="212" WIDTH="207" HEIGHT="28" WC="0.90" CONTENT="lagöfverträdelser"/><SP WIDTH="20" VPOS="212" HPOS="670"/>
							<String ID="string_20" HPOS="690" VPOS="212" WIDTH="40" HEIGHT="22" WC="0.96" CONTENT="här"/><SP WIDTH="19" VPOS="212" HPOS="730"/>
							<String ID="string_21" HPOS="749" VPOS="214" WIDTH="25" HEIGHT="20" WC="0.96" CONTENT="är"/><SP WIDTH="16" VPOS="214" HPOS="774"/>
							<String ID="string_22" HPOS="790" VPOS="212" WIDTH="69" HEIGHT="28" WC="0.96" CONTENT="fallet,"/>
						</TextLine>
						<TextLine ID="line_3" HPOS="110" VPOS="248" WIDTH="749" HEIGHT="29">
							<String ID="string_23" HPOS="110" VPOS="250" WIDTH="37" HEIGHT="19" WC="0.96" CONTENT="äro"/><SP WIDTH="20" VPOS="250" HPOS="147"/>
							<String ID="string_24" HPOS="167" VPOS="249" WIDTH="36" HEIGHT="20" WC="0.96" CONTENT="att"/><SP WIDTH="20" VPOS="249" HPOS="203"/>
							<String ID="string_25" HPOS="223" VPOS="248" WIDTH="96" HEIGHT="22" WC="0.96" CONTENT="hänföra"/><SP WIDTH="20" VPOS="248" HPOS="319"/>
							<String ID="string_26" HPOS="339" VPOS="248" WIDTH="32" HEIGHT="21" WC="0.96" CONTENT="till"/><SP WIDTH="18" VPOS="248" HPOS="371"/>
							<String ID="string_27" HPOS="389" VPOS="248" WIDTH="64" HEIGHT="22" WC="0.93" CONTENT="deras"/><SP WIDTH="17" VPOS="248" HPOS="453"/>
							<String ID="string_28" HPOS="470" VPOS="248" WIDTH="171" HEIGHT="29" WC="0.91" CONTENT="tjänsteplikter,"/><SP WIDTH="18" VPOS="248" HPOS="641"/>
							<String ID="string_29" HPOS="659" VPOS="248" WIDTH="41" HEIGHT="22" WC="0.96" CONTENT="och"/><SP WIDTH="16" VPOS="248" HPOS="700"/>
							<String ID="string_30" HPOS="716" VPOS="250" WIDTH="35" HEIGHT="20" WC="0.93" CONTENT="att"/><SP WIDTH="16" VPOS="250" HPOS="751"/>
							<String ID="string_31" HPOS="767" VPOS="248" WIDTH="92" HEIGHT="28" WC="0.92" CONTENT="följakt-"/>
						</TextLine>
						<TextLine ID="line_4" HPOS="110" VPOS="283" WIDTH="751" HEIGHT="29">
							<String ID="string_32" HPOS="110" VPOS="284" WIDTH="57" HEIGHT="26" WC="0.96" CONTENT="ligen"/><SP WIDTH="29" VPOS="284" HPOS="167"/>
							<String ID="string_33" HPOS="196" VPOS="283" WIDTH="27" HEIGHT="21" WC="0.96" CONTENT="de"/><SP WIDTH="28" VPOS="283" HPOS="223"/>
							<String ID="string_34" HPOS="251" VPOS="290" WIDTH="79" HEIGHT="21" WC="0.92" CONTENT="genom"/><SP WIDTH="26" VPOS="290" HPOS="330"/>
							<String ID="string_35" HPOS="356" VPOS="283" WIDTH="189" HEIGHT="29" WC="0.78" CONTENT="länestyrelserna"/><SP WIDTH="27" VPOS="283" HPOS="545"/>
							<String ID="string_36" HPOS="572" VPOS="285" WIDTH="24" HEIGHT="21" WC="0.93" CONTENT="ät"/><SP WIDTH="23" VPOS="285" HPOS="596"/>
							<String ID="string_37" HPOS="619" VPOS="284" WIDTH="178" HEIGHT="22" WC="0.92" CONTENT="kronolänsmän"/><SP WIDTH="24" VPOS="284" HPOS="797"/>
							<String ID="string_38" HPOS="821" VPOS="284" WIDTH="40" HEIGHT="22" WC="0.95" CONTENT="och"/>
						</TextLine>
						<TextLine ID="line_5" HPOS="110" VPOS="319" WIDTH="751" HEIGHT="28">
							<String ID="string_39" HPOS="110" VPOS="319" WIDTH="79" HEIGHT="28" WC="0.95" CONTENT="poliser"/><SP WIDTH="22" VPOS="319" HPOS="189"/>
							<String ID="string_40" HPOS="211" VPOS="319" WIDTH="106" HEIGHT="22" WC="0.93" CONTENT="utdelade"/><SP WIDTH="25" VPOS="319" HPOS="317"/>
							<String ID="string_41" HPOS="342" VPOS="319" WIDTH="159" HEIGHT="28" WC="0.90" CONTENT="belöningarna"/><SP WIDTH="26" VPOS="319" HPOS="501"/>
							<String ID="string_42" HPOS="527" VPOS="320" WIDTH="46" HEIGHT="21" WC="0.84" CONTENT="»för"/><SP WIDTH="23" VPOS="320" HPOS="573"/>
							<String ID="string_43" HPOS="596" VPOS="320" WIDTH="106" HEIGHT="22" WC="0.93" CONTENT="särskildt"/><SP WIDTH="24" VPOS="320" HPOS="702"/>
							<String ID="string_44" HPOS="726" VPOS="320" WIDTH="45" HEIGHT="22" WC="0.88" CONTENT="nit&gt;"/><SP WIDTH="24" VPOS="320" HPOS="771"/>
							<String ID="string_45" HPOS="795" VPOS="320" WIDTH="66" HEIGHT="22" WC="0.96" CONTENT="borde"/>
						</TextLine>
						<TextLine ID="line_6" HPOS="111" VPOS="354" WIDTH="750" HEIGHT="29">
							<String ID="string_46" HPOS="111" VPOS="354" WIDTH="117" HEIGHT="22" WC="0.86" CONTENT="afskaffas."/><SP WIDTH="32" VPOS="354" HPOS="228"/>
							<String ID="string_47" HPOS="260" VPOS="354" WIDTH="116" HEIGHT="22" WC="0.94" CONTENT="Utskottet"/><SP WIDTH="21" VPOS="354" HPOS="376"/>
							<String ID="string_48" HPOS="397" VPOS="355" WIDTH="40" HEIGHT="21" WC="0.96" CONTENT="har"/><SP WIDTH="16" VPOS="355" HPOS="437"/>
							<String ID="string_49" HPOS="453" VPOS="355" WIDTH="106" HEIGHT="22" WC="0.96" CONTENT="omfattat"/><SP WIDTH="17" VPOS="355" HPOS="559"/>
							<String ID="string_50" HPOS="576" VPOS="356" WIDTH="74" HEIGHT="21" WC="0.96" CONTENT="denna"/><SP WIDTH="16" VPOS="356" HPOS="650"/>
							<String ID="string_51" HPOS="666" VPOS="356" WIDTH="66" HEIGHT="27" WC="0.96" CONTENT="åsikt,"/><SP WIDTH="18" VPOS="356" HPOS="732"/>
							<String ID="string_52" HPOS="750" VPOS="356" WIDTH="56" HEIGHT="21" WC="0.93" CONTENT="dock"/><SP WIDTH="17" VPOS="356" HPOS="806"/>
							<String ID="string_53" HPOS="823" VPOS="356" WIDTH="38" HEIGHT="21" WC="0.92" CONTENT="så-"/>
						</TextLine>
						<TextLine ID="line_7" HPOS="111" VPOS="390" WIDTH="750" HEIGHT="29">
							<String ID="string_54" HPOS="111" VPOS="390" WIDTH="74" HEIGHT="28" WC="0.91" CONTENT="lunda,"/><SP WIDTH="18" VPOS="390" HPOS="185"/>
							<String ID="string_55" HPOS="203" VPOS="392" WIDTH="35" HEIGHT="20" WC="0.96" CONTENT="att"/><SP WIDTH="15" VPOS="392" HPOS="238"/>
							<String ID="string_56" HPOS="253" VPOS="391" WIDTH="139" HEIGHT="28" WC="0.96" CONTENT="tjänsteman"/><SP WIDTH="10" VPOS="391" HPOS="392"/>
							<String ID="string_57" HPOS="402" VPOS="391" WIDTH="131" HEIGHT="28" WC="0.96" CONTENT="visserligen"/><SP WIDTH="10" VPOS="391" HPOS="533"/>
							<String ID="string_58" HPOS="543" VPOS="392" WIDTH="67" HEIGHT="21" WC="0.93" CONTENT="borde"/><SP WIDTH="12" VPOS="392" HPOS="610"/>
							<String ID="string_59" HPOS="622" VPOS="392" WIDTH="145" HEIGHT="21" WC="0.90" CONTENT="utbekomma"/><SP WIDTH="12" VPOS="392" HPOS="767"/>
							<String ID="string_60" HPOS="779" VPOS="393" WIDTH="82" HEIGHT="20" WC="0.92" CONTENT="ersätt-"/>
						</TextLine>
						<TextLine ID="line_8" HPOS="111" VPOS="426" WIDTH="751" HEIGHT="29">
							<String ID="string_61" HPOS="111" VPOS="427" WIDTH="54" HEIGHT="26" WC="0.95" CONTENT="ning"/><SP WIDTH="22" VPOS="427" HPOS="165"/>
							<String ID="string_62" HPOS="187" VPOS="426" WIDTH="34" HEIGHT="22" WC="0.96" CONTENT="för"/><SP WIDTH="23" VPOS="426" HPOS="221"/>
							<String ID="string_63" HPOS="244" VPOS="426" WIDTH="27" HEIGHT="21" WC="0.96" CONTENT="de"/><SP WIDTH="22" VPOS="426" HPOS="271"/>
							<String ID="string_64" HPOS="293" VPOS="426" WIDTH="122" HEIGHT="22" WC="0.96" CONTENT="kostnader"/><SP WIDTH="20" VPOS="426" HPOS="415"/>
							<String ID="string_65" HPOS="435" VPOS="427" WIDTH="46" HEIGHT="21" WC="0.96" CONTENT="han"/><SP WIDTH="22" VPOS="427" HPOS="481"/>
							<String ID="string_66" HPOS="503" VPOS="427" WIDTH="87" HEIGHT="28" WC="0.95" CONTENT="ådragit"/><SP WIDTH="23" VPOS="427" HPOS="590"/>
							<String ID="string_67" HPOS="613" VPOS="428" WIDTH="34" HEIGHT="27" WC="0.96" CONTENT="sig"/><SP WIDTH="20" VPOS="428" HPOS="647"/>
							<String ID="string_68" HPOS="667" VPOS="427" WIDTH="33" HEIGHT="22" WC="0.93" CONTENT="för"/><SP WIDTH="19" VPOS="427" HPOS="700"/>
							<String ID="string_69" HPOS="719" VPOS="427" WIDTH="143" HEIGHT="22" WC="0.92" CONTENT="anställande"/>
						</TextLine>
						<TextLine ID="line_9" HPOS="111" VPOS="461" WIDTH="751" HEIGHT="30">
							<String ID="string_70" HPOS="111" VPOS="461" WIDTH="24" HEIGHT="22" WC="0.96" CONTENT="af"/><SP WIDTH="16" VPOS="461" HPOS="135"/>
							<String ID="string_71" HPOS="151" VPOS="461" WIDTH="76" HEIGHT="30" WC="0.96" CONTENT="dylika"/><SP WIDTH="16" VPOS="461" HPOS="227"/>
							<String ID="string_72" HPOS="243" VPOS="462" WIDTH="54" HEIGHT="27" WC="0.95" CONTENT="åtal,"/><SP WIDTH="17" VPOS="462" HPOS="297"/>
							<String ID="string_73" HPOS="314" VPOS="469" WIDTH="50" HEIGHT="15" WC="0.95" CONTENT="men"/><SP WIDTH="18" VPOS="469" HPOS="364"/>
							<String ID="string_74" HPOS="382" VPOS="463" WIDTH="34" HEIGHT="21" WC="0.95" CONTENT="att"/><SP WIDTH="15" VPOS="463" HPOS="416"/>
							<String ID="string_75" HPOS="431" VPOS="462" WIDTH="27" HEIGHT="22" WC="0.96" CONTENT="de"/><SP WIDTH="17" VPOS="462" HPOS="458"/>
							<String ID="string_76" HPOS="475" VPOS="463" WIDTH="113" HEIGHT="28" WC="0.93" CONTENT="egentliga"/><SP WIDTH="15" VPOS="463" HPOS="588"/>
							<String ID="string_77" HPOS="603" VPOS="463" WIDTH="161" HEIGHT="28" WC="0.92" CONTENT="belöningarna"/><SP WIDTH="16" VPOS="463" HPOS="764"/>
							<String ID="string_78" HPOS="780" VPOS="463" WIDTH="34" HEIGHT="22" WC="0.93" CONTENT="för"/><SP WIDTH="11" VPOS="463" HPOS="814"/>
							<String ID="string_79" HPOS="825" VPOS="464" WIDTH="37" HEIGHT="21" WC="0.92" CONTENT="så-"/>
						</TextLine>
						<TextLine ID="line_10" HPOS="113" VPOS="497" WIDTH="750" HEIGHT="24">
							<String ID="string_80" HPOS="113" VPOS="497" WIDTH="55" HEIGHT="22" WC="0.92" CONTENT="dant"/><SP WIDTH="23" VPOS="497" HPOS="168"/>
							<String ID="string_81" HPOS="191" VPOS="498" WIDTH="58" HEIGHT="21" WC="0.62" CONTENT="»nit»"/><SP WIDTH="23" VPOS="498" HPOS="249"/>
							<String ID="string_82" HPOS="272" VPOS="498" WIDTH="67" HEIGHT="22" WC="0.93" CONTENT="borde"/><SP WIDTH="16" VPOS="498" HPOS="339"/>
							<String ID="string_83" HPOS="355" VPOS="498" WIDTH="110" HEIGHT="22" WC="0.91" CONTENT="bortfalla."/><SP WIDTH="31" VPOS="498" HPOS="465"/>
							<String ID="string_84" HPOS="496" VPOS="499" WIDTH="35" HEIGHT="21" WC="0.96" CONTENT="Då"/><SP WIDTH="16" VPOS="499" HPOS="531"/>
							<String ID="string_85" HPOS="547" VPOS="499" WIDTH="112" HEIGHT="22" WC="0.96" CONTENT="utskottet"/><SP WIDTH="16" VPOS="499" HPOS="659"/>
							<String ID="string_86" HPOS="675" VPOS="499" WIDTH="123" HEIGHT="21" WC="0.96" CONTENT="emellertid"/><SP WIDTH="16" VPOS="499" HPOS="798"/>
							<String ID="string_87" HPOS="814" VPOS="499" WIDTH="49" HEIGHT="21" WC="0.96" CONTENT="icke"/>
						</TextLine>
						<TextLine ID="line_11" HPOS="112" VPOS="533" WIDTH="751" HEIGHT="30">
							<String ID="string_88" HPOS="112" VPOS="533" WIDTH="89" HEIGHT="22" WC="0.96" CONTENT="kunnat"/><SP WIDTH="18" VPOS="533" HPOS="201"/>
							<String ID="string_89" HPOS="219" VPOS="534" WIDTH="86" HEIGHT="21" WC="0.96" CONTENT="erhålla"/><SP WIDTH="15" VPOS="534" HPOS="305"/>
							<String ID="string_90" HPOS="320" VPOS="534" WIDTH="134" HEIGHT="29" WC="0.96" CONTENT="upplysning"/><SP WIDTH="17" VPOS="534" HPOS="454"/>
							<String ID="string_91" HPOS="471" VPOS="534" WIDTH="82" HEIGHT="28" WC="0.96" CONTENT="därom,"/><SP WIDTH="17" VPOS="534" HPOS="553"/>
							<String ID="string_92" HPOS="570" VPOS="535" WIDTH="58" HEIGHT="21" WC="0.96" CONTENT="huru"/><SP WIDTH="16" VPOS="535" HPOS="628"/>
							<String ID="string_93" HPOS="644" VPOS="536" WIDTH="45" HEIGHT="20" WC="0.96" CONTENT="stor"/><SP WIDTH="16" VPOS="536" HPOS="689"/>
							<String ID="string_94" HPOS="705" VPOS="534" WIDTH="35" HEIGHT="22" WC="0.96" CONTENT="del"/><SP WIDTH="16" VPOS="534" HPOS="740"/>
							<String ID="string_95" HPOS="756" VPOS="535" WIDTH="23" HEIGHT="21" WC="0.96" CONTENT="af"/><SP WIDTH="16" VPOS="535" HPOS="779"/>
							<String ID="string_96" HPOS="795" VPOS="534" WIDTH="68" HEIGHT="22" WC="0.96" CONTENT="dessa"/>
						</TextLine>
						<TextLine ID="line_12" HPOS="112" VPOS="569" WIDTH="751" HEIGHT="29">
							<String ID="string_97" HPOS="112" VPOS="569" WIDTH="96" HEIGHT="28" WC="0.90" CONTENT="250,000"/><SP WIDTH="23" VPOS="569" HPOS="208"/>
							<String ID="string_98" HPOS="231" VPOS="569" WIDTH="71" HEIGHT="29" WC="0.92" CONTENT="mark,"/><SP WIDTH="17" VPOS="569" HPOS="302"/>
							<String ID="string_99" HPOS="319" VPOS="577" WIDTH="47" HEIGHT="15" WC="0.92" CONTENT="som"/><SP WIDTH="20" VPOS="577" HPOS="366"/>
							<String ID="string_100" HPOS="386" VPOS="571" WIDTH="75" HEIGHT="27" WC="0.91" CONTENT="åtgått"/><SP WIDTH="16" VPOS="571" HPOS="461"/>
							<String ID="string_101" HPOS="477" VPOS="571" WIDTH="33" HEIGHT="21" WC="0.96" CONTENT="till"/><SP WIDTH="17" VPOS="571" HPOS="510"/>
							<String ID="string_102" HPOS="527" VPOS="571" WIDTH="125" HEIGHT="22" WC="0.96" CONTENT="kontrollen"/><SP WIDTH="17" VPOS="571" HPOS="652"/>
							<String ID="string_103" HPOS="669" VPOS="571" WIDTH="23" HEIGHT="21" WC="0.93" CONTENT="af"/><SP WIDTH="15" VPOS="571" HPOS="692"/>
							<String ID="string_104" HPOS="707" VPOS="570" WIDTH="156" HEIGHT="22" WC="0.91" CONTENT="bränvinstill-"/>
						</TextLine>
						<TextLine ID="line_13" HPOS="112" VPOS="605" WIDTH="751" HEIGHT="30">
							<String ID="string_105" HPOS="112" VPOS="605" WIDTH="138" HEIGHT="28" WC="0.91" CONTENT="verkningen"/><SP WIDTH="21" VPOS="605" HPOS="250"/>
							<String ID="string_106" HPOS="271" VPOS="606" WIDTH="40" HEIGHT="22" WC="0.96" CONTENT="och"/><SP WIDTH="16" VPOS="606" HPOS="311"/>
							<String ID="string_107" HPOS="327" VPOS="606" WIDTH="57" HEIGHT="22" WC="0.96" CONTENT="huru"/><SP WIDTH="17" VPOS="606" HPOS="384"/>
							<String ID="string_108" HPOS="401" VPOS="608" WIDTH="46" HEIGHT="20" WC="0.96" CONTENT="stor"/><SP WIDTH="15" VPOS="608" HPOS="447"/>
							<String ID="string_109" HPOS="462" VPOS="606" WIDTH="35" HEIGHT="22" WC="0.96" CONTENT="del"/><SP WIDTH="16" VPOS="606" HPOS="497"/>
							<String ID="string_110" HPOS="513" VPOS="614" WIDTH="48" HEIGHT="14" WC="0.96" CONTENT="som"/><SP WIDTH="16" VPOS="614" HPOS="561"/>
							<String ID="string_111" HPOS="577" VPOS="607" WIDTH="124" HEIGHT="21" WC="0.96" CONTENT="utbetalats"/><SP WIDTH="16" VPOS="607" HPOS="701"/>
							<String ID="string_112" HPOS="717" VPOS="607" WIDTH="34" HEIGHT="21" WC="0.92" CONTENT="till"/><SP WIDTH="15" VPOS="607" HPOS="751"/>
							<String ID="string_113" HPOS="766" VPOS="608" WIDTH="97" HEIGHT="27" WC="0.92" CONTENT="tjänste-"/>
						</TextLine>
						<TextLine ID="line_14" HPOS="114" VPOS="642" WIDTH="749" HEIGHT="28">
							<String ID="string_114" HPOS="114" VPOS="643" WIDTH="51" HEIGHT="19" WC="0.95" CONTENT="män"/><SP WIDTH="24" VPOS="643" HPOS="165"/>
							<String ID="string_115" HPOS="189" VPOS="643" WIDTH="75" HEIGHT="20" WC="0.92" CONTENT="såsom"/><SP WIDTH="24" VPOS="643" HPOS="264"/>
							<String ID="string_116" HPOS="288" VPOS="642" WIDTH="126" HEIGHT="28" WC="0.74" CONTENT="&amp;rsättning"/><SP WIDTH="19" VPOS="642" HPOS="414"/>
							<String ID="string_117" HPOS="433" VPOS="642" WIDTH="34" HEIGHT="22" WC="0.96" CONTENT="för"/><SP WIDTH="16" VPOS="642" HPOS="467"/>
							<String ID="string_118" HPOS="483" VPOS="642" WIDTH="64" HEIGHT="22" WC="0.96" CONTENT="deras"/><SP WIDTH="17" VPOS="642" HPOS="547"/>
							<String ID="string_119" HPOS="564" VPOS="642" WIDTH="103" HEIGHT="28" WC="0.96" CONTENT="åtgärder"/><SP WIDTH="16" VPOS="642" HPOS="667"/>
							<String ID="string_120" HPOS="683" VPOS="644" WIDTH="6" HEIGHT="20" WC="0.96" CONTENT="i"/><SP WIDTH="17" VPOS="644" HPOS="689"/>
							<String ID="string_121" HPOS="706" VPOS="642" WIDTH="40" HEIGHT="22" WC="0.96" CONTENT="och"/><SP WIDTH="15" VPOS="642" HPOS="746"/>
							<String ID="string_122" HPOS="761" VPOS="642" WIDTH="35" HEIGHT="22" WC="0.93" CONTENT="för"/><SP WIDTH="15" VPOS="642" HPOS="796"/>
							<String ID="string_123" HPOS="811" VPOS="644" WIDTH="52" HEIGHT="20" WC="0.92" CONTENT="åta-"/>
						</TextLine>
						<TextLine ID="line_15" HPOS="112" VPOS="676" WIDTH="751" HEIGHT="30">
							<String ID="string_124" HPOS="112" VPOS="676" WIDTH="66" HEIGHT="22" WC="0.96" CONTENT="lande"/><SP WIDTH="17" VPOS="676" HPOS="178"/>
							<String ID="string_125" HPOS="195" VPOS="677" WIDTH="24" HEIGHT="21" WC="0.96" CONTENT="af"/><SP WIDTH="15" VPOS="677" HPOS="219"/>
							<String ID="string_126" HPOS="234" VPOS="684" WIDTH="109" HEIGHT="22" WC="0.96" CONTENT="personer,"/><SP WIDTH="18" VPOS="684" HPOS="343"/>
							<String ID="string_127" HPOS="361" VPOS="678" WIDTH="78" HEIGHT="22" WC="0.93" CONTENT="hvilka"/><SP WIDTH="16" VPOS="678" HPOS="439"/>
							<String ID="string_128" HPOS="455" VPOS="678" WIDTH="124" HEIGHT="22" WC="0.91" CONTENT="öfverträdt"/><SP WIDTH="15" VPOS="678" HPOS="579"/>
							<String ID="string_129" HPOS="594" VPOS="678" WIDTH="269" HEIGHT="27" WC="0.92" CONTENT="bränvinsförordningen,"/>
						</TextLine>
						<TextLine ID="line_16" HPOS="112" VPOS="713" WIDTH="753" HEIGHT="29">
							<String ID="string_130" HPOS="112" VPOS="713" WIDTH="41" HEIGHT="21" WC="0.96" CONTENT="har"/><SP WIDTH="22" VPOS="713" HPOS="153"/>
							<String ID="string_131" HPOS="175" VPOS="713" WIDTH="116" HEIGHT="22" WC="0.96" CONTENT="Utskottet"/><SP WIDTH="24" VPOS="713" HPOS="291"/>
							<String ID="string_132" HPOS="315" VPOS="715" WIDTH="76" HEIGHT="21" WC="0.93" CONTENT="ansett"/><SP WIDTH="23" VPOS="715" HPOS="391"/>
							<String ID="string_133" HPOS="414" VPOS="714" WIDTH="104" HEIGHT="28" WC="0.92" CONTENT="önskligt,"/><SP WIDTH="25" VPOS="714" HPOS="518"/>
							<String ID="string_134" HPOS="543" VPOS="716" WIDTH="35" HEIGHT="20" WC="0.96" CONTENT="att"/><SP WIDTH="21" VPOS="716" HPOS="578"/>
							<String ID="string_135" HPOS="599" VPOS="722" WIDTH="28" HEIGHT="14" WC="0.96" CONTENT="en"/><SP WIDTH="22" VPOS="722" HPOS="627"/>
							<String ID="string_136" HPOS="649" VPOS="714" WIDTH="118" HEIGHT="28" WC="0.96" CONTENT="utredning"/><SP WIDTH="20" VPOS="714" HPOS="767"/>
							<String ID="string_137" HPOS="787" VPOS="714" WIDTH="78" HEIGHT="22" WC="0.96" CONTENT="härom"/>
						</TextLine>
						<TextLine ID="line_17" HPOS="113" VPOS="748" WIDTH="395" HEIGHT="23">
							<String ID="string_138" HPOS="113" VPOS="750" WIDTH="70" HEIGHT="20" WC="0.93" CONTENT="måtte"/><SP WIDTH="16" VPOS="750" HPOS="183"/>
							<String ID="string_139" HPOS="199" VPOS="748" WIDTH="120" HEIGHT="23" WC="0.92" CONTENT="framdeles"/><SP WIDTH="16" VPOS="748" HPOS="319"/>
							<String ID="string_140" HPOS="335" VPOS="750" WIDTH="173" HEIGHT="21" WC="0.96" CONTENT="åstadkommas."/>
						</TextLine>
					</TextBlock>
					<TextBlock ID="block_2" HPOS="113" VPOS="785" WIDTH="754" HEIGHT="244">
						<TextLine ID="line_18" HPOS="188" VPOS="785" WIDTH="677" HEIGHT="29">
							<String ID="string_141" HPOS="188" VPOS="785" WIDTH="9" HEIGHT="21" WC="0.96" CONTENT="I"/><SP WIDTH="16" VPOS="785" HPOS="197"/>
							<String ID="string_142" HPOS="213" VPOS="785" WIDTH="100" HEIGHT="27" WC="0.96" CONTENT="enlighet"/><SP WIDTH="21" VPOS="785" HPOS="313"/>
							<String ID="string_143" HPOS="334" VPOS="785" WIDTH="49" HEIGHT="22" WC="0.96" CONTENT="med"/><SP WIDTH="17" VPOS="785" HPOS="383"/>
							<String ID="string_144" HPOS="400" VPOS="786" WIDTH="34" HEIGHT="21" WC="0.96" CONTENT="sin"/><SP WIDTH="18" VPOS="786" HPOS="434"/>
							<String ID="string_145" HPOS="452" VPOS="785" WIDTH="152" HEIGHT="29" WC="0.96" CONTENT="uppfattning,"/><SP WIDTH="17" VPOS="785" HPOS="604"/>
							<String ID="string_146" HPOS="621" VPOS="787" WIDTH="35" HEIGHT="21" WC="0.95" CONTENT="att"/><SP WIDTH="17" VPOS="787" HPOS="656"/>
							<String ID="string_147" HPOS="673" VPOS="787" WIDTH="71" HEIGHT="27" WC="0.93" CONTENT="någon"/><SP WIDTH="17" VPOS="787" HPOS="744"/>
							<String ID="string_148" HPOS="761" VPOS="786" WIDTH="104" HEIGHT="26" WC="0.86" CONTENT="belönivg"/>
						</TextLine>
						<TextLine ID="line_19" HPOS="113" VPOS="820" WIDTH="752" HEIGHT="30">
							<String ID="string_149" HPOS="113" VPOS="820" WIDTH="48" HEIGHT="22" WC="0.96" CONTENT="icke"/><SP WIDTH="16" VPOS="820" HPOS="161"/>
							<String ID="string_150" HPOS="177" VPOS="820" WIDTH="40" HEIGHT="22" WC="0.96" CONTENT="bör"/><SP WIDTH="16" VPOS="820" HPOS="217"/>
							<String ID="string_151" HPOS="233" VPOS="821" WIDTH="98" HEIGHT="21" WC="0.96" CONTENT="tilldelas"/><SP WIDTH="16" VPOS="821" HPOS="331"/>
							<String ID="string_152" HPOS="347" VPOS="822" WIDTH="139" HEIGHT="28" WC="0.96" CONTENT="tjänstemän"/><SP WIDTH="16" VPOS="822" HPOS="486"/>
							<String ID="string_153" HPOS="502" VPOS="822" WIDTH="34" HEIGHT="21" WC="0.96" CONTENT="för"/><SP WIDTH="16" VPOS="822" HPOS="536"/>
							<String ID="string_154" HPOS="552" VPOS="821" WIDTH="38" HEIGHT="22" WC="0.96" CONTENT="det"/><SP WIDTH="16" VPOS="821" HPOS="590"/>
							<String ID="string_155" HPOS="606" VPOS="821" WIDTH="27" HEIGHT="22" WC="0.93" CONTENT="de"/><SP WIDTH="11" VPOS="821" HPOS="633"/>
							<String ID="string_156" HPOS="644" VPOS="822" WIDTH="7" HEIGHT="21" WC="0.93" CONTENT="i"/><SP WIDTH="11" VPOS="822" HPOS="651"/>
							<String ID="string_157" HPOS="662" VPOS="822" WIDTH="106" HEIGHT="21" WC="0.93" CONTENT="afseende"/><SP WIDTH="12" VPOS="822" HPOS="768"/>
							<String ID="string_158" HPOS="780" VPOS="823" WIDTH="14" HEIGHT="20" WC="0.89" CONTENT="å"/><SP WIDTH="13" VPOS="823" HPOS="794"/>
							<String ID="string_159" HPOS="807" VPOS="821" WIDTH="58" HEIGHT="22" WC="0.92" CONTENT="beif-"/>
						</TextLine>
						<TextLine ID="line_20" HPOS="113" VPOS="856" WIDTH="753" HEIGHT="30">
							<String ID="string_160" HPOS="113" VPOS="856" WIDTH="80" HEIGHT="22" WC="0.92" CONTENT="randet"/><SP WIDTH="22" VPOS="856" HPOS="193"/>
							<String ID="string_161" HPOS="215" VPOS="856" WIDTH="25" HEIGHT="22" WC="0.93" CONTENT="af"/><SP WIDTH="23" VPOS="856" HPOS="240"/>
							<String ID="string_162" HPOS="263" VPOS="857" WIDTH="169" HEIGHT="22" WC="0.91" CONTENT="öfverträdelser"/><SP WIDTH="24" VPOS="857" HPOS="432"/>
							<String ID="string_163" HPOS="456" VPOS="858" WIDTH="50" HEIGHT="21" WC="0.93" CONTENT="utaf"/><SP WIDTH="20" VPOS="858" HPOS="506"/>
							<String ID="string_164" HPOS="526" VPOS="857" WIDTH="265" HEIGHT="28" WC="0.92" CONTENT="bränvinsförordningen"/><SP WIDTH="19" VPOS="857" HPOS="791"/>
							<String ID="string_165" HPOS="810" VPOS="857" WIDTH="56" HEIGHT="29" WC="0.95" CONTENT="fylla"/>
						</TextLine>
						<TextLine ID="line_21" HPOS="114" VPOS="892" WIDTH="752" HEIGHT="30">
							<String ID="string_166" HPOS="114" VPOS="892" WIDTH="34" HEIGHT="21" WC="0.96" CONTENT="sin"/><SP WIDTH="17" VPOS="892" HPOS="148"/>
							<String ID="string_167" HPOS="165" VPOS="892" WIDTH="62" HEIGHT="29" WC="0.96" CONTENT="plikt,"/><SP WIDTH="18" VPOS="892" HPOS="227"/>
							<String ID="string_168" HPOS="245" VPOS="892" WIDTH="35" HEIGHT="22" WC="0.95" CONTENT="får"/><SP WIDTH="16" VPOS="892" HPOS="280"/>
							<String ID="string_169" HPOS="296" VPOS="892" WIDTH="121" HEIGHT="28" WC="0.96" CONTENT="Utskottet,"/><SP WIDTH="18" VPOS="892" HPOS="417"/>
							<String ID="string_170" HPOS="435" VPOS="893" WIDTH="108" HEIGHT="21" WC="0.95" CONTENT="likaledes"/><SP WIDTH="11" VPOS="893" HPOS="543"/>
							<String ID="string_171" HPOS="554" VPOS="894" WIDTH="62" HEIGHT="20" WC="0.96" CONTENT="utom"/><SP WIDTH="15" VPOS="894" HPOS="616"/>
							<String ID="string_172" HPOS="631" VPOS="894" WIDTH="35" HEIGHT="21" WC="0.96" CONTENT="att"/><SP WIDTH="10" VPOS="894" HPOS="666"/>
							<String ID="string_173" HPOS="676" VPOS="893" WIDTH="69" HEIGHT="28" WC="0.96" CONTENT="ingå"/><SP WIDTH="-6" VPOS="893" HPOS="745"/>
							<String ID="string_174" HPOS="739" VPOS="888" WIDTH="13" HEIGHT="38" WC="0.93" CONTENT="i"/><SP WIDTH="11" VPOS="888" HPOS="752"/>
							<String ID="string_175" HPOS="763" VPOS="892" WIDTH="103" HEIGHT="30" WC="0.91" CONTENT="pröfning"/>
						</TextLine>
						<TextLine ID="line_22" HPOS="116" VPOS="928" WIDTH="751" HEIGHT="30">
							<String ID="string_176" HPOS="116" VPOS="928" WIDTH="24" HEIGHT="21" WC="0.96" CONTENT="af"/><SP WIDTH="22" VPOS="928" HPOS="140"/>
							<String ID="string_177" HPOS="162" VPOS="928" WIDTH="38" HEIGHT="22" WC="0.96" CONTENT="det"/><SP WIDTH="15" VPOS="928" HPOS="200"/>
							<String ID="string_178" HPOS="215" VPOS="928" WIDTH="126" HEIGHT="28" WC="0.93" CONTENT="föreslagna"/><SP WIDTH="16" VPOS="928" HPOS="341"/>
							<String ID="string_179" HPOS="357" VPOS="929" WIDTH="221" HEIGHT="29" WC="0.92" CONTENT="penningsbeloppet,"/><SP WIDTH="19" VPOS="929" HPOS="578"/>
							<String ID="string_180" HPOS="597" VPOS="929" WIDTH="113" HEIGHT="21" WC="0.92" CONTENT="vördsamt"/><SP WIDTH="15" VPOS="929" HPOS="710"/>
							<String ID="string_181" HPOS="725" VPOS="929" WIDTH="89" HEIGHT="26" WC="0.96" CONTENT="föreslå,"/><SP WIDTH="18" VPOS="929" HPOS="814"/>
							<String ID="string_182" HPOS="832" VPOS="930" WIDTH="35" HEIGHT="20" WC="0.96" CONTENT="att"/>
						</TextLine>
						<TextLine ID="line_23" HPOS="114" VPOS="963" WIDTH="751" HEIGHT="31">
							<String ID="string_183" HPOS="114" VPOS="963" WIDTH="127" HEIGHT="23" WC="0.91" CONTENT="Ständerna"/><SP WIDTH="23" VPOS="963" HPOS="241"/>
							<String ID="string_184" HPOS="264" VPOS="966" WIDTH="71" HEIGHT="20" WC="0.96" CONTENT="måtte"/><SP WIDTH="24" VPOS="966" HPOS="335"/>
							<String ID="string_185" HPOS="359" VPOS="964" WIDTH="120" HEIGHT="28" WC="0.96" CONTENT="godkänna"/><SP WIDTH="23" VPOS="964" HPOS="479"/>
							<String ID="string_186" HPOS="502" VPOS="965" WIDTH="14" HEIGHT="21" WC="0.93" CONTENT="2"/><SP WIDTH="23" VPOS="965" HPOS="516"/>
							<String ID="string_187" HPOS="539" VPOS="964" WIDTH="14" HEIGHT="30" WC="0.91" CONTENT="&amp;"/><SP WIDTH="19" VPOS="964" HPOS="553"/>
							<String ID="string_188" HPOS="572" VPOS="965" WIDTH="7" HEIGHT="21" WC="0.96" CONTENT="1"/><SP WIDTH="20" VPOS="965" HPOS="579"/>
							<String ID="string_189" HPOS="599" VPOS="972" WIDTH="64" HEIGHT="14" WC="0.96" CONTENT="mom."/><SP WIDTH="17" VPOS="972" HPOS="663"/>
							<String ID="string_190" HPOS="680" VPOS="964" WIDTH="24" HEIGHT="22" WC="0.96" CONTENT="af"/><SP WIDTH="15" VPOS="964" HPOS="704"/>
							<String ID="string_191" HPOS="719" VPOS="964" WIDTH="50" HEIGHT="22" WC="0.93" CONTENT="nåd."/><SP WIDTH="18" VPOS="964" HPOS="769"/>
							<String ID="string_192" HPOS="787" VPOS="971" WIDTH="78" HEIGHT="22" WC="0.93" CONTENT="propo-"/>
						</TextLine>
						<TextLine ID="line_24" HPOS="114" VPOS="1000" WIDTH="493" HEIGHT="29">
							<String ID="string_193" HPOS="114" VPOS="1000" WIDTH="96" HEIGHT="21" WC="0.90" CONTENT="sitionen"/><SP WIDTH="17" VPOS="1000" HPOS="210"/>
							<String ID="string_194" HPOS="227" VPOS="1000" WIDTH="5" HEIGHT="20" WC="0.96" CONTENT="i"/><SP WIDTH="17" VPOS="1000" HPOS="232"/>
							<String ID="string_195" HPOS="249" VPOS="1000" WIDTH="100" HEIGHT="28" WC="0.95" CONTENT="följande"/><SP WIDTH="16" VPOS="1000" HPOS="349"/>
							<String ID="string_196" HPOS="365" VPOS="1000" WIDTH="134" HEIGHT="22" WC="0.96" CONTENT="förändrade"/><SP WIDTH="16" VPOS="1000" HPOS="499"/>
							<String ID="string_197" HPOS="515" VPOS="1000" WIDTH="92" HEIGHT="29" WC="0.96" CONTENT="lydelse:"/>
						</TextLine>
					</TextBlock>
				</ComposedBlock>
				<ComposedBlock ID="cblock_2" HPOS="257" VPOS="1065" WIDTH="612" HEIGHT="166">
					<TextBlock ID="block_3" HPOS="257" VPOS="1065" WIDTH="612" HEIGHT="166">
						<TextLine ID="line_25" HPOS="336" VPOS="1065" WIDTH="531" HEIGHT="29">
							<String ID="string_198" HPOS="336" VPOS="1066" WIDTH="42" HEIGHT="22" WC="0.96" CONTENT="Till"/><SP WIDTH="16" VPOS="1066" HPOS="378"/>
							<String ID="string_199" HPOS="394" VPOS="1066" WIDTH="117" HEIGHT="22" WC="0.93" CONTENT="kontrollen"/><SP WIDTH="18" VPOS="1066" HPOS="511"/>
							<String ID="string_200" HPOS="529" VPOS="1065" WIDTH="60" HEIGHT="27" WC="0.89" CONTENT="äfver"/><SP WIDTH="10" VPOS="1065" HPOS="589"/>
							<String ID="string_201" HPOS="599" VPOS="1066" WIDTH="268" HEIGHT="28" WC="0.79" CONTENT="bränvinstillverkningen"/>
						</TextLine>
						<TextLine ID="line_26" HPOS="258" VPOS="1101" WIDTH="609" HEIGHT="29">
							<String ID="string_202" HPOS="258" VPOS="1102" WIDTH="80" HEIGHT="27" WC="0.92" CONTENT="(utesl.)"/><SP WIDTH="15" VPOS="1102" HPOS="338"/>
							<String ID="string_203" HPOS="353" VPOS="1102" WIDTH="44" HEIGHT="22" WC="0.96" CONTENT="och"/><SP WIDTH="16" VPOS="1102" HPOS="397"/>
							<String ID="string_204" HPOS="413" VPOS="1102" WIDTH="162" HEIGHT="22" WC="0.96" CONTENT="bestridande"/><SP WIDTH="14" VPOS="1102" HPOS="575"/>
							<String ID="string_205" HPOS="589" VPOS="1101" WIDTH="31" HEIGHT="27" WC="0.93" CONTENT="af"/><SP WIDTH="7" VPOS="1101" HPOS="620"/>
							<String ID="string_206" HPOS="627" VPOS="1102" WIDTH="167" HEIGHT="28" WC="0.91" CONTENT="åklagarenes"/><SP WIDTH="10" VPOS="1102" HPOS="794"/>
							<String ID="string_207" HPOS="804" VPOS="1102" WIDTH="63" HEIGHT="22" WC="0.91" CONTENT="kost-"/>
						</TextLine>
						<TextLine ID="line_27" HPOS="257" VPOS="1137" WIDTH="610" HEIGHT="27">
							<String ID="string_208" HPOS="257" VPOS="1138" WIDTH="78" HEIGHT="21" WC="0.95" CONTENT="nader"/><SP WIDTH="20" VPOS="1138" HPOS="335"/>
							<String ID="string_209" HPOS="355" VPOS="1138" WIDTH="37" HEIGHT="21" WC="0.93" CONTENT="vid"/><SP WIDTH="18" VPOS="1138" HPOS="392"/>
							<String ID="string_210" HPOS="410" VPOS="1138" WIDTH="118" HEIGHT="26" WC="0.90" CONTENT="beifrandet"/><SP WIDTH="17" VPOS="1138" HPOS="528"/>
							<String ID="string_211" HPOS="545" VPOS="1137" WIDTH="28" HEIGHT="27" WC="0.93" CONTENT="af"/><SP WIDTH="12" VPOS="1137" HPOS="573"/>
							<String ID="string_212" HPOS="585" VPOS="1137" WIDTH="163" HEIGHT="27" WC="0.91" CONTENT="öfverträdelser"/><SP WIDTH="15" VPOS="1137" HPOS="748"/>
							<String ID="string_213" HPOS="763" VPOS="1137" WIDTH="29" HEIGHT="27" WC="0.93" CONTENT="af"/><SP WIDTH="12" VPOS="1137" HPOS="792"/>
							<String ID="string_214" HPOS="804" VPOS="1138" WIDTH="63" HEIGHT="21" WC="0.92" CONTENT="brän-"/>
						</TextLine>
						<TextLine ID="line_28" HPOS="263" VPOS="1173" WIDTH="606" HEIGHT="29">
							<String ID="string_215" HPOS="263" VPOS="1173" WIDTH="242" HEIGHT="29" WC="0.87" CONTENT="vinsförfattningarna,"/><SP WIDTH="30" VPOS="1173" HPOS="505"/>
							<String ID="string_216" HPOS="535" VPOS="1174" WIDTH="122" HEIGHT="28" WC="0.60" CONTENT="törslagsvis"/><SP WIDTH="20" VPOS="1174" HPOS="657"/>
							<String ID="string_217" HPOS="677" VPOS="1175" WIDTH="106" HEIGHT="25" WC="0.91" CONTENT="250,000"/><SP WIDTH="22" VPOS="1175" HPOS="783"/>
							<String ID="string_218" HPOS="805" VPOS="1173" WIDTH="64" HEIGHT="22" WC="0.96" CONTENT="mark"/>
						</TextLine>
						<TextLine ID="line_29" HPOS="258" VPOS="1209" WIDTH="99" HEIGHT="22">
							<String ID="string_219" HPOS="258" VPOS="1217" WIDTH="33" HEIGHT="14" WC="0.95" CONTENT="om"/><SP WIDTH="16" VPOS="1217" HPOS="291"/>
							<String ID="string_220" HPOS="307" VPOS="1209" WIDTH="50" HEIGHT="22" WC="0.95" CONTENT="året."/>
						</TextLine>
					</TextBlock>
				</ComposedBlock>
				<ComposedBlock ID="cblock_3" HPOS="116" VPOS="1351" WIDTH="753" HEIGHT="135">
					<TextBlock ID="block_4" HPOS="116" VPOS="1351" WIDTH="753" HEIGHT="135">
						<TextLine ID="line_30" HPOS="187" VPOS="1351" WIDTH="681" HEIGHT="28">
							<String ID="string_221" HPOS="187" VPOS="1352" WIDTH="118" HEIGHT="22" WC="0.96" CONTENT="Utskottet"/><SP WIDTH="16" VPOS="1352" HPOS="305"/>
							<String ID="string_222" HPOS="321" VPOS="1352" WIDTH="41" HEIGHT="22" WC="0.96" CONTENT="har"/><SP WIDTH="17" VPOS="1352" HPOS="362"/>
							<String ID="string_223" HPOS="379" VPOS="1352" WIDTH="76" HEIGHT="22" WC="0.96" CONTENT="vidare"/><SP WIDTH="12" VPOS="1352" HPOS="455"/>
							<String ID="string_224" HPOS="467" VPOS="1353" WIDTH="51" HEIGHT="21" WC="0.96" CONTENT="med"/><SP WIDTH="11" VPOS="1353" HPOS="518"/>
							<String ID="string_225" HPOS="529" VPOS="1352" WIDTH="121" HEIGHT="27" WC="0.96" CONTENT="anledning"/><SP WIDTH="11" VPOS="1352" HPOS="650"/>
							<String ID="string_226" HPOS="661" VPOS="1352" WIDTH="24" HEIGHT="21" WC="0.96" CONTENT="af"/><SP WIDTH="11" VPOS="1352" HPOS="685"/>
							<String ID="string_227" HPOS="696" VPOS="1352" WIDTH="26" HEIGHT="21" WC="0.93" CONTENT="de"/><SP WIDTH="10" VPOS="1352" HPOS="722"/>
							<String ID="string_228" HPOS="732" VPOS="1351" WIDTH="136" HEIGHT="27" WC="0.90" CONTENT="önsknings-"/>
						</TextLine>
						<TextLine ID="line_31" HPOS="116" VPOS="1387" WIDTH="753" HEIGHT="29">
							<String ID="string_229" HPOS="116" VPOS="1388" WIDTH="50" HEIGHT="26" WC="0.94" CONTENT="mål,"/><SP WIDTH="19" VPOS="1388" HPOS="166"/>
							<String ID="string_230" HPOS="185" VPOS="1388" WIDTH="78" HEIGHT="21" WC="0.96" CONTENT="hvilka"/><SP WIDTH="19" VPOS="1388" HPOS="263"/>
							<String ID="string_231" HPOS="282" VPOS="1388" WIDTH="19" HEIGHT="28" WC="0.96" CONTENT="ej"/><SP WIDTH="17" VPOS="1388" HPOS="301"/>
							<String ID="string_232" HPOS="318" VPOS="1388" WIDTH="85" HEIGHT="21" WC="0.96" CONTENT="mindre"/><SP WIDTH="17" VPOS="1388" HPOS="403"/>
							<String ID="string_233" HPOS="420" VPOS="1388" WIDTH="38" HEIGHT="21" WC="0.93" CONTENT="vid"/><SP WIDTH="16" VPOS="1388" HPOS="458"/>
							<String ID="string_234" HPOS="474" VPOS="1388" WIDTH="213" HEIGHT="21" WC="0.91" CONTENT="remissdebatterna"/><SP WIDTH="16" VPOS="1388" HPOS="687"/>
							<String ID="string_235" HPOS="703" VPOS="1387" WIDTH="7" HEIGHT="21" WC="0.96" CONTENT="i"/><SP WIDTH="16" VPOS="1387" HPOS="710"/>
							<String ID="string_236" HPOS="726" VPOS="1387" WIDTH="97" HEIGHT="22" WC="0.96" CONTENT="stånden"/><SP WIDTH="16" VPOS="1387" HPOS="823"/>
							<String ID="string_237" HPOS="839" VPOS="1388" WIDTH="30" HEIGHT="20" WC="0.96" CONTENT="än"/>
						</TextLine>
						<TextLine ID="line_32" HPOS="116" VPOS="1422" WIDTH="753" HEIGHT="23">
							<String ID="string_238" HPOS="116" VPOS="1423" WIDTH="41" HEIGHT="21" WC="0.96" CONTENT="ock"/><SP WIDTH="20" VPOS="1423" HPOS="157"/>
							<String ID="string_239" HPOS="177" VPOS="1424" WIDTH="60" HEIGHT="21" WC="0.95" CONTENT="inom"/><SP WIDTH="22" VPOS="1424" HPOS="237"/>
							<String ID="string_240" HPOS="259" VPOS="1423" WIDTH="115" HEIGHT="22" WC="0.96" CONTENT="Utskottet"/><SP WIDTH="20" VPOS="1423" HPOS="374"/>
							<String ID="string_241" HPOS="394" VPOS="1423" WIDTH="135" HEIGHT="22" WC="0.96" CONTENT="framhållits"/><SP WIDTH="16" VPOS="1423" HPOS="529"/>
							<String ID="string_242" HPOS="545" VPOS="1423" WIDTH="94" HEIGHT="22" WC="0.93" CONTENT="rörande"/><SP WIDTH="16" VPOS="1423" HPOS="639"/>
							<String ID="string_243" HPOS="655" VPOS="1422" WIDTH="214" HEIGHT="23" WC="0.91" CONTENT="bränvinsskattens"/>
						</TextLine>
						<TextLine ID="line_33" HPOS="116" VPOS="1457" WIDTH="753" HEIGHT="29">
							<String ID="string_244" HPOS="116" VPOS="1458" WIDTH="147" HEIGHT="28" WC="0.96" CONTENT="användning"/><SP WIDTH="23" VPOS="1458" HPOS="263"/>
							<String ID="string_245" HPOS="286" VPOS="1459" WIDTH="34" HEIGHT="21" WC="0.96" CONTENT="för"/><SP WIDTH="23" VPOS="1459" HPOS="320"/>
							<String ID="string_246" HPOS="343" VPOS="1459" WIDTH="88" HEIGHT="21" WC="0.96" CONTENT="sådana"/><SP WIDTH="23" VPOS="1459" HPOS="431"/>
							<String ID="string_247" HPOS="454" VPOS="1459" WIDTH="114" HEIGHT="27" WC="0.95" CONTENT="ändamål,"/><SP WIDTH="21" VPOS="1459" HPOS="568"/>
							<String ID="string_248" HPOS="589" VPOS="1458" WIDTH="90" HEIGHT="22" WC="0.93" CONTENT="hvilkas"/><SP WIDTH="16" VPOS="1458" HPOS="679"/>
							<String ID="string_249" HPOS="695" VPOS="1457" WIDTH="174" HEIGHT="29" WC="0.91" CONTENT="tillgodoseende"/>
						</TextLine>
					</TextBlock>
				</ComposedBlock>
			</PrintSpace>
		</Page>
	</Layout>
</alto>
