1103 1756
246 110 12 18 4
518 112 22 18 U.
554 111 21 18 B.
589 111 61 24 Prop.
662 112 37 18 N:o
712 112 18 18 5.

246 170 91 22 skatten
354 170 111 23 föranledt
481 172 74 27 någon
572 171 85 28 ökning
672 171 24 22 af
712 178 54 15 vare
782 170 35 28 sig
832 170 166 29 lurendrejeriet

246 206 54 22 eller
309 206 200 28 lönnbränningen.
519 207 179 23 Konsumtionen
709 208 41 22 har
760 206 72 23 under
842 206 28 22 de
880 206 14 22 7
905 207 91 21 senaste

246 243 54 21 åren
316 243 68 21 varit:

398 308 24 24 År
481 314 2 2 N
610 304 50 38 Liter
768 314 51 18 Liter
832 314 5 17 i
850 314 88 18 medeltal

796 350 32 17 per
840 349 66 18 person

378 386 56 22 1899
467 404 3 4 .
503 404 3 4 .
538 404 3 4 .
573 387 119 28 8,470,657
724 405 3 3 .
760 404 3 4 .
796 404 3 4 .
832 386 39 28 3,35

378 422 56 22 1900
465 441 4 3 .
502 440 3 4 .
538 440 3 4 .
573 423 119 28 8,516,528
724 440 4 4 .
760 440 3 4 .
795 440 3 4 .
831 422 40 28 3,4

378 459 54 22 1901
466 476 3 4 .
502 477 4 4 .
539 477 4 4 .
574 459 118 28 7,472763
724 477 4 4 .
760 478 3 3 .
796 476 3 4 .
831 458 41 28 2,8

378 495 56 22 1902
466 512 3 5 .
537 512 4 4 0.
573 495 117 28 6579541
724 513 2 4 >
759 513 3 3 .
795 512 3 4 .
831 494 40 28 24

378 530 56 22 1903
466 548 3 4 .
501 549 4 3 .
538 549 3 3 .
573 531 119 28 6,782934
724 549 3 3 .
760 549 3 3 .
795 548 3 3 .
831 530 40 28 255

378 566 56 22 1904
466 584 3 4 .
502 585 3 3 .
538 585 3 3 .
573 567 118 28 6,695,809
724 585 3 3 .
759 585 3 3 .
795 584 3 3 .
831 567 40 27 2,38

378 602 56 22 1905
467 621 3 3 .
502 620 3 4 .
538 620 3 4 .
574 603 118 28 6922985
726 621 1 3 .
760 620 3 4 .
796 619 3 4 .
832 615 27 2 —

316 680 115 29 Därjämte
451 680 41 22 har
512 680 71 22 under
602 681 27 21 de
646 682 90 21 senaste
753 682 54 20 åren
824 687 28 14 en
869 679 128 28 minskning

244 715 86 22 inträdt
345 716 34 21 uti
396 716 86 22 antalet
497 723 111 22 personer,
626 716 78 22 hvilka
718 716 39 22 vid
766 716 118 22 underrätt
892 715 104 22 tilltalats

243 752 43 21 och
302 752 104 21 sakfällts
423 752 32 22 för
471 752 160 22 öfverträdelse
651 752 23 22 af
689 751 307 28 bränvinsförfattningarna.

244 782 32 27 Är
293 788 57 21 1882
366 795 42 15 var
424 788 87 22 antalet
527 788 24 22 af
566 788 89 22 sädana
670 788 112 23 sakfällde
798 790 62 19 ännu
872 787 72 28 2,659,
955 787 41 22 och

244 823 71 22 under
336 823 27 22 de
383 824 57 21 sista
458 825 53 21 ären
528 824 24 21 af
569 824 127 22 1890-talet
711 832 41 15 var
768 823 65 23 detta
849 823 64 22 antal
928 823 67 22 omkr.

246 859 64 27 1,000
326 867 36 14 om
378 861 54 20 äret.
464 860 74 22 Sedan
555 860 52 22 dess
623 860 40 22 har
674 859 175 29 ifrägavarande
861 859 63 22 antal
935 859 62 22 öfver

243 895 89 22 hufvud
348 895 99 28 nedgätt,
465 897 26 20 sä
507 897 35 20 att
558 896 126 22 detsamma

512 969 24 20 är
555 968 56 22 1900
627 975 41 14 var
683 968 43 22 740

520 1014 7 8 »
553 1004 55 22 1901
644 1015 8 8 »
685 1004 43 22 660

519 1050 8 8 >
552 1040 57 22 1902
644 1051 7 7 >
684 1041 44 21 812

519 1086 8 8 >
553 1075 56 23 1903
644 1087 8 8 >
684 1077 44 21 757

518 1121 9 9 »
552 1112 57 22 1904
643 1122 8 8 »
684 1112 44 22 664

242 1182 90 28 (hvaraf
348 1184 14 20 ä
377 1183 156 29 landsbygden
551 1183 45 22 438
613 1183 40 22 och
668 1184 8 21 i
692 1183 107 22 städerna
815 1181 57 30 226).
903 1181 92 22 Nedan-

242 1218 94 22 stäende
360 1218 50 22 frän
434 1219 121 22 tullverket
579 1219 101 22 erhällna
700 1218 131 23 statistiska
847 1217 69 22 tabell
933 1217 62 22 öfver

241 1254 52 27 mål,
310 1261 48 15 som
374 1255 40 22 hos
431 1255 161 28 Tullstyrelsen
609 1255 98 22 anmälts
724 1253 119 29 angående
852 1253 143 29 lurendrejeri

241 1289 41 22 och
307 1290 187 28 tullförsnillning,
521 1291 59 22 visar
603 1291 74 26 äfven,
702 1292 36 21 att
761 1289 47 23 mål
829 1289 25 22 af
870 1289 74 22 denna
960 1291 35 20 art

241 1325 71 22 under
327 1326 27 21 de
371 1328 90 20 senaste
478 1328 53 20 åren
548 1327 59 21 varit
622 1327 164 28 jämförelsevis
802 1325 118 29 sällsynta.
