1098 1750
232 136 29 19 22

233 199 108 21 särskildt
357 200 34 21 till
407 202 33 19 att
456 207 30 14 en
501 200 94 27 förhöjd
611 200 235 27 skattefrihetsgräns,
860 200 72 28 jämte
943 200 40 21 det

232 235 48 21 den
303 235 72 22 skulle
398 238 142 27 uppmuntra
562 236 45 26 flit,
631 236 107 21 omtanke
761 235 44 22 och
831 235 152 28 sparsamhet,

233 271 71 21 äfven
314 279 55 14 vore
380 272 76 28 egnad
467 274 33 19 att
510 271 83 28 främja
604 272 45 21 den
660 279 17 14 s.
690 273 20 20 k.
723 272 142 28 egna-hems-
877 272 43 21 och
930 271 53 21 hus-

232 307 246 26 mansbruksrörelsen,
490 307 42 22 har
547 315 30 14 en
589 308 116 21 minoritet
717 307 61 22 inom
792 307 117 22 Utskottet
921 307 62 21 velat

232 342 56 29 höja
310 346 100 25 gränsen
434 343 60 22 ända
515 343 36 22 till
574 347 66 22 5,000
657 344 70 21 mark.
759 343 31 22 Så
805 344 65 27 långt
885 343 42 21 har
942 343 41 21 Ut-

233 379 87 21 skottet
343 379 58 22 dock
424 379 50 22 icke
495 379 62 22 velat
573 383 36 25 gå.
641 380 66 21 Inom
723 379 142 22 vidsträckta
880 379 64 28 lager
960 379 23 22 af

234 417 52 19 vårt
310 415 48 21 folk
380 415 116 22 betraktas
516 416 117 28 nämligen
655 419 32 18 ett
703 416 95 25 dödsbo,
815 415 123 22 utvisande
954 422 29 14 en

235 450 135 29 behållning
386 452 23 21 af
424 455 66 22 4,000
507 454 13 19 &
536 455 66 23 5,000
618 453 65 20 mark
699 452 20 29 ej
736 454 75 19 såsom
830 451 152 25 obemedladt,

232 486 97 22 hvarför
349 487 45 22 den
417 487 244 29 billighetssynpunkt,
687 495 55 19 som,
765 487 73 28 enligt
852 487 131 22 Utskottets

234 522 66 27 åsikt,
316 523 77 22 kunde
410 523 42 22 och
468 523 72 22 borde
555 523 41 22 vid
607 524 94 27 frågans
709 523 144 22 bedömande
865 523 117 28 anläggas,

234 557 20 29 ej
271 558 79 29 längre
367 559 59 29 ägde
442 559 162 29 tillämplighet
619 563 30 25 pä
665 560 67 21 dessa
742 559 51 26 fall;
807 560 42 21 och
861 559 28 22 de
901 559 82 22 ekono-

233 594 75 22 miska
319 595 78 29 syften
405 596 158 21 minoritetens
571 596 88 28 förslag
668 596 107 22 särskildt
786 596 79 27 afsäge
875 597 32 19 att
916 595 67 21 främ-

230 630 33 28 ja,
272 630 77 22 blefve
362 630 26 29 ju
405 632 69 21 äfven
491 639 83 20 genom
591 639 28 15 en
635 632 134 28 förhöjning
785 632 23 21 af
819 631 165 21 skattefrihets-

234 669 100 25 gränsen
350 667 59 21 intill
425 671 65 22 3,000
506 668 65 21 mark
587 668 7 21 i
611 668 108 21 afsevärd
734 667 58 29 grad
807 666 176 29 tillgodosedda.

306 702 118 23 Utskottet
444 703 42 22 har
506 703 7 22 i
533 703 102 28 enlighet
658 704 54 21 med
735 704 40 21 sitt
798 703 71 22 ofvan
884 702 101 21 nämnda

232 737 78 22 beslut
341 739 172 22 omformulerat
543 747 32 13 nu
600 739 177 29 ifrågavarande
805 739 179 27 bestämningar,

233 773 100 23 hvarvid
356 782 29 14 en
406 775 52 21 från
477 775 45 22 den
538 775 85 28 nådiga
638 775 173 29 propositionen
837 777 71 26 något
929 774 56 22 afvi-

233 809 77 22 kande
320 811 159 28 uppställning
495 811 96 21 kommit
601 811 34 21 till
647 811 156 28 användning.
820 811 37 21 Då
867 810 118 28 kartering

234 845 25 22 af
280 845 339 30 bouppteckningsinstrument
641 847 58 22 efter
719 847 45 22 den
780 847 95 28 angifna
891 846 94 21 tariffen

234 881 84 22 endast
340 882 178 29 ifrågakommer
543 882 9 21 i
577 883 39 21 det
636 883 41 21 fall
703 886 32 18 att
757 883 162 21 instrumentet
943 882 42 21 hos

234 917 111 22 domaren
374 918 126 27 (eventuelt
525 918 7 21 i
558 919 255 28 rädstufvurättsarkiv)
837 921 83 26 upptes
949 918 36 21 för

233 953 183 30 inregistrering,
435 955 41 20 har
487 955 125 28 uttrycklig
627 955 146 28 bestämning
789 955 77 20 härom
883 953 102 28 intagits.

234 989 38 21 En
295 989 89 22 mindre
403 990 142 21 redaktionel
565 991 104 28 ändring,
686 991 82 21 afsedd
790 993 33 18 att
841 989 145 29 undanrödja

235 1061 25 21 af
275 1061 119 22 Utskottet
408 1062 117 28 vidtagits.

306 1097 168 29 Förskrifning.
486 1098 78 28 Enligt
572 1098 159 28 stadgandena
738 1098 34 21 uti
781 1097 107 29 gällande
897 1097 88 21 förord-

234 1132 59 28 ning
309 1134 108 28 stämplas
433 1134 159 28 förskrifning,
604 1136 13 19 å
625 1134 94 22 hvilken
728 1133 144 28 afbetalning
881 1136 38 25 egt
927 1140 58 18 rum,

234 1169 84 22 endast
328 1169 58 22 efter
396 1170 63 21 hvad
470 1170 7 21 i
488 1170 86 29 kapital
583 1173 102 23 återstår,
695 1178 52 13 men
757 1177 37 14 om
803 1169 140 28 exempelvis
952 1169 33 21 in-

234 1205 111 28 teckning
354 1206 66 21 sökes
429 1206 59 21 blott
496 1206 36 21 för
541 1213 27 14 en
579 1206 37 21 del
627 1206 24 21 af
661 1205 145 22 skuldsedels
817 1205 102 21 innehåll
929 1205 56 21 eller

234 1241 51 25 ock,
298 1241 40 21 där
354 1241 84 28 gälden
455 1245 24 18 är
495 1242 81 21 afsedd
585 1245 33 18 att
629 1242 105 28 erläggas
746 1249 83 20 genom
839 1240 146 28 amortering,

234 1276 84 21 endast
339 1277 108 21 förfallen
466 1277 103 22 annuitet
585 1278 101 25 utsökes,
702 1277 42 22 bör
764 1277 73 28 enligt
856 1276 130 29 åberopade

234 1312 152 27 föreskrifter,
410 1313 79 21 hvilka
510 1313 153 22 oförändrade
686 1313 55 28 ingå
768 1313 35 21 uti
831 1313 45 20 den
901 1312 85 29 nådiga

234 1348 181 28 propositionen,
433 1349 113 28 stämpeln
561 1349 72 22 likväl
649 1351 55 26 utgå
720 1349 59 22 efter
795 1349 52 21 hela
863 1348 39 21 det
917 1351 68 18 reste-

234 1384 73 21 rande
327 1384 201 29 kapitalbeloppet.
560 1385 124 26 Utskottet,
705 1393 48 14 som
773 1384 78 21 funnit
869 1391 29 14 en
915 1384 72 21 sådan

234 1419 220 29 beräkningsgrund
470 1421 86 28 obillig,
572 1421 41 21 har
628 1421 151 25 fördenskull,
791 1420 7 21 i
809 1420 178 21 öfverensstäm-

234 1455 73 22 melse
322 1456 54 21 med
391 1457 62 21 hvad
470 1457 144 21 beträffande
630 1457 108 21 kontrakt
753 1455 139 28 föreslagits,
904 1455 84 22 omfor-

234 1491 98 22 mulerat
355 1492 160 28 ifrågakomna
538 1493 146 28 bestämning
707 1493 95 25 därhän,
827 1495 39 23 att,
883 1491 7 22 i
905 1490 82 29 hvarje
