1098 1753
238 143 30 19 28

237 205 130 22 värdheten
378 205 71 27 däraf,
462 208 32 20 att
504 205 51 23 icke
566 206 59 22 blott
635 206 160 22 förstnämnda
805 205 119 30 uppgifter
934 208 57 19 utan

237 241 73 22 äfven
332 241 125 30 utredning
480 242 100 21 rörande
604 242 28 21 de
656 242 92 29 belopp,
772 249 50 14 som
846 244 13 19 å
884 241 107 29 samtliga

238 277 76 28 öfriga
336 277 114 29 vigtigare
470 277 63 22 titlar
553 277 89 22 influtit
661 278 75 22 under
752 280 71 26 något
839 280 24 19 år
880 278 23 21 af
918 277 73 29 påföl-

233 312 73 29 jande
317 313 165 29 finansperiod,
494 313 78 22 blefve
584 314 130 21 Ständerna
725 313 113 29 förelagd;
850 314 44 21 och
901 313 88 22 beslöto

239 348 131 22 Ständerna
384 349 9 21 i
409 349 103 29 enlighet
526 349 98 22 härmed
640 352 33 19 att
687 350 43 20 hos
741 349 148 29 Regeringen
901 349 90 21 anhålla

237 391 40 14 om
293 392 29 14 en
338 384 112 23 statistisk
466 385 176 29 undersökning
656 385 9 22 i
680 385 132 22 förberördt
828 385 68 29 syfte.

310 420 83 22 Såsom
414 423 33 19 ett
470 421 97 22 resultat
587 421 24 21 af
630 422 101 20 nämnda
746 421 171 28 framställning
932 420 59 22 före-

240 456 64 28 ligga
326 464 33 13 nu
381 459 88 20 tvenne
493 457 45 21 den
561 457 87 29 nådiga
671 456 173 30 propositionen
865 456 126 28 vidfogade

238 492 105 26 tabeller,
373 492 163 22 innehållande
563 492 46 22 den
635 500 43 14 ena
702 492 137 22 summarisk
862 492 93 29 uppgift
978 494 13 19 &

240 527 111 29 beloppet
371 528 24 22 af
415 528 229 29 stämpelbevillning
659 529 74 21 under
749 528 113 22 särskilda
877 528 114 28 vigtigare

239 564 138 22 skattetitlar
395 564 37 22 för
454 567 25 19 år
501 568 57 19 1902
576 567 58 19 samt
650 565 46 21 den
712 564 72 22 andra
799 564 121 22 enahanda
934 570 57 22 upp-

238 599 47 29 gift
307 602 13 19 å
344 600 206 22 sammanräknade
576 600 110 30 beloppet
710 601 23 21 af
756 600 234 29 stämpelbevillning,

238 643 50 14 som
300 636 73 28 sagda
386 639 24 19 år
419 637 72 28 enligt
501 637 87 28 nådiga
598 637 168 28 förordningen
774 637 80 22 den
833 631 28 39 21
863 635 129 22 December

241 674 57 20 1900
314 672 74 21 under
403 672 64 22 vissa
483 673 129 28 kategorier
628 673 86 28 erlagts
729 673 37 21 för
781 672 210 29 boupptecknings-

237 706 140 23 instrument
393 708 42 22 och
451 710 160 20 testamenten.
636 708 70 22 Detta
722 708 103 22 material
841 711 25 18 är
881 707 110 22 identiskt

238 743 54 21 med
308 743 45 22 den
369 744 106 26 statistik,
484 752 49 14 som
549 744 117 22 allaredan
682 744 118 29 delgifvits
812 744 129 21 Ständerna
951 743 40 21 vid

239 782 147 20 1904—1905
403 782 36 19 års
456 780 118 28 landtdag,
594 780 43 22 och
657 788 49 14 som
727 780 29 22 dä
772 780 24 22 af
811 780 180 28 Bevillningsut-

237 815 88 21 skottet
339 815 182 22 underkastades
538 824 30 14 en
583 819 105 19 närmare
704 816 150 28 granskning.

310 851 70 21 Hvad
403 852 46 21 den
472 852 161 21 förstnämnda
652 852 23 21 af
694 852 68 22 dessa
782 851 126 22 statistiska
927 851 64 21 redo-

239 886 102 28 görelser
361 887 151 26 vidkommer,
529 888 47 21 kan
591 888 142 26 Utskottet,i
748 888 73 21 likhet
836 888 54 21 med
905 887 86 21 Bevill-

238 922 183 29 ningsutskottet
435 923 41 22 vid
493 926 91 19 senaste
604 924 118 28 landtdag,
742 924 84 21 endast
846 923 54 21 med
915 923 76 21 bekla-

240 958 76 28 gande
337 958 133 22 konstatera
489 962 32 19 att
543 960 29 21 de
590 959 50 22 däri
655 960 115 28 ingäende
786 959 150 29 uppgifterna
952 961 39 19 äro

239 994 25 21 af
286 997 25 18 sä
331 994 125 30 bristfällig
475 995 169 26 beskaffenhet,
665 998 33 18 att
714 995 119 22 Utskottet
848 994 50 22 icke
914 994 78 22 funnit

239 1073 31 14 en
282 1065 61 29 ytlig
359 1067 145 28 granskning
514 1067 103 28 framgär
628 1069 33 19 att
672 1067 7 21 i
690 1067 77 21 denna
778 1066 70 22 tabell
858 1066 133 28 betydande

238 1101 184 29 stämpelbelopp
439 1103 24 20 af
478 1110 29 14 en
523 1103 56 21 eller
595 1110 77 14 annan
688 1103 69 21 orsak
772 1103 50 21 icke
836 1102 154 21 medräknats.

238 1136 81 29 Enligt
343 1137 45 22 den
412 1138 151 22 summariska
582 1139 123 28 uppgiften
725 1139 41 21 har
789 1138 118 28 nämligen
922 1139 68 20 stäm-

237 1172 199 29 pelbevillningen
467 1175 73 20 under
569 1177 25 18 är
625 1177 55 20 1902
710 1174 93 29 inbragt
828 1174 77 21 brutto
931 1173 60 21 Fmk

241 1211 172 24 1,576,263:55,
434 1210 84 21 medan
539 1213 48 18 åter
607 1210 210 22 bruttoinkomsten
840 1210 24 21 af
886 1209 106 28 stämpel-

238 1243 160 30 bevillningen
431 1245 74 22 under
539 1246 72 27 sagda
647 1248 25 19 är
705 1245 72 29 enligt
807 1245 186 28 räkenskaperna

238 1279 107 29 inbragte
382 1281 59 21 Fmk
474 1283 174 24 1,865,167:55;
690 1281 58 21 altsä
784 1288 29 14 en
844 1280 90 22 skilnad
969 1279 24 22 af

239 1315 61 22 Fmk
314 1319 144 23 288,904:
438 1311 14 40 —
473 1317 55 21 eller
551 1317 88 28 15,5%/.
672 1316 151 23 Beträffande
844 1316 98 21 orsaken
957 1315 36 22 till

238 1351 78 22 denna
335 1351 58 22 brist
409 1352 7 21 i
432 1352 150 29 uppgifterna
596 1352 56 29 ingä
666 1352 51 22 icke
732 1355 73 25 nägra
825 1351 168 29 upplysningar

236 1386 11 22 i
264 1387 45 21 den
324 1387 87 28 nädiga
427 1388 181 28 propositionen;
633 1396 53 13 men
709 1388 67 21 torde
792 1388 72 28 enligt
879 1388 63 21 hvad
956 1388 37 21 för

239 1422 119 22 Utskottet
376 1423 136 29 uppgifvits,
533 1424 43 21 och
591 1424 8 21 i
615 1424 105 21 enskilda
739 1423 42 22 fall
797 1423 87 28 jämväl
905 1423 89 21 kunnat

239 1465 29 14 ur
283 1458 29 22 de
322 1458 120 23 Utskottet
455 1459 190 22 tillhandahällna
655 1459 237 29 primäruppgifterna
902 1459 91 21 konsta-

240 1496 69 24 teras,
328 1494 136 22 densamma
478 1495 35 21 till
528 1495 116 28 väsentlig
660 1495 37 22 del
713 1495 56 22 bero
787 1495 72 28 därpå
878 1497 33 19 att
921 1497 73 26 några
