1089 1750
311 228 24 21 U.
353 227 25 21 B.
394 239 29 3 —
438 227 66 27 Prop.
520 228 40 21 N:o
577 228 21 21 3.

372 447 281 25 Bevillningsutskottets
684 447 146 23 betänkande

294 483 41 22 N:o
351 483 22 28 3,
392 485 8 21 i
420 484 127 27 anledning
568 484 27 22 af
615 484 65 21 Haus
697 483 135 29 Kejserlizsa

293 519 122 28 Majestäts
439 517 86 29 nådiga
546 520 150 28 proposition
709 519 41 24 N:o
765 521 13 21 3
793 526 37 16 an-

294 553 89 31 gående
399 556 240 27 stämpelbevilining.

152 657 178 21 Ofvannämnda
353 657 85 28 nådiga
458 657 144 29 proposition
622 658 41 21 har
684 657 23 21 af
726 657 106 28 samtliga

80 693 74 21 Stånd
169 692 140 29 hänskjutits
326 693 63 21 såväl
406 693 35 21 till
458 693 70 21 Stats-
545 700 49 14 som
605 693 35 21 till
651 693 181 28 Bevillningsut-
850 694 6 6 *

81 729 93 25 skottet;
192 729 43 21 och
250 729 41 21 har
307 728 118 22 Utskottet
440 729 74 21 tillika
530 729 90 21 erhällit
636 729 37 21 del
690 729 23 21 af
728 729 29 21 de
774 731 58 19 utta-

81 764 92 26 landen,
186 765 79 21 hvilka
278 765 7 21 i
300 765 96 25 Preste-,
405 765 111 27 Borgare-
526 765 41 21 och
576 765 181 21 Bondeständen
766 764 66 28 afgif-

81 800 46 22 vits
138 800 40 22 vid
189 801 108 21 ärendets
312 801 87 21 remiss.
417 800 62 22 Frän
489 801 322 27 Ekonomiedepartementets
825 800 8 21 i

80 836 131 28 Kejserliga
225 836 101 22 Senaten
338 836 75 22 kansli
424 837 42 21 har
478 836 118 22 Utskottet
608 836 109 28 därjämte
727 838 29 26 pä
764 836 68 28 begä-

82 880 41 13 ran
139 872 44 21 fått
199 875 114 26 emottaga
329 872 20 29 ej
367 872 89 22 mindre
473 872 93 22 afskrift
581 872 24 22 af
620 872 40 22 det
674 872 41 22 vid
726 872 107 22 ärendets

82 908 166 28 föredragning
263 908 8 22 i
287 908 131 29 Kejserliga
438 908 101 22 Senaten
555 904 67 26 förda
638 908 120 28 protokoll,
775 908 58 22 utvi-

83 944 71 22 sande
165 946 33 19 att
209 947 78 25 någon
299 944 144 31 omröstning
451 944 81 22 därvid
541 944 51 22 icke
601 946 39 26 egt
648 952 56 17 rum,
714 947 29 18 än
752 944 44 21 ock
804 944 29 21 de

81 980 126 28 yttranden
230 980 90 22 landets
345 980 131 26 domstolar,
501 980 162 28 myndigheter
679 980 42 21 och
736 980 97 21 embets-

82 1016 63 25 verk,
166 1018 31 26 på
217 1016 121 26 anmodan,
355 1016 93 28 afgifvit
464 1023 38 14 om
518 1016 144 22 föreskrifter
677 1015 33 21 uti
727 1016 106 28 gällande

82 1052 241 28 stämpelförordning,
348 1052 78 21 hvilka
450 1055 66 25 synts
538 1052 103 21 erfordra
660 1051 99 29 ändring
779 1051 55 22 eller

81 1088 181 28 förtydligande.
295 1088 114 28 Slutligen
429 1088 42 21 har
486 1088 120 23 Utskottet
620 1088 51 21 haft
686 1087 98 29 tillgång
799 1087 35 21 till

82 1124 29 21 de
135 1124 36 21 för
191 1124 65 21 tiden
276 1124 52 21 från
348 1124 46 22 den
416 1127 10 19 1
448 1124 97 21 Januari
563 1127 55 19 1902
635 1123 35 22 till
686 1130 86 14 samma
788 1123 46 28 dag

85 1162 56 20 1903
166 1160 23 21 af
212 1160 90 21 landets
323 1160 163 29 myndigheter
506 1160 98 21 rörande
626 1158 207 29 stämpelafgiftens

83 1195 84 29 belopp
183 1196 64 21 inom
264 1196 60 21 olika
339 1195 137 22 skattetitlar
487 1196 129 21 aflemnade
628 1195 138 28 detaljerade
777 1202 56 21 upp-

83 1231 76 28 gifter,
180 1232 79 21 hvilka
277 1232 62 29 legat
354 1232 35 21 till
405 1232 77 28 grund
497 1232 37 21 för
550 1232 45 21 den
610 1231 34 22 uti
660 1231 173 29 propositionen

83 1267 136 22 meddelade
228 1267 151 22 summariska
388 1268 143 28 öfversigten
538 1267 22 22 af
566 1266 267 30 stämpelbevillningens

83 1303 96 21 resultat
198 1304 37 21 för
255 1307 25 18 år
301 1307 55 19 1902
374 1304 120 21 äfvensom
511 1303 45 22 den
572 1303 76 22 därtill
663 1303 84 28 fogade
764 1302 70 22 detal-

79 1338 82 29 jerade
176 1340 157 28 utredningen
347 1340 148 21 beträffande
512 1340 45 21 den
573 1341 13 20 &
602 1339 35 21 arf
652 1339 99 29 pälagda
767 1341 67 19 stäm-

84 1375 129 29 pelskatten
229 1376 36 20 för
281 1375 73 29 sagda
370 1378 31 18 år.
