1103 1756
247 141 28 19 14

317 205 11 20 I
344 207 56 19 nära
416 204 111 22 samband
537 205 54 21 med
601 212 31 14 nu
644 204 96 22 berörda
750 204 111 28 spörsmål
872 205 46 20 står
929 203 69 21 äfven

244 240 90 28 frågan,
353 240 114 22 huruvida
483 242 64 20 utom
563 240 36 22 för
615 240 136 28 svagdricka
767 239 144 22 skattefrihet
927 239 70 22 borde

244 276 96 22 beredas
362 275 88 29 jämväl
466 276 158 22 maltstarkare
641 276 103 28 drycker,
760 276 53 21 med
824 275 77 21 hvilka
913 275 84 21 sådana

245 312 105 28 åtgärder
367 312 110 28 vidtagits
495 314 32 19 att
544 312 65 21 deras
627 312 138 22 alkoholhalt
781 311 50 21 icke
842 311 73 21 under
926 312 71 27 några

244 347 160 22 förhållanden
418 348 77 21 kunde
511 348 92 21 komma
620 350 33 19 att
668 347 144 23 öfverskrida
824 347 44 21 den
878 346 120 22 faststälda

245 383 196 29 alkoholgränsen.
474 383 44 21 Till
541 383 90 22 förmån
649 384 36 21 för
701 383 185 22 skattefrihetens
902 384 95 20 utsträc-

244 419 77 21 kande
336 419 34 21 till
388 420 65 21 dessa
470 420 103 28 drycker,
590 420 78 21 hvilka
684 420 92 28 betinga
788 421 33 19 ett
829 418 168 29 jämförelsevis

244 455 57 28 högt
324 456 46 28 pris
393 456 42 21 och
458 456 163 21 företrädesvis
644 456 148 21 konsumeras
808 455 62 22 inom
887 455 27 21 de
930 455 67 28 burg-

244 499 56 13 nare
325 492 124 26 klasserna,
473 492 78 21 kunna
573 492 135 29 visserligen
732 493 50 20 icke
803 491 90 22 anföras
911 499 86 14 samma

245 527 56 26 skäl,
326 535 47 14 som
399 528 142 21 beträffande
565 528 145 28 svagdricka;
737 535 53 14 men
807 528 38 21 det
861 535 68 20 synes
945 527 50 20 icke

245 563 155 22 destomindre
411 571 27 14 ur
447 564 142 28 nykterhets-
601 564 43 21 och
655 564 83 21 allmän
749 563 121 29 hygienisk
880 563 116 28 synpunkt

244 607 56 14 vara
317 599 25 22 af
355 600 50 28 vigt
422 603 32 18 att
471 600 39 21 allt
524 600 78 21 dricka
614 600 25 21 af
648 600 62 28 lägre
722 599 145 26 alkoholhalt,
879 599 68 21 äfven
959 599 37 20 det

244 642 63 15 mera
323 636 147 26 extraktrika,
487 636 76 21 blefve
579 636 94 28 fritaget
688 636 51 21 från
754 636 155 27 beskattning.

318 672 79 21 Såsom
422 672 25 21 af
469 672 165 21 ofvanstående
657 672 137 29 utläggning
817 672 66 21 torde
898 671 97 28 framgå,

244 707 103 22 befinner
369 707 35 29 sig
427 708 151 21 förevarande
597 708 111 28 spörsmål
724 711 61 18 ännu
807 708 50 21 icke
875 707 8 21 i
904 707 39 21 det
962 710 35 18 ut-

244 743 72 22 redda
336 744 64 21 skick
424 746 33 19 att
477 744 118 21 Utskottet
615 744 87 21 kunnat
722 744 36 21 för
780 743 128 22 Ständerna
929 743 68 21 fram-

243 779 69 28 lägga
336 779 86 28 förslag
444 780 35 21 till
502 780 85 21 sådana
611 780 123 28 ändringar
753 779 34 22 uti
802 779 42 22 och
862 779 81 28 tillägg
963 778 34 21 till

244 815 151 28 skattelagen,
412 823 48 14 som
473 815 142 22 erfordrades
630 815 36 22 för
677 815 130 22 beredande
819 815 26 22 af
854 814 143 22 skattefrihet

243 850 37 22 för
304 851 163 28 alkoholsvaga
482 851 160 29 maltdrycker.
674 851 88 22 Härvid
778 851 47 22 kan
841 851 81 28 frågan
939 851 62 20 dock

243 886 51 22 icke
310 887 88 21 lämnas
414 887 120 22 beroende.
567 887 107 22 Tvärtom
686 895 65 14 anser
762 887 120 22 Utskottet
893 887 39 20 det
942 893 55 14 vara

244 922 94 22 alldeles
354 923 145 28 nödvändigt
515 926 33 18 att
563 923 145 28 Regeringen
724 925 91 20 snarast
830 921 91 29 möjligt
936 922 61 25 ville,

243 959 140 28 exempelvis
395 966 82 21 genom
488 959 140 21 tillsättande
639 959 26 21 af
674 967 28 13 en
712 959 94 25 komité,
818 965 59 21 egna
887 959 71 20 saken
969 965 28 14 en

242 993 114 29 ingående
367 995 133 28 beredning,
516 995 96 21 hvarvid
627 995 82 28 frågan
725 995 78 22 blefve
820 994 139 21 skärskådad
970 1001 27 13 ur

244 1029 44 22 alla
300 1030 28 21 de
339 1031 61 20 olika
410 1031 142 28 synpunkter
563 1031 44 21 den
619 1030 113 29 erbjuder.
752 1030 44 21 Till
807 1030 190 21 nästkommande

242 1065 119 29 landtdag,
379 1067 29 20 då
422 1067 57 21 efter
491 1067 29 21 all
531 1067 143 21 sannolikhet
685 1066 174 28 alkoholfrågan
870 1066 7 21 i
889 1066 51 21 dess
951 1065 46 22 hel-

242 1101 40 21 het
298 1101 43 22 blir
357 1102 96 22 föremål
468 1102 36 22 för
514 1102 147 29 behandling,
674 1103 70 21 borde
756 1102 120 21 resultatet
887 1101 26 22 af
922 1101 75 21 denna

242 1137 173 29 undersökning
439 1138 70 21 redan
532 1139 78 20 kunna
633 1138 36 21 för
692 1137 212 30 representationen
928 1137 68 21 fram-

242 1173 87 28 läggas.

314 1209 46 22 Vid
377 1210 81 21 sådant
469 1210 141 21 förhållande
622 1211 40 20 har
672 1211 120 21 Utskottet
804 1211 74 20 ansett
889 1209 36 28 sig
935 1209 62 25 böra,

242 1245 92 21 oafsedt
358 1246 43 21 den
425 1246 105 21 beslutna
552 1245 162 29 förhöjningen
731 1245 26 22 af
771 1245 174 29 grundskatten,
962 1244 36 21 för

242 1281 46 20 den
311 1281 66 22 korta
393 1282 34 21 tid
443 1281 166 29 författningen
625 1285 24 18 är
666 1282 80 21 afsedd
764 1283 34 20 att
814 1281 61 28 gälla
885 1280 113 21 bibehålla

242 1316 46 21 den
311 1317 84 28 nådiga
418 1317 183 29 propositionens
624 1317 151 28 formulering
792 1316 26 22 af
831 1315 14 29 &
866 1319 18 24 1,
900 1315 98 22 rörande

242 1352 195 29 skattskyldighet
459 1353 36 22 för
518 1354 130 21 tillverkare
672 1353 26 22 af
714 1353 26 26 öl,
753 1353 80 27 porter
848 1351 53 22 eller
917 1357 80 15 annan

241 1387 131 28 maltdryck,
389 1389 145 22 oförändrad.
557 1389 110 22 Häremot
682 1389 40 22 har
738 1389 64 21 inom
818 1387 119 22 Utskottet
954 1387 44 21 den

240 1423 176 30 invändningen
426 1424 81 29 gjorts,
519 1426 32 20 att
562 1425 39 21 det
611 1432 54 14 vore
676 1424 90 29 obilligt
778 1426 35 19 att
823 1431 39 18 nu,
874 1423 29 21 då
915 1423 82 21 skatte-

241 1458 71 23 frihet
334 1459 36 22 för
394 1461 136 28 svagdricka
553 1460 100 22 ställes
644 1454 13 40 i
673 1461 77 28 utsigt,
768 1459 116 22 bibehålla
907 1459 91 21 skatten
