1100 1750
281 129 82 23 Ständ.
379 129 38 23 Sv.
434 142 27 2 —
475 129 74 28 Prop.
564 128 45 23 N:o
625 128 22 22 3.
829 126 27 21 53

98 198 37 21 Dä
156 198 59 21 slika
238 198 90 22 skrifter
346 198 119 27 inlemnas,
481 198 88 28 äligger
583 198 39 21 det
637 196 75 22 därför
727 197 44 21 den
788 198 69 19 emot-

101 232 99 28 tagande
215 232 183 30 tjänstemannen
413 234 35 19 att
458 234 81 26 genast
549 231 184 29 tillkännagifva,
744 230 114 22 huruvida

99 267 76 28 någon
199 267 57 21 brist
273 267 9 21 i
297 267 155 28 stämplingen
467 266 129 28 förefinnes,
612 266 43 21 och
670 266 93 28 tillsäga
778 265 80 21 inlem-

98 309 71 13 naren
188 304 33 19 att
239 301 102 22 anskaffa
356 301 97 28 stämpel
469 301 36 21 till
521 301 38 21 det
574 301 91 28 belopp,
681 307 49 14 som
745 299 113 22 tilläfven-

99 337 49 27 tyrs
162 335 88 28 brister,
265 335 89 22 hvilket
369 335 74 21 denne
459 335 57 22 skall
530 335 67 21 ställa
607 335 36 28 sig
654 335 36 21 till
701 333 155 28 efterrättelse,

99 369 53 22 med
171 372 47 19 rätt
240 372 39 25 att,
295 369 50 22 ifall
359 370 46 21 han
421 377 65 14 anser
501 370 44 21 den
559 369 138 22 föreskrifna
711 368 146 28 karteringen

99 411 54 15 vara
176 404 90 29 oriktig,
290 403 105 23 däröfver
417 404 69 28 klaga
507 405 30 28 pä
552 406 46 19 sätt
612 403 9 22 i
635 403 28 22 33
679 405 12 25 8
708 403 150 21 omförmäles.

167 439 71 21 Detta
262 439 125 28 stadgande
413 446 54 21 eger
491 439 20 28 ej
537 438 148 29 tillämpning
707 438 13 21 ä
741 440 69 26 prest,
830 437 28 20 dä

100 473 216 28 äktenskapsförord
331 473 35 22 för
381 473 83 22 honom
480 476 88 26 upptes.

168 508 143 28 Ansökning,
333 515 55 20 som,
411 508 8 21 i
441 508 51 21 stöd
515 507 22 22 af
558 508 61 21 hvad
641 505 217 30 författningarna
843 501 17 39 i

101 543 61 21 vissa
184 542 42 21 fall
248 543 80 28 tilläta
351 543 72 21 under
446 543 89 28 omslag
556 542 114 28 insändes,
693 542 42 21 bör
757 541 8 22 i
780 541 78 27 vanlig

100 577 98 28 ordning
213 577 129 29 föreläggas
357 577 170 21 vederbörande
541 577 98 21 domstol
651 577 54 21 eller
715 575 143 29 myndighet,

100 612 99 27 hvilken,
222 612 7 21 i
253 611 108 22 händelse
383 611 168 22 föreskrifterna
567 619 37 14 om
619 611 179 28 handlingarnas
814 610 45 21 för-

100 646 82 21 seende
204 646 52 21 med
278 646 97 28 stämpel
398 646 78 21 blifvit
498 647 8 20 i
521 647 71 27 något
607 645 106 22 afseende
728 644 130 24 äsidosatta,

100 680 92 29 pröfvar
214 680 61 22 hvad
298 680 104 21 afseende
421 681 13 20 å
449 680 158 28 ansökningen
622 679 71 22 fästas
708 679 38 22 må
761 679 43 21 och
818 678 41 21 hu-

100 715 81 21 ruvida
196 715 130 21 densamma
341 714 8 21 i
364 714 71 29 öfrigt
449 715 38 21 må
501 714 118 22 föranleda
633 714 38 21 till
685 715 77 27 någon
772 712 87 29 åtgärd.

450 796 27 21 16
492 797 18 25 s.

170 841 48 21 Har
242 841 157 22 hufvudskrift
423 842 55 21 eller
500 841 77 28 bilaga
600 841 78 22 blifvit
700 841 39 21 vid
761 840 99 22 domstol

102 876 54 21 eller
172 876 143 21 embetsverk
329 878 55 19 utan
401 876 152 28 anmärkning
569 877 138 27 emottagen,
723 875 55 22 eller
793 882 67 21 expe-

102 909 78 29 dition,
197 917 49 14 som
261 913 24 18 är
300 910 125 28 behörigen
441 909 180 29 underskrifven,
638 909 96 22 därifrån
746 909 114 28 utgifvits,

101 945 37 20 mä
160 944 36 22 för
216 945 116 21 bristande
355 945 55 21 eller
427 945 98 28 felaktig
541 944 124 29 stämpling
680 945 77 27 någon
771 943 90 30 påföljd

102 979 19 28 ej
146 979 86 22 drabba
254 979 44 22 den
321 979 108 28 enskilde,
451 986 48 15 som
515 980 111 21 inlemnat
641 979 54 21 eller
709 979 71 21 utfått
795 977 65 23 skrif-

101 1015 45 26 ten,
170 1014 55 21 eller
248 1013 84 22 sådana
355 1013 92 22 skrifter
469 1013 43 22 och
531 1013 137 28 handlingar
683 1013 76 22 därför
773 1014 87 20 lemnas

101 1050 56 19 utan
176 1047 112 29 afseende,
304 1051 54 18 utan
375 1055 52 14 vare
443 1048 82 21 endast
539 1047 169 22 vederbörande
722 1047 138 28 tjänsteman

101 1081 36 22 för
158 1081 123 23 förseelsen
304 1082 106 22 förfallen
432 1083 37 20 till
492 1090 81 14 ansvar
590 1083 29 27 på
635 1084 46 20 sätt
695 1081 113 22 nedanför
825 1085 35 17 be-

102 1118 114 20 stämmes.

453 1186 26 21 17
495 1188 18 25 8.

170 1232 37 21 Då
231 1232 109 28 sakegare
361 1232 86 21 tillåtes
470 1234 35 19 att
526 1232 39 22 vid
581 1232 98 21 domstol
694 1232 55 21 eller
765 1232 97 21 embets-

102 1266 61 28 verk,
186 1266 8 21 i
217 1267 77 21 stället
316 1266 35 22 för
369 1266 162 28 hufvudskrift,
550 1266 72 22 förete
637 1267 120 22 bevittnad
771 1266 91 22 afskrift

102 1300 23 22 af
150 1301 138 28 densamma,
313 1301 41 21 bör
379 1301 76 21 tillika
480 1301 96 28 styrkas,
602 1303 34 19 att
657 1301 43 22 och
721 1301 37 21 till
773 1301 89 22 hvilket

101 1335 85 28 belopp
210 1335 186 22 hufvudskriften
421 1338 25 19 är
469 1335 92 22 försedd
585 1335 52 22 med
662 1336 97 28 stämpel
784 1335 78 22 äfven-

102 1376 49 14 som
177 1371 33 20 att
235 1370 97 28 stämpel
357 1369 78 22 blifvit
460 1369 126 29 behörigen
610 1369 138 22 makulerad.
782 1370 79 22 Skulle

102 1403 64 22 detta
187 1404 126 21 uraktlåtas
336 1405 55 20 eller
407 1405 79 27 någon
501 1404 156 22 försummelse
672 1404 122 22 förefinnas
809 1404 53 21 med

101 1438 90 29 hänsyn
213 1439 37 20 till
272 1438 196 22 hufvudskriftens
492 1439 109 28 behöriga
624 1439 132 28 stämpling,
774 1439 38 21 mä
832 1438 30 22 af-
