1103 1756
300 148 84 22 Ständ.
401 147 38 23 Sv.
456 161 27 2 —
499 148 73 28 Prop.
588 148 42 22 N:o
647 148 20 22 7.
833 149 25 20 15

103 219 58 29 dag,
181 219 63 22 böra
264 219 133 28 tillstyrka,
417 220 36 21 att
471 219 255 29 kostnadsförslagen
747 218 40 23 för
806 226 54 22 nya

99 253 326 29 järnvägsanläggningar
448 252 78 23 måtte
550 254 130 28 uppgöras
704 254 59 21 med
788 254 72 22 beak-

104 288 77 22 tande
211 288 86 26 däraf,
327 288 36 22 att
389 288 129 22 banornas
546 288 156 28 utrustning,
734 288 126 22 särskildt

103 322 70 22 hvad
192 322 49 22 den
259 322 99 28 rörliga
379 322 148 22 materielen
552 322 165 27 vidkommer,
731 322 23 28 ej
767 322 93 22 varder

106 357 39 23 för
163 357 98 28 knappt
280 356 139 23 beräknad.

173 391 288 29 Nybyggnadsarbeten.
499 391 49 22 Vid
573 391 191 29 granskningen
784 391 26 22 af
828 392 31 21 de

104 426 81 22 under
204 426 33 22 26
257 426 124 22 särskilda
401 426 108 28 punkter
530 427 132 28 upptagna
682 428 119 26 posterna
820 426 40 22 för

104 460 150 23 hithörande
274 461 103 21 arbeten
396 460 77 22 hafva
494 460 143 23 Ständerna
657 461 59 22 trott
727 461 39 28 sig
778 461 80 25 finna,

105 496 36 21 att
160 495 41 22 det
225 495 149 22 nuvarande
398 495 153 28 finansläget
569 495 90 22 vunnit
677 495 89 29 nödigt
784 495 76 22 beak-

106 529 76 22 tande
201 529 42 22 vid
262 529 134 29 förslagets
415 529 166 29 uppgörande
600 531 65 20 samt
682 529 68 29 förty
769 530 91 21 endast

106 564 110 29 verkligt
235 564 140 29 trängande
394 563 77 23 behof
489 564 83 22 blifvit
591 564 193 29 tillgodosedda.
816 564 44 22 Hit

105 599 79 21 måste
202 598 88 22 främst
300 598 121 22 hänföras
431 598 30 22 de
472 599 80 21 under
565 598 143 29 punkterna
724 599 20 26 1,
758 599 14 21 2
787 599 46 22 och
843 599 15 22 5

105 635 132 26 upptagna
248 633 205 28 anordningarna
464 633 41 22 vid
521 633 35 22 S:t
563 633 175 29 Petersburgs,
750 633 110 29 Viborgs

105 667 46 22 och
170 667 159 29 Helsingfors
349 667 127 26 stationer,
497 674 52 15 som
568 668 91 28 utgöra
679 667 69 22 delar
768 667 26 22 af
806 667 54 22 tidi-

105 708 62 23 gare
191 701 115 22 beslutna
331 702 46 21 och
395 702 79 22 redan
493 702 81 22 under
592 702 134 22 utförande
746 702 113 22 varande

105 736 113 28 dyrbara
237 736 102 22 arbeten
359 737 46 21 och
424 736 86 22 hvilka
525 737 118 28 medtaga
656 737 93 21 inemot
762 736 96 22 hälften

107 770 24 22 af
150 771 55 21 hela
225 771 42 21 det
285 771 7 21 i
309 771 189 28 propositionen
511 771 39 22 för
563 771 186 28 nybyggnader
763 771 95 22 äskade

107 805 228 28 anslagsbeloppet.
367 805 48 22 Det
433 805 81 22 under
533 805 81 28 punkt
632 805 31 22 16
676 805 56 22 med
746 805 113 26 200,000

105 839 72 22 mark
202 842 130 26 upptagna
358 840 114 28 anslaget
490 840 39 21 för
548 846 31 16 en
599 839 119 22 elektrisk
737 840 95 21 central
851 839 8 22 i

105 873 184 29 Fredriksberg
314 874 85 22 kunde
417 874 119 29 möjligen
556 875 72 21 anstå
648 874 79 29 några
746 875 36 26 år,
803 881 56 15 men

107 907 141 23 Ständerna
273 908 77 22 hafva
376 909 137 22 emellertid
537 909 54 21 icke
616 909 67 22 velat
703 909 85 28 afböja
808 909 51 21 det-

107 949 101 15 samma.
228 942 164 23 Beträffande
411 943 42 22 det
472 943 80 22 under
571 943 81 28 punkt
673 943 29 22 11
724 943 56 22 med
799 943 60 22 inal-

104 977 37 22 les
160 977 112 26 484,000
291 977 71 22 mark
375 979 130 28 upptagna
520 978 115 28 anslaget
648 977 38 22 för
700 977 159 29 tillbyggnad

105 1011 25 22 af
154 1011 68 22 förut
246 1011 131 30 befintliga
401 1012 197 22 lokomotivstall
620 1012 59 22 eller
698 1012 160 28 uppförande

105 1045 25 22 af
149 1052 50 22 nya
220 1046 95 22 sådana
333 1046 78 29 jämte
430 1048 143 21 vattentorn
592 1047 46 21 och
659 1046 133 23 vändbord
810 1046 48 22 för-

103 1081 94 21 utsätta
223 1080 149 27 Ständerna,
393 1083 36 20 att
447 1081 152 22 detsammas
618 1081 154 29 behöflighet
792 1081 67 22 kom-

104 1121 53 15 mer
185 1116 35 21 att
247 1115 36 22 till
307 1115 125 29 väsentlig
456 1115 41 22 del
522 1115 60 22 bero
608 1115 25 22 af
652 1115 48 22 den
719 1115 95 29 ökning
834 1115 26 22 af

103 1149 184 22 lokomotivens
307 1149 74 27 antal,
403 1156 52 16 som
467 1150 117 29 slutligen
598 1149 115 23 befinnes
725 1156 61 15 vara
799 1149 60 22 nöd-

104 1183 103 29 vändig.
245 1183 39 22 En
312 1184 164 29 inbesparing
504 1185 14 21 å
547 1184 74 23 dessa
647 1184 88 29 anslag
760 1184 99 22 komme

104 1217 137 23 emellertid
260 1218 187 29 otvifvelaktigt
466 1220 36 21 att
520 1221 73 26 tagas
612 1219 8 22 i
639 1219 110 28 anspråk
760 1219 39 22 för
816 1225 43 15 un-

104 1252 45 22 der
167 1252 82 28 punkt
267 1253 32 22 26
318 1255 132 27 upptagna
470 1253 139 22 »särskilda
630 1253 97 22 mindre
743 1253 115 28 nybygg-

103 1286 196 27 nadsarbeten»,
318 1287 39 22 för
377 1287 83 22 hvilka
482 1288 42 22 det
542 1288 8 21 i
566 1288 190 28 propositionen
770 1287 89 22 beräk-

104 1321 65 22 nade
195 1321 115 29 anslaget
335 1321 26 22 af
384 1322 88 22 inalles
499 1322 111 26 128,000
636 1322 70 21 mark
731 1321 128 23 förefaller

104 1355 42 22 väl
165 1355 60 29 lågt.

173 1389 35 22 På
227 1390 83 29 grund
330 1390 25 21 af
374 1397 34 15 nu
428 1390 106 22 anförda
554 1391 55 21 skäl
623 1391 77 22 hafva
716 1390 139 23 Ständerna

104 1424 117 28 upptagit
245 1424 193 29 anslagsposten
457 1425 39 22 för
515 1425 276 28 nybyggnadsarbeten
811 1425 46 22 vid
