1103 1756
238 160 15 20 4
430 159 83 23 Ständ.
532 160 39 22 Sv.
587 172 27 3 —
631 160 73 28 Prop.
720 160 46 23 N:o
782 159 22 22 6.

238 228 79 26 50,000
333 228 65 21 mark
413 235 57 15 vara
484 228 37 22 för
535 228 90 29 knappt
641 228 107 28 tilltagen
763 227 43 22 och
822 228 108 28 upptagit
940 227 55 22 den-

239 268 89 16 samma
345 262 37 22 till
396 262 4 22 i
410 262 110 22 medeltal
530 264 79 26 80,000
619 262 65 22 mark
697 262 35 22 för
743 262 60 22 båda
814 262 60 22 åren.
896 262 46 22 Till
952 269 43 14 un-

241 296 90 22 derhåll
347 296 26 22 af
386 297 119 22 städernas
521 297 128 21 folkskolor
664 297 75 21 skulle
754 296 68 22 alltså
834 296 114 22 erfordras
959 296 37 22 för

241 394 27 22 år
284 396 75 20 1906.
390 411 5 5 .
426 412 4 4 .
461 412 5 5 .
497 412 4 6 .
533 412 4 4 .
569 396 346 27 704,000+480,000==784,000
930 394 65 22 mark

248 445 12 9 »
281 430 76 21 1907.
390 446 4 5 2
424 446 5 5 .
462 446 4 4 .
533 446 4 4 =.
569 430 348 27 784,0004-80,000—864,000

691 470 96 21 Summa
804 470 112 27 1,648,000
924 469 71 22 mark.

309 561 34 22 Pä
362 562 77 29 grund
454 562 69 22 häraf
535 562 24 22 fä
575 562 131 23 Ständerna
720 562 169 29 underdänigst
905 561 91 22 anmäla

517 663 32 19 att
570 661 126 21 Ständerna
710 661 74 21 säsom
800 661 77 27 bidrag
892 661 35 20 till
941 660 56 27 folk-

447 695 159 22 skoleväsendet
621 696 10 21 i
645 696 103 21 städerna
771 695 71 21 under
864 696 53 20 åren
937 696 60 20 1906

449 730 38 21 och
508 731 61 20 1907
590 730 89 28 beviljat
694 732 29 19 ett
738 730 78 27 anslag
832 730 29 27 af
875 730 122 27 1,648,000

449 765 68 20 mark.

311 992 70 22 Emot
396 992 102 29 följande
514 993 8 21 i
537 993 44 22 den
597 993 86 29 nädiga
693 993 175 29 propositionen
880 995 119 27 upptagna

242 1026 89 29 anslag,
348 1027 128 29 nämligen:

312 1113 77 27 bidrag
405 1114 36 20 till
455 1114 120 27 aflönande
587 1114 28 28 af
622 1114 44 22 den,
678 1114 108 28 egentliga
797 1114 202 27 lärarepersonalen

243 1146 39 22 vid
296 1147 149 27 folkskolorna
457 1148 32 28 pä
505 1148 74 21 landet
593 1150 127 25 4,670,000
734 1148 71 27 mark,

313 1182 79 28 bidrag
409 1182 35 21 till
459 1183 120 27 aflönande
595 1183 28 27 af
636 1183 72 21 lärare
716 1183 38 21 och
764 1182 129 22 lärarinnor
900 1182 37 28 för
943 1182 57 28 slöjd

242 1216 40 20 och
297 1216 150 22 handarbeten
463 1218 104 26 242,500
581 1218 68 25 mark,

312 1250 79 28 anslag
408 1251 35 21 till
459 1252 205 27 löneförhöjningar
678 1252 24 21 ät
713 1252 42 20 den
764 1251 108 28 egentliga
881 1251 119 27 lärareper-

243 1284 93 22 sonalen
351 1285 39 21 vid
403 1286 149 27 folkskolorna
562 1286 31 28 pä
609 1286 74 21 landet
698 1286 126 26 1,080,000
839 1285 69 26 mark,

313 1320 79 27 anslag
408 1320 35 21 till
448 1320 119 28 pensioner
581 1320 24 21 ät
612 1327 87 14 samma
705 1320 106 28 personal
818 1320 102 26 192,000
930 1319 70 27 mark,

243 1354 61 20 samt

313 1387 77 29 bidrag
412 1388 35 22 till
469 1388 156 28 pensionering
641 1388 27 28 af
680 1388 297 28 folkskollärarepersonalen
992 1388 10 20 i

244 1422 104 21 städerna
368 1424 87 25 75,850
470 1423 68 26 mark,
