1098 1750
87 317 116 23 Stämpelaf-
223 323 2 18 |
233 323 324 27 Kommunikationsresolution,
572 331 23 14 se
605 324 44 22 Re-

75 345 37 24 gift
121 346 32 18 för
161 346 53 18 dom-
223 342 2 22 |
659 364 1 3 i

81 374 78 24 stolars,
169 381 39 12 em-
223 365 2 16 i
278 358 105 22 solution.
659 368 1 5 i

91 403 104 19 betsverks
223 373 2 46 |
246 369 159 62 Konstitutorial,
422 406 22 14 se
459 398 124 21 Fullmakt.

76 428 45 45 samt
132 432 82 23 tjenste-
223 465 1 4 |
236 438 106 31 Kontrakt
365 438 97 21 emellan
485 439 88 20 kronan
596 435 64 24 eller|

80 463 144 46 pn.
277 472 104 22 allmän
375 473 147 28 inrättning
516 468 10 37 &
538 480 43 13 ena
592 475 58 19 samt

277 507 89 22 enskild
381 507 14 21 &
410 507 70 21 andra
495 507 71 28 sidan,
580 508 79 27 angä-

277 541 57 22 ende
345 541 101 28 arrende,
457 542 110 27 leverans,
577 544 72 19 entre-
658 543 1 27 |

276 575 86 29 prenad
377 576 55 21 eller
447 578 71 19 annat
528 574 131 30 åtagande,

277 610 99 22 enskilds
387 611 121 28 exemplar,
520 610 77 29 hvarje
609 610 49 22 ark
652 606 10 37 |

304 645 107 21 Kronans
437 645 43 21 och
505 645 84 21 allmän
615 645 43 30 in-:'

275 680 115 28 rättnings
413 680 116 28 exemplar
552 679 23 22 af
592 677 66 24 kon-'

273 714 68 28 trakt,
361 714 23 21 af
399 714 61 22 hvad
475 715 49 28 slag
540 714 39 22 det
593 710 64 26 vara!

275 745 42 35 må,
334 732 82 44 drager
432 749 50 21 icke
498 749 103 28 stämpel.

302 783 109 21 Enskilds
428 784 115 27 exemplar
558 783 23 21 af
591 775 65 29 kon-|

273 818 62 21 trakt
365 818 53 21 med
445 818 110 21 Finlands
580 818 66 22 Bank

273 860 36 13 om
328 852 167 22 kassakreditiv
513 855 59 18 samt
589 860 54 20 upp-

273 887 42 21 och
345 886 249 29 —afskrifningsräkning
622 886 33 22 är;

272 920 154 28 stämpelfritt.

230 960 121 23 Kvittenser
373 961 43 21 och
440 961 63 22 bevis
526 961 64 21 öfver
611 962 33 20 in-

271 995 146 29 betalningar
432 996 36 21 till
484 996 94 28 publika
594 996 50 21 kas-

271 1037 37 14 sor
323 1030 42 21 och
381 1030 81 21 fonder
476 1047 5 5 .
511 1048 3 3 .
545 1048 2 3 .
581 1030 62 27 .fria

216 1072 1 37 |
236 1069 155 29 Lysningssedel
413 1070 38 21 till
471 1070 126 28 äktenskap
612 1070 41 29 fri,

215 1137 2 3 :
226 1110 156 30 Magisterbref,
399 1118 23 13 se
438 1110 99 28 Diplom.

215 1146 1 35 ;
226 1146 104 35 Mutsedel
348 1150 13 21 &
379 1150 124 29 fyndighet
518 1151 6 20 i
541 1150 56 29 berg
613 1152 29 21 el-

269 1184 33 21 ler
331 1184 116 29 jordlager
477 1185 54 21 eller
561 1186 12 20 &
599 1185 43 28 sjö-

269 1219 121 28 malmtägt
501 1237 37 3 mom
569 1237 4 3 E
604 1237 3 4 x
639 1239 3 2 €

225 1253 108 26 Mätebref
354 1252 36 22 för
415 1253 84 29 fartyg,
524 1255 27 20 10
573 1255 67 27 penni

214 1278 1 18 1
268 1287 35 21 för
325 1287 79 29 hvarje
427 1288 58 21 fulla
508 1289 27 21 10
557 1292 39 18 ton
619 1283 32 27 af.

267 1321 113 29 fartygets
397 1322 137 28 dräktighet.

213 1352 1 5 *
224 1352 260 32 Nationalitetscertifikat,
522 1357 28 21 50
587 1364 53 21 pen-

267 1390 24 21 ni
306 1389 35 22 för
356 1390 80 29 hvarje
452 1390 56 22 fulla
524 1392 28 21 10
567 1394 40 19 ton
619 1392 22 21 af

267 1423 112 29 fartygets
396 1424 136 30 dräktighet.

223 1457 233 29 Naturalisationsbref
463 1460 54 20 eller
527 1460 112 22 tillständs-

211 1503 2 14 I
266 1488 125 34 resolution:
648 1493 1 27 |
