1100 1750
224 113 16 19 6

225 176 305 29 häradshöfdingefullmakt
561 178 72 28 droge
668 178 97 28 stämpel
800 177 59 22 blott
889 177 37 22 för
951 185 29 14 en

225 212 91 21 mindre
339 212 38 21 del
401 213 23 21 af
447 213 46 22 den
517 214 53 21 med
593 214 102 28 tjänsten
715 214 111 21 förenade
846 213 135 28 aflöningen

225 248 45 21 och
289 248 151 22 innehafvare
461 249 24 21 af
505 249 196 22 senatorsembete
721 257 57 14 vore
798 249 107 21 frikallad
928 249 52 22 från

226 283 139 29 erläggande
383 285 24 21 af
422 285 45 21 alla
482 285 194 29 stämpelafgifter
693 286 41 21 vid
744 285 179 22 förordnandets
934 285 46 22 för-

225 320 99 28 nyande.
357 320 123 23 Gentemot
503 321 69 22 dessa
591 321 185 28 anmärkningar,
793 328 49 14 som
862 321 118 21 Utskottet

224 355 52 22 icke
292 358 74 20 ansett
382 356 55 22 böra
453 357 121 22 föranleda
589 359 78 26 nägon
683 357 81 28 ätgärd
775 357 52 21 frän
839 356 140 22 Ständernas

225 391 57 27 sida,
299 392 35 21 fär
349 392 120 23 Utskottet
483 393 124 22 framhälla
621 393 115 29 följande:

298 428 207 29 Stämpelsatserna
520 429 37 22 för
573 429 106 22 fullmakt
691 432 12 19 &
714 429 92 28 verklig
820 429 72 28 tjänst
908 428 72 29 enligt

225 464 47 22 den
287 465 85 28 nädiga
388 465 181 28 propositionen,
589 473 49 14 som
654 465 8 22 i
678 465 76 22 denna
770 465 38 22 del
824 465 7 21 i
847 465 132 21 hufvudsak

224 500 218 23 Ofverensstämmer
458 501 53 22 med
531 501 30 22 de
576 503 35 20 tre
627 504 78 19 senast
721 501 136 22 emanerade
874 500 104 29 stämpel-

224 536 200 29 förordningarna,
441 539 46 24 äro,
505 537 76 22 sävidt
596 537 120 22 Utskottet
731 537 46 22 kan
788 537 104 25 bedöma,
904 537 74 21 öfver-

224 572 155 29 hufvudtaget
400 573 121 29 afpassade
541 573 58 22 efter
619 573 132 29 principielt
767 573 84 28 riktiga
867 573 42 21 och
925 575 53 19 rätt-

224 608 52 22 visa
298 609 108 28 grunder.
437 609 36 21 De
496 609 93 22 relativt
612 609 52 22 bäst
687 609 107 22 aflönade
819 608 96 22 embets-
936 608 42 22 och

224 644 192 28 tjänstemännen,
437 652 49 14 som
507 645 105 28 uppbära
627 646 40 20 lön
687 648 13 18 å
716 648 52 22 stat,
785 644 111 22 hvarmed
911 644 67 29 följer

224 680 121 21 förmånen
360 681 25 21 af
400 681 162 28 pensionsrätt,
579 681 95 28 erlägga
689 681 98 21 sålunda
803 683 10 20 4
826 680 29 29 %/
872 680 22 21 af
909 680 69 21 lönen

223 716 45 21 och
284 716 50 29 2/0
350 716 24 21 af
390 717 85 21 arvode
492 717 43 21 och
545 717 162 28 taffelpengar.
739 716 48 23 Vid
798 715 180 23 arvodesbefatt-

223 751 84 29 ningar
322 752 8 21 i
346 752 129 29 statstjänst
491 753 43 21 och
549 753 42 21 vid
607 753 86 22 sädana
708 752 159 28 befattningar
882 752 8 21 i
906 752 72 21 stads-

223 788 123 21 kommuns
362 788 78 28 tjänst,
457 791 13 19 å
485 789 80 21 hvilka
581 789 222 28 statsmyndigheter
819 788 92 21 utfärda
926 787 51 22 full-

223 824 71 26 makt,
310 826 68 26 utgår
395 824 206 29 stämpelbeloppet
614 825 59 21 efter
685 825 93 21 nedsatt
788 824 66 21 tariff
864 824 53 21 med
927 827 13 18 2
949 824 29 28 %/o

223 859 31 27 af,
271 859 7 22 i
295 860 38 21 det
348 860 63 21 förra
426 861 64 21 fallet
511 861 103 26 arvodet,
631 861 43 21 och
689 861 8 20 i
713 861 39 21 det
768 867 82 14 senare
866 859 64 22 fallet
948 873 30 2 —

224 898 56 19 enär
299 899 78 25 någon
396 896 146 22 konsekvent
562 897 138 28 genomförd
715 896 123 28 indelning
857 896 8 21 i
880 896 39 21 lön
936 896 42 21 och

220 931 89 22 arvode
320 931 50 22 icke
382 932 153 22 förekommer
545 932 41 22 vid
595 933 28 21 de
632 932 148 22 kommunala
790 931 188 28 befattningarna

223 980 29 2 —
264 967 107 29 samtliga
383 971 12 18 å
405 970 44 19 stat
457 971 120 26 upptagna
587 969 176 20 löneförmäner.
791 967 47 22 För
846 967 132 22 fullmakter

221 1003 37 21 till
282 1003 159 22 ecklesiastika
457 1004 102 29 tjänster,
576 1004 112 21 inclusive
704 1003 273 28 klockarebefattningar,

222 1075 66 21 tariff
310 1075 53 21 med
381 1075 49 27 2/9
448 1076 23 20 af
487 1076 106 28 samtliga
608 1076 177 21 löneförmäner.
818 1075 36 20 En
870 1075 108 21 särskildt

222 1110 97 28 gynnad
334 1110 111 29 ställning
460 1111 9 21 i
484 1111 63 21 detta
562 1112 132 21 hänseende
708 1111 80 29 intaga
799 1110 178 22 medlemmarne

222 1146 25 20 af
266 1146 254 27 folkskollärarekären,
537 1147 90 22 hvilkas
643 1147 95 28 afgifter
754 1147 84 22 endast
853 1149 56 26 utgå
924 1146 54 22 med

221 1185 14 18 2
246 1182 29 29 9/o
292 1183 22 21 af
330 1183 39 21 det
380 1183 37 22 för
431 1183 102 28 tjänsten
544 1184 115 28 utgående
671 1184 71 28 ärliga
754 1183 170 28 statsanslaget.

295 1219 312 28 Häradshöfdingefullmakt
626 1219 102 22 karteras
752 1219 75 28 enligt
843 1218 135 29 propositio-

221 1261 59 14 nens
304 1254 87 29 förslag
415 1255 54 22 med
491 1255 52 29 4"/o
563 1255 23 22 af
605 1255 46 22 den
666 1255 144 29 helpension,
829 1262 48 13 som
894 1257 25 18 är
934 1254 44 21 till-

221 1289 122 22 försäkrad
370 1291 183 28 häradshöfding
579 1291 39 21 vid
639 1291 207 28 afskedstagandet
866 1290 43 21 och
928 1297 49 14 som

218 1325 94 28 jämlikt
327 1326 168 29 förordningen
514 1327 45 21 den
577 1330 25 19 17
619 1327 129 21 December
767 1329 57 20 1883
841 1328 67 26 utgär
924 1326 53 21 med

221 1363 68 23 6,000
306 1361 38 21 mk
359 1369 43 20 per
418 1364 31 19 &r.
481 1362 70 21 Detta
571 1362 96 22 innebär
685 1362 141 28 visserligen
841 1361 8 22 i
865 1363 25 20 sä
906 1363 70 20 mätto

221 1399 35 18 ett
276 1397 74 28 afsteg
371 1397 52 22 frän
444 1398 70 22 ofvan
531 1399 95 28 angifna
642 1397 286 29 beskattningsprinciper,
946 1400 32 19 att

219 1439 32 14 en
268 1435 47 19 stor
331 1433 37 21 del
385 1433 23 21 af
423 1433 107 22 bemälda
540 1434 151 28 tjänstemäns
702 1434 103 21 faktiska
815 1433 101 22 inkomst
927 1433 50 21 icke

220 1471 67 25 tages
306 1468 9 21 i
334 1468 130 29 beräkning
487 1469 40 22 vid
551 1469 110 28 afgiftens
677 1469 153 22 uträknande.
863 1469 30 21 Sä
908 1469 69 28 länge
