1106 1750
324 140 28 22 U.
370 140 27 22 B.
414 153 27 3 —
456 140 75 28 Prop.
547 140 46 23 N:o
609 140 22 22 5.
849 140 11 20 i

102 208 111 29 uppburit
230 208 25 21 af
263 208 209 22 bränvinsmedlen.
494 209 138 22 Tabellerna
643 209 78 21 lämna
733 208 129 21 emellertid

103 243 50 20 icke
176 250 28 13 en
220 242 54 22 fullt
290 243 69 21 exakt
374 243 48 20 bild
440 243 25 21 af
478 243 60 21 huru
553 243 122 21 resultatet
691 243 35 21 för
742 243 29 21 de
787 241 76 22 skilda

103 277 167 21 kommunerna
285 277 26 21 af
324 277 44 20 den
384 285 47 20 nya
446 277 165 29 fördelningen
627 278 92 21 komme
731 280 35 18 att
777 277 8 21 i
795 276 68 21 värk-

103 311 103 29 ligheten
230 311 88 25 utfalla,
335 312 8 20 i
358 311 40 21 det
421 314 34 19 att
478 312 39 21 vid
539 312 164 28 fördelningen
719 311 99 22 emellan
835 310 28 21 de

104 345 75 33 skilda
195 346 67 21 länen
279 346 44 21 den
340 346 98 28 tidigare
454 346 254 29 fördelningsgrunden
727 345 134 28 tillämpats.

104 380 75 21 Afven
205 381 61 20 inom
290 380 177 22 Statsutskottet
490 381 71 21 hafva
584 383 74 19 röster
678 381 61 28 höjts
755 380 36 21 för
806 379 57 29 god-

105 415 123 21 kännande
252 415 25 21 af
297 415 44 21 den
365 415 52 21 utaf
430 415 235 22 Ekonomiutskottet
679 415 123 21 förordade
817 414 47 21 för-

104 449 137 29 ändringen,
256 449 129 29 hvarjämte
401 450 146 26 framhållits,
569 453 36 18 att
621 450 44 21 den
681 449 95 22 relativt
791 451 73 19 större

104 483 119 29 ökningen
239 484 25 21 af
278 484 119 21 städernas
413 484 139 29 befolkning
563 485 8 21 i
582 483 145 22 förhållande
739 483 36 22 till
786 483 78 21 lands-

105 518 110 29 bygdens,
232 518 118 22 äfvensom
367 519 44 20 den
427 519 212 28 omständigheten,
655 521 35 19 att
705 518 109 21 städerna
830 518 34 21 åt-

105 553 65 28 njuta
194 553 130 28 betydande
348 553 128 21 inkomster
505 554 26 21 af
553 553 182 28 utskänknings-
761 552 44 22 och
829 555 36 18 ut-

105 588 330 28 minuteringsaktiebolagens
452 588 146 26 vinstmedel,
618 588 7 21 i
642 588 79 28 hvarje
732 587 42 21 fall
787 586 78 22 kunde

104 629 28 13 ur
154 622 125 21 rättvisans
303 622 120 29 synpunkt
446 623 96 28 betinga
565 630 28 14 en
616 622 138 28 förändring
778 622 25 21 af
821 621 44 21 den

105 656 82 28 grund,
204 657 74 28 enligt
294 657 94 20 hvilken
404 657 110 21 städerna
529 657 102 21 tilldelas
644 656 69 21 andel
725 656 7 21 i
745 655 120 22 bränvins-

106 691 100 27 skatten,
222 691 43 21 och
281 691 42 21 har
338 691 8 20 i
361 691 84 21 sådant
463 691 61 28 syfte
547 692 80 27 yrkats
651 693 35 19 att
708 690 81 29 hvarje
811 690 55 21 fullt

105 725 202 22 hundrafemtiotal
326 725 26 21 af
362 725 44 22 den
417 725 192 22 mantalsskrifna
617 725 167 28 befolkningen
795 724 71 21 borde

106 760 84 21 räknas
200 761 30 28 på
242 763 32 18 ett
291 760 93 21 mantal.
415 760 194 21 Staisutskottets
624 760 76 21 flertal
716 759 75 22 håller
807 759 59 21 dock

105 794 55 25 före,
174 799 34 16 att
221 795 141 28 tillräckliga
376 795 49 21 skäl
434 795 56 26 icke
495 795 74 21 finnas
578 795 37 21 för
624 797 35 19 att
669 794 84 28 frångå
764 794 39 21 det
814 794 52 21 här-

105 829 74 21 intills
191 829 73 28 följda
279 829 226 28 fördelningssättet,
521 829 91 22 hvilket
627 829 99 22 faktiskt
742 829 61 20 varit
818 828 49 29 gäl-

106 863 68 22 lande
185 863 73 22 under
273 863 53 22 hela
336 863 45 22 den
394 864 40 27 tid,
446 863 31 22 då
488 865 77 27 någon
579 863 38 22 del
629 863 26 21 af
663 863 203 22 bränvinsskatten

107 898 36 21 till
154 898 167 21 kommunerna
329 899 84 28 utgått.
434 899 49 20 För
495 898 162 21 bibehållande
673 899 23 20 af
711 905 31 14 nu
758 897 109 29 gällande

106 932 222 29 fördelningsgrund
351 933 48 21 tala
421 933 8 20 i
449 933 98 21 främsta
569 935 100 19 rummet
693 933 174 28 billighetssyn-

106 967 107 28 punkter.
244 967 47 22 För
313 975 29 13 en
367 967 87 28 mängd
481 967 136 22 kommurer
640 967 75 21 skulle
738 967 130 27 ändringen

107 1001 104 22 medföra
234 1009 29 14 en
286 1002 104 21 kännbar
408 1002 138 28 minskning
568 1002 35 21 uti
625 1001 134 29 påräknade
779 1001 90 21 inkom-

107 1039 53 24 ster,
176 1040 56 17 utan
249 1039 35 18 att
299 1037 73 28 några
389 1043 46 22 nya
459 1037 201 28 omständigheter
682 1035 111 27 inträffat,
819 1041 49 15 som

107 1070 77 22 kunde
200 1071 139 27 rättfärdiga
354 1071 77 21 denna
447 1071 102 28 ändring
558 1071 35 21 uti
605 1070 125 22 bestående
743 1069 126 22 förhållan-

108 1104 50 22 den.
190 1106 53 21 Men
267 1105 49 21 helt
338 1105 43 21 och
404 1105 75 21 hållet
501 1105 36 21 får
560 1105 51 21 icke
627 1105 74 21 häller
715 1104 104 27 förbises,
835 1106 35 19 att

108 1139 179 22 kommunernas
310 1140 68 21 andel
401 1140 34 20 uti
459 1139 206 22 bränvinsmedlen
688 1138 182 30 ursprungligen

108 1175 61 20 varit
192 1175 80 21 afsedd
294 1177 33 19 att
342 1178 84 25 utgöra
442 1177 35 19 ett
493 1175 111 28 vederlag
620 1175 24 20 åt
659 1174 45 21 den
720 1173 151 22 mantalsatta

104 1209 83 28 jorden
204 1209 35 22 för
250 1209 162 29 upphörandet
425 1209 27 21 af
460 1209 341 28 husbehofsbränningsrätten.
823 1207 48 21 En-

108 1243 45 28 ligt
164 1243 28 21 de
206 1244 4 21 i
220 1243 244 22 Ekonomiutskottets
477 1243 147 22 betänkande
635 1243 97 28 intagna
742 1241 129 22 tabellerna

108 1277 75 22 skulle
200 1277 128 22 emellertid
344 1278 28 21 de
389 1278 145 27 kommuner,
553 1277 81 22 hvilka
649 1277 8 21 i
672 1276 147 23 förhållande
834 1275 37 22 till

108 1312 73 21 andra
204 1316 39 17 äro
266 1312 94 21 relativt
383 1312 58 28 högt
464 1312 139 21 beskattade
625 1312 30 28 på
673 1311 76 29 grund
766 1311 26 21 af
805 1310 66 21 deras

108 1347 100 20 mantals
224 1347 92 26 storlek,
332 1347 7 20 i
356 1346 97 21 främsta
472 1354 89 14 rummet
583 1339 79 28 blifva
677 1345 94 22 lidande
787 1351 84 22 genom

109 1381 173 28 förändringen.

178 1415 82 22 Såsom
275 1415 117 22 härintills
404 1415 42 21 har
457 1415 181 21 kommunernas
651 1414 68 21 andel
732 1414 8 21 i
751 1413 122 22 bränvins-

109 1450 93 21 skatten
218 1450 132 28 föreslagits
366 1449 37 21 till
419 1451 96 25 400,000
531 1449 65 22 mark
613 1456 36 14 om
666 1449 55 21 året.

180 1496 142 18 Statsutskottets
334 1496 111 17 betänkande
459 1495 39 18 N:o
511 1496 17 17 3.
