1103 1753
243 139 13 18 2
472 137 26 21 U.
514 136 25 21 B.
600 136 67 27 Prop.
683 137 39 20 N:o
741 136 18 21 1.

243 200 24 22 af
281 201 28 21 de
319 200 60 22 intill
390 201 62 21 detta
463 204 36 18 ärs
512 201 46 21 slut
567 201 9 21 i
587 203 76 19 ämnet
674 200 106 29 gällande
791 199 200 28 författningarna,

243 236 108 22 daterade
375 237 45 21 den
443 240 14 19 4
480 237 44 21 och
545 240 27 19 21
590 236 128 22 December
736 239 62 23 1900,
815 235 127 21 utsträckes
958 234 34 22 till

242 275 118 26 utgängen
377 273 22 21 af
415 273 56 22 Juni
486 273 84 21 mänad
588 276 62 20 1906.

314 410 172 29 Afkastningen
506 411 23 20 af
550 411 28 21 de
598 411 117 28 egentliga
734 409 259 28 bevillningsskatterna

242 446 42 21 har
300 446 33 21 uti
349 446 46 21 den
410 447 85 28 nådiga
510 447 173 28 propositionen
698 447 37 22 för
750 445 156 22 instundande
919 444 74 22 halfär

242 481 123 23 beräknats
382 486 78 25 uppgå
474 482 36 22 till
526 483 168 28 sammanlagdt
712 485 116 24 1,170,000
844 481 45 26 mk,
900 480 93 22 hvartill

243 518 103 22 kommer
361 519 204 22 bränvinsskatten
580 519 54 22 med
649 521 119 24 2,800,000
784 518 46 21 mk.

315 555 35 21 De
374 555 160 28 beräkningar,
559 562 49 15 som
632 555 24 22 af
677 554 258 29 Bevillningsutskottet
953 553 40 22 vid

244 593 91 19 senaste
351 591 111 28 landtdag
478 591 116 22 anstäldes
612 591 42 22 och
669 591 79 22 hvilka
763 590 77 22 finnas
856 589 95 29 intagna
961 589 33 21 uti

242 626 121 29 bilagorna
377 627 36 21 till
429 627 71 29 sagda
515 627 106 22 Utskotts
632 627 145 22 betänkande
788 627 43 21 N:o
842 629 21 23 2,
875 626 119 21 äfvensom

244 663 113 21 särskilda
375 663 52 21 frän
447 663 112 22 Finlands
576 663 146 22 Statskontor
741 663 118 22 Utskottet
874 661 120 22 tillhanda-

243 699 85 21 komna
351 699 119 28 uppgifter
493 699 97 21 rörande
615 699 208 21 skatteintraderna
846 697 73 22 under
940 699 54 19 ären

245 737 57 19 1904
327 734 42 22 och
394 738 55 20 1905
474 735 70 21 hafva
564 735 8 21 i
590 735 134 21 hufvudsak
739 735 63 27 legat
817 733 34 22 till
868 733 75 29 grund
959 733 35 21 för

243 769 130 23 Utskottets
399 771 79 29 kalkyl
505 771 23 21 af
551 771 278 28 bevillningsinkomsten.
868 770 12 20 I
905 769 89 21 hetrak-

242 806 70 22 tande
337 806 23 22 af
383 806 46 22 den
451 807 8 21 i
482 807 80 21 landet
584 807 101 21 rädande
709 807 43 21 och
775 806 74 21 under
870 804 124 22 framtiden

243 842 116 22 sannolikt
374 842 51 22 icke
441 843 125 28 aftagande
581 842 247 30 nykterhetsrörelsen,
844 842 41 21 har
901 840 93 22 Utskot-

242 880 35 19 tet
293 878 126 22 emellertid
434 879 50 21 icke
501 882 75 18 ansett
591 879 36 29 sig
642 879 78 21 kunna
730 878 80 29 bygga
821 878 36 21 sin
867 877 128 27 beräkning

243 914 24 21 af
290 914 312 29 maltdrycksbevillningens
626 915 133 28 afkastning
774 917 31 25 pä
820 913 108 22 medeltal
943 913 52 21 från

244 950 29 21 de
290 953 91 19 senaste
397 952 61 24 ären,
475 953 56 19 utan
546 951 82 22 härvid
645 950 87 29 antagit
748 950 40 22 det
805 949 34 22 uti
854 949 46 21 den
911 948 84 28 nädiga

243 986 175 28 propositionen
439 986 100 29 angifna,
560 989 72 26 nägot
646 987 64 28 lägre
726 986 115 28 beloppet.
873 984 55 22 Med
944 984 51 22 stöd

243 1021 67 22 häraf
329 1022 42 21 har
392 1022 118 22 Utskottet
530 1022 135 28 förslagsvis
682 1022 129 28 kalkylerat
826 1021 131 21 inkomsten
972 1020 23 22 af

245 1057 28 21 de
290 1057 59 22 olika
365 1057 185 29 bevillningarna
565 1058 73 21 under
654 1060 25 19 är
696 1060 56 20 1906
772 1057 36 21 till
822 1056 173 22 nedanstäende

243 1092 97 29 belopp:

317 1147 278 29 Spelkortsbevillningen
617 1165 3 4 .
654 1165 3 4 .
683 1148 58 21 Fmk
788 1149 135 24 40,000:—.

316 1183 149 22 Maltskatten
505 1201 3 3 .
542 1201 4 4 .
580 1201 3 4 .
618 1201 40 4 0
707 1200 10 9 »
773 1185 103 23 500,000:
889 1195 34 8 —.

317 1218 194 28 Stämpelskatten
543 1236 4 4 .
580 1236 4 4 .
618 1236 3 4 .
655 1236 3 4 .
707 1236 10 10 ,
749 1221 126 23 2,000,000:
887 1231 36 8 —

574 1267 93 21 Summa
682 1267 59 21 Fmk
749 1269 127 24 2,540,000:
889 1279 34 9 —

315 1326 37 20 Då
371 1325 131 23 inkomsten
523 1327 35 21 för
578 1327 62 21 förra
660 1327 98 21 halfäret
785 1329 64 23 1906,
870 1326 90 21 oaisedt
983 1328 12 19 &

243 1361 80 21 hvilka
342 1361 60 22 tider
423 1363 24 21 af
467 1365 49 19 äret
534 1362 132 22 intraderna
681 1363 97 21 faktiskt
793 1362 91 28 inflyta,
901 1361 41 22 bör
958 1362 37 22 be-

243 1397 83 21 räknas
349 1397 35 21 till
408 1398 88 22 hälften
520 1399 23 20 af
566 1399 51 20 hela
640 1401 59 18 ärets
720 1399 108 24 inkomst,
845 1398 45 21 kan
907 1397 88 22 säledes

244 1432 73 29 enligt
331 1433 131 22 Utskottets
478 1434 60 28 äsigt
553 1435 52 20 med
621 1434 117 29 tillförsigt
756 1436 102 26 antagas,
874 1436 32 19 att
917 1433 78 22 bevill-

244 1467 125 30 ningarnas
387 1469 133 29 aikastning
538 1471 73 21 under
627 1470 177 28 ifrågavarande
820 1470 34 21 tid
870 1469 58 22 skall
943 1469 54 21 fullt
