1103 1753
240 145 15 20 4
439 145 81 24 Ständ.
537 146 37 23 Sv.
591 159 25 3 —
632 147 74 28 Prop.
723 147 45 22 N:o
784 147 22 22 3.

241 214 102 28 oskäligt
361 214 53 29 hög,
430 215 70 21 hafva
515 215 128 22 Ständerna
658 215 96 22 beslutit
769 217 34 20 att
818 215 107 28 samtliga
939 215 62 21 kate-

240 249 76 26 gorier
338 248 22 21 af
382 249 132 28 gatumusik
537 250 63 21 skola
616 250 39 21 vid
669 249 154 22 utverkandet
838 249 23 21 af
876 249 125 22 tillstånds-

240 283 125 22 resolution
384 284 55 21 eller
453 283 64 22 bevis
533 284 94 29 åläggas
644 292 27 13 en
687 283 169 29 stämpelafgift
872 283 22 22 af
915 285 6 20 3
937 283 64 22 mark

239 316 37 22 för
297 317 78 28 hvarje
393 318 37 21 hel
447 318 84 22 månad
550 319 55 21 eller
623 319 36 21 del
675 319 71 27 däraf,
763 326 48 14 som
826 318 127 21 tillståndet
969 318 32 21 af-

240 358 36 14 ser
291 355 33 18 att
343 352 67 28 gälla.

324 388 13 25 $
353 387 18 21 5.
401 387 61 21 Enär
485 387 103 28 önskligt
610 395 54 14 vore
687 390 35 19 att
745 388 7 21 i
775 388 46 20 mål
836 387 42 21 och
895 386 105 28 ärenden,

240 428 48 14 som
313 420 122 30 handlagts
458 422 53 20 med
534 422 145 28 tillämpning
702 422 24 21 af
748 422 45 21 den
808 422 8 21 i
831 422 67 28 Haag
914 421 44 21 den
973 422 28 20 14

239 455 124 21 november
387 456 55 21 1896
464 456 84 21 mellan
571 456 69 28 ryska
662 456 60 22 riket
746 456 42 22 och
804 456 111 21 särskilda
931 456 70 21 andra

240 491 71 19 stater
334 490 111 22 afslutade
469 491 172 21 konventionen
663 492 56 20 eller
742 491 70 21 andra
831 490 121 22 framdeles
968 490 33 22 af-

240 524 106 22 slutande
366 525 184 21 internationella
565 525 93 29 fördrag
673 526 97 21 rörande
786 526 214 28 rättegångsväsen-

240 558 45 29 det,
309 560 24 20 så
357 561 58 19 stort
437 560 199 28 tillmötesgående
660 568 48 14 som
724 560 92 28 möjligt
830 559 90 22 visades
936 566 64 21 myn-

240 593 80 29 dighet
345 594 7 20 i
376 597 69 18 annat
463 594 60 28 land,
540 594 40 21 har
595 594 43 22 den
654 595 86 27 nådiga
755 594 171 28 propositionen
942 601 59 21 upp-

239 628 61 28 tagit
322 628 143 28 stadganden
488 628 84 28 därom,
592 631 34 19 att
644 628 141 22 främmande
804 631 81 19 staters
901 628 99 22 domsto-

240 662 34 21 lar
297 662 42 22 och
362 662 74 29 öfriga
458 663 161 29 myndigheter
641 664 8 20 i
671 663 86 21 sådana
780 663 46 21 mål
844 663 43 21 och
902 662 98 22 ärenden

239 703 54 14 vore
324 696 101 22 befriade
454 697 50 20 från
534 698 237 28 stämpelskyldighet.
808 697 36 21 Dä
874 697 126 21 emellertid

238 731 97 28 upplyst
358 731 77 21 blifvit
450 734 34 19 att
500 731 43 21 den
558 732 34 20 uti
606 731 186 29 propositionens
808 734 50 19 text
873 731 126 28 åberopade

238 765 172 22 konventionen
434 765 116 22 efterhand
574 766 76 21 blifvit
668 769 71 19 ersatt
754 766 53 21 med
822 768 85 19 tvänne
922 773 78 14 senare

239 799 113 22 afslutade
375 801 116 27 traktater,
514 801 78 21 hvilka
611 801 58 21 dock
687 801 51 21 icke
754 804 62 18 ännu
831 800 77 22 blifvit
923 800 8 21 i
946 800 54 21 Fin-

240 833 55 22 land
318 834 151 28 publicerade,
488 835 69 21 hatva
572 835 127 21 Ständerna
715 835 96 22 beslutit
826 834 64 29 gifva
906 835 39 21 det
958 842 41 13 un-

239 867 41 22 der
304 868 108 22 rubriken
439 869 157 22 »Främmande
619 871 52 20 stats
693 869 89 22 domstol
804 869 37 22 och
863 869 134 28 myndighet»

240 902 115 29 ingående
370 903 137 29 stadgandet
523 912 27 13 en
565 905 71 28 något
651 904 123 21 förändrad
788 904 95 28 lydelse.

325 937 80 22 Såsom
429 938 102 28 själfklar
553 938 166 29 förutsättning
741 938 82 21 härvid
847 937 68 22 hafva
935 938 65 21 Stän-

239 971 71 22 derna
332 972 122 28 betraktat,
478 975 34 19 att
526 973 28 21 de
570 973 25 21 af
608 973 172 22 konventionen
796 973 55 21 eller
865 973 135 21 konventio-

237 1013 72 14 nerna
326 1006 132 22 föranledda
474 1007 271 29 lagstiftningsåtgärder,
762 1014 50 14 som
827 1007 92 28 påkalla
934 1007 66 21 Stän-

239 1039 81 22 dernas
343 1041 144 28 medverkan,
511 1041 71 21 varda
604 1041 94 21 föremål
718 1042 36 20 för
768 1041 73 27 nådig
856 1041 143 28 proposition

239 1074 35 20 till
291 1074 74 21 denna
381 1075 54 21 eller
450 1076 76 27 någon
542 1076 136 21 kommande
693 1075 119 28 landtdag.

322 1108 162 29 Inbyggarene
506 1110 7 20 i
536 1110 160 28 Lappmarken
717 1109 71 21 hafva
803 1108 23 22 af
842 1109 61 21 ålder
918 1109 58 21 varit
992 1110 8 20 i

239 1142 135 28 åtnjutande
397 1143 23 21 af
443 1144 111 21 särskilda
576 1144 113 21 lättnader
712 1144 43 21 och
778 1143 121 28 förmåner,
922 1144 78 21 hvilka

239 1176 52 22 haft
315 1177 36 21 sin
366 1178 76 27 grund
457 1178 8 21 i
480 1178 63 21 detta
558 1178 122 28 landskaps
696 1178 104 28 aflägsna
813 1178 51 28 läge
876 1178 40 21 och
929 1185 71 21 ogyn-

237 1218 88 14 samma
347 1212 175 22 existensvilkor
544 1215 59 19 samt
625 1213 7 21 i
655 1212 163 22 sträfvandena
840 1212 36 21 för
894 1212 106 28 upphjäl-

238 1245 75 27 pande
339 1246 25 21 af
385 1246 175 28 befolkningens
576 1247 148 21 ekonomiska
740 1246 113 29 ställning
870 1246 41 22 och
928 1246 72 22 befor-

238 1280 87 21 drande
348 1280 23 21 af
393 1281 89 21 landets
504 1281 134 28 uppodling.
668 1281 44 21 Till
729 1281 67 21 dessa
812 1281 132 28 privilegier
958 1281 42 21 hör

238 1313 68 23 äfven
337 1314 68 22 frihet
434 1315 51 21 frän
510 1316 138 28 erläggande
673 1316 23 20 af
719 1316 168 28 stämpelskatt,
903 1316 96 21 hvarom

238 1348 143 29 stadganden
403 1350 76 28 ingått
501 1350 7 21 i
524 1350 44 21 alla
584 1350 68 21 sedan
668 1351 25 20 är
709 1350 56 21 1842
782 1350 133 21 emanerade
931 1353 68 18 stäm-

238 1382 206 30 pelförordningar.

321 1417 36 21 En
379 1419 71 20 sädan
472 1419 88 21 förmän
576 1419 40 21 har
631 1419 49 21 haft
696 1419 41 21 sitt
754 1419 159 28 berättigande
928 1419 72 21 under

236 1451 95 28 gängna
353 1453 66 27 tider,
442 1453 29 21 dä
494 1453 171 28 ifrägavarande
688 1453 105 22 landsdel
816 1461 41 14 var
873 1461 27 14 en
915 1456 84 26 ytterst
