1103 1759
250 152 27 20 22
482 152 29 22 U.
530 153 25 21 B.
573 165 26 3 —
616 153 74 28 Prop.
705 154 43 21 N:o
764 153 20 21 7.

319 220 12 21 I
358 221 174 28 propositionen
558 222 121 27 angäende
708 220 300 23 kommunikationsfonden

250 254 92 22 beröres
365 255 36 21 till
423 255 42 21 sist
480 255 82 29 frågan
579 262 37 14 om
633 256 256 28 järnvägsbetjeningens
905 256 103 27 aflöning.

254 288 53 22 Med
329 289 107 21 afseende
452 290 13 21 å
481 290 75 22 denna
579 290 78 28 frågas
680 293 61 19 stora
764 290 119 28 betydelse
899 290 43 21 och
958 290 50 21 dess

252 323 138 29 ingripande
413 324 87 21 värkan
522 325 31 28 pä
578 324 44 22 den
646 324 109 22 framtida
778 324 231 28 nettobehällningen

252 357 53 22 frän
321 358 216 29 statsjärnvägarna,
553 363 66 25 säges
631 360 39 20 det
680 360 8 20 i
699 359 182 29 propositionen,
891 359 43 21 har
944 359 64 21 Hans

252 392 132 29 Kejserliga
406 393 114 29 Majestät,
543 401 49 14 som
615 394 75 21 finner
712 402 28 13 en
763 393 196 29 löneförbättring
973 394 36 21 för

255 426 44 22 den
315 427 64 29 lägre
391 428 263 29 järnvägsbetjeningen
669 436 56 14 vara
741 428 25 22 af
775 428 110 21 behofvet
894 428 114 28 päkallad,

253 461 71 28 velat,
348 462 71 21 innan
442 462 83 22 sakens
548 462 97 29 slutliga
664 462 131 28 afgörande,
814 462 37 21 till
867 462 141 21 Ständernas

250 495 132 22 kännedom
406 496 82 29 bringa
510 497 28 21 de
560 497 96 27 förslag,
672 504 48 14 som
744 498 7 20 i
772 497 84 28 frågan
876 496 132 26 framstälts,

251 530 37 20 för
311 533 34 18 att
367 531 97 21 sålunda
487 531 83 21 bereda
594 532 131 21 Ständerna
743 531 93 22 tillfälle
852 534 35 18 att
902 531 106 21 däröfver

248 568 65 24 yttra
327 566 42 28 sig.

319 600 34 21 Pä
375 600 75 28 grund
473 600 68 22 häraf
557 601 36 21 fär
609 601 180 21 Statsutskottet
804 601 7 21 i
824 600 83 28 frägan
919 600 88 29 afgifva

249 633 104 29 följande
369 635 126 21 uttalande.

320 669 10 21 I
347 669 127 29 anledning
490 670 26 21 af
528 670 114 21 särskilda
663 670 143 28 kategoriers
823 669 26 22 af
858 669 149 29 järnvägsbe-

251 702 74 28 tjente
341 703 41 22 hos
397 704 233 28 Järnvägsstyrelsen
653 705 81 29 gjorda
758 704 110 22 anhällan
891 711 37 14 om
946 704 62 20 löne-

249 737 138 29 förhöjning
408 738 106 22 nedsatte
536 739 233 29 Järnvägsstyrelsen
786 738 45 22 den
847 740 27 19 25
889 738 46 28 Maj
954 739 53 20 1905

247 771 40 21 för
307 772 94 28 frågans
423 773 111 29 pröfning
549 781 28 13 en
593 774 93 25 komit6,
703 774 24 21 ät
742 773 95 21 hvilken
855 780 80 14 senare
950 780 59 21 upp-

251 806 70 29 drogs
345 810 35 18 att
400 812 104 24 uppgöra
526 808 88 29 förslag
638 809 35 21 till
696 816 28 14 en
748 808 87 22 allmän
853 808 116 28 reglering
985 808 25 20 af

246 840 228 30 järnvägsbetjentes
498 842 221 22 löneförhällanden.
749 843 84 21 Denna
849 842 94 27 komitö,
959 849 48 14 som

248 875 68 29 afgaf
336 876 41 22 sitt
399 877 145 21 betänkande
560 877 43 22 den
620 879 13 21 9
649 878 97 22 Januari
764 878 62 26 1906,
842 876 115 28 framhöll,
973 879 35 19 att

244 910 234 30 järnvägsbetjentes
491 912 216 22 löneförhällanden
718 912 71 22 redan
804 912 74 21 under
888 919 29 13 en
928 912 79 28 längre

249 945 36 21 tid
297 946 116 21 förblifvit
427 946 158 22 oförändrade.
608 947 76 21 Priset
695 948 13 20 &
717 946 222 22 lifsförnödenheter
949 946 58 21 hade

249 980 130 21 emellertid
395 980 115 22 härunder
525 981 128 29 väsentligt
667 981 73 29 stigit,
756 980 112 22 särskildt
878 980 7 21 i
895 980 111 21 närheten

248 1014 27 20 af
285 1014 217 30 järnvägslinjerna,
519 1016 97 20 likasom
628 1016 28 20 de
667 1016 119 21 allmänna
798 1014 163 29 fordringarna
978 1015 30 28 på

248 1048 72 22 lifvet
334 1049 67 29 höjts.
433 1050 231 28 Järnvägsbetjentes
680 1050 152 21 ekonomiska
847 1049 158 21 förhållanden

249 1090 56 14 vore
328 1084 78 21 därför
427 1084 35 22 för
484 1085 145 21 närvarande
652 1088 74 18 sämre
748 1088 31 17 än
796 1083 123 27 tillförene,
935 1084 72 20 ehuru

249 1126 54 12 man
320 1118 59 21 dock
394 1118 50 22 icke
460 1119 77 21 kunde
553 1126 54 14 anse
624 1119 50 21 dem
690 1126 55 14 vara
762 1118 87 28 dåliga.
879 1118 70 21 Detta
970 1118 37 21 be-

246 1152 93 21 visades
356 1153 69 21 äfven
442 1154 26 20 af
480 1154 39 20 det
534 1157 62 17 stora
608 1153 102 21 anbudet
719 1154 30 28 på
760 1152 104 22 sökande
875 1152 36 22 till
922 1152 86 29 platser

246 1187 43 21 vid
303 1187 136 29 järnvägen.
469 1188 110 21 Komitén
603 1188 62 26 fann,
688 1191 34 18 att
744 1195 29 13 en
796 1187 97 28 lämplig
908 1186 100 22 löneför-

249 1220 107 30 höjning,
373 1222 135 28 isynnerhet
522 1222 8 21 i
546 1222 28 21 de
589 1222 76 28 lägsta
680 1222 181 26 löneklasserna,
873 1228 54 14 vore
937 1220 71 29 höge-

249 1255 64 28 ligen
335 1256 26 20 af
380 1256 109 21 behofvet
511 1256 108 28 påkallad
643 1256 42 22 och
708 1256 84 22 trodde
816 1259 32 18 att
864 1256 30 20 all
910 1256 97 20 rättvisa

246 1290 141 25 vederfores,
411 1298 35 13 om
470 1290 28 22 de
520 1291 41 21 två
583 1291 56 21 sista
663 1290 176 22 löneklasserna
862 1289 145 26 afskaffades,

247 1324 155 28 hvarigenom
419 1324 43 22 den
479 1325 74 28 lägsta
570 1325 145 21 löneklassen
734 1325 79 21 blefve
829 1324 45 21 den
890 1324 117 28 sjuttonde

246 1358 57 22 med
319 1366 28 14 en
363 1358 103 30 aflöning
481 1360 26 20 af
520 1361 41 21 804
576 1360 66 20 mark
657 1360 7 20 i
680 1360 56 24 året,
752 1359 58 21 eller
826 1360 26 20 67
866 1358 64 22 mark
941 1358 8 21 i
961 1358 46 21 må-

246 1393 85 21 naden.
361 1393 36 21 Då
409 1394 227 28 järnvägsbetjentes
652 1393 152 22 ekonomiska
827 1392 120 28 ställning,
971 1400 36 14 om

247 1427 116 22 komiténs
379 1428 87 29 förslag
481 1429 141 33 godkändes,
639 1429 75 21 blefve
730 1428 56 22 vida
804 1429 74 21 bättre
894 1432 29 17 än
941 1428 66 21 deras

245 1462 122 28 jämlikars
390 1464 30 27 på
442 1463 72 21 andra
536 1464 193 27 arbetsområden,
745 1463 85 21 trodde
846 1462 111 27 komitén,
973 1465 34 18 att

315 1509 143 18 Statsutskottets
472 1510 111 17 betänkande
594 1510 39 18 N:o
644 1511 12 16 4
668 1510 22 18 A.
