1103 1756
223 127 27 20 18
417 126 85 23 Ständ.
519 126 39 23 Sv.
576 140 26 2 —
618 126 74 29 Prop.
709 126 44 23 N:o
770 126 21 22 6.

222 195 27 21 af
268 195 80 21 landet
370 195 40 22 vid
433 195 99 27 handen,
556 197 40 24 att,
620 195 41 21 där
683 195 101 29 gedigen
802 194 43 22 och
861 194 70 22 äfven
946 195 37 21 till

222 230 90 21 formen
327 230 216 21 tillfredsställande
566 230 101 28 muntlig
682 230 170 28 undervisning
870 229 112 29 erbjudes,

221 264 86 22 talrika
323 264 95 22 åhörare
434 268 39 18 äro
490 267 34 19 att
539 264 111 29 påräkna.
682 264 35 22 Då
733 264 74 22 under
823 264 28 21 de
866 267 116 18 närmaste

222 300 56 20 åren
300 299 47 29 god
369 299 132 21 erfarenhet
523 299 46 21 kan
593 299 84 21 vinnas
693 306 38 14 om
747 299 235 28 ändamålsenligaste

222 336 71 19 sättet
310 336 35 19 att
360 333 126 29 tillgodose
502 340 32 14 nu
548 333 183 29 ifrågavarande
746 334 236 28 bildningssträfvan-

222 368 36 27 de,
274 368 66 21 torde
356 368 39 21 det
410 370 103 20 närmast
528 368 64 28 gälla
608 370 36 20 att
658 368 64 22 finna
737 376 29 13 en
777 368 145 29 myndighet,
933 376 49 14 som

222 403 53 21 med
291 402 68 22 oväld
375 403 43 21 och
433 402 176 22 sakkännedom
625 402 119 22 fördelade
755 402 28 22 de
795 402 82 28 medel,
887 410 49 14 som
947 403 36 21 för

222 437 133 22 ändamålet
366 445 31 14 nu
408 437 83 22 anslås.
507 437 46 22 Det
564 445 69 20 synes
645 437 131 22 Ständerna
787 444 49 15 som
845 444 36 14 om
893 445 28 13 en
932 436 53 22 utaf

222 472 345 29 Folkupplysningssällskapet
582 472 44 21 och
639 472 105 21 Svenska
754 471 156 22 Folkskolans
921 472 61 21 Vän-

222 514 43 14 ner
287 509 143 26 gemensamt
452 507 84 21 tillsatt
556 507 88 21 nämnd
666 507 75 21 skulle
763 507 8 20 i
795 507 64 21 detta
875 506 107 22 afseende

223 541 96 28 erbjuda
344 541 72 29 nödig
439 541 99 29 garanti.
567 541 47 22 För
639 541 188 22 understödande
849 541 27 22 af
895 541 88 22 sådana

222 575 238 29 föreläsningskurser
482 576 70 21 hafva
572 576 131 21 Ständerna
719 579 76 18 ansett
811 578 34 19 ett
860 576 84 29 belopp
960 576 26 21 af

222 611 79 25 25,000
317 610 64 21 mark
396 610 129 22 tillsvidare
540 618 56 14 vara
611 611 145 28 tillräckligt.

292 645 34 21 På
349 645 76 28 grund
447 645 69 22 häraf
532 645 24 22 få
571 645 130 22 Ständerna
717 645 8 21 i
740 645 188 28 underdånighet
942 652 40 14 an-

224 679 61 22 mäla
300 682 35 19 att
351 680 27 21 de
394 680 96 21 beslutit

500 751 33 19 att
554 749 73 21 såsom
650 749 119 21 understöd
790 749 36 27 för
845 749 136 28 nykterhets-

431 784 82 21 arbetet
528 784 80 21 anvisa
623 784 39 21 och
678 784 35 21 till
728 784 204 27 hufvudstyrelsens
948 784 36 27 för

431 818 131 27 föreningen
576 818 157 28 Nykterhetens
754 818 89 21 Vänner
853 819 130 27 disposition

431 853 67 21 ställa
513 855 29 19 ett
557 853 79 28 anslag
652 853 28 27 af
688 854 89 25 20,000
787 853 63 21 mark
860 853 36 27 för
906 853 76 21 hvart-

433 888 51 21 dera
506 888 28 27 af
552 887 55 21 åren
629 888 61 21 1906
714 888 39 21 och
776 888 67 24 1907,
865 888 51 21 eller
939 888 45 21 till-

432 929 115 14 sammans
569 923 89 26 40,000
679 923 63 20 mark
765 924 33 19 att
813 922 29 27 af
853 923 131 26 föreningen

433 957 115 20 användas
562 957 10 19 i
589 957 92 20 samråd
696 957 48 20 med
760 956 111 21 Finlands
888 957 96 20 Svenska

433 990 238 28 Nykterhetsförbund;

501 1027 33 19 att
556 1025 36 27 för
614 1025 175 21 understödande
812 1025 29 27 af
863 1026 119 26 ungdoms-

433 1059 173 28 föreningarnas
628 1060 10 20 i
661 1060 72 21 landet
755 1060 145 27 sträfvanden
920 1059 65 21 anslå

436 1095 89 26 30,000
547 1095 63 20 mark
632 1094 37 28 för
684 1094 117 21 hvartdera
816 1095 25 27 af
856 1094 54 21 åren
925 1094 61 21 1906

434 1129 39 21 och
488 1130 66 25 1907,
570 1129 85 27 hvaraf
665 1129 90 26 25,000
765 1128 63 22 mark
837 1128 69 21 skulle
916 1128 69 27 öfver-

436 1164 86 20 lämnas
555 1163 23 21 åt
608 1163 191 27 centralstyrelsen
827 1162 37 28 för
889 1162 96 21 Suomen

435 1198 114 20 Nuorison
566 1197 70 21 Liitto
654 1199 34 19 att
712 1197 117 21 användas
847 1197 35 21 till
896 1196 90 28 förmån

435 1232 35 27 för
492 1232 24 20 de
532 1232 163 27 finskspräkiga
711 1231 274 28 ungdomsföreningarna,

437 1267 38 21 och
492 1267 72 25 5,000
579 1266 63 21 mark
656 1266 69 21 skulle
735 1266 117 21 användas
863 1266 35 20 till
908 1266 78 20 under-

436 1302 103 20 stödande
564 1301 28 27 af
613 1301 25 21 de
665 1300 182 28 svenskspråkiga
866 1301 119 27 ungdoms-

435 1336 174 27 föreningarna;
623 1338 60 18 samt

504 1372 33 19 att
559 1370 65 21 anslä
643 1372 30 19 ett
688 1370 75 27 belopp
779 1369 29 27 af
821 1370 89 22 25,000
925 1369 63 21 mark

435 1405 37 27 för
493 1405 116 21 hvartdera
632 1404 29 28 af
674 1404 54 21 ären
750 1404 62 20 1906
826 1404 39 20 och
881 1404 60 20 1907
956 1405 32 19 att

436 1440 78 20 ställas
530 1439 34 21 till
580 1446 26 14 en
623 1438 29 28 af
666 1438 322 28 Folkupplysningssällskapet
