<?xml version="1.0" encoding="UTF-8"?>
<alto xmlns="http://www.loc.gov/standards/alto/ns-v3#" xmlns:xlink="http://www.w3.org/1999/xlink" xmlns:xsi="http://www.w3.org/2001/XMLSchema-instance" xsi:schemaLocation="http://www.loc.gov/standards/alto/ns-v3# http://www.loc.gov/alto/v3/alto-3-0.xsd">
	<Description>
		<MeasurementUnit>pixel</MeasurementUnit>
		<sourceImageInformation>
			<fileName>/tmp/tess_kq0s5lft_input.PNG</fileName>
		</sourceImageInformation>
		<OCRProcessing ID="OCR_0">
			<ocrProcessingStep>
				<processingSoftware>
					<softwareName>tesseract 5.3.4</softwareName>
				</processingSoftware>
			</ocrProcessingStep>
		</OCRProcessing>
	</Description>
	<Layout>
		<Page WIDTH="1100" HEIGHT="1686" PHYSICAL_IMG_NR="0" ID="page_0">
			<PrintSpace HPOS="0" VPOS="0" WIDTH="1100" HEIGHT="1686">
				<ComposedBlock ID="cblock_0" HPOS="336" VPOS="107" WIDTH="286" HEIGHT="27">
					<TextBlock ID="block_0" HPOS="336" VPOS="107" WIDTH="286" HEIGHT="27">
						<TextLine ID="line_0" HPOS="336" VPOS="107" WIDTH="286" HEIGHT="27">
							<String ID="string_0" HPOS="336" VPOS="107" WIDTH="25" HEIGHT="22" WC="0.93" CONTENT="U."/><SP WIDTH="16" VPOS="107" HPOS="361"/>
							<String ID="string_1" HPOS="377" VPOS="107" WIDTH="25" HEIGHT="22" WC="0.92" CONTENT="B."/><SP WIDTH="16" VPOS="107" HPOS="402"/>
							<String ID="string_2" HPOS="418" VPOS="119" WIDTH="30" HEIGHT="3" WC="0.91" CONTENT="—"/><SP WIDTH="16" VPOS="119" HPOS="448"/>
							<String ID="string_3" HPOS="464" VPOS="107" WIDTH="64" HEIGHT="27" WC="0.96" CONTENT="Prop."/><SP WIDTH="16" VPOS="107" HPOS="528"/>
							<String ID="string_4" HPOS="544" VPOS="107" WIDTH="42" HEIGHT="22" WC="0.96" CONTENT="N:o"/><SP WIDTH="16" VPOS="107" HPOS="586"/>
							<String ID="string_5" HPOS="602" VPOS="107" WIDTH="20" HEIGHT="22" WC="0.96" CONTENT="4."/>
						</TextLine>
					</TextBlock>
				</ComposedBlock>
				<ComposedBlock ID="cblock_1" HPOS="322" VPOS="392" WIDTH="538" HEIGHT="281">
					<TextBlock ID="block_1" HPOS="322" VPOS="392" WIDTH="538" HEIGHT="281">
						<TextLine ID="line_1" HPOS="394" VPOS="392" WIDTH="463" HEIGHT="28">
							<String ID="string_6" HPOS="394" VPOS="393" WIDTH="279" HEIGHT="27" WC="0.90" CONTENT="Bevillningsutskottets"/><SP WIDTH="30" VPOS="393" HPOS="673"/>
							<String ID="string_7" HPOS="703" VPOS="392" WIDTH="92" HEIGHT="28" WC="0.87" CONTENT="förslag"/><SP WIDTH="23" VPOS="392" HPOS="795"/>
							<String ID="string_8" HPOS="818" VPOS="392" WIDTH="39" HEIGHT="23" WC="0.96" CONTENT="till"/>
						</TextLine>
						<TextLine ID="line_2" HPOS="322" VPOS="428" WIDTH="536" HEIGHT="30">
							<String ID="string_9" HPOS="322" VPOS="429" WIDTH="228" HEIGHT="29" WC="0.92" CONTENT="sammanjämkning"/><SP WIDTH="20" VPOS="429" HPOS="550"/>
							<String ID="string_10" HPOS="570" VPOS="429" WIDTH="27" HEIGHT="23" WC="0.96" CONTENT="af"/><SP WIDTH="17" VPOS="429" HPOS="597"/>
							<String ID="string_11" HPOS="614" VPOS="429" WIDTH="28" HEIGHT="22" WC="0.96" CONTENT="de"/><SP WIDTH="22" VPOS="429" HPOS="642"/>
							<String ID="string_12" HPOS="664" VPOS="428" WIDTH="142" HEIGHT="29" WC="0.93" CONTENT="skiljaktiga"/><SP WIDTH="15" VPOS="428" HPOS="806"/>
							<String ID="string_13" HPOS="821" VPOS="429" WIDTH="37" HEIGHT="21" WC="0.91" CONTENT="be-"/>
						</TextLine>
						<TextLine ID="line_3" HPOS="323" VPOS="463" WIDTH="535" HEIGHT="28">
							<String ID="string_14" HPOS="323" VPOS="466" WIDTH="57" HEIGHT="25" WC="0.93" CONTENT="slut,"/><SP WIDTH="24" VPOS="466" HPOS="380"/>
							<String ID="string_15" HPOS="404" VPOS="465" WIDTH="9" HEIGHT="22" WC="0.93" CONTENT="i"/><SP WIDTH="21" VPOS="465" HPOS="413"/>
							<String ID="string_16" HPOS="434" VPOS="466" WIDTH="80" HEIGHT="22" WC="0.93" CONTENT="hvilka"/><SP WIDTH="19" VPOS="466" HPOS="514"/>
							<String ID="string_17" HPOS="533" VPOS="463" WIDTH="104" HEIGHT="25" WC="0.92" CONTENT="Ständen"/><SP WIDTH="19" VPOS="463" HPOS="637"/>
							<String ID="string_18" HPOS="656" VPOS="466" WIDTH="97" HEIGHT="22" WC="0.96" CONTENT="stannat"/><SP WIDTH="15" VPOS="466" HPOS="753"/>
							<String ID="string_19" HPOS="768" VPOS="465" WIDTH="39" HEIGHT="23" WC="0.93" CONTENT="vid"/><SP WIDTH="16" VPOS="465" HPOS="807"/>
							<String ID="string_20" HPOS="823" VPOS="466" WIDTH="35" HEIGHT="22" WC="0.92" CONTENT="be-"/>
						</TextLine>
						<TextLine ID="line_4" HPOS="323" VPOS="500" WIDTH="536" HEIGHT="28">
							<String ID="string_21" HPOS="323" VPOS="501" WIDTH="145" HEIGHT="27" WC="0.96" CONTENT="handlingen"/><SP WIDTH="33" VPOS="501" HPOS="468"/>
							<String ID="string_22" HPOS="501" VPOS="501" WIDTH="27" HEIGHT="22" WC="0.90" CONTENT="af"/><SP WIDTH="26" VPOS="501" HPOS="528"/>
							<String ID="string_23" HPOS="554" VPOS="501" WIDTH="135" HEIGHT="23" WC="0.94" CONTENT="Utskottets"/><SP WIDTH="23" VPOS="501" HPOS="689"/>
							<String ID="string_24" HPOS="712" VPOS="500" WIDTH="147" HEIGHT="23" WC="0.96" CONTENT="betänkande"/>
						</TextLine>
						<TextLine ID="line_5" HPOS="323" VPOS="537" WIDTH="537" HEIGHT="28">
							<String ID="string_25" HPOS="323" VPOS="537" WIDTH="42" HEIGHT="23" WC="0.96" CONTENT="N:o"/><SP WIDTH="19" VPOS="537" HPOS="365"/>
							<String ID="string_26" HPOS="384" VPOS="537" WIDTH="14" HEIGHT="22" WC="0.96" CONTENT="4"/><SP WIDTH="20" VPOS="537" HPOS="398"/>
							<String ID="string_27" HPOS="418" VPOS="538" WIDTH="9" HEIGHT="21" WC="0.96" CONTENT="i"/><SP WIDTH="19" VPOS="538" HPOS="427"/>
							<String ID="string_28" HPOS="446" VPOS="538" WIDTH="128" HEIGHT="26" WC="0.96" CONTENT="anledning"/><SP WIDTH="21" VPOS="538" HPOS="574"/>
							<String ID="string_29" HPOS="595" VPOS="538" WIDTH="27" HEIGHT="21" WC="0.96" CONTENT="af"/><SP WIDTH="18" VPOS="538" HPOS="622"/>
							<String ID="string_30" HPOS="640" VPOS="538" WIDTH="65" HEIGHT="22" WC="0.96" CONTENT="Hans"/><SP WIDTH="21" VPOS="538" HPOS="705"/>
							<String ID="string_31" HPOS="726" VPOS="537" WIDTH="134" HEIGHT="28" WC="0.95" CONTENT="Kejserliga"/>
						</TextLine>
						<TextLine ID="line_6" HPOS="323" VPOS="572" WIDTH="537" HEIGHT="30">
							<String ID="string_32" HPOS="323" VPOS="572" WIDTH="123" HEIGHT="30" WC="0.96" CONTENT="Majestäts"/><SP WIDTH="24" VPOS="572" HPOS="446"/>
							<String ID="string_33" HPOS="470" VPOS="572" WIDTH="87" HEIGHT="29" WC="0.96" CONTENT="nådiga"/><SP WIDTH="20" VPOS="572" HPOS="557"/>
							<String ID="string_34" HPOS="577" VPOS="574" WIDTH="149" HEIGHT="28" WC="0.96" CONTENT="proposition"/><SP WIDTH="16" VPOS="574" HPOS="726"/>
							<String ID="string_35" HPOS="742" VPOS="572" WIDTH="118" HEIGHT="28" WC="0.94" CONTENT="angående"/>
						</TextLine>
						<TextLine ID="line_7" HPOS="324" VPOS="610" WIDTH="536" HEIGHT="28">
							<String ID="string_36" HPOS="324" VPOS="610" WIDTH="132" HEIGHT="27" WC="0.89" CONTENT="bevillning"/><SP WIDTH="30" VPOS="610" HPOS="456"/>
							<String ID="string_37" HPOS="486" VPOS="610" WIDTH="40" HEIGHT="22" WC="0.96" CONTENT="för"/><SP WIDTH="30" VPOS="610" HPOS="526"/>
							<String ID="string_38" HPOS="556" VPOS="610" WIDTH="156" HEIGHT="28" WC="0.93" CONTENT="tillverkning"/><SP WIDTH="31" VPOS="610" HPOS="712"/>
							<String ID="string_39" HPOS="743" VPOS="610" WIDTH="28" HEIGHT="22" WC="0.93" CONTENT="af"/><SP WIDTH="23" VPOS="610" HPOS="771"/>
							<String ID="string_40" HPOS="794" VPOS="610" WIDTH="66" HEIGHT="22" WC="0.92" CONTENT="malt-"/>
						</TextLine>
						<TextLine ID="line_8" HPOS="325" VPOS="645" WIDTH="108" HEIGHT="28">
							<String ID="string_41" HPOS="325" VPOS="645" WIDTH="108" HEIGHT="28" WC="0.96" CONTENT="drycker."/>
						</TextLine>
					</TextBlock>
				</ComposedBlock>
				<ComposedBlock ID="cblock_2" HPOS="112" VPOS="746" WIDTH="760" HEIGHT="712">
					<TextBlock ID="block_2" HPOS="112" VPOS="746" WIDTH="752" HEIGHT="209">
						<TextLine ID="line_9" HPOS="184" VPOS="746" WIDTH="678" HEIGHT="30">
							<String ID="string_42" HPOS="184" VPOS="747" WIDTH="79" HEIGHT="28" WC="0.96" CONTENT="Enligt"/><SP WIDTH="26" VPOS="747" HPOS="263"/>
							<String ID="string_43" HPOS="289" VPOS="746" WIDTH="119" HEIGHT="22" WC="0.93" CONTENT="Utskottet"/><SP WIDTH="23" VPOS="746" HPOS="408"/>
							<String ID="string_44" HPOS="431" VPOS="747" WIDTH="103" HEIGHT="28" WC="0.90" CONTENT="delgifna"/><SP WIDTH="24" VPOS="747" HPOS="534"/>
							<String ID="string_45" HPOS="558" VPOS="746" WIDTH="211" HEIGHT="30" WC="0.92" CONTENT="protokollsutdrag"/><SP WIDTH="23" VPOS="746" HPOS="769"/>
							<String ID="string_46" HPOS="792" VPOS="746" WIDTH="70" HEIGHT="22" WC="0.96" CONTENT="hafva"/>
						</TextLine>
						<TextLine ID="line_10" HPOS="113" VPOS="782" WIDTH="749" HEIGHT="30">
							<String ID="string_47" HPOS="113" VPOS="783" WIDTH="106" HEIGHT="28" WC="0.96" CONTENT="samtliga"/><SP WIDTH="22" VPOS="783" HPOS="219"/>
							<String ID="string_48" HPOS="241" VPOS="783" WIDTH="72" HEIGHT="21" WC="0.96" CONTENT="Stånd"/><SP WIDTH="20" VPOS="783" HPOS="313"/>
							<String ID="string_49" HPOS="333" VPOS="782" WIDTH="58" HEIGHT="29" WC="0.96" CONTENT="tagit"/><SP WIDTH="15" VPOS="782" HPOS="391"/>
							<String ID="string_50" HPOS="406" VPOS="782" WIDTH="35" HEIGHT="22" WC="0.96" CONTENT="till"/><SP WIDTH="16" VPOS="782" HPOS="441"/>
							<String ID="string_51" HPOS="457" VPOS="783" WIDTH="143" HEIGHT="29" WC="0.96" CONTENT="behandling"/><SP WIDTH="14" VPOS="783" HPOS="600"/>
							<String ID="string_52" HPOS="614" VPOS="783" WIDTH="129" HEIGHT="21" WC="0.96" CONTENT="Utskottets"/><SP WIDTH="16" VPOS="783" HPOS="743"/>
							<String ID="string_53" HPOS="759" VPOS="782" WIDTH="8" HEIGHT="22" WC="0.93" CONTENT="i"/><SP WIDTH="16" VPOS="782" HPOS="767"/>
							<String ID="string_54" HPOS="783" VPOS="782" WIDTH="79" HEIGHT="22" WC="0.91" CONTENT="ofvan-"/>
						</TextLine>
						<TextLine ID="line_11" HPOS="112" VPOS="818" WIDTH="752" HEIGHT="29">
							<String ID="string_55" HPOS="112" VPOS="819" WIDTH="102" HEIGHT="21" WC="0.96" CONTENT="nämnda"/><SP WIDTH="22" VPOS="819" HPOS="214"/>
							<String ID="string_56" HPOS="236" VPOS="818" WIDTH="146" HEIGHT="22" WC="0.95" CONTENT="betänkande"/><SP WIDTH="24" VPOS="818" HPOS="382"/>
							<String ID="string_57" HPOS="406" VPOS="818" WIDTH="144" HEIGHT="22" WC="0.96" CONTENT="framställda"/><SP WIDTH="21" VPOS="818" HPOS="550"/>
							<String ID="string_58" HPOS="571" VPOS="819" WIDTH="93" HEIGHT="28" WC="0.96" CONTENT="förslag,"/><SP WIDTH="22" VPOS="819" HPOS="664"/>
							<String ID="string_59" HPOS="686" VPOS="821" WIDTH="32" HEIGHT="19" WC="0.93" CONTENT="att"/><SP WIDTH="16" VPOS="821" HPOS="718"/>
							<String ID="string_60" HPOS="734" VPOS="818" WIDTH="130" HEIGHT="22" WC="0.92" CONTENT="Ständerna"/>
						</TextLine>
						<TextLine ID="line_12" HPOS="113" VPOS="854" WIDTH="751" HEIGHT="29">
							<String ID="string_61" HPOS="113" VPOS="856" WIDTH="70" HEIGHT="20" WC="0.96" CONTENT="måtte"/><SP WIDTH="17" VPOS="856" HPOS="183"/>
							<String ID="string_62" HPOS="200" VPOS="855" WIDTH="90" HEIGHT="21" WC="0.96" CONTENT="anhålla"/><SP WIDTH="16" VPOS="855" HPOS="290"/>
							<String ID="string_63" HPOS="306" VPOS="862" WIDTH="37" HEIGHT="14" WC="0.96" CONTENT="om"/><SP WIDTH="15" VPOS="862" HPOS="343"/>
							<String ID="string_64" HPOS="358" VPOS="854" WIDTH="126" HEIGHT="29" WC="0.96" CONTENT="utredning"/><SP WIDTH="15" VPOS="854" HPOS="484"/>
							<String ID="string_65" HPOS="499" VPOS="855" WIDTH="98" HEIGHT="21" WC="0.95" CONTENT="rörande"/><SP WIDTH="16" VPOS="855" HPOS="597"/>
							<String ID="string_66" HPOS="613" VPOS="854" WIDTH="113" HEIGHT="23" WC="0.95" CONTENT="villkoren"/><SP WIDTH="16" VPOS="854" HPOS="726"/>
							<String ID="string_67" HPOS="742" VPOS="855" WIDTH="43" HEIGHT="21" WC="0.96" CONTENT="och"/><SP WIDTH="11" VPOS="855" HPOS="785"/>
							<String ID="string_68" HPOS="796" VPOS="856" WIDTH="68" HEIGHT="19" WC="0.96" CONTENT="sättet"/>
						</TextLine>
						<TextLine ID="line_13" HPOS="113" VPOS="890" WIDTH="751" HEIGHT="29">
							<String ID="string_69" HPOS="113" VPOS="891" WIDTH="37" HEIGHT="21" WC="0.96" CONTENT="för"/><SP WIDTH="14" VPOS="891" HPOS="150"/>
							<String ID="string_70" HPOS="164" VPOS="890" WIDTH="133" HEIGHT="22" WC="0.95" CONTENT="beredande"/><SP WIDTH="16" VPOS="890" HPOS="297"/>
							<String ID="string_71" HPOS="313" VPOS="890" WIDTH="23" HEIGHT="22" WC="0.95" CONTENT="af"/><SP WIDTH="16" VPOS="890" HPOS="336"/>
							<String ID="string_72" HPOS="352" VPOS="890" WIDTH="146" HEIGHT="22" WC="0.96" CONTENT="skattefrihet"/><SP WIDTH="14" VPOS="890" HPOS="498"/>
							<String ID="string_73" HPOS="512" VPOS="891" WIDTH="37" HEIGHT="21" WC="0.93" CONTENT="för"/><SP WIDTH="17" VPOS="891" HPOS="549"/>
							<String ID="string_74" HPOS="566" VPOS="891" WIDTH="163" HEIGHT="28" WC="0.91" CONTENT="alkoholsvaga"/><SP WIDTH="14" VPOS="891" HPOS="729"/>
							<String ID="string_75" HPOS="743" VPOS="890" WIDTH="121" HEIGHT="29" WC="0.92" CONTENT="maltdryc-"/>
						</TextLine>
						<TextLine ID="line_14" HPOS="114" VPOS="926" WIDTH="525" HEIGHT="29">
							<String ID="string_76" HPOS="114" VPOS="926" WIDTH="48" HEIGHT="27" WC="0.96" CONTENT="ker,"/><SP WIDTH="17" VPOS="926" HPOS="162"/>
							<String ID="string_77" HPOS="179" VPOS="929" WIDTH="59" HEIGHT="19" WC="0.97" CONTENT="samt"/><SP WIDTH="15" VPOS="929" HPOS="238"/>
							<String ID="string_78" HPOS="253" VPOS="926" WIDTH="83" HEIGHT="22" WC="0.96" CONTENT="härvid"/><SP WIDTH="15" VPOS="926" HPOS="336"/>
							<String ID="string_79" HPOS="351" VPOS="926" WIDTH="69" HEIGHT="22" WC="0.96" CONTENT="fattat"/><SP WIDTH="14" VPOS="926" HPOS="420"/>
							<String ID="string_80" HPOS="434" VPOS="926" WIDTH="103" HEIGHT="29" WC="0.96" CONTENT="följande"/><SP WIDTH="15" VPOS="926" HPOS="537"/>
							<String ID="string_81" HPOS="552" VPOS="927" WIDTH="87" HEIGHT="21" WC="0.96" CONTENT="beslut:"/>
						</TextLine>
					</TextBlock>
					<TextBlock ID="block_3" HPOS="115" VPOS="962" WIDTH="750" HEIGHT="64">
						<TextLine ID="line_15" HPOS="186" VPOS="962" WIDTH="679" HEIGHT="29">
							<String ID="string_82" HPOS="186" VPOS="962" WIDTH="164" HEIGHT="28" WC="0.92" CONTENT="Ridderskapet"/><SP WIDTH="16" VPOS="962" HPOS="350"/>
							<String ID="string_83" HPOS="366" VPOS="962" WIDTH="42" HEIGHT="22" WC="0.93" CONTENT="och"/><SP WIDTH="16" VPOS="962" HPOS="408"/>
							<String ID="string_84" HPOS="424" VPOS="962" WIDTH="73" HEIGHT="22" WC="0.90" CONTENT="Adeln"/><SP WIDTH="15" VPOS="962" HPOS="497"/>
							<String ID="string_85" HPOS="512" VPOS="963" WIDTH="41" HEIGHT="21" WC="0.96" CONTENT="har"/><SP WIDTH="14" VPOS="963" HPOS="553"/>
							<String ID="string_86" HPOS="567" VPOS="963" WIDTH="102" HEIGHT="28" WC="0.96" CONTENT="godkänt"/><SP WIDTH="10" VPOS="963" HPOS="669"/>
							<String ID="string_87" HPOS="679" VPOS="962" WIDTH="130" HEIGHT="22" WC="0.93" CONTENT="Utskottets"/><SP WIDTH="12" VPOS="962" HPOS="809"/>
							<String ID="string_88" HPOS="821" VPOS="962" WIDTH="44" HEIGHT="21" WC="0.93" CONTENT="för-"/>
						</TextLine>
						<TextLine ID="line_16" HPOS="115" VPOS="998" WIDTH="56" HEIGHT="28">
							<String ID="string_89" HPOS="115" VPOS="998" WIDTH="56" HEIGHT="28" WC="0.96" CONTENT="slag."/>
						</TextLine>
					</TextBlock>
					<TextBlock ID="block_4" HPOS="115" VPOS="1033" WIDTH="753" HEIGHT="209">
						<TextLine ID="line_17" HPOS="186" VPOS="1033" WIDTH="680" HEIGHT="23">
							<String ID="string_90" HPOS="186" VPOS="1034" WIDTH="165" HEIGHT="22" WC="0.91" CONTENT="Presteständet"/><SP WIDTH="19" VPOS="1034" HPOS="351"/>
							<String ID="string_91" HPOS="370" VPOS="1034" WIDTH="42" HEIGHT="21" WC="0.93" CONTENT="har"/><SP WIDTH="18" VPOS="1034" HPOS="412"/>
							<String ID="string_92" HPOS="430" VPOS="1034" WIDTH="176" HEIGHT="22" WC="0.89" CONTENT="återremitterat"/><SP WIDTH="20" VPOS="1034" HPOS="606"/>
							<String ID="string_93" HPOS="626" VPOS="1034" WIDTH="70" HEIGHT="22" WC="0.96" CONTENT="saken"/><SP WIDTH="18" VPOS="1034" HPOS="696"/>
							<String ID="string_94" HPOS="714" VPOS="1034" WIDTH="8" HEIGHT="21" WC="0.97" CONTENT="i"/><SP WIDTH="17" VPOS="1034" HPOS="722"/>
							<String ID="string_95" HPOS="739" VPOS="1034" WIDTH="76" HEIGHT="21" WC="0.96" CONTENT="denna"/><SP WIDTH="14" VPOS="1034" HPOS="815"/>
							<String ID="string_96" HPOS="829" VPOS="1033" WIDTH="37" HEIGHT="22" WC="0.96" CONTENT="del"/>
						</TextLine>
						<TextLine ID="line_18" HPOS="115" VPOS="1069" WIDTH="751" HEIGHT="30">
							<String ID="string_97" HPOS="115" VPOS="1069" WIDTH="35" HEIGHT="22" WC="0.87" CONTENT="till"/><SP WIDTH="16" VPOS="1069" HPOS="150"/>
							<String ID="string_98" HPOS="166" VPOS="1069" WIDTH="119" HEIGHT="22" WC="0.92" CONTENT="Utskottet"/><SP WIDTH="15" VPOS="1069" HPOS="285"/>
							<String ID="string_99" HPOS="300" VPOS="1070" WIDTH="35" HEIGHT="21" WC="0.96" CONTENT="för"/><SP WIDTH="16" VPOS="1070" HPOS="335"/>
							<String ID="string_100" HPOS="351" VPOS="1070" WIDTH="122" HEIGHT="22" WC="0.96" CONTENT="införande"/><SP WIDTH="15" VPOS="1070" HPOS="473"/>
							<String ID="string_101" HPOS="488" VPOS="1071" WIDTH="9" HEIGHT="21" WC="0.93" CONTENT="i"/><SP WIDTH="15" VPOS="1071" HPOS="497"/>
							<String ID="string_102" HPOS="512" VPOS="1071" WIDTH="261" HEIGHT="28" WC="0.90" CONTENT="författningsförslaget"/><SP WIDTH="16" VPOS="1071" HPOS="773"/>
							<String ID="string_103" HPOS="789" VPOS="1070" WIDTH="24" HEIGHT="21" WC="0.93" CONTENT="af"/><SP WIDTH="14" VPOS="1070" HPOS="813"/>
							<String ID="string_104" HPOS="827" VPOS="1073" WIDTH="39" HEIGHT="18" WC="0.93" CONTENT="nö-"/>
						</TextLine>
						<TextLine ID="line_19" HPOS="116" VPOS="1105" WIDTH="751" HEIGHT="30">
							<String ID="string_105" HPOS="116" VPOS="1105" WIDTH="55" HEIGHT="29" WC="0.90" CONTENT="diga"/><SP WIDTH="15" VPOS="1105" HPOS="171"/>
							<String ID="string_106" HPOS="186" VPOS="1105" WIDTH="161" HEIGHT="29" WC="0.96" CONTENT="förändringar"/><SP WIDTH="16" VPOS="1105" HPOS="347"/>
							<String ID="string_107" HPOS="363" VPOS="1106" WIDTH="43" HEIGHT="22" WC="0.93" CONTENT="och"/><SP WIDTH="16" VPOS="1106" HPOS="406"/>
							<String ID="string_108" HPOS="422" VPOS="1106" WIDTH="88" HEIGHT="29" WC="0.92" CONTENT="tillägg,"/><SP WIDTH="17" VPOS="1106" HPOS="510"/>
							<String ID="string_109" HPOS="527" VPOS="1107" WIDTH="109" HEIGHT="21" WC="0.92" CONTENT="afseende"/><SP WIDTH="12" VPOS="1107" HPOS="636"/>
							<String ID="string_110" HPOS="648" VPOS="1109" WIDTH="32" HEIGHT="19" WC="0.92" CONTENT="att"/><SP WIDTH="10" VPOS="1109" HPOS="680"/>
							<String ID="string_111" HPOS="690" VPOS="1106" WIDTH="85" HEIGHT="22" WC="0.92" CONTENT="bereda"/><SP WIDTH="9" VPOS="1106" HPOS="775"/>
							<String ID="string_112" HPOS="784" VPOS="1107" WIDTH="83" HEIGHT="20" WC="0.92" CONTENT="skatte-"/>
						</TextLine>
						<TextLine ID="line_20" HPOS="116" VPOS="1141" WIDTH="752" HEIGHT="30">
							<String ID="string_113" HPOS="116" VPOS="1141" WIDTH="70" HEIGHT="22" WC="0.93" CONTENT="frihet"/><SP WIDTH="24" VPOS="1141" HPOS="186"/>
							<String ID="string_114" HPOS="210" VPOS="1142" WIDTH="36" HEIGHT="21" WC="0.92" CONTENT="för"/><SP WIDTH="24" VPOS="1142" HPOS="246"/>
							<String ID="string_115" HPOS="270" VPOS="1141" WIDTH="143" HEIGHT="29" WC="0.92" CONTENT="svagdricka,"/><SP WIDTH="21" VPOS="1141" HPOS="413"/>
							<String ID="string_116" HPOS="434" VPOS="1142" WIDTH="134" HEIGHT="22" WC="0.92" CONTENT="tillverkadt"/><SP WIDTH="15" VPOS="1142" HPOS="568"/>
							<String ID="string_117" HPOS="583" VPOS="1142" WIDTH="33" HEIGHT="22" WC="0.92" CONTENT="uti"/><SP WIDTH="15" VPOS="1142" HPOS="616"/>
							<String ID="string_118" HPOS="631" VPOS="1142" WIDTH="142" HEIGHT="29" WC="0.91" CONTENT="bryggerier,"/><SP WIDTH="17" VPOS="1142" HPOS="773"/>
							<String ID="string_119" HPOS="790" VPOS="1142" WIDTH="78" HEIGHT="22" WC="0.91" CONTENT="hvilka"/>
						</TextLine>
						<TextLine ID="line_21" HPOS="117" VPOS="1177" WIDTH="751" HEIGHT="30">
							<String ID="string_120" HPOS="117" VPOS="1177" WIDTH="147" HEIGHT="22" WC="0.92" CONTENT="uteslutande"/><SP WIDTH="21" VPOS="1177" HPOS="264"/>
							<String ID="string_121" HPOS="285" VPOS="1178" WIDTH="118" HEIGHT="22" WC="0.96" CONTENT="användas"/><SP WIDTH="19" VPOS="1178" HPOS="403"/>
							<String ID="string_122" HPOS="422" VPOS="1177" WIDTH="36" HEIGHT="22" WC="0.93" CONTENT="till"/><SP WIDTH="18" VPOS="1177" HPOS="458"/>
							<String ID="string_123" HPOS="476" VPOS="1178" WIDTH="140" HEIGHT="22" WC="0.90" CONTENT="fabrikation"/><SP WIDTH="22" VPOS="1178" HPOS="616"/>
							<String ID="string_124" HPOS="638" VPOS="1179" WIDTH="24" HEIGHT="21" WC="0.96" CONTENT="af"/><SP WIDTH="22" VPOS="1179" HPOS="662"/>
							<String ID="string_125" HPOS="684" VPOS="1185" WIDTH="97" HEIGHT="22" WC="0.92" CONTENT="svagare"/><SP WIDTH="23" VPOS="1185" HPOS="781"/>
							<String ID="string_126" HPOS="804" VPOS="1178" WIDTH="64" HEIGHT="21" WC="0.92" CONTENT="malt-"/>
						</TextLine>
						<TextLine ID="line_22" HPOS="118" VPOS="1213" WIDTH="104" HEIGHT="29">
							<String ID="string_127" HPOS="118" VPOS="1213" WIDTH="104" HEIGHT="29" WC="0.91" CONTENT="drycker."/>
						</TextLine>
					</TextBlock>
					<TextBlock ID="block_5" HPOS="118" VPOS="1249" WIDTH="754" HEIGHT="209">
						<TextLine ID="line_23" HPOS="189" VPOS="1249" WIDTH="680" HEIGHT="29">
							<String ID="string_128" HPOS="189" VPOS="1249" WIDTH="192" HEIGHT="29" WC="0.92" CONTENT="Borgareständet"/><SP WIDTH="10" VPOS="1249" HPOS="381"/>
							<String ID="string_129" HPOS="391" VPOS="1250" WIDTH="42" HEIGHT="21" WC="0.93" CONTENT="och"/><SP WIDTH="9" VPOS="1250" HPOS="433"/>
							<String ID="string_130" HPOS="442" VPOS="1250" WIDTH="170" HEIGHT="23" WC="0.92" CONTENT="Bondeständet"/><SP WIDTH="10" VPOS="1250" HPOS="612"/>
							<String ID="string_131" HPOS="622" VPOS="1250" WIDTH="76" HEIGHT="27" WC="0.88" CONTENT="hafva,"/><SP WIDTH="9" VPOS="1250" HPOS="698"/>
							<String ID="string_132" HPOS="707" VPOS="1249" WIDTH="72" HEIGHT="29" WC="0.92" CONTENT="jämte"/><SP WIDTH="11" VPOS="1249" HPOS="779"/>
							<String ID="string_133" HPOS="790" VPOS="1249" WIDTH="39" HEIGHT="22" WC="0.97" CONTENT="det"/><SP WIDTH="11" VPOS="1249" HPOS="829"/>
							<String ID="string_134" HPOS="840" VPOS="1249" WIDTH="29" HEIGHT="22" WC="0.97" CONTENT="de"/>
						</TextLine>
						<TextLine ID="line_24" HPOS="118" VPOS="1285" WIDTH="751" HEIGHT="30">
							<String ID="string_135" HPOS="118" VPOS="1285" WIDTH="176" HEIGHT="22" WC="0.31" CONTENT="&amp;terremitterat"/><SP WIDTH="24" VPOS="1285" HPOS="294"/>
							<String ID="string_136" HPOS="318" VPOS="1286" WIDTH="96" HEIGHT="21" WC="0.95" CONTENT="ärendet"/><SP WIDTH="22" VPOS="1286" HPOS="414"/>
							<String ID="string_137" HPOS="436" VPOS="1286" WIDTH="36" HEIGHT="21" WC="0.93" CONTENT="till"/><SP WIDTH="14" VPOS="1286" HPOS="472"/>
							<String ID="string_138" HPOS="486" VPOS="1286" WIDTH="124" HEIGHT="27" WC="0.93" CONTENT="Utskottet,"/><SP WIDTH="18" VPOS="1286" HPOS="610"/>
							<String ID="string_139" HPOS="628" VPOS="1286" WIDTH="68" HEIGHT="29" WC="0.92" CONTENT="gifvit"/><SP WIDTH="15" VPOS="1286" HPOS="696"/>
							<String ID="string_140" HPOS="711" VPOS="1286" WIDTH="63" HEIGHT="21" WC="0.96" CONTENT="detta"/><SP WIDTH="15" VPOS="1286" HPOS="774"/>
							<String ID="string_141" HPOS="789" VPOS="1285" WIDTH="8" HEIGHT="22" WC="0.93" CONTENT="i"/><SP WIDTH="16" VPOS="1285" HPOS="797"/>
							<String ID="string_142" HPOS="813" VPOS="1293" WIDTH="56" HEIGHT="21" WC="0.92" CONTENT="upp-"/>
						</TextLine>
						<TextLine ID="line_25" HPOS="118" VPOS="1321" WIDTH="752" HEIGHT="30">
							<String ID="string_143" HPOS="118" VPOS="1321" WIDTH="58" HEIGHT="28" WC="0.95" CONTENT="drag"/><SP WIDTH="16" VPOS="1321" HPOS="176"/>
							<String ID="string_144" HPOS="192" VPOS="1323" WIDTH="34" HEIGHT="20" WC="0.93" CONTENT="att"/><SP WIDTH="14" VPOS="1323" HPOS="226"/>
							<String ID="string_145" HPOS="240" VPOS="1321" WIDTH="130" HEIGHT="29" WC="0.92" CONTENT="framlägga"/><SP WIDTH="15" VPOS="1321" HPOS="370"/>
							<String ID="string_146" HPOS="385" VPOS="1322" WIDTH="89" HEIGHT="29" WC="0.96" CONTENT="förslag"/><SP WIDTH="14" VPOS="1322" HPOS="474"/>
							<String ID="string_147" HPOS="488" VPOS="1322" WIDTH="35" HEIGHT="22" WC="0.93" CONTENT="till"/><SP WIDTH="17" VPOS="1322" HPOS="523"/>
							<String ID="string_148" HPOS="540" VPOS="1322" WIDTH="85" HEIGHT="22" WC="0.92" CONTENT="sädana"/><SP WIDTH="16" VPOS="1322" HPOS="625"/>
							<String ID="string_149" HPOS="641" VPOS="1322" WIDTH="124" HEIGHT="28" WC="0.93" CONTENT="ändringar"/><SP WIDTH="15" VPOS="1322" HPOS="765"/>
							<String ID="string_150" HPOS="780" VPOS="1321" WIDTH="34" HEIGHT="22" WC="0.92" CONTENT="uti"/><SP WIDTH="13" VPOS="1321" HPOS="814"/>
							<String ID="string_151" HPOS="827" VPOS="1321" WIDTH="43" HEIGHT="22" WC="0.96" CONTENT="och"/>
						</TextLine>
						<TextLine ID="line_26" HPOS="118" VPOS="1357" WIDTH="752" HEIGHT="30">
							<String ID="string_152" HPOS="118" VPOS="1357" WIDTH="83" HEIGHT="28" WC="0.92" CONTENT="tillägg"/><SP WIDTH="25" VPOS="1357" HPOS="201"/>
							<String ID="string_153" HPOS="226" VPOS="1357" WIDTH="35" HEIGHT="22" WC="0.93" CONTENT="till"/><SP WIDTH="22" VPOS="1357" HPOS="261"/>
							<String ID="string_154" HPOS="283" VPOS="1357" WIDTH="270" HEIGHT="30" WC="0.91" CONTENT="författningsförslaget,"/><SP WIDTH="25" VPOS="1357" HPOS="553"/>
							<String ID="string_155" HPOS="578" VPOS="1365" WIDTH="48" HEIGHT="15" WC="0.93" CONTENT="som"/><SP WIDTH="24" VPOS="1365" HPOS="626"/>
							<String ID="string_156" HPOS="650" VPOS="1358" WIDTH="115" HEIGHT="21" WC="0.90" CONTENT="erfordras"/><SP WIDTH="15" VPOS="1358" HPOS="765"/>
							<String ID="string_157" HPOS="780" VPOS="1357" WIDTH="37" HEIGHT="22" WC="0.93" CONTENT="för"/><SP WIDTH="15" VPOS="1357" HPOS="817"/>
							<String ID="string_158" HPOS="832" VPOS="1357" WIDTH="38" HEIGHT="22" WC="0.92" CONTENT="be-"/>
						</TextLine>
						<TextLine ID="line_27" HPOS="119" VPOS="1392" WIDTH="752" HEIGHT="30">
							<String ID="string_159" HPOS="119" VPOS="1392" WIDTH="102" HEIGHT="22" WC="0.92" CONTENT="redande"/><SP WIDTH="25" VPOS="1392" HPOS="221"/>
							<String ID="string_160" HPOS="246" VPOS="1393" WIDTH="23" HEIGHT="21" WC="0.92" CONTENT="af"/><SP WIDTH="19" VPOS="1393" HPOS="269"/>
							<String ID="string_161" HPOS="288" VPOS="1393" WIDTH="145" HEIGHT="21" WC="0.91" CONTENT="skattefrihet"/><SP WIDTH="18" VPOS="1393" HPOS="433"/>
							<String ID="string_162" HPOS="451" VPOS="1394" WIDTH="37" HEIGHT="21" WC="0.96" CONTENT="för"/><SP WIDTH="16" VPOS="1394" HPOS="488"/>
							<String ID="string_163" HPOS="504" VPOS="1394" WIDTH="46" HEIGHT="21" WC="0.93" CONTENT="den"/><SP WIDTH="15" VPOS="1394" HPOS="550"/>
							<String ID="string_164" HPOS="565" VPOS="1393" WIDTH="190" HEIGHT="29" WC="0.92" CONTENT="fabriksmässiga"/><SP WIDTH="14" VPOS="1393" HPOS="755"/>
							<String ID="string_165" HPOS="769" VPOS="1393" WIDTH="102" HEIGHT="21" WC="0.92" CONTENT="tillverk-"/>
						</TextLine>
						<TextLine ID="line_28" HPOS="119" VPOS="1428" WIDTH="753" HEIGHT="30">
							<String ID="string_166" HPOS="119" VPOS="1428" WIDTH="88" HEIGHT="28" WC="0.91" CONTENT="ningen"/><SP WIDTH="21" VPOS="1428" HPOS="207"/>
							<String ID="string_167" HPOS="228" VPOS="1429" WIDTH="23" HEIGHT="21" WC="0.93" CONTENT="af"/><SP WIDTH="19" VPOS="1429" HPOS="251"/>
							<String ID="string_168" HPOS="270" VPOS="1429" WIDTH="143" HEIGHT="28" WC="0.91" CONTENT="svagdricka,"/><SP WIDTH="21" VPOS="1429" HPOS="413"/>
							<String ID="string_169" HPOS="434" VPOS="1429" WIDTH="130" HEIGHT="29" WC="0.92" CONTENT="hvarjämte"/><SP WIDTH="20" VPOS="1429" HPOS="564"/>
							<String ID="string_170" HPOS="584" VPOS="1429" WIDTH="174" HEIGHT="22" WC="0.91" CONTENT="Bondeständet"/><SP WIDTH="19" VPOS="1429" HPOS="758"/>
							<String ID="string_171" HPOS="777" VPOS="1428" WIDTH="95" HEIGHT="22" WC="0.92" CONTENT="beslutit"/>
						</TextLine>
					</TextBlock>
				</ComposedBlock>
			</PrintSpace>
		</Page>
	</Layout>
</alto>
