1103 1728
306 137 85 22 Ständ.
407 137 39 22 Sv.
463 150 25 2 —
505 137 74 28 Prop.
594 137 42 22 N:o
652 137 12 22 7
839 137 27 20 19

109 209 63 28 ning
200 211 35 20 att
253 209 68 22 lånet
340 209 85 22 kunde
444 211 127 26 upptagas
590 208 81 23 under
689 209 87 28 loppet
795 209 25 22 af
838 209 29 22 år

113 243 76 26 1907,
213 243 95 22 hälften
332 243 26 22 af
377 243 145 22 annuiteten
540 243 131 28 upptagits
690 243 84 23 såsom
794 249 73 16 even-

111 277 60 22 tuell
187 277 148 30 utgiftspost
352 277 8 22 i
380 277 41 22 det
439 277 7 22 i
463 277 190 28 propositionen
666 278 126 29 ingående
805 277 62 23 bud-

111 312 173 29 getförslaget.
321 312 12 22 I
361 311 184 29 sammanhang
575 311 105 23 härmed
710 312 48 23 har
784 312 84 22 Eders

112 346 142 29 Kejserliga
278 346 125 29 Majestät,
427 346 81 22 under
527 346 180 30 förutsättning
727 348 35 21 att
782 353 30 15 en
832 347 35 21 tid

111 380 101 22 förflöte
229 380 76 22 innan
324 380 69 22 lånet
410 380 85 22 kunde
514 380 208 29 uppnegocieras,
736 380 130 30 bemyndi-

113 416 44 27 gat
185 414 110 23 Senaten
324 416 35 21 att
386 414 56 22 från
468 414 171 23 statsfondens
659 415 143 28 disponibla
822 415 45 22 till-

112 449 100 29 gångar
239 449 35 22 till
299 449 325 22 kommunikationsfonden
644 449 127 22 öfverföra
791 449 76 22 erfor-

113 483 98 29 derliga
229 483 93 29 belopp
342 483 82 22 såsom
443 483 115 22 förskott.
596 483 54 23 Och
669 490 59 23 eger
749 484 116 25 Senaten,

113 518 78 22 sedan
201 518 140 22 lånemedel
353 518 101 26 influtit,
466 518 155 22 underställa
632 518 81 22 Eders
725 519 142 28 Kejserliga

113 552 130 29 Majestäts
265 553 127 28 pröfning,
409 553 127 22 huruvida
552 552 109 23 berörda
672 553 108 22 förskott
790 553 77 28 jämte

113 587 108 28 tidigare
249 587 36 22 till
312 587 325 22 kommunikationsfonden
666 587 141 29 förskjutna
826 587 42 22 be-

113 621 60 28 lopp
202 621 71 22 skola
292 621 36 22 till
347 621 157 22 statsfonden
525 621 144 29 återgäldas
688 622 60 22 eller
766 629 40 15 om
826 621 42 22 nå-

113 662 51 22 gon
187 656 40 22 del
246 656 73 22 däraf
337 655 84 22 kunde
440 656 127 22 definitivt
586 656 140 22 öfverföras
746 657 35 22 till
800 657 68 22 kom-

113 690 267 22 munikationsfonden
398 690 39 22 för
456 691 96 21 dennas
571 690 185 22 förstärkande.

184 828 55 22 Den
258 828 132 28 försiktiga
406 827 170 29 uppfattning,
588 834 53 16 som
655 828 6 21 i
674 828 93 28 nådiga
778 834 91 22 propo-

116 862 108 22 sitionen
235 862 67 29 gjort
310 863 39 28 sig
355 862 118 28 gällande
481 862 43 22 vid
531 862 169 22 bedömandet
708 862 24 22 af
740 862 129 29 möjlighe-

115 899 41 19 ten
171 896 46 22 och
231 896 150 29 tidpunkten
391 897 40 22 för
440 898 35 20 ett
485 898 56 27 nytt
550 896 118 22 statslåns
679 896 189 30 uppläggande,

115 930 70 22 delas
215 931 24 22 af
259 930 150 23 Ständerna.
447 931 57 21 Man
532 931 50 22 kan
607 931 22 29 ej
649 931 86 29 undgå
755 933 35 20 att
809 934 60 26 taga

115 965 99 28 intryck
240 965 25 22 af
293 966 30 22 de
350 965 58 29 låga
436 966 96 25 kurser,
551 972 51 15 som
622 965 40 22 för
680 966 162 22 närvarande
861 966 8 21 i

114 1000 116 22 utlandet
255 1002 100 20 noteras
384 1000 39 22 för
450 1000 168 28 obligationer
645 1000 112 22 hörande
782 1000 35 22 till
838 1000 33 22 de

115 1034 108 28 tidigare
248 1034 145 22 statslånen.
431 1034 51 22 När
510 1041 29 15 en
565 1034 152 29 förbättring
736 1034 50 22 kan
806 1040 63 15 vara

115 1070 36 20 att
169 1070 87 24 motse,
267 1068 75 23 beror
362 1069 25 22 af
400 1069 27 22 så
440 1069 93 28 många
546 1069 221 28 omständigheter,
782 1068 87 22 hvilka

114 1109 35 15 nu
167 1103 169 29 undandraga
355 1103 39 29 sig
413 1105 35 20 ett
466 1103 65 22 helst
550 1103 78 29 något
641 1103 27 22 så
681 1104 46 21 när
740 1103 130 28 grundadt

114 1137 167 26 bedömande,
302 1139 35 20 att
355 1137 90 29 hvarje
464 1137 168 29 förutsägelse
651 1137 87 22 härom
752 1138 28 21 är
792 1137 79 28 omöj-

113 1171 43 29 lig.
195 1171 86 23 Under
309 1172 74 22 dessa
411 1172 215 28 omständigheter
653 1171 78 23 måste
750 1178 57 15 man
828 1178 44 15 an-

114 1207 60 27 taga
194 1207 35 21 att
248 1206 81 22 under
347 1206 198 29 ifrågavarande
559 1206 172 28 finansperiod
745 1208 34 20 ett
790 1213 80 22 gynn-

114 1241 65 21 samt
203 1241 134 28 ögonblick
363 1241 39 22 för
421 1242 34 21 ett
473 1241 56 22 låns
548 1241 164 28 upptagande
730 1241 33 28 på
783 1242 88 27 antag-

113 1274 52 29 liga
184 1275 91 22 villkor
299 1275 127 22 måhända
444 1275 56 22 icke
520 1275 64 22 skall
602 1281 68 23 yppa
689 1275 44 28 sig.
769 1275 50 22 För
838 1281 31 16 en

114 1309 80 21 sådan
222 1309 121 22 händelse
367 1310 138 22 förefinnes
526 1310 48 21 den
592 1310 8 21 i
618 1310 190 27 propositionen
828 1315 43 16 an-

113 1343 88 22 visade
221 1345 120 28 utvägen,
361 1344 127 29 nämligen
506 1344 181 29 förskottering
700 1351 30 14 ur
744 1343 126 22 allmänna

113 1377 166 27 statsfonden,
299 1379 78 21 hvars
397 1379 143 27 disponibla
559 1378 135 28 tillgångar
713 1378 71 22 torde
804 1377 67 22 med-

113 1411 70 29 gifva
209 1418 30 15 en
267 1412 187 29 försträckning
473 1413 8 21 i
500 1412 48 22 den
568 1412 157 28 omfattning,
746 1418 52 16 som
818 1412 52 21 kan

112 1445 80 22 blifva
211 1446 112 29 behöflig
342 1447 39 21 för
400 1447 199 29 tillgodoseende
619 1446 25 22 af
663 1446 47 22 alla
730 1446 30 22 de
774 1446 98 28 anslag
