1103 1753
297 114 76 21 Ständ.
388 114 37 21 Sv.
440 127 29 2 —
485 115 66 26 Prop.
566 115 41 21 N:o
623 116 21 20 4.
833 117 12 18 5

95 178 151 28 upphörande
264 179 85 21 anmält
364 179 42 21 hos
424 179 153 22 Guvernören
593 179 7 22 i
616 179 68 27 länet,
700 180 96 21 hvilken
808 179 38 22 det

96 213 88 29 åligger
207 217 32 19 att
260 222 36 14 om
313 215 71 22 sådan
400 215 106 22 anmälan
521 215 135 22 underrätta
671 215 175 22 vederbörande

96 250 125 21 kontrollör
237 251 43 21 och
295 250 198 29 kronobetjening.

443 329 12 28 8
474 332 19 19 6.

169 375 47 22 Vid
231 376 132 22 beredande
380 377 24 21 af
420 377 129 29 maltdryck
565 380 37 18 må
619 379 105 26 surrogat
740 377 36 21 för
792 376 56 22 malt

95 411 51 21 icke
163 412 123 21 användas.

446 466 14 29 8
478 470 18 18 7.

168 513 74 28 Egare
259 514 55 21 eller
329 514 150 22 innehafvare
496 515 23 21 af
534 514 116 29 bryggeri,
667 514 76 22 afsedt
758 514 36 22 för
805 514 43 22 till-

96 549 115 28 verkning
227 549 23 22 af
266 550 154 28 maltdrycker
436 550 35 21 till
487 550 144 29 försäljning,
643 558 54 14 vare
712 550 93 29 skyldig
816 552 32 20 att

96 584 8 22 i
119 584 135 29 bryggeriet
270 586 54 21 eller
340 586 137 22 dithörande
493 586 112 29 byggnad
619 586 115 29 uppställa
744 587 43 21 och
799 587 49 21 där-

97 620 58 22 efter
165 620 8 22 i
185 621 63 21 skick
263 622 61 21 hålla
340 629 29 14 en
384 622 54 21 med
453 622 137 22 automatisk
600 622 142 22 maltmätare
753 622 95 22 försedd

96 656 74 22 kvarn
187 657 54 21 eller
256 657 73 27 kross,
346 665 56 18 som,
422 658 58 21 efter
497 658 107 22 däröfver
619 658 118 22 inlemnad
752 658 96 22 beskrif-

97 692 63 28 ning,
176 692 77 22 blifvit
269 694 23 20 af
308 693 152 22 Guvernören
475 694 8 21 i
497 694 62 21 länet
573 694 114 28 godkänd.
710 694 139 27 Ansökning

97 727 78 22 härom
199 728 42 22 bör
264 729 62 21 inom
349 731 39 20 två
412 729 85 22 veckor
519 730 58 21 efter
593 730 53 21 dess
662 729 147 22 inlemnande
826 729 22 21 af

98 763 122 22 Guvernör
235 764 34 21 till
285 765 110 28 pröfning
410 768 123 26 upptagas.

168 799 63 27 Malt,
248 808 49 14 som
313 801 35 21 till
363 801 77 28 brygd
453 802 57 21 skall
523 801 124 26 användas,
659 804 37 19 må
706 801 50 22 icke
767 808 81 15 annor-

98 836 76 21 städes
195 836 95 27 skrotas,
307 839 29 19 än
351 837 8 21 i
378 837 147 28 bryggeriets
545 845 65 21 egen,
627 837 52 22 med
697 837 71 22 sådan
784 837 64 21 malt-

97 873 86 20 mätare
199 872 109 22 försedda
323 873 74 21 kvarn
413 873 56 22 eller
485 873 72 22 kross.

445 945 14 28 8
476 949 19 19 8.

169 991 34 21 Pä
222 991 144 22 tillverkares
391 999 85 15 ansvar
499 993 43 21 och
561 993 74 21 under
655 993 143 28 förpliktelse
814 993 36 21 för

97 1027 84 21 honom
206 1030 38 23 att,
269 1028 29 21 dä
322 1028 81 21 sädant
422 1028 78 28 yrkas,
516 1028 99 28 beediga
629 1028 160 28 uppgifternas
806 1028 44 21 rik-

97 1062 80 29 tighet,
199 1063 57 21 skall
272 1066 13 18 ä
299 1063 81 29 hvarje
395 1063 113 29 bryggeri
523 1064 62 22 föras
601 1072 29 14 en
643 1064 98 28 journal,
757 1066 93 27 upprät-

96 1098 41 22 tad
153 1098 72 29 enligt
241 1099 28 21 de
284 1099 151 26 föreskrifter,
453 1107 50 14 som
519 1100 24 21 af
552 1100 130 28 Kejserliga
694 1100 111 22 Senatens
814 1100 36 21 för

97 1134 100 22 Finland
214 1135 287 29 Ekonomiedepartement
515 1136 124 21 meddelas.

449 1207 14 29 8
481 1210 20 20 9.

168 1254 59 25 Den,
244 1261 50 14 som
305 1254 36 22 för
353 1256 33 20 att
395 1254 88 22 bereda
494 1255 35 28 sig
541 1255 54 21 eller
606 1263 75 13 annan
692 1257 66 27 nytta
766 1262 83 21 genom

97 1289 85 28 oriktig
197 1289 94 29 uppgift
306 1290 55 21 eller
378 1293 70 19 annat
465 1291 57 21 svek
537 1291 163 28 undandrager
716 1291 54 21 eller
783 1291 67 21 söker

95 1325 153 29 undandraga
271 1326 89 21 kronan
383 1326 72 22 ofvan
479 1327 122 21 faststälda
620 1326 230 28 tillverkningsskatt,

97 1360 93 22 straffas
207 1361 73 29 enligt
295 1362 150 28 Strafflagen.

168 1392 80 33 Öfriga
272 1397 178 22 öfverträdelser
471 1398 23 21 af
513 1398 76 21 denna
604 1398 136 28 förordning
756 1398 94 22 straffas

96 1431 53 22 med
165 1431 65 23 böter
246 1433 60 21 ända
321 1433 35 21 till
371 1433 146 28 fyrahundra
533 1434 70 21 mark.
