1098 1748
239 128 27 20 18

236 192 76 21 kande
328 199 27 14 ur
369 192 39 21 sitt
424 192 239 28 författningsförslag
678 193 48 21 helt
741 192 42 22 och
799 192 69 21 hållet
879 194 110 20 utmönst-

236 230 37 18 rat
295 235 31 14 nu
350 228 158 28 ifrågakomna
527 228 137 22 territoriala
682 228 307 28 undantagsbestämningar.

308 264 66 21 Inom
383 264 118 22 Utskottet
510 265 41 21 har
559 264 134 28 visserligen
700 264 68 22 äfven
777 272 28 13 en
813 266 94 19 motsatt
913 264 76 21 stånd-

236 300 75 28 punkt
326 299 130 27 förfäktats,
474 301 42 21 och
532 300 82 22 därvid
632 302 43 20 den
692 301 89 21 åsikten
791 300 94 22 uttalats
897 302 33 19 att
940 300 50 21 icke

236 335 60 21 blott
311 335 177 29 ifrågavarande
505 337 146 21 skattefrihet
665 337 72 21 borde
752 336 37 22 för
804 336 185 28 innebyggarene

236 371 8 21 i
260 371 160 29 Lappmarken
436 372 125 22 bibehållas
578 375 55 19 utan
650 380 85 14 samma
751 372 89 22 förmån
854 371 88 29 jämväl
955 374 34 18 ut-

234 407 104 21 sträckas
359 408 34 20 till
410 408 164 22 Suomussalmi
590 409 116 21 kommun.
737 408 36 22 Då
789 408 118 22 Utskottet
923 408 66 22 emel-

235 442 76 26 lertid,
334 445 30 27 på
388 444 96 22 anförda
507 444 49 22 skäl
577 447 74 19 ansett
667 444 269 28 undantagsställningen
953 444 36 21 be-

234 478 115 22 träffande
377 480 169 28 Lappmarken,
573 481 119 21 Kuusamo
718 480 41 22 och
782 479 137 29 Kuolajärvi
934 480 55 21 böra

235 514 114 27 bortfalla,
369 516 41 21 har
429 516 125 26 Utskottet,
571 517 52 21 med
640 516 52 22 fullt
707 516 129 22 beaktande
853 516 26 21 af
893 516 28 21 de
937 516 51 21 eko-

234 551 106 21 nomiska
357 551 159 23 förhållanden
532 560 49 14 som
598 553 77 21 kunde
691 552 93 28 betinga
800 560 28 13 en
843 551 100 29 lindring
954 551 34 21 till

235 586 90 22 förmån
348 587 36 21 för
408 588 165 22 Suomussalmi
596 588 115 26 kommun,
737 588 58 22 dock
824 588 50 21 icke
897 588 60 21 velat
981 587 7 21 i

234 622 66 22 detta
326 623 106 22 afseende
459 624 83 22 föreslå
568 632 28 14 en
625 624 110 22 afvikelse
755 624 52 21 från
828 624 91 28 önsklig
947 623 41 21 lik-

234 658 124 29 formighet
384 660 7 20 i
416 660 181 28 lagstiftningen,
629 663 54 19 enär
705 660 28 28 ju
759 660 28 21 de
813 660 62 28 lager
902 659 25 22 af
950 660 38 21 be-

234 694 142 29 folkningen,
396 696 89 22 hvilkas
501 696 124 28 fattigdom
644 699 24 19 är
684 696 61 22 känd
762 696 54 21 eller
831 696 103 28 intygad,
951 703 37 13 en-

234 730 44 28 ligt
294 731 176 27 grundsatserna
492 732 6 21 i
515 734 40 20 vår
577 732 244 28 stämpellagstiftning
837 734 38 19 äro
891 732 51 21 från
959 732 29 20 all

234 766 232 30 stämpelskyldighet
481 768 128 22 frikallade.

307 801 185 23 Vidkommande
508 803 39 21 det
563 803 33 21 uti
612 803 173 29 propositionen
799 802 120 28 ingående,
936 802 52 21 från

233 845 34 14 nu
284 838 105 28 gällande
406 838 235 29 stämpelförordning
652 839 106 21 hemtade
770 838 139 28 stadgandet
920 840 67 26 angå-

234 874 60 21 ende
306 874 167 28 stämpelfrihet
482 874 7 22 i
496 874 62 22 vissa
567 875 41 21 fall
616 875 37 21 för
662 874 185 28 hufvudskrifter,
857 874 84 28 bilagor
949 874 39 22 och

233 910 152 27 expeditioner
400 911 8 21 i
424 911 108 25 brottmål,
549 911 42 21 har
607 911 24 20 af
641 910 213 28 häradshöfdingen
867 910 7 21 i
885 909 103 22 Ruovesi

233 945 113 29 domsaga
364 946 136 21 framhållits
518 949 32 19 att
565 947 117 28 uttrycket
698 964 10 9 ,
713 947 28 21 då
758 946 84 21 allmän
858 945 107 29 åklagare
980 946 8 21 i

233 981 54 22 dem
303 981 58 29 tagit
378 982 36 28 sig
428 983 75 20 talan"
521 990 56 14 vore
594 983 99 28 otydligt
707 983 7 20 i
731 985 24 19 så
774 984 78 23 måtto,
871 984 34 19 att
923 981 66 22 däraf

233 1017 51 22 icke
300 1017 129 23 framoinoe
446 1018 114 22 huruvida
575 1018 35 22 hit
626 1019 69 21 äfven
703 1018 72 22 borde
783 1018 110 21 hänföras
902 1017 86 22 sådana

232 1096 65 14 mera
317 1089 102 28 frångått
440 1090 51 21 den.
524 1089 118 22 Utskottet
662 1090 77 21 finner
754 1089 72 22 likväl
841 1089 46 21 den
903 1089 85 28 nådiga

232 1125 186 28 propositionens
444 1125 153 28 formulering
620 1126 23 21 af
667 1125 138 28 stadgandet
835 1125 50 21 icke
911 1125 77 21 lämna

232 1167 52 14 rum
301 1161 35 20 för
353 1161 214 28 missuppfattning,
585 1164 55 19 enär
656 1161 23 22 af
696 1161 163 28 ordalydelsen
874 1160 113 29 klarligen

232 1196 109 28 framgår,
366 1199 33 18 att
421 1197 107 21 befrielse
552 1197 53 21 från
633 1196 157 29 stämpelpligt
813 1203 54 22 eger
883 1203 51 14 rum
954 1196 34 21 uti

232 1231 88 22 sådana
336 1232 76 21 under
428 1233 94 21 allmänt
538 1233 46 21 åtal
600 1233 103 21 hörande
718 1232 115 26 brottmål,
846 1232 41 21 där
903 1232 84 21 allmän

231 1267 109 29 åklagare
365 1269 116 28 uppträdt,
502 1269 70 21 äfven
589 1276 37 14 om
641 1269 63 21 talan
720 1268 131 22 sedermera
866 1268 121 27 frångåtts.

231 1303 49 21 Det
294 1303 8 21 i
318 1303 77 22 finska
410 1307 80 18 texten
505 1305 190 21 förekommande
710 1304 118 28 uttrycket
850 1304 137 28 ,käyttänyt

232 1339 152 28 puhevaltaa*
410 1340 42 21 har
469 1341 23 20 af
507 1340 120 21 Utskottet
642 1340 89 28 utbytts
748 1341 62 20 emot
827 1341 104 25 ,ottanut
946 1347 41 21 pu-

231 1375 131 26 hevallan*,
379 1375 95 22 hvilken
489 1376 89 28 lydelse
597 1375 75 22 bättre
688 1378 129 19 motsvarar
837 1375 150 28 stadgandets

231 1410 115 22 innebörd
370 1411 43 21 och
434 1415 104 18 närmare
563 1411 219 22 öfverensstämmer
801 1411 54 21 med
871 1411 38 21 det
921 1418 66 14 sven-

229 1446 46 21 ska
291 1447 117 28 uttrycket
425 1447 70 28 ,tagit
512 1447 36 28 sig
563 1447 84 21 talan".

306 1482 32 21 På
368 1483 170 28 framställning
569 1483 24 21 af
619 1483 112 21 särskilda
756 1483 164 28 myndigheter
945 1482 42 21 har
