1103 1759
233 148 27 20 28
474 148 28 22 U.
519 149 27 21 B.
562 162 27 2 —
606 148 73 29 Prop.
694 148 44 23 N:o
754 149 20 21 7.

232 216 69 22 klass.
331 217 142 28 Härigenom
496 217 48 26 har,
568 218 75 21 såsom
665 217 233 29 Järnvägsstyrelsen
918 217 8 21 i
948 217 42 21 sitt

232 250 99 29 tidigare
355 252 122 20 omnämda
499 252 121 21 utlätande
635 252 139 27 framhäller,
790 251 29 21 de
838 251 76 29 lägsta
926 251 63 29 järn-

231 285 173 29 vägsbetjentes
435 286 217 21 löneförhällanden
683 286 114 21 förblifvit
828 285 160 27 oförändrade,

232 319 83 21 medan
331 320 248 22 lefnadskostnaderna
596 321 66 20 öfver
677 320 33 22 alt
725 321 7 20 i
748 320 80 21 landet
844 320 73 28 stigit.

301 354 11 21 I
335 354 72 22 afsikt
429 357 35 19 att
479 355 24 21 fä
518 355 64 21 detta
598 354 144 22 förhällande
758 354 99 28 afhjälpt
872 354 41 21 har
925 354 60 28 järn-

231 388 173 29 vägsbetjentes
419 389 141 21 lönekomitö
576 389 110 29 uppgjort
701 392 33 18 ett
750 388 93 28 förslag,
859 388 89 29 gående
963 391 26 19 ut

231 423 31 27 pä
285 426 34 18 att
341 423 115 21 fastställa
479 431 27 13 en
530 424 131 21 minimilön
682 424 26 20 af
720 425 26 20 84
762 423 65 21 mark
844 423 8 21 i
868 423 120 21 mänaden.

231 457 48 21 För
294 465 28 13 en
335 461 48 18 stor
391 458 36 21 del
437 458 215 28 järnvägsbetjente
664 458 8 21 i
683 458 28 21 de
722 458 74 28 lägsta
808 458 180 25 löneklasserna,

231 492 76 21 säsom
329 492 123 27 bromsare,
475 492 152 27 växelkarlar,
651 492 181 27 stationskarlar,
854 492 133 26 banvakter,

231 526 152 28 grindvakter
406 535 27 18 m,
456 526 22 22 fl.
502 527 80 28 skulle,
601 535 36 13 om
651 526 227 30 järnvägsbetjentes
895 526 93 22 löneko-

231 561 68 21 mitös
314 561 87 29 förslag
417 565 102 25 antoges,
536 562 92 21 inträda
645 569 27 14 en
688 562 134 28 förhöjning
838 561 82 21 aficke
931 561 56 21 min-

232 595 40 21 dre
288 599 29 17 än
333 597 83 20 40—68
432 597 27 26 ?/,
474 596 26 21 af
513 596 100 28 tidigare
624 596 45 26 lön,
680 596 129 28 hvarjämte
820 596 69 20 dessa
901 595 87 29 betjen-

231 632 35 19 tes
289 630 65 21 löner
376 631 90 21 komme
490 634 34 18 att
541 632 79 27 uppgä
636 631 35 21 till
688 631 89 28 belopp,
794 637 48 14 som
860 630 127 28 väsentligt

231 664 131 29 ofverstege
379 665 197 21 löneförmänerna
591 665 36 21 för
642 672 114 21 personer,
773 664 81 22 hvilka
867 665 81 27 intaga
959 672 28 13 en

231 699 53 21 med
307 699 66 21 deras
388 700 127 28 jämförbar
530 700 113 28 ställning
657 700 30 28 pä
702 700 73 21 andra
791 699 195 21 arbetsomräden.

299 734 46 21 Vid
368 734 110 28 pröfning
501 734 25 22 af
547 734 66 22 dessa
632 734 100 28 anspräk
747 734 31 28 pä
792 733 195 29 löneförbättring

231 767 42 22 har
288 768 121 22 Utskottet
424 773 77 17 ansett
516 776 28 14 en
557 769 133 28 jämförelse
707 768 51 22 med
772 768 215 28 jordbruksarbeta-

230 809 67 15 renas
313 802 169 22 löneförmäner
497 803 114 29 päkallad.
641 803 46 21 Det
702 807 25 17 är
743 803 118 28 nämligen
872 802 8 21 i
890 802 97 22 främsta

233 840 100 18 rummet
347 844 27 14 ur
391 837 66 21 deras
473 838 56 20 eller
544 838 48 20 lika
607 838 75 21 stälda
692 838 116 21 arbetares
824 837 38 21 led
878 844 48 14 som
942 836 45 22 den

232 871 65 29 lägre
315 871 260 31 järnvägsbetjeningen
591 872 136 29 rekryteras.
757 871 34 23 Af
801 879 28 14 en
846 871 71 22 sådan
929 871 59 29 jäm-

233 906 84 22 förelse
332 906 107 29 framgär,
455 911 34 17 att
501 907 273 29 jordbruksarbetarenas
797 906 66 22 löner
878 906 50 21 icke
949 910 38 18 äro

233 948 40 13 ens
297 941 24 21 sä
345 941 60 28 höga
429 948 47 14 som
500 942 34 26 de,
551 942 80 20 hvilka
651 941 70 21 redan
737 949 31 13 nu
784 941 130 21 tillkomma
926 941 62 28 järn-

232 975 167 29 vägsbetjente.
433 976 70 21 Detta
524 976 146 21 förhällande
692 984 68 13 anser
784 975 123 22 Utskottet
929 975 59 21 dock

232 1016 56 15 vara
311 1010 137 28 förklarligt,
472 1014 55 17 enär
550 1014 62 18 stora
635 1010 99 28 anspräk
758 1010 72 21 mäste
858 1010 78 20 ställas
959 1010 30 28 pä

232 1044 70 21 äfven
323 1044 28 21 de
369 1044 75 28 lägsta
456 1045 226 29 järnvägsbetjentes
700 1044 158 30 päpasslighet
877 1044 42 21 och
943 1044 46 21 till-

231 1078 147 29 förlitlighet.
408 1080 53 20 Men
477 1079 69 21 äfven
562 1087 28 13 en
603 1079 133 29 jämförelse
760 1079 52 21 med
835 1078 153 22 fabriksarbe-

231 1115 93 19 tarenas
335 1112 214 23 löneförhällanden
561 1114 68 26 visar,
643 1117 34 18 att
684 1113 228 29 järnvägsbetjentes
924 1113 65 21 ställ-

232 1147 58 29 ning
305 1148 127 28 ingalunda
448 1152 24 17 är
488 1148 68 28 dälig.
588 1148 49 21 Och
653 1148 59 21 dock
727 1148 90 21 fordras
836 1147 27 21 af
876 1147 28 21 de
920 1147 69 21 först-

232 1182 85 20 nämda
333 1190 28 13 en
377 1182 50 21 icke
448 1183 66 28 ringa
532 1182 218 28 yrkesskicklighet,
767 1182 97 21 hvilken
880 1181 48 21 ofta
943 1181 45 21 för-

232 1216 93 20 värfvas
340 1216 59 22 först
415 1216 57 22 efter
487 1216 54 22 flere
557 1217 35 21 ärs
609 1216 83 25 arbete,
709 1216 83 22 medan
816 1216 26 20 af
863 1215 27 21 de
912 1216 76 28 lägsta

228 1250 215 30 järnvägsbetjente
454 1252 50 20 icke
515 1252 89 20 fordras
615 1252 77 28 någon
707 1250 217 30 yrkesutbildning.
947 1250 42 22 Er-

231 1284 138 22 farenheten
384 1286 8 20 i
408 1286 62 21 olika
492 1286 64 21 delar
579 1286 25 21 af
617 1286 79 21 landet
714 1286 41 21 har
773 1285 71 21 också
863 1285 61 21 visat
947 1285 42 21 och

231 1319 64 21 visar
306 1319 150 27 fortfarande,
474 1323 34 19 att
518 1321 76 28 någon
606 1328 48 13 som
666 1320 61 21 hälst
738 1320 120 28 svårighet
869 1319 50 21 icke
931 1319 59 21 före-

231 1353 75 22 finnes
322 1354 39 21 vid
377 1354 176 29 rekryteringen
569 1356 23 20 at
604 1354 270 29 järnvägsbetjeningen.

301 1388 34 22 På
358 1388 70 22 ofvan
450 1389 96 21 anförda
570 1389 50 21 skäl
639 1389 42 21 och
697 1389 29 21 då
742 1396 28 14 en
786 1388 142 28 vidtgående
944 1388 45 21 för-

231 1421 99 30 höjning
351 1423 26 21 af
393 1423 274 29 järnvägsbetjeningens
690 1423 65 21 löner
778 1422 80 22 kunde
881 1422 108 22 störande

230 1456 94 29 ingripa
339 1458 8 20 i
363 1458 72 21 andra
456 1458 85 28 yrkens
564 1458 150 21 ekonomiska
737 1456 165 23 förhållanden
922 1464 68 14 anser

304 1503 142 18 Statsutskottets
458 1504 110 18 betänkande
581 1504 37 18 N:o
632 1505 11 16 4
655 1504 22 17 A.

929 1523 9 8 o
