1103 1753
244 133 29 21 52
456 133 82 23 Ständ.
555 134 37 23 Sv.
609 147 24 3 —
650 134 73 29 Prop.
738 133 45 23 N:o
798 133 22 22 3.

241 202 42 21 bör
305 202 63 21 detta
389 202 74 22 finnas
486 202 89 22 häftadt
595 204 13 20 &
623 202 108 22 skriftens
746 202 72 22 första
834 202 53 27 sida,
904 202 42 22 och
961 208 36 15 om

241 236 54 22 flera
315 236 74 22 skilda
408 238 110 28 stämplar
536 238 122 27 användas,
674 238 65 21 dessa
754 236 71 22 fästas
840 236 79 22 utmed
933 236 65 22 bred-

241 271 45 21 den
301 271 26 21 af
339 272 100 21 skriften.
458 272 87 22 Saknas
562 275 111 25 utrymme
690 273 13 20 ä
718 272 70 21 första
799 271 71 27 sidan,
881 272 37 20 mä
929 274 68 18 stäm-

241 306 38 28 pel
303 306 122 28 anbringas
450 306 86 28 jämväl
562 307 12 21 &
599 306 106 22 fränsida.
735 306 64 22 Hvar
822 305 40 22 och
886 314 28 13 en
930 305 23 22 af
970 305 28 21 de

240 340 135 28 begagnade
391 342 139 27 stämplarna
546 342 57 20 skall
620 341 22 21 af
658 341 42 21 den
717 341 144 28 tjänsteman,
873 348 47 13 som
932 340 66 21 skrif-

241 376 40 19 ten
306 377 132 26 emottager,
464 378 66 26 göras
556 375 113 22 obrukbar
694 376 30 28 pä
739 377 45 20 sätt
800 375 77 21 därom
892 373 107 22 särskildt

241 408 81 22 varder
337 409 150 22 föreskrifvet.

309 443 46 22 För
377 444 143 29 makulering
543 444 25 21 af
589 444 191 28 stämpelmärken
799 444 37 21 mä
854 443 96 22 särskild
966 443 31 21 af-

243 477 46 29 gift
303 477 50 22 icke
369 485 43 22 ega
427 486 55 14 rum.

592 553 27 21 18
635 555 19 26 &.

308 605 37 20 Dä
375 605 114 28 utgäende
513 605 130 28 expedition
668 605 59 22 skall
750 605 52 22 med
824 604 173 29 stämpelmärko

241 638 77 28 förses,
342 639 114 29 iakttages
478 639 40 22 vid
541 640 122 28 stämpelns
687 639 156 29 anbringando
862 639 42 21 och
919 639 78 21 maku-

240 673 75 28 lering
330 673 118 22 enahanda
464 674 134 28 förfarande,
615 682 48 14 som
678 675 9 20 i
703 675 27 20 12
746 676 12 25 $
775 673 98 29 stadgas.

588 749 27 21 14
630 751 19 25 8.

309 800 149 28 Afhandling,
480 801 137 21 förbindelse
632 802 54 20 eller
702 808 74 14 annan
793 800 73 28 skrift,
882 807 48 15 som
946 799 52 22 blif-

239 834 36 21 vit
297 835 124 27 upprättad
443 835 69 21 innan
534 835 73 21 denna
622 835 145 28 förordnings
784 834 146 28 tillämpning
949 834 48 21 vid-

239 871 67 25 tager
321 869 44 21 och
380 869 73 28 enligt
469 870 28 21 dä
512 870 107 28 gällande
634 870 172 28 bestämningar
820 869 107 27 antingen
939 868 59 22 varit

239 902 128 29 stämpelfri
389 904 55 21 eller
459 904 113 28 stämplad
587 904 51 21 med
654 905 62 28 lägre
727 904 64 22 valör
801 907 28 18 än
841 903 73 28 enligt
924 903 74 21 denna

238 936 142 30 förordning,
397 938 47 28 bör,
460 938 29 21 dä
505 938 43 22 den
564 938 56 22 efter
636 938 74 22 denna
726 938 147 28 förordnings
888 938 109 21 trädande

238 972 7 20 i
270 971 60 22 kraft
352 972 61 22 inför
435 973 98 21 domstol
556 974 54 20 eller
632 973 137 29 myndighet
784 972 90 28 företes,
890 979 55 14 vara
960 972 37 21 be-

239 1006 56 29 lagd
319 1006 53 22 med
397 1008 25 20 sä
446 1007 46 29 hög
508 1008 102 28 stämpel,
629 1015 48 14 som
692 1007 36 22 för
742 1006 79 29 hvarje
836 1006 41 22 fall
893 1006 104 22 ofvanför

238 1040 74 21 finnes
328 1040 109 29 angifvet.

556 1162 35 21 III
606 1162 69 21 KAP.

353 1225 34 23 Om
403 1226 85 27 tillsynen
506 1226 53 22 öfver
573 1226 176 27 stämpelafgiftens
766 1225 113 27 utgörande.

590 1288 27 21 15
632 1290 19 25 8.

307 1339 100 22 Domare
423 1340 54 21 eller
492 1347 74 14 annan
581 1340 144 28 tjänsteman,
742 1347 50 14 som
807 1339 73 22 under
889 1339 108 29 utöfning

238 1372 26 22 af
284 1373 36 21 sin
341 1373 131 30 befattning
495 1376 125 26 emottager
642 1374 103 22 enskilda
761 1373 93 22 skrifter
868 1374 43 21 och
926 1373 71 21 hand-

237 1407 82 29 lingar,
339 1415 94 15 ansvare
447 1409 36 21 för
498 1411 34 19 att
545 1409 9 20 i
569 1409 73 21 denna
656 1408 136 29 förordning
808 1408 116 28 pähbjuden
935 1408 62 28 skyl-

239 1441 82 29 dighet
339 1445 34 19 att
387 1446 83 25 utgöra
480 1443 165 28 stämpelafgift
654 1443 81 22 varder
744 1443 128 28 behörigen
882 1442 115 29 fullgjord.
