1103 1753
299 136 26 21 U.
341 136 25 21 B.
382 148 29 3 —
427 135 66 27 Prop.
509 136 41 22 N:o
568 137 19 20 1.
807 139 12 18 3

69 203 116 20 motsvara
201 201 38 22 det
255 201 92 28 belopp,
364 208 49 14 som
427 200 91 29 jämlikt
534 201 45 21 den
590 201 85 29 nådiga
685 201 135 29 propositio-

68 244 57 15 nens
142 237 24 21 af
182 237 175 21 Statsutskottet
371 236 126 29 tillstyrkta
507 236 167 30 budgetkalkyl
684 237 42 22 bör
738 244 83 22 genom

69 273 128 28 bevillning
214 272 205 29 sammanbringas.

141 309 33 21 På
193 309 77 28 grund
291 309 23 21 af
333 309 40 21 det
389 309 71 22 ofvan
476 309 98 21 anförda
588 309 37 22 får
640 309 181 28 Bevillningsut-

69 345 91 25 skottet,
185 347 25 19 så
242 344 50 22 vidt
321 344 106 22 ärendets
461 345 177 28 handläggning
664 347 13 19 &
704 345 118 21 Utskottet

70 380 139 26 ankommer,
225 380 119 22 vördsamt
359 380 95 22 föreslå:

286 472 31 20 att
337 470 86 22 landets
442 470 125 29 Höglofliga
585 470 97 22 Ständer
700 471 67 21 måtte
783 478 39 14 an-

214 508 51 27 taga
282 514 28 14 en
326 506 126 29 sålydande

286 590 136 30 Förordning
447 591 117 29 angående
584 591 64 23 skatt
668 590 38 24 för
725 591 98 23 tillverk-

215 627 50 29 ning
286 626 27 24 af
331 627 102 28 bränvin,
453 627 117 30 bevillning
586 627 39 24 för
640 627 141 29 tillverkning
798 626 28 24 af

214 663 157 29 maltdrycker,
392 663 116 29 bevillning
528 663 38 24 för
586 664 101 29 spelkort
704 663 118 24 äfvensom

215 699 211 29 stämpelbevillning
454 699 71 23 under
548 699 66 23 förra
638 699 86 23 hälften
749 699 28 23 af
798 699 26 23 år

215 736 64 23 1906.

287 825 66 21 Skatt
369 825 36 21 för
420 825 152 29 tillverkning
587 825 24 22 af
626 825 106 26 bränvin,
743 825 80 21 bevill-

215 862 57 28 ning
292 861 36 22 för
348 861 152 29 tillverkning
520 862 24 21 af
563 861 161 29 maltdrycker,
743 861 80 22 bevill-

215 897 57 29 ning
287 898 36 20 för
343 897 102 29 spelkort
461 898 121 21 äfvensom
599 897 225 29 stämpelbevillning

216 933 58 22 skall
289 933 75 21 under
379 934 63 20 förra
458 934 89 21 hälften
563 933 24 22 af
602 935 25 19 år
645 936 55 20 1906
718 933 106 29 erläggas

216 969 72 29 enligt
308 969 28 21 de
358 969 108 28 grunder,
488 977 49 14 som
553 969 36 21 för
605 972 55 19 åren
678 972 63 23 1901,
760 972 64 23 1902,

219 1008 55 20 1908
296 1005 42 21 och
361 1008 57 19 1904
433 1005 78 22 finnas
528 1005 111 29 stadgade
655 1005 7 21 i
678 1005 86 29 nådiga
779 1005 45 22 för-

216 1041 156 28 ordningarna
388 1041 24 21 af
427 1041 47 22 den
490 1044 13 19 4
520 1041 42 22 och
578 1044 27 19 21
622 1041 128 22 December
768 1044 56 19 1900

216 1077 118 28 angående
359 1077 68 21 dessa
450 1077 98 25 skatter;
571 1077 43 21 och
634 1077 64 22 skola
718 1077 106 28 stadgan-

217 1113 59 22 dena
295 1113 8 21 i
324 1113 130 28 åberopade
473 1113 163 28 förordningar
657 1113 87 28 jämväl
764 1113 8 21 i
792 1113 32 21 öf-

216 1149 50 28 riga
289 1148 63 22 delar
375 1149 69 21 lända
463 1149 35 21 till
514 1148 152 22 efterrättelse
681 1149 52 21 från
750 1149 45 21 den
814 1152 10 19 1

216 1184 96 22 Januari
338 1187 55 20 1906
418 1184 36 22 till
477 1187 119 26 utgången
620 1185 23 21 af
665 1184 56 23 Juni
741 1185 84 22 månad

217 1220 72 29 sagda
304 1223 30 19 år.

145 1358 151 22 Beträffande
321 1359 28 21 de
373 1366 83 22 genom
478 1359 211 29 protokollsutdrag
708 1359 118 21 Utskottet

74 1394 103 28 delgifna
192 1394 143 26 uttalanden,
352 1402 49 14 som
417 1395 8 20 i
441 1395 197 28 Borgareståndet
649 1394 71 29 gjorts
731 1394 8 21 i
750 1395 76 21 anled-

73 1429 58 29 ning
151 1429 67 22 däraf
239 1433 32 18 att
291 1430 46 21 den
356 1430 86 29 nådiga
462 1430 174 29 propositionen
651 1430 131 22 tillkommit
797 1433 29 26 på

73 1465 168 29 föredragning
257 1466 23 22 af
295 1466 124 22 icke-finsk
433 1473 62 20 man,
511 1467 41 21 har
566 1466 118 22 Utskottet
697 1469 75 19 ansett
781 1467 45 21 frå-
