1106 1756
254 137 27 19 18

251 200 93 22 utöfver
363 200 72 28 sagda
449 200 86 30 belopp
552 201 44 21 och
611 201 36 21 till
663 201 43 21 och
723 200 54 22 med
793 199 214 23 etthundrafemtio-

251 238 70 20 tusen
335 236 112 28 kilogram
463 236 41 22 vid
517 236 112 29 bryggeri
643 237 118 22 användes
774 236 37 22 för
822 235 151 29 tillverkning
984 235 24 21 af

251 272 102 21 nämnda
366 272 105 28 drycker,
486 275 60 19 samt
558 271 116 30 tjugufem
685 272 72 29 penni
767 272 38 22 för
816 270 80 30 hvarje
907 271 32 22 tio
950 271 56 21 kilo-

252 315 65 21 gram
332 308 62 26 malt,
411 315 49 15 som
475 308 75 22 under
566 310 49 20 året
628 308 123 22 förbrukas
767 308 94 22 utöfver
872 307 132 22 etthundra-

250 344 150 22 femtiotusen
415 344 120 28 kilogram.

603 404 14 28 8
633 406 22 20 2.

324 445 48 22 Har
383 445 8 22 i
402 445 117 30 bryggeri,
530 446 41 21 där
579 446 20 21 öl
607 446 52 21 eller
663 447 79 26 porter
750 445 129 26 tillverkas,
888 444 74 22 under
973 447 33 19 ett

251 484 25 19 år
292 481 49 22 icke
357 481 132 22 förbrukats
506 485 25 18 så
547 484 48 19 stor
610 482 115 22 kvantitet
736 482 63 25 malt,
812 483 33 20 att
855 480 150 29 bevillnings-

251 517 99 28 afgiften
375 519 30 27 på
430 518 76 28 grund
526 518 23 21 af
572 518 14 29 8
608 521 11 19 1
643 521 91 26 uppgår
759 517 36 22 till
822 518 88 21 ettusen
935 517 71 25 mark,

250 553 59 22 skall
324 553 71 22 likväl
411 554 63 21 detta
489 553 85 29 belopp
591 554 113 28 erläggas.
731 553 117 28 Lindring
858 553 8 21 i
877 553 63 21 detta
950 553 55 20 hän-

250 589 86 22 seende
358 589 46 22 kan
424 590 59 21 dock
499 590 24 21 af
538 589 177 22 vederbörande
730 589 144 29 Expedition
890 589 8 21 i
913 588 92 29 Kejser-

249 625 49 29 liga
314 625 111 22 Senatens
440 626 37 21 för
488 625 100 22 Finland
599 625 292 29 Ekonomiedepartement
901 624 104 29 beviljas,

249 661 9 22 i
280 661 111 27 händelse
413 661 132 22 tillverkare
570 662 75 21 under
665 664 49 19 året
729 661 104 30 upphört
849 661 54 21 med
919 660 36 22 sin
971 663 34 19 rö-

250 697 59 22 relse
326 697 54 22 eller
396 697 111 29 bryggeri
523 697 54 29 eljes
593 697 36 22 till
644 697 59 29 följd
720 698 23 21 af
759 696 88 23 vådeld
863 696 56 22 eller
930 704 75 14 annan

250 733 191 28 olyckshändelse
456 733 81 29 längre
553 733 34 22 tid
603 733 24 22 af
643 735 49 20 året
707 733 60 22 varit
783 733 9 21 i
807 732 168 22 overksamhet.

602 799 13 29 8
632 803 20 18 3.

322 840 109 29 Fritagen
446 841 53 21 från
514 841 130 28 bevillning
660 849 54 14 vare
725 840 134 29 hembrygd
869 840 137 29 maltdryck,

250 876 76 22 ehvad
342 876 133 22 densamma
490 880 25 18 är
529 877 35 21 till
574 877 139 28 försäljning
728 876 139 29 medgifven
882 876 55 21 eller
947 875 57 22 icke.

321 912 141 22 Restitution
478 913 24 21 af
518 913 79 28 erlagd
613 913 130 28 bevillning
759 919 56 22 eger
832 919 51 14 rum
894 911 37 22 för
941 911 64 22 malt-

249 947 79 29 dryck,
346 955 49 14 som

320 985 21 27 a)
372 984 52 21 från
439 984 80 21 landet
533 985 98 25 utföres;

320 1019 24 28 b)
374 1020 74 21 under
471 1020 83 29 sjelfva
576 1020 182 29 tillverkningen
780 1019 57 22 eller
854 1019 100 21 därefter
970 1019 34 21 till

248 1055 47 22 den
314 1056 57 28 grad
392 1056 100 26 skadats,
513 1058 33 19 att
563 1056 51 26 den,
631 1056 72 29 enligt
719 1055 136 28 tillförlitlig
870 1055 131 28 utredning,

247 1091 51 22 icke
313 1091 47 22 kan
375 1091 33 22 till
423 1091 112 29 förtäring
551 1092 126 21 användas.

597 1151 14 29 8
627 1154 20 19 4.

319 1193 150 21 Beträffande
493 1193 42 21 tull
551 1193 36 22 för
610 1193 137 28 maltdryck,
774 1200 51 14 som
852 1192 35 21 till
903 1192 100 21 Finland

246 1228 94 26 införes,
367 1228 80 22 länder
473 1229 34 21 till
533 1229 152 22 efterrättelse
708 1229 64 22 hvad
797 1228 82 21 därom
904 1231 24 18 är
948 1228 55 21 eller

246 1264 84 22 varder
346 1264 114 29 stadgadt.

595 1307 13 28 8
625 1309 19 20 5.

319 1343 89 26 Önskar
424 1355 68 21 egare
509 1348 54 22 eller
579 1348 150 22 innehafvare
746 1348 25 21 af
787 1347 114 29 bryggeri
913 1347 34 21 till
957 1347 45 22 för-

246 1383 101 29 säljning
369 1383 107 22 tillverka
494 1384 136 29 maltdryck,
651 1384 57 21 skall
723 1385 48 20 han
787 1384 45 21 hos
850 1383 152 22 Guvernören

245 1419 7 20 i
269 1419 63 22 länet
348 1419 78 22 därom
443 1420 90 21 anmäla
548 1420 71 21 minst
634 1423 34 18 tre
683 1421 88 21 veckor
787 1419 53 22 före
857 1419 142 21 tillverknin-

244 1462 59 21 gens
318 1455 147 29 vidtagande.
