1103 1756
236 103 22 17 14
506 104 22 18 U.
541 104 22 18 B.
577 104 59 23 Prop.
649 104 36 18 N:o
698 104 18 18 5.

234 163 34 22 till
294 164 9 20 1
328 163 64 22 mark
414 164 28 22 20
458 164 68 29 penni
541 171 39 21 per
595 164 56 28 liter,
668 164 148 27 hvarigenom
831 162 154 29 förhöjningen

234 199 88 22 komme
345 200 35 21 att
403 201 80 27 utgöra
506 200 29 22 35
551 200 68 28 penni
634 207 38 21 per
688 200 50 22 liter
752 199 90 22 utöfver
858 199 37 21 det
911 206 74 14 nuva-

234 234 70 23 rande
326 236 41 21 och
388 236 29 22 20
432 236 68 28 penni
516 236 89 22 utöfver
621 236 38 21 det
675 236 24 21 af
714 236 130 28 regeringen
859 234 127 28 föreslagna

234 270 186 30 skattebeloppet.
451 272 81 22 Denna
555 272 24 22 af
598 272 116 22 Utskottet
729 271 116 22 förordade
858 270 128 29 förhöjning

233 308 25 20 är
282 307 129 28 visserligen
434 309 69 21 större
527 310 30 19 än
581 308 26 22 de
626 308 152 28 förhöjningar
794 314 47 14 som
857 306 38 22 vid
911 308 74 26 någon

232 342 134 28 föregående
388 343 109 28 landtdag
520 344 115 28 vidtagits,
653 351 51 15 men
720 344 40 22 har
776 343 116 22 Utskottet
907 342 79 22 ansett

233 378 44 22 den
303 379 130 28 utveckling
457 380 8 21 i
492 380 115 21 allmänna
628 380 180 28 uppfattningen,
830 378 92 22 hvilken
942 378 41 22 be-

232 414 115 22 träffande
362 415 83 22 bruket
461 416 24 21 af
501 416 149 28 spritdrycker
665 416 71 21 under
752 415 27 22 de
796 416 90 21 senaste
897 414 88 22 tiderna

232 452 41 26 ägt
291 458 49 14 rum
355 451 8 21 i
379 452 51 21 vårt
445 451 53 23 land
515 452 40 21 och
571 459 48 15 som
635 452 115 21 bestämdt
765 451 87 22 fordrar
868 452 116 26 strängare

232 487 154 22 restriktioner
409 488 46 22 mot
479 488 181 28 spritdryckerna
679 490 29 19 än
724 488 66 27 förut,
807 487 53 21 fullt
875 486 108 22 motivera

232 529 29 15 en
278 522 61 30 dylik
356 524 69 21 större
440 523 131 29 förhöjning.

304 558 33 22 På
352 559 72 28 grund
440 560 25 22 af
479 560 62 22 hvad
557 560 68 21 ofvan
641 560 93 27 anförts,
750 560 36 21 får
801 559 115 21 Utskottet
932 558 51 29 följ-

232 594 100 28 aktligen
349 595 116 23 vördsamt
479 596 89 27 föreslå,

445 658 32 20 att
493 656 123 22 Ständerna
631 657 64 21 måtte
710 655 115 29 godkänna
841 656 11 20 1
868 655 15 27 $
898 654 27 28 af
933 655 49 21 nåd.

371 692 159 28 propositionen
548 693 47 21 med
610 693 41 21 den
666 692 136 28 förändring,
818 692 32 21 att
866 690 40 23 den
921 691 61 27 skatt,

373 735 44 14 som
438 727 35 27 för
496 728 139 28 tillverkning
656 728 26 27 af
702 727 92 23 bränvin
810 726 54 23 skall
878 727 104 28 erläggas,

374 764 121 22 bestämmes
511 764 32 22 till
559 770 26 15 en
601 764 62 22 mark
679 764 63 28 tjugu
754 763 71 28 penni
840 770 39 20 per
894 763 52 21 liter.

301 917 33 21 På
350 918 71 26 grund
438 918 23 21 af
477 918 26 22 de
519 918 49 22 från
586 918 100 22 Stånden
704 918 89 22 aflåtna
808 917 173 22 remisskrifvel-

228 959 67 15 serna
318 953 40 21 och
382 954 50 21 med
456 954 87 28 hänsyn
568 954 34 22 till
622 954 27 22 de
664 954 136 22 uttalanden
816 960 47 15 som
879 954 52 27 ingå
947 954 33 21 uti

228 988 112 22 särskilda
363 989 51 21 från
437 990 98 27 Präste-,
559 990 107 28 Borgare-
690 990 42 22 och
747 989 174 22 Bondestånden
937 996 42 15 an-

227 1024 70 22 lända
312 1025 208 28 protokollsutdrag,
540 1026 41 21 och
596 1026 7 21 i
619 1026 50 21 dem
684 1025 144 23 framställda
844 1025 136 27 önsknings-

228 1060 52 27 mål,
297 1060 41 22 har
354 1060 221 23 Ekonomiutskottet
590 1069 31 14 nu
637 1062 79 22 liksom
732 1062 39 21 vid
788 1061 26 21 de
830 1063 85 19 tvänne
926 1063 53 19 när-

226 1097 63 20 mast
314 1096 133 27 föregående
472 1097 165 28 landtdagarna
660 1098 104 29 upptagit
787 1097 33 21 till
843 1096 136 28 behandling

225 1131 87 28 jämväl
334 1132 14 21 2
368 1131 13 30 $&
398 1132 24 21 af
437 1132 50 22 nåd.
504 1133 162 28 propositionen
682 1140 34 15 n:o
733 1133 19 22 5.
784 1133 62 21 Inom
862 1133 117 21 Utskottet

226 1167 73 22 hafva
327 1168 132 27 visserligen
484 1168 130 29 skiljaktiga
637 1169 117 28 meningar
779 1168 97 22 uttalats
899 1168 77 22 därom

226 1203 114 22 huruvida
364 1203 37 22 det
424 1204 69 27 ligger
517 1205 58 21 inom
595 1204 235 22 Ekonomiutskottets
845 1203 132 29 befogenhe,

225 1239 37 21 att
278 1239 82 22 bereda
376 1240 84 28 jämväl
469 1239 80 28 frågan
559 1247 36 14 om
603 1241 215 21 bränvinsskattens
827 1239 150 23 användande

226 1274 42 21 och
291 1274 131 29 fördelning.
453 1276 43 21 Det
515 1276 40 21 har
571 1276 117 29 påpekats,
706 1277 35 21 att
757 1275 221 22 Ekonomiutskottet

224 1309 40 22 vid
280 1310 93 28 tidigare
390 1311 133 28 landtdagar
539 1312 123 21 behandlat
672 1313 82 21 endast
764 1311 213 22 bränvinsskattens

224 1345 81 30 belopp
322 1347 41 21 och
379 1348 35 21 att
430 1347 78 28 frågan
526 1355 35 14 om
578 1348 103 21 skattens
696 1348 126 27 fördelning
832 1347 145 22 uteslutande

224 1381 126 23 ankommit
374 1384 14 19 å
411 1383 176 22 Statsutskottet
608 1383 117 22 äfvensom
741 1385 37 20 att
794 1383 70 28 enligt
879 1383 28 22 36
923 1383 14 29 &
953 1383 24 22 af

223 1417 256 29 Landtdagsordningen
495 1413 10 39 —
514 1419 165 28 anslagsfrägor
711 1420 55 21 böra
797 1419 125 22 behandlas
953 1419 24 22 af

224 1453 183 23 Statsutskottet.
427 1455 59 22 Enär
501 1455 70 22 likväl
587 1455 100 22 Stånden
704 1457 57 20 utan
770 1457 75 26 någon
854 1455 121 22 inskränk-
