1098 1750
854 161 13 19 3

115 225 136 28 utgörande,
268 225 57 21 skall
341 226 8 21 i
364 225 39 22 det
418 224 110 29 följande,
545 225 54 21 med
614 224 148 29 iakttagande
779 224 23 22 af
817 224 50 22 ord-

116 260 158 29 ningsföljden
297 261 33 21 uti
353 260 270 29 författningsförslaget,
646 261 83 21 beröra
745 260 28 22 de
790 259 78 29 detalj-

117 296 150 27 föreskrifter,
295 304 48 14 som
369 296 41 22 vid
435 297 95 28 frågans
556 296 144 29 behandling
723 296 8 22 i
750 296 119 22 Utskottet

117 332 91 28 ådragit
224 332 35 28 sig
274 332 209 29 uppmärksamhet.

468 394 14 28 S
497 396 20 19 2.

189 434 41 22 Uti
245 434 45 22 den
306 435 85 28 nådiga
406 435 175 29 propositionen
592 435 71 22 hafva
673 434 8 21 i
693 434 177 29 förteckningen

119 470 65 22 öfver
200 471 90 21 landets
306 471 133 26 domstolar,
456 471 147 22 embetsverk
619 471 43 21 och
678 471 75 28 öfriga
763 470 107 29 myndig-

117 506 66 22 heter
206 507 112 21 särskilda
339 507 170 29 uteslutningar
532 507 112 29 vidtagits
660 507 53 22 med
728 507 92 28 hänsyn
835 506 35 21 till

118 542 77 22 finska
211 543 125 22 militärens
354 543 143 29 upplösning
517 544 121 21 äfvensom
659 543 172 28 indragningen
847 542 24 21 af

118 578 78 22 finska
218 579 157 27 kadettkåren,
399 579 283 29 befälhafvarestyrelsen,
699 577 171 30 krigskommis-

120 615 93 21 sariatet
228 622 28 14 m.
273 615 24 21 fl.
314 615 97 22 militära
427 616 169 28 myndigheter.

190 651 36 21 De
249 651 98 21 militära
369 652 170 28 myndigheter,
559 652 79 21 hvilka
654 651 177 29 tillämpningen
847 650 24 22 af

120 686 52 22 den”
188 687 77 21 finska
287 687 214 29 värnepligtslagen
519 688 24 21 af
562 688 46 21 den
625 690 27 20 18
668 687 129 21 December
814 689 56 20 1878

118 722 114 28 betingar,
247 723 147 21 funktionera
409 723 139 29 visserligen
563 723 50 22 icke
629 724 37 20 för
677 723 39 21 det
726 722 144 22 närvarande

119 758 43 22 och
171 758 142 29 proposition
322 759 119 28 angäende
449 760 82 28 anslag
539 760 74 20 under
621 759 157 21 innevarande
784 758 86 22 finans-

118 794 82 28 period
212 794 35 22 för
263 795 44 21 den
319 794 77 22 finska
409 795 126 22 militärens
549 795 212 29 äteruppställande
769 795 42 21 har
819 794 51 22 icke

119 830 35 21 till
169 830 142 28 landtdagen
331 831 128 21 aflemnats.
487 831 36 21 Dä
539 831 128 21 emellertid
683 830 118 22 Utskottet
817 830 53 21 med

120 866 51 21 stöd
188 866 24 21 af
226 866 131 28 Kejserliga
376 866 134 22 Manifestet
529 867 23 21 af
572 867 45 21 den
633 870 14 18 4
664 866 131 22 November
813 868 56 20 1905

120 902 119 28 angäende
255 902 162 22 äterställande
433 903 24 21 af
473 903 46 21 den
534 902 86 29 lagliga
636 902 130 28 ordningen
776 902 94 21 ilandet

119 940 73 19 mäste
208 940 86 20 emotse
311 941 32 19 att
359 939 70 21 äfven
444 939 8 21 i
468 939 110 21 afseende
590 941 12 19 ä
614 939 45 21 den
670 938 76 22 finska
756 938 114 22 militären

120 980 29 14 en
170 975 111 27 återgång
303 974 35 21 till
361 974 51 22 dei
429 974 39 28 lag
491 975 112 27 stadgade
626 974 176 22 förhållandena
817 974 8 21 i
841 981 29 14 en

120 1016 53 14 snar
189 1009 94 22 framtid
299 1010 57 21 skall
379 1018 43 20 ega
445 1018 58 18 rum,
521 1010 43 22 och
579 1010 168 22 förberedande
763 1010 107 28 åtgärder

119 1045 7 21 i
150 1045 64 22 detta
237 1046 60 28 syfte
320 1046 78 22 kunde
424 1046 168 29 ifrägakomma
616 1046 71 22 redan
710 1046 50 22 före
783 1046 86 21 finans-

119 1081 122 28 periodens
267 1084 94 26 utgång,
388 1082 83 21 därvid
497 1090 30 14 en
553 1082 55 22 eller
634 1082 57 22 flere
715 1082 23 21 af
761 1082 28 21 de
813 1081 57 22 mili-

119 1120 50 18 tära
192 1117 185 22 institutionerna
400 1118 92 21 komme
516 1120 33 19 att
570 1118 96 28 vidtaga
683 1118 53 21 med
753 1118 36 21 sin
803 1117 67 22 verk-

120 1153 96 26 samhet,
238 1153 41 22 har
297 1154 119 21 Utskottet
431 1156 57 19 trott
504 1154 35 29 sig
555 1154 57 21 böra
626 1154 9 21 i
650 1153 166 29 förordningen
833 1160 37 15 an-

120 1189 90 28 gäende
233 1189 359 30 stämpelpappersbevillningen
612 1190 142 21 fortfarande
769 1191 104 27 upptaga

120 1225 29 21 de
165 1225 98 22 militära
278 1225 163 27 institutioner,
457 1226 80 21 hvilka
547 1226 8 21 i
566 1233 32 14 nu
614 1226 106 28 gällande
735 1225 138 28 förordning

121 1261 120 28 angäende
256 1261 177 28 ifrägavarande
449 1262 130 28 bevillning
596 1265 38 18 äro
650 1261 157 29 uppräknade.

473 1322 14 28 8
503 1325 20 19 3.

192 1368 74 22 Bevis.
298 1369 110 21 Förutom
424 1369 29 21 de
469 1369 35 21 uti
521 1369 106 28 gällande
639 1368 235 29 stämpelförordning

120 1404 151 28 uppräknade
287 1404 160 29 kategorierna
462 1405 43 21 har
521 1405 74 21 under
610 1405 77 21 denna
703 1404 78 22 rubrik
797 1407 75 19 såsom

120 1459 165 23 grundlagsenliga
293 1459 138 23 handläggning
439 1458 123 18 öfverlemna
571 1460 47 16 etc.*
627 1458 7 17 i
642 1458 147 24 propositionen
796 1458 77 24 utbytts

122 1488 54 17 emot
194 1487 161 24 formuleringen:
383 1488 66 22 ,Hans
467 1488 113 24 Kejserliga
598 1488 94 24 Majestät
707 1488 35 18 har
755 1487 52 25 förty
819 1487 55 18 velat

121 1517 31 17 till
164 1517 119 19 Ständernas
295 1519 105 23 antagande
412 1518 121 18 öfverlemna
546 1524 17 12 o.
576 1524 15 12 s.
605 1520 29 16 v.*
