1103 1750
302 142 85 23 Ständ.
404 142 39 22 Sv.
459 155 28 3 —
504 142 74 28 Prop.
595 142 42 22 N:o
654 142 21 22 1.
853 142 13 20 7

178 210 13 21 I
213 210 71 29 öfrigt
306 210 73 22 hafva
403 210 132 23 Ständerna
550 210 121 29 angående
687 210 182 29 disponerandet

111 244 26 21 af
164 244 159 22 inkomsterna
352 244 53 22 från
436 244 174 22 ofvannämnda
637 244 232 30 bevillningsskatter

111 281 60 19 samt
189 278 152 29 bevillnings-
357 279 43 21 och
416 278 342 23 kommunikationsfondernas
773 279 96 29 tillgån-

111 320 42 21 gar
169 313 95 21 beslutit

386 425 33 18 att
439 423 62 21 intill
516 424 48 20 dess
580 423 238 28 bevillningsbudgeten
833 422 36 28 för

318 457 54 20 åren
394 457 61 21 1906
470 457 39 21 och
524 458 66 20 1907.
602 457 75 28 blifvit
691 457 110 28 faststäld,
817 457 52 21 dock

318 491 44 21 icke
379 491 75 28 längre
470 493 30 19 än
516 492 35 21 till
566 492 111 27 utgången
688 491 29 28 af
718 492 57 27 juni
787 491 83 22 månad

318 527 66 25 1906,
400 526 56 21 skall
471 526 122 27 iakttagas:

387 562 33 19 att
439 567 29 14 ur
483 561 222 27 bevillningsfonden,
721 561 87 27 utöfver
822 561 46 20 sär-

318 595 72 21 skilda
413 595 29 27 af
462 595 126 21 Ständerna
611 595 38 21 vid
669 597 86 19 senaste
778 594 92 28 lagtima

319 629 104 27 landtdag
451 629 105 27 beviljude
579 630 84 27 anslag,
689 629 59 28 utgå,
772 630 98 27 förutom

318 664 148 20 kostnaderna
477 664 36 27 för
524 664 128 27 uppbörden
662 664 28 27 af
697 664 39 21 och
747 664 123 21 kontrollen

318 697 61 28 öfver
393 698 104 27 gällande
509 698 154 28 bevillningar,
674 698 36 27 för
720 698 149 27 folkskolorna
892 723 3 2 —

318 732 10 20 i
351 732 74 21 landet
447 732 129 28 förslagsvis
600 733 129 25 2,000,000
751 732 68 26 mark,
835 732 36 27 för

318 767 85 20 urlima
421 767 133 27 landtdagen
565 768 151 20 1905—1906
728 768 29 20 ett
767 766 103 28 approxi-

322 801 79 21 mativt
417 801 75 27 belopp
508 801 28 27 af
550 802 106 26 300,000
665 801 71 25 mark,
747 801 123 27 hvarjämte

320 836 35 20 till
367 836 293 27 kommunikationsfonden,
671 836 36 26 för
717 834 154 28 förstärkande

320 870 24 26 af
347 870 70 27 sagda
420 870 198 27 fondstillgängar,
624 869 247 28 öfverföres2,984,000

320 904 76 25 mark;

389 940 33 19 att
447 945 29 14 ur
505 938 260 22 bränvinsskattemedlen
791 938 81 27 främst

322 972 107 21 bestridas
443 973 83 27 nödiga
541 973 119 27 uppbörds-
671 972 38 22 och
722 972 149 22 kontrollkost-

319 1007 70 21 nader
404 1007 37 27 för
456 1007 174 27 ifrågavarande
640 1007 63 27 skatt,
715 1007 113 27 äfvensom
843 1008 30 19 ett

322 1041 73 28 belopp
421 1042 27 27 af
473 1042 105 26 200,000
604 1042 63 20 mark
692 1048 120 14 reserveras
837 1040 36 28 för

320 1076 175 21 kommunernas
510 1076 102 28 räkning,
623 1076 110 27 hvarefter
744 1075 126 22 behållnin-

319 1117 42 21 gen
381 1110 121 28 öfverföres
521 1111 34 21 till
574 1110 297 28 kommunikationsfonden
861 1106 12 36 ;

320 1146 59 19 samt

390 1181 33 19 att
439 1186 28 14 ur
482 1179 286 27 kommunikationsfonden
783 1179 65 27 utgå:

391 1214 36 21 till
442 1215 128 20 annuiteter
582 1215 14 20 ä
611 1214 122 21 statslänen
743 1214 71 27 jämte
825 1215 47 19 sär-

322 1248 73 21 skilda
411 1249 154 21 omkostnader
580 1249 36 27 för
630 1249 112 20 desamma
752 1250 58 19 sami
820 1250 53 18 rän-

324 1285 35 18 tor
374 1283 37 20 till
429 1283 290 27 lagmanstingsgästnings-
743 1283 39 21 och
804 1284 67 19 stats-

322 1316 111 27 fonderna
451 1318 125 24 3,254,000
591 1317 74 25 mark;

391 1351 36 21 till
448 1351 234 28 nybyggnadsarbdeten
693 1351 38 21 vid
745 1351 24 21 de
784 1350 90 28 färdiga

318 1386 164 26 järnvägarna,
503 1388 32 18 att
553 1386 114 20 användas
682 1386 69 27 enligt
767 1385 107 21 Senatens

321 1422 106 18 närmare
439 1420 169 27 bestämmande,
614 1420 128 27 förslagsvis
747 1419 127 26 1,500,000

322 1454 77 26 mark;
