1103 1756
240 137 14 21 8
476 138 28 22 U.
521 138 27 21 B.
565 150 27 2 —
609 138 73 28 Prop.
698 138 43 22 N:o
758 138 19 22 7.

243 215 59 21 gens
311 208 105 28 utgifter,
423 209 67 22 ökats
499 208 74 22 under
579 209 109 29 perioden
698 210 160 21 1894—1899
868 209 51 21 med
928 210 69 22 220.92

244 239 32 35 /,
296 242 42 22 och
356 243 74 21 under
448 243 107 29 perioden
578 244 162 21 1899—1904
760 244 51 21 med
829 244 54 22 41.6
893 241 39 35 %,,
945 244 52 22 med

243 284 29 14 en
290 277 89 29 ökning
398 278 23 21 af
439 278 223 22 bränslekostnaden
687 286 40 21 per
747 278 250 22 lokomotivkilometer

244 311 24 22 af
286 319 57 21 resp.
363 312 53 23 82.7
436 312 43 22 och
499 312 35 23 7.0
546 309 31 35 %/,
597 312 44 22 och
659 320 40 21 per
710 308 31 26 af
760 313 156 21 lokomotiven
929 313 68 22 fram-

244 346 88 28 dragna
362 347 237 28 vagnaxelkilometer
627 347 23 21 af
676 355 60 21 resp.
766 348 51 22 75.8
844 347 42 22 och
905 348 36 22 4.9
957 345 39 34 %,.

242 380 37 22 Dä
297 380 117 29 ökningen
434 382 24 21 af
475 381 154 29 enhetspriset
648 382 34 21 för
701 382 44 21 ved
764 382 72 21 under
855 382 66 22 dessa
937 382 60 22 bäda

242 414 106 29 perioder
366 416 90 28 utgjort
477 424 58 21 resp.
555 416 53 22 26.9
626 416 42 21 och
690 417 52 22 16.6
752 413 38 34 %,,
810 416 43 21 och
871 416 30 21 dä
919 416 39 21 det
970 424 27 13 ur

241 449 46 22 den
306 449 124 29 vidfogade
449 450 80 22 tablän
549 451 65 21 öfver
627 451 190 28 bränsle-ätgäng
830 451 43 21 och
886 450 110 22 -kostnad

241 483 109 29 framgär,
369 485 108 21 hurusom
495 485 183 28 förbrukningen
697 486 23 21 af
736 485 98 28 stenkol,
848 493 47 14 som
908 485 51 22 frän
972 485 25 22 är

244 518 64 21 1897
334 518 88 29 begynt
444 519 119 22 användas
588 519 40 22 vid
647 520 221 28 statsjärnvägarna,
886 521 25 20 är
933 520 62 21 1899

240 553 108 28 utgjorde
368 553 106 28 294,479
493 553 126 22 hektoliter
636 554 52 21 med
706 557 34 18 ett
758 554 70 21 värde
847 555 23 20 af
889 555 107 27 641,000

242 587 66 22 mark
327 590 48 19 mot
396 588 105 28 166,033
520 588 132 28 hektoliter,
670 589 73 21 värda
762 589 109 27 466,000
886 589 72 28 mark,
972 589 25 21 är

245 622 72 27 1904,
336 622 118 22 förefaller
472 623 40 21 det
529 623 122 22 Utskottet
668 631 48 14 som
736 631 36 14 om
792 623 164 22 användandet
974 624 23 21 af

243 657 91 21 stenkol
359 657 35 22 för
417 657 169 22 lokomotivens
611 658 96 28 eldning
726 658 7 21 i
752 658 117 28 väsentlig
887 658 58 29 grad
963 658 34 21 bi-

245 691 79 29 dragit
342 691 37 22 till
398 692 118 28 ökningen
535 692 23 21 af
577 692 229 22 bränslekostuaden.

311 725 42 22 Ett
378 729 72 18 annat
474 726 151 28 förhällande,
645 735 47 13 som
710 727 122 22 Utskottet
851 734 67 14 anser
935 727 36 28 sig
989 727 8 21 i

242 760 168 29 sammanhang
437 761 51 22 med
513 761 227 29 statsjärnvägarnas
764 761 98 29 utgifter
883 761 54 22 böra
959 762 38 27 pä-

242 794 67 29 peka,
322 798 25 17 är
361 795 45 21 den
425 795 68 22 andel
506 795 7 22 i
526 795 28 22 de
570 795 107 28 stegrade
696 795 215 22 driftkostnaderna
929 799 68 18 stats-

242 829 167 28 järnvägarnas
428 830 74 21 ökade
521 829 69 22 trafik
609 831 35 20 för
662 833 54 26 eget
734 830 69 22 behof
819 830 57 21 haft.
912 830 83 22 Medan

242 863 150 22 totalantalet
410 864 137 22 lokomotiv-
561 864 42 22 och
616 865 238 28 vagnaxelkilometer
866 865 67 21 ökats
946 865 50 21 frän

242 898 26 21 är
298 898 64 21 1894
386 898 37 22 till
441 899 26 21 är
488 899 64 21 1904
570 899 53 22 med
641 907 57 21 resp.
720 900 68 22 132.6
807 899 43 21 och
875 899 68 22 1474
958 896 39 35 ai

241 932 44 21 har
309 932 44 21 den
372 933 87 28 rörliga
476 933 145 22 materielens
641 933 77 22 arbete
744 934 36 21 för
804 934 193 28 statsjärnvägar-

242 974 42 14 nas
304 969 52 26 eget
379 967 70 22 behof
466 967 73 22 under
557 975 87 14 samma
662 968 81 28 period
762 968 76 22 ökats:
858 968 89 21 antalet
965 968 32 21 lo-

245 1001 227 22 komotivkilometer
490 1001 50 22 med
561 1002 69 22 275.0
647 999 30 35 %,
698 1002 42 22 och
760 1002 89 22 antalet
870 1002 125 28 vagnaxel-

243 1035 122 22 kilometer
383 1036 52 21 med
455 1037 69 21 211.0
543 1034 38 34 %-

311 1070 54 21 Med
384 1070 108 22 afseende
511 1072 13 20 &
542 1070 61 22 hvad
623 1070 43 22 här
684 1071 69 22 ofvan
774 1071 87 22 anförts
880 1078 66 14 anser
962 1071 35 28 sig

244 1103 123 23 Utskottet
384 1105 136 29 ytterligare
537 1105 54 21 böra
607 1105 75 21 uttala
697 1105 43 22 den
754 1105 195 29 förhoppningen,
963 1107 34 19 att

241 1138 45 22 den
305 1138 100 22 tillsatta
424 1140 177 21 kommissionen
619 1140 36 21 för
673 1140 205 28 undersökningen
895 1140 22 20 af
929 1142 68 19 stats-

241 1172 169 29 järnvägarnas
428 1174 143 28 förvaltning
589 1174 61 22 skall
668 1174 80 28 lyckas
767 1175 30 28 pä
815 1174 117 28 möjligast
944 1174 53 21 full-

240 1207 111 29 ständiga
377 1210 48 19 sätt
451 1208 48 22 lösa
526 1208 35 22 sin
589 1208 123 22 fordrande
734 1208 100 29 uppgift.
873 1208 45 21 Vid
935 1208 61 29 järn-

241 1245 104 25 vägarna
363 1242 49 27 bör,
430 1242 49 22 lika
497 1243 93 28 mycket
608 1250 47 14 som
674 1243 40 21 vid
732 1244 72 27 nägot
822 1243 77 28 privat
917 1242 79 22 affärs-

239 1276 99 28 företag,
358 1276 124 29 iakttagas,
501 1280 35 18 att
553 1277 128 29 utgifterna
700 1278 63 21 hälla
781 1278 36 27 sig
829 1278 61 21 inom
904 1277 92 29 rimliga

240 1313 103 25 gränser.
380 1311 159 29 Tägrörelsen,
567 1312 98 21 likasom
690 1312 34 22 alt
746 1312 79 22 arbete
844 1319 47 14 som
911 1314 84 26 preste-

240 1352 44 19 ras,
305 1344 41 22 bör
364 1352 61 22 noga
444 1346 95 28 afvägas
557 1348 48 19 mot
623 1346 111 22 behofvet
749 1346 42 22 och
810 1346 77 21 sävidt
905 1346 92 28 möjligt

240 1378 94 30 åtföljas
357 1380 23 21 af
399 1388 28 13 en
446 1380 161 22 motsvarande
626 1380 108 22 inkomst.
775 1380 221 29 Statsjärnvägarna

240 1412 72 23 hafva
330 1414 177 29 otvifvelaktigt
525 1415 33 21 sin
579 1417 83 19 största
681 1415 119 28 betydelse
814 1414 8 22 i
834 1414 28 22 de
880 1414 116 23 indirekta

240 1447 101 22 fördelar
360 1448 28 22 de
406 1449 110 27 medföra,
535 1449 42 21 och
596 1449 35 22 för
649 1452 35 19 att
702 1450 52 21 icke
773 1449 73 22 värka
859 1449 136 21 hämmande

309 1491 142 18 Statsutskotteis
464 1491 108 18 betänkande
584 1491 37 18 N:o
634 1493 12 16 4
656 1493 22 16 A.
