1103 1750
828 138 14 20 7

92 202 110 29 spelkort,
226 204 56 20 utan
305 202 70 22 äfven
390 202 134 28 smuggling
538 202 36 21 till
588 202 79 22 landet
683 202 23 22 af
721 201 124 22 utländska

93 238 110 28 spelkort.
233 238 84 22 Denna
340 238 152 28 anmärkning
514 241 24 18 är
556 238 78 26 likväl,
654 238 77 21 sävidt
746 238 46 21 den
808 240 37 19 rör

93 281 30 15 en
139 274 96 22 befarad
250 274 85 29 import
351 274 22 22 af
392 274 70 28 ryska
478 274 107 28 spelkort,
602 280 96 15 numera
710 273 50 22 icke
772 273 73 29 giltig,

95 310 72 21 sedan
183 317 83 21 genom
281 310 85 28 nädiga
381 309 167 29 förordningen
560 309 121 29 angäende
691 309 155 21 handelsrela-

93 345 107 23 tionerna
230 346 84 22 mellan
343 346 177 28 Kejsaredömet
550 346 43 21 och
624 345 223 22 Storfurstendömet

95 381 100 22 Finland
211 382 23 21 af
251 382 45 21 den
311 384 28 20 29
355 381 46 29 Maj
420 384 55 20 1897
489 382 14 28 8
514 384 28 20 29
560 381 109 29 stadgats,
687 384 33 19 att
730 382 36 20 för
778 381 70 29 ryska

94 417 105 29 spelkort
221 418 58 21 skall
303 417 105 28 erläggas
432 417 107 22 enhanda
554 416 100 29 afgifter,
671 424 50 14 som
736 417 37 21 för
790 416 57 29 spel-

94 453 54 22 kort
163 453 136 22 tillverkade
315 453 8 22 i
339 453 105 26 Finland,
458 453 71 28 jemte
544 453 40 21 det
600 453 64 21 såväl
681 453 106 28 gällande
803 453 45 20 för-

95 489 102 28 ordning
212 496 37 14 om
265 489 129 28 bevillning
407 489 36 21 för
454 489 102 28 spelkort
572 496 48 14 som
632 489 46 21 den
687 487 161 30 föreliggande

96 525 86 28 nädiga
205 525 173 28 propositionen
402 525 102 21 affattats
523 524 8 21 i
547 525 228 21 öfverenstämmelse
798 524 50 21 här-

97 561 54 21 med
170 561 103 25 sålunda,
291 563 32 19 att
339 561 124 28 afgifterna
478 563 56 26 utgå
548 561 37 20 för
601 561 103 28 spelkort
719 562 56 19 utan
791 560 58 21 afse-

96 597 61 21 ende
173 598 14 20 &
202 597 66 21 deras
284 604 123 21 ursprung.
433 596 70 22 Hvad
519 598 48 20 äter
582 596 145 22 vidkommer
737 596 113 28 farhägan

97 633 37 21 för
161 632 132 29 smuggling
318 632 35 22 till
373 632 79 22 landel
472 633 23 21 af
514 632 108 29 spelkort,
641 632 72 22 häller
732 632 119 22 Utskottet

98 669 50 21 före
172 671 33 19 att
228 676 29 18 en
272 668 94 29 mättlig
382 668 88 29 ökning
486 669 23 21 af
523 668 177 29 ifrågavarande
717 668 68 28 afgift
800 668 50 21 icke

98 704 79 22 kunde
193 712 56 14 vara
263 704 76 29 egnad
349 707 33 19 att
391 704 121 22 framkalla
523 712 29 14 en
563 704 65 29 dylik
638 704 212 28 lagöfverträdelse.

98 741 13 21 I
129 740 80 28 hvarje
232 740 42 22 fall
297 748 69 21 synes
386 740 38 22 det
440 740 8 22 i
463 740 153 22 förevarande
636 740 108 22 afseende
762 740 90 28 lämpli-

98 779 67 25 gaste
189 776 184 28 skattebeloppet
395 776 50 21 icke
468 776 79 22 kunna
563 776 144 22 annorlunda
723 779 29 18 än
768 783 84 21 genom

99 812 80 22 försök
196 812 43 21 och
254 819 96 14 vunnen
365 812 131 21 erfarenhet
511 812 162 28 tillförlitligen
687 814 102 19 utrönas.
807 811 47 22 Vid

101 848 84 21 sådant
207 848 144 21 förhållande
375 848 42 21 och
441 848 30 21 dä
494 850 72 26 några
582 848 72 21 andra
668 848 186 28 betänkligheter

100 884 42 22 vid
161 884 102 22 skattens
282 884 159 28 ifrågakomna
458 884 100 29 höjande
576 884 50 22 icke
648 884 72 29 gjorts
740 884 113 28 gällande,

100 920 79 22 kunde
201 920 73 28 enligt
296 920 129 22 Utskottets
441 920 69 22 tanke
527 928 83 20 genom
626 920 112 28 åtgärden
754 922 32 19 att
801 919 54 29 höja

102 956 141 26 densamma,
267 956 53 22 med
340 956 124 28 förslagvis
480 959 28 19 40
524 956 71 28 penni
610 956 37 22 för
661 955 81 29 hvarje
757 956 97 25 kortlek,

102 994 67 19 ernås
187 999 28 14 en
230 992 124 28 tillökning
369 992 8 21 i
391 992 132 22 inkomsten
541 992 37 22 för
594 992 101 28 spelkort
711 992 49 26 och,
776 992 8 21 i
800 992 55 22 hän-

101 1028 66 22 delse
187 1028 111 28 åtgärden
313 1028 135 22 föranledde
465 1036 30 14 en
510 1028 8 21 i
533 1030 77 26 någon
626 1031 53 18 mån
694 1028 108 21 minskad
818 1035 38 14 an-

103 1063 121 29 vändning
240 1063 23 22 af
279 1064 92 25 sådana,
383 1063 111 29 derjemte
504 1064 135 28 tillgodoses
651 1067 32 19 ett
694 1064 85 28 sedligt
788 1063 68 29 syfte,

103 1106 50 15 som
172 1099 50 22 ieke
243 1099 70 21 minst
329 1099 52 21 med
396 1100 153 21 förenämnda
563 1100 122 28 yrkanden
701 1100 80 21 afsetts
798 1101 60 19 samt

104 1135 24 21 af
144 1142 29 14 en
189 1135 38 21 del
243 1135 126 22 ledamöter
387 1135 8 21 i
411 1135 119 22 Utskottet
552 1136 35 21 till
610 1136 42 21 och
675 1135 54 22 med
752 1135 74 22 ställts
849 1134 9 22 i

104 1171 97 22 främsta
217 1173 120 20 rummet”.

177 1202 78 27 Äfven
271 1207 40 22 det
326 1207 134 22 nuvarande
476 1207 259 29 Bevillningsutskottet
750 1207 41 22 har
803 1207 8 22 i
822 1206 37 22 sin

105 1243 140 28 motivering
260 1243 125 22 framhållit
400 1243 151 29 möjligheten
567 1244 23 21 af
606 1243 133 29 smuggling
755 1243 43 22 och
809 1243 50 21 der-

103 1279 26 21 af
147 1279 116 22 föranledt
279 1279 144 22 sedeförderf
439 1279 7 21 i
462 1279 61 22 form
539 1279 23 22 af
576 1279 213 28 lagöfverträdelse,
806 1285 53 15 men

105 1314 99 22 emedan
221 1314 176 22 förhållandena
416 1314 59 22 efter
492 1316 24 20 år
534 1318 63 23 1900,
614 1315 30 21 då
660 1314 140 22 Ständernas
816 1314 44 22 Be-

105 1350 202 28 villningsutskott
325 1350 104 28 föreslog
447 1358 30 14 en
496 1350 120 22 enahanda
632 1350 163 28 skatteökning
810 1357 50 15 som

106 1386 25 22 vi
141 1394 32 13 nu
184 1386 101 26 förorda,
301 1386 51 22 icke
362 1386 126 28 undergått
495 1389 77 25 någon
580 1386 128 22 nämnvärd
716 1386 144 28 förändring,

107 1429 56 15 anse
186 1422 25 22 vi
234 1430 37 14 oss
291 1422 79 22 kunna
388 1422 53 22 med
457 1425 26 19 så
499 1422 93 29 mycket
607 1424 72 20 större
696 1422 50 22 skäl
761 1422 101 28 åberopa

107 1458 72 22 ofvan
197 1458 101 28 intagna
318 1458 121 26 uttalande
458 1458 24 24 af
499 1460 59 23 1900
575 1460 36 20 års
627 1458 235 29 Bevillningsutskott
