1103 1756
260 112 13 19 8
458 110 78 23 Ständ.
551 111 37 21 Sv.
604 123 29 3 —
649 112 66 26 Prop.
730 112 41 21 N:o
787 112 21 20 4.

333 175 135 22 Emellertid
482 176 108 22 befinner
606 176 37 29 sig
657 176 152 22 förevarande
827 175 111 29 spörsmål
950 178 60 18 ännu

259 210 50 22 icke
324 210 8 22 i
349 211 38 21 det
409 212 99 21 utredda
532 212 64 21 skick
620 214 33 19 att
673 212 130 22 Ständerna
818 212 89 20 kunnat
922 211 89 21 besluta

260 246 36 28 sig
310 246 35 22 för
361 247 86 21 sådana
463 248 127 28 ändringar
605 248 34 21 uti
655 248 42 22 och
713 248 82 28 tillägg
809 247 36 21 till
862 247 147 28 skattelagen,

260 289 48 14 som
332 290 55 14 vore
408 283 150 29 erforderliga
574 284 37 21 för
628 284 130 21 beredande
775 284 24 20 af
815 283 145 22 skattefrihet
975 283 36 21 för

260 318 164 29 alkoholsvaga
440 320 162 28 maltdrycker.
634 320 54 21 Men
704 320 71 22 hafva
791 320 130 20 Ständerna
937 321 74 19 ansett

259 354 82 28 frågan
356 354 50 22 icke
422 355 78 21 kunna
516 356 88 21 lämnas
621 356 82 22 härvid
719 355 124 26 beroende,
859 355 95 22 hvarför

473 426 131 23 Ständerna
620 427 40 23 hos
675 427 72 23 Eders
763 426 127 29 Kejserliga
904 426 107 29 Majestät

401 463 167 28 underdånigst
587 463 93 22 anhålla
697 471 34 14 om
747 463 180 28 föranstaltande
942 463 29 27 af
983 469 27 16 en

402 499 89 29 allsidig
512 499 124 29 utredning
659 500 95 21 rörande
774 499 101 22 vilkoren
893 499 38 22 och
947 500 63 20 sättet

401 535 36 27 för
460 535 124 22 beredande
606 535 29 28 af
650 535 139 28 skattefrihet
804 535 36 28 för
856 535 153 28 alkoholsvaga

401 571 149 28 maltdrycker
573 571 115 28 äfvensom
711 574 32 19 att
761 571 87 28 förslag
867 571 33 21 till
916 570 94 29 lagstift-

401 607 150 28 ningsåtgärd
566 608 9 21 i
591 608 58 21 detta
666 610 65 19 ämne
747 607 69 28 blefve
827 607 183 22 nästkommande

402 643 108 28 landtdag
525 643 117 29 förelagdt.

333 780 111 22 Finlands
462 781 98 22 Ständer
576 781 132 22 framhärda
724 785 41 18 etc.

333 917 146 30 Helsingfors
494 919 47 21 den
558 921 28 20 14
600 919 52 28 juni
670 922 62 19 1906.

347 1426 87 29 H:fors
445 1427 51 28 1906.
521 1437 205 19 Hufvudstadsbladets
739 1438 45 23 Nya
796 1437 98 23 Tryckeri.
