1103 1750
320 138 29 23 U.
366 138 26 22 B.
409 151 26 2 —
452 138 74 28 Prop.
542 137 41 23 N:o
600 138 22 22 6.
833 137 25 21 17

103 216 33 16 nu
161 209 88 23 nämda
273 208 162 31 värksamhet,
452 208 49 24 kan
526 208 43 24 och
594 208 41 24 bör
659 208 58 24 dock
735 216 28 16 en
784 208 74 24 sädan

104 243 164 32 begränsning
287 242 142 32 uppställas,
440 245 35 22 att
488 245 77 22 staten
578 243 20 31 ej
612 243 153 24 understöder
781 242 78 32 agita-

105 278 144 24 tionsarbete
276 278 8 23 i
312 278 42 23 den
383 285 45 16 ena
450 278 59 23 eller
534 278 76 23 andra
628 278 148 31 riktningen,
799 279 59 21 utan

104 312 154 24 uteslutande
276 312 78 24 häller
373 312 7 23 i
400 312 62 24 sikte
481 312 27 24 de
527 312 164 30 sträfvanden,
708 312 88 24 hvilka
809 311 50 24 afse

105 347 155 23 utbredandet
285 346 24 24 af
327 346 98 32 värklig
442 346 120 32 kunskap.
598 346 44 24 Om
660 346 43 24 ock
721 346 75 24 under
814 354 45 15 nu-

105 381 106 24 varande
236 380 167 25 förhällanden
428 381 26 23 de
473 381 91 24 sociala
582 381 43 24 och
643 381 116 31 politiska
777 382 82 22 veten-

105 416 133 31 skapernas
256 416 94 23 omräde
369 415 85 24 främst
472 417 76 22 mäste
567 416 90 32 ädraga
675 416 38 31 sig
729 414 130 33 uppmärk-

105 450 93 24 samhet
224 452 79 22 såsom
328 450 116 24 särskildt
467 450 185 30 betydelsefulla
670 450 39 24 vid
734 457 125 25 represen-

104 485 120 24 tationens
251 484 146 24 förestående
425 485 132 31 nydaning,
581 484 79 32 ligger
683 485 38 23 det
741 484 8 24 i
768 484 90 24 sakens

107 522 78 28 natur,
213 521 35 22 att
272 519 50 24 alla
348 519 184 32 vetenskapliga
556 519 44 24 och
618 519 128 31 praktiska
764 522 95 26 ämnen,

105 554 7 24 i
132 554 87 24 hvilka
237 554 199 31 fruktbringande
460 554 178 32 undervisning
661 553 48 25 kan
734 553 126 30 meddelas,

106 592 41 21 äro
166 589 115 31 förtjänta
299 588 25 24 af
341 589 58 29 stöd,
412 589 29 23 då
460 589 38 23 det
516 589 76 31 gäller
612 591 34 22 att
665 588 89 31 bevilja
772 588 89 31 anslag

105 623 36 24 för
159 623 183 32 föreläsningar.

174 657 37 24 Då
230 665 55 16 man
304 658 75 23 under
397 657 26 24 de
442 659 122 22 närmaste
582 659 57 22 åren
658 657 49 24 kan
726 657 77 24 vinna
816 657 44 32 god

106 692 136 24 erfarenhet
266 700 34 15 om
326 692 37 24 det
387 691 245 32 ändamålsenligaste
660 694 71 22 sättet
749 694 36 21 att
809 691 50 24 till-

106 727 85 32 godose
216 735 33 15 nu
276 727 185 31 ifrågavarande
489 726 288 32 bildningssträfvanden,
796 726 64 24 torde

105 761 185 32 hufvudfrågan
308 763 109 22 närmast
434 768 60 17 vara
513 763 35 22 att
566 761 70 24 finna
660 769 27 16 en
712 761 149 31 myndighet,

106 803 50 16 som
175 796 51 23 med
254 796 69 23 oväld
350 795 42 24 och
417 795 178 24 sakkännedom
621 795 102 24 fördelar
741 795 26 24 de
787 795 74 24 medel

107 829 134 25 Ständerna
259 838 33 15 nu
310 830 61 31 vilja
399 830 35 23 för
458 830 136 23 ändamälet
612 830 76 24 anslä.
724 830 45 23 Det
788 837 73 23 synes

106 865 124 24 Utskottet
253 872 49 16 som
322 872 34 16 om
382 865 45 23 den
444 864 64 24 förut
536 865 137 32 föreslagna
692 865 77 29 nämd,
785 864 76 23 hvars

107 899 41 24 val
173 899 79 24 skulle
277 899 160 24 öfverlämnas
457 900 25 23 ät
500 898 361 33 Folkupplysningssällskapet

106 933 43 24 och
174 933 110 24 Svenska
311 933 160 24 Folkskolans
490 933 107 31 Vänner,
616 933 79 24 kunde
719 933 88 24 härvid
826 940 35 16 er-

105 968 73 31 bjuda
196 968 102 32 lämplig
316 968 103 32 garanti,
433 968 173 24 ankommande
624 968 39 24 det
675 968 72 24 sedan
762 969 32 30 pä
807 967 54 24 blif-

106 1003 76 24 vande
201 1003 115 31 landtdag
343 1005 35 21 att
404 1002 77 32 enligt
498 1003 30 23 dä
547 1003 162 32 föreliggande
732 1001 130 32 utredning

106 1037 61 24 söka
191 1037 105 24 anordna
321 1037 37 24 det
382 1037 127 32 onekligen
531 1037 96 32 viktiga
651 1037 211 32 bildningsarbete,

106 1079 50 16 som
175 1071 86 24 härvid
280 1071 65 24 varit
363 1071 85 32 ifräga.
479 1071 86 24 Därest
583 1071 82 32 nödigt
683 1079 80 23 synes,
783 1070 79 24 kunde

107 1106 36 23 för
172 1106 139 24 erhållande
339 1106 24 24 af
387 1106 189 24 statsunderstöd
602 1105 155 32 erforderliga
784 1105 79 32 regler

107 1141 129 30 utarbetas,
263 1140 115 24 liknande
397 1141 49 23 dem
466 1148 50 16 som
536 1141 117 23 härofvan
673 1140 91 24 anförts
783 1141 79 22 säsom

107 1175 112 31 gällande
244 1176 36 23 för
306 1175 304 32 föreläsningsföreningar
646 1175 42 24 och
713 1174 117 24 anstalter
855 1174 7 23 i

107 1209 106 33 Sverige.
248 1210 45 23 Det
311 1210 64 24 torde
393 1218 59 16 vara
471 1210 108 31 omöjligt
597 1212 35 21 att
650 1211 30 30 pä
699 1209 101 24 förhand
819 1216 43 16 an-

107 1244 76 31 gifva,
201 1244 64 24 huru
284 1247 49 21 stor
351 1244 146 32 efterfrägan
516 1246 31 30 pä
564 1244 127 24 understöd
709 1244 36 23 för
763 1243 99 24 föreläs-

108 1278 162 32 ningskurser
297 1278 105 24 kommer
426 1281 34 21 att
488 1279 82 30 blifva,
589 1286 52 16 men
669 1278 45 24 har
740 1278 124 24 Utskottet

108 1315 85 28 ansett,
213 1316 35 21 att
274 1316 33 20 ett
331 1313 87 32 anslag
440 1313 24 24 af
492 1313 90 30 25,000
601 1312 70 25 mark
695 1320 40 24 per
755 1314 26 22 är
798 1312 64 24 tills-

107 1347 84 23 vidare
210 1355 55 16 vore
284 1347 118 31 tillfylles.

177 1381 36 24 Pä
231 1382 78 32 grund
328 1382 25 24 af
371 1382 37 24 det
427 1382 99 24 anförda
545 1382 37 23 fär
600 1381 123 25 Utskottet
741 1381 122 24 vördsamt

108 1416 95 30 föreslä,
222 1419 35 21 att
276 1416 133 24 Ständerna
429 1416 59 24 ville
506 1416 101 30 besluta,

179 1495 142 18 Statsutskottets
333 1495 110 18 betänkande
454 1495 39 17 N:o
506 1496 18 17 5.
783 1494 11 18 2
