1103 1756
234 148 13 22 8
469 150 29 22 U.
516 150 25 22 B.
558 163 28 1 —
603 150 74 28 Prop.
693 150 42 23 N:o
751 150 23 22 6.

305 221 24 21 år
351 221 87 21 1904
439 209 16 46 .
476 238 4 4 <
518 238 4 4 .
560 238 3 4 .
601 240 4 4 .
643 238 3 4 .
683 221 60 23 Fmk
769 209 24 46 =
814 222 107 28 570,000

315 272 9 11 n
347 255 88 22 1905.
472 272 4 5 so
515 272 87 5 soc
640 273 4 4 sc
709 273 8 11 oh
814 256 108 28 546,400

305 324 89 22 Ultimo
422 324 120 22 december
571 325 64 21 1905
665 332 55 15 voro
739 325 39 21 lån
800 325 136 21 utestående
954 324 37 22 till

235 360 36 20 ett
289 359 154 28 sammanlagt
461 359 85 29 belopp
565 360 23 21 af
600 360 60 21 Fmk
679 360 144 27 5,448,206:
844 360 38 21 39.

305 392 53 22 Med
376 393 91 29 hänsyn
493 394 37 22 till
559 394 40 21 det
617 394 25 21 år
661 394 35 22 för
714 395 25 21 år
757 394 107 28 stegrade
882 394 109 21 behofvet

235 427 26 21 af
280 428 152 22 statsvärkets
451 428 152 30 inskridande
622 428 35 22 för
674 428 181 22 underlättande
874 428 22 22 af
915 428 76 21 lands-

238 461 178 23 kommunernas
435 463 150 22 sträfvanden
609 463 37 21 till
664 462 240 22 folkskoleväsendets
922 462 69 22 utbil-

237 496 77 22 dande
332 497 80 29 ingick
431 498 102 21 Senaten
552 498 8 21 i
579 498 102 21 februari
700 497 83 22 månad
805 498 63 20 1905
882 497 36 21 till
926 497 64 21 Hans

236 531 134 29 Kejserliga
389 532 110 28 Majestät
517 532 51 22 med
587 540 27 14 en
634 532 146 28 underdånig
793 532 138 21 hemställan
941 531 50 21 där-

238 573 37 14 om
295 568 34 19 att
347 566 74 21 under
439 567 54 21 åren
515 567 161 21 1905—1907
697 566 100 22 Senaten
815 567 70 21 måtte
898 566 93 22 berätti-

236 608 44 21 gas
298 602 35 19 att
351 600 50 22 icke
426 601 61 22 blott
506 601 108 22 använda
641 601 60 22 ända
720 602 36 20 till
776 602 132 26 5,000,000
926 600 66 22 mark

235 634 37 22 för
303 635 137 29 utgifvande
471 636 23 21 af
524 636 161 28 byggnadslån
714 640 29 17 än
771 636 42 21 ock
841 638 35 18 att
902 635 89 28 årligen

240 670 131 27 1,500,000
399 670 66 22 mark
492 670 62 28 finge
582 670 118 22 användas
719 670 34 22 för
773 670 83 28 bidrag
875 670 23 21 åt
916 669 75 22 lands-

236 704 169 22 kommunerna
423 705 37 21 för
478 704 144 30 uppförande
641 705 23 21 af
676 712 47 21 nya
733 704 258 29 folkskolebyggnader.

307 738 82 29 Enligt
413 739 121 29 ingångna
558 740 125 28 uppgifter,
711 739 134 22 framhåller
864 738 101 22 Senaten
985 738 6 21 i

238 773 37 21 sin
294 773 148 28 hemställan,
461 781 55 14 vore
535 774 23 21 af
576 774 246 22 landskommunernas
843 772 149 22 folkskoledi-

237 808 71 20 strikt
326 808 108 28 omkring
464 808 70 28 1,140
563 808 57 22 eller
638 805 74 35 36%,
731 808 8 22 i
758 807 113 23 afsaknad
894 808 23 21 af
935 815 57 21 egen

236 842 123 21 folkskola.
397 842 36 22 Dä
452 842 80 22 härtill
559 842 63 22 lades
642 845 35 19 att
695 843 8 21 i
721 845 34 19 ett
773 842 76 22 flertal
868 842 124 21 folkskole-

237 876 104 28 distrikt,
360 877 9 21 i
388 877 116 22 anseende
533 877 36 21 till
594 877 115 21 storleken
729 878 23 21 af
774 877 67 21 deras
859 876 136 28 befolkning

238 910 45 22 och
308 911 172 29 utsträckning,
499 911 145 22 erfordrades
670 912 55 21 flere
752 915 29 18 än
811 918 27 14 en
857 911 80 27 lärare,
962 913 34 19 att

240 952 85 22 genom
344 945 180 30 befolkningens
542 946 90 28 ökning
650 946 27 21 de
696 946 8 22 i
723 946 132 22 skolåldern
875 945 120 29 befintliga

240 980 101 21 barnens
361 980 64 22 antal
446 983 70 19 växte
535 980 51 22 med
605 980 106 29 omkring
731 981 73 27 2,000
823 980 95 28 årligen,
938 982 58 19 samt

236 1016 39 20 att
296 1014 241 22 folkskolereformens
555 1015 180 29 genomförande
754 1014 109 22 fordrade
880 1014 70 22 minst
962 1014 33 22 tio

236 1049 41 21 års
298 1048 42 28 tid,
359 1049 25 21 så
410 1049 112 22 framstod
547 1049 39 21 det
605 1052 35 19 att
657 1050 8 20 i
683 1049 52 22 hela
754 1048 81 23 landet
852 1048 143 22 erfordrades

239 1083 143 21 åtminstone
403 1084 73 27 2,500
496 1091 46 21 nya
560 1084 74 21 lärare
656 1084 56 21 eller
729 1084 100 28 ungefär
846 1083 48 21 lika
912 1084 85 27 många

236 1124 52 15 som
306 1125 31 13 nu
368 1117 81 22 arbeta
467 1119 8 20 i
493 1118 165 27 folkskolorna,
677 1118 71 21 innan
768 1117 227 22 folkskolereformen

239 1152 144 28 genomförts
402 1153 8 20 i
429 1152 104 29 enlighet
550 1152 52 22 med
620 1152 87 29 nådiga
725 1152 165 27 förordningen
910 1152 23 21 af
952 1151 43 22 den

238 1186 34 21 24
296 1186 49 29 Maj
377 1187 71 22 1898.
486 1187 42 21 Om
555 1195 53 14 man
636 1187 157 29 uppskattade
811 1186 131 21 kostnaden
961 1187 35 20 för

239 1220 148 29 uppförande
407 1221 24 22 af
448 1221 44 22 hus
510 1221 36 22 för
564 1221 117 22 folkskola
699 1229 48 14 som
763 1221 79 21 skötes
852 1221 23 21 af
884 1228 28 13 en
923 1221 72 20 lärare

236 1254 47 22 och
302 1262 49 14 som
371 1259 25 18 är
417 1255 80 22 afsedd
516 1256 36 21 för
570 1256 32 21 50
620 1256 77 21 elever
715 1255 37 22 till
773 1255 89 27 12,000
879 1255 13 21 å
907 1255 88 27 14,000

240 1289 74 28 mark,
333 1292 60 19 samt
420 1291 36 20 för
484 1290 144 29 uppförande
656 1290 23 21 af
697 1289 43 22 hus
758 1290 37 21 för
812 1289 118 22 folkskola
948 1296 47 14 som

236 1323 83 22 skötes
339 1324 24 21 af
381 1325 41 21 två
440 1325 74 21 lärare
534 1324 42 22 och
595 1332 49 15 som
663 1328 25 17 är
707 1324 80 22 afsedd
806 1324 36 21 för
861 1324 46 21 100
921 1323 75 22 elever

235 1358 39 21 till
298 1358 91 27 20,000
408 1359 13 22 å
441 1359 92 27 22,000
551 1359 67 21 mark
636 1362 59 19 samt
713 1359 80 21 vidare
806 1361 54 26 toge
878 1358 7 21 i
905 1357 91 22 betrak-

237 1392 75 22 tande
330 1393 28 21 de
378 1393 49 22 250
446 1393 84 28 skolor,
549 1393 81 22 hvilka
648 1393 37 22 till
700 1393 59 29 följd
773 1393 24 21 af
809 1391 187 23 förhållandenas

237 1427 75 28 tvång
340 1427 36 22 för
404 1427 144 22 närvarande
576 1427 81 22 arbeta
684 1428 6 21 i
709 1427 126 29 upphyrda
858 1427 95 26 lokaler,
972 1427 24 20 så

236 1461 60 22 fann
314 1469 54 14 man
387 1464 36 19 att
440 1462 35 22 för
493 1462 145 29 uppförande
658 1463 23 20 af
693 1461 255 28 folkskolebyggnader
960 1461 36 20 till

307 1505 143 19 Statsutskottets
463 1506 107 17 betänkande
583 1506 37 17 N:o
633 1506 17 17 2.
