1103 1753
299 122 85 23 Ständ.
401 122 39 23 Sv.
456 135 27 3 —
499 122 73 28 Prop.
589 122 41 22 N:o
645 122 22 22 6.
846 122 10 20 7

169 192 107 28 Anslaget
295 192 35 21 till
345 191 101 21 bibliotek
460 191 36 28 för
509 191 164 28 folkskollärare
682 191 39 21 och
728 190 130 22 lärarinnor

99 226 11 22 %
128 226 226 22 landskommunerna
369 225 42 22 har
426 225 8 21 i
449 225 44 22 den
509 225 86 29 nådiga
610 224 174 29 propositionen
799 224 58 22 före-

99 260 83 28 slagits
204 260 37 22 till
263 261 77 26 25,000
363 260 65 21 mark
450 259 37 22 för
508 260 26 21 år
549 258 43 23 och
608 266 54 14 anse
678 258 130 22 Ständerna
824 260 35 20 att

101 294 65 22 detta
181 294 84 29 belopp
281 298 25 18 är
321 294 209 29 tillfyllesgörande
546 296 61 19 samt
622 293 24 22 få
663 292 79 22 därför
756 292 8 22 i
775 292 83 22 under-

101 329 114 28 dånighet
229 329 92 21 anmäla

391 365 32 19 att
440 363 125 21 Ständerna
578 363 95 28 godkänt
688 363 128 23 detsamma.

170 513 106 28 Anslaget
299 513 34 21 till
354 512 232 29 fortsättningskurser
603 514 113 27 upptages
732 512 8 21 i
756 511 45 22 den
816 512 42 21 nä-

101 547 56 29 diga
181 546 174 30 propositionen
381 546 52 22 med
458 547 77 25 60,000
560 546 66 22 mark
647 546 36 22 för
702 547 26 21 är
743 547 55 21 1906
814 546 44 21 och

102 583 77 25 70,000
194 581 65 22 mark
274 580 36 22 för
326 581 25 21 år
367 582 62 21 1907.
461 581 37 21 Då
513 584 84 25 nyttan
614 580 26 22 af
652 580 80 29 dylika
753 580 105 22 fortsätt-

102 616 159 29 ningskurser,
277 615 195 29 ändamålsenligt
487 615 139 25 anordnade,
635 618 25 18 är
668 615 137 29 obestridlig
813 614 43 22 och

101 650 66 22 deras
183 650 65 22 antal
261 650 60 21 visat
332 657 28 14 en
376 650 92 28 afgjord
484 649 97 22 tendens
597 652 35 19 att
647 649 62 27 ökas,
719 649 95 22 hvarför
829 649 30 22 de

101 685 86 22 hittills
203 684 36 22 för
257 684 133 22 ändamålet
405 684 115 29 beviljade
536 684 110 29 anslagen
661 684 61 21 visat
737 684 43 29 sig!
796 684 62 21 otill-

100 719 106 29 räckliga
221 732 27 3 —
263 718 106 29 anslaget
384 719 37 21 för
436 719 25 21 är
482 719 54 22 1905
553 718 41 22 har
610 718 73 29 enligt
706 718 43 22 den
770 717 86 30 nädiga

101 753 176 30 propositionen
289 753 90 28 jämväl
394 753 37 21 till
456 753 58 22 fullo
537 752 99 22 kommit
653 752 36 22 till
705 753 151 28 användning

101 802 28 3 —
145 788 71 22 hafva
239 787 129 22 Ständerna
391 789 77 20 ansett
490 795 29 14 en
541 788 73 28 nägot
636 790 73 19 större
724 787 89 29 ökning
828 787 30 28 pä

99 822 66 22 detta
181 822 82 29 anslag
275 822 54 22 böra
340 825 67 26 göras
423 825 30 18 än
468 829 49 14 som
541 821 96 22 föresläs
653 821 8 21 i
675 821 182 29 propositionen,

100 857 44 21 och
166 857 25 21 fä
210 856 63 29 förty
287 856 170 29 underdänigst
472 856 92 22 anmäla

377 927 33 20 att
426 925 126 22 Ständerna
564 927 36 26 för
614 926 144 21 anordnande
768 925 30 28 af
804 925 56 28 fort-

307 961 189 27 sättningskurser
510 960 38 21 vid
562 960 150 28 folkskolorna
721 960 89 21 anvisat
825 959 36 28 för

307 995 27 21 är
360 996 61 20 1906
446 996 86 25 70,000
555 995 64 21 mark
643 995 38 20 och
703 994 36 28 för
759 994 27 21 är
800 994 62 21 1907

310 1030 87 25 80,000
419 1029 69 26 mark,
516 1030 51 20 eller
589 1029 150 21 tillsammans
759 1028 103 26 150,000

309 1063 68 22 mark.

169 1201 48 21 Det
230 1201 9 21 i
255 1200 44 22 den
315 1200 86 29 nädiga
423 1201 175 28 propositionen
620 1203 122 26 upptagna
760 1199 103 27 anslaget

101 1236 36 21 till
151 1236 122 28 stipendier
295 1235 36 28 för
353 1235 153 28 auskultering
528 1235 39 22 och
590 1235 134 21 studieresor
746 1233 25 22 af
785 1233 78 27 15,000

101 1269 66 22 mark
181 1269 38 22 för
236 1269 125 22 hvartdera
383 1269 28 22 af
423 1270 55 21 ären
501 1270 55 21 1906
573 1269 43 22 och
640 1269 53 21 1907
709 1267 71 22 hafva
796 1267 68 22 Stän-

101 1304 73 22 derna
189 1304 79 22 funnit
282 1311 55 14 vara
353 1303 116 29 tillfylles,
486 1303 42 22 och
550 1303 24 22 få
590 1302 77 22 därför
682 1303 8 21 i
705 1301 159 28 underdänig-

101 1338 41 22 het
157 1338 92 22 anmäla

377 1391 34 19 att
434 1389 126 21 Ständerna
582 1389 89 27 beviljat
694 1389 29 19 ett
744 1387 80 27 anslag
839 1387 25 27 af

308 1424 85 25 15,000
415 1423 64 21 mark
500 1423 36 27 för
558 1422 117 22 hvartdera
693 1422 29 27 af
733 1421 54 21 ären
803 1420 61 22 1906
