1098 1748
828 129 27 20 19

104 191 149 29 Regeringen
275 192 34 21 uti
331 192 45 21 den
392 192 84 28 nådiga
491 192 175 29 propositionen
681 192 126 28 föreslagit,
824 194 33 19 att

105 227 47 22 den
166 227 35 22 uti
216 227 14 29 &
247 231 12 18 5
276 228 23 21 af
317 228 106 28 gällande
439 228 236 28 stämpelförordning
692 228 111 28 stadgade
818 227 39 22 be-

106 263 77 22 frielse
207 263 52 22 från
286 263 231 29 stämpelskyldighet
540 263 73 22 borde
636 264 127 21 utsträckas
788 263 70 22 äfven

105 299 35 21 till
171 299 110 21 kommun
311 299 37 22 för
372 299 103 22 ansökan
498 307 37 14 om
559 299 39 22 län
623 299 37 22 för
685 299 173 28 undsättnings-

106 335 53 21 med
182 335 58 21 flera
263 335 108 21 liknande
395 335 106 21 ändamål
523 343 28 13 ur
575 335 115 22 allmänna
712 335 75 22 medel
803 335 55 21 eller

106 371 129 21 skärskilda
260 371 89 25 fonder,
377 378 49 14 som
447 373 34 19 stä
501 371 75 22 under
592 371 155 22 Statsverkets
763 371 94 22 förvalt-

105 406 58 29 ning
189 407 43 21 och
258 407 64 25 vård,
343 400 119 27 äfvensom
488 407 35 21 till
544 407 102 21 ärenden
662 407 119 28 angående
798 406 60 22 stad-

105 442 94 22 fästelse
224 445 12 18 &
259 442 94 28 stadgar
375 442 37 21 för
435 443 120 28 andelslag
578 443 44 21 och
644 443 86 21 sådana
751 442 108 22 samfund

106 479 37 21 för
162 478 159 28 befrämjande
343 478 24 21 af
383 478 172 29 allmännyttigt
571 479 113 25 ändamäl,
701 485 48 14 som
766 481 39 18 äro
820 478 38 21 be-

106 514 74 22 friade
196 514 52 22 frän
265 514 236 28 stämpelskyldighet.
533 516 72 20 Dessa
620 515 46 21 den
682 514 84 28 nädiga
776 521 83 22 propo-

106 550 111 22 sitionens
233 550 88 28 förslag
336 550 41 21 har
392 550 119 22 Utskottet
526 550 78 22 funnit
620 552 36 26 sig
671 550 56 22 böra
737 550 120 28 tillstyrka.

107 586 40 22 Ett
169 586 8 21 i
201 586 134 28 anslutning
358 586 77 21 härtill
453 586 64 22 inom
535 586 175 22 Bondeständet
729 586 130 22 framstäldt

107 622 112 28 yrkande,
237 624 33 19 att
287 622 119 28 andelslag
421 622 71 21 borde
509 622 88 28 åtnjuta
613 622 120 21 enahanda
751 622 108 22 befrielse

107 658 41 21 vid
164 658 156 28 ansökningar
336 665 37 14 om
389 658 39 20 lån
443 665 28 13 ur
487 658 115 21 allmänna
618 658 82 26 medel,
715 658 42 21 har
765 658 94 21 Utskot-

106 696 34 19 tet
162 694 104 21 däremot
289 694 50 21 icke
363 694 62 21 velat
447 694 100 21 förorda.
580 694 36 28 Ty
636 701 37 14 om
690 694 39 21 det
745 696 28 19 än
789 700 70 22 synes

106 730 107 28 lämpligt
237 732 33 18 att
293 729 155 29 uppkomsten
471 730 24 20 af
518 730 120 28 andelslag
662 737 89 21 gynnas
776 736 83 22 genom

107 765 108 22 befrielse
241 766 52 20 från
319 765 159 29 stämpelskatt
503 766 41 21 vid
570 766 145 21 stadfästelse
741 766 23 21 af
793 766 66 21 deras

108 801 100 28 stadgar,
225 801 46 21 kan
287 801 66 21 deras
369 801 154 26 verksamhet,
539 801 102 26 hvilken,
656 802 72 20 ehuru
744 801 115 29 gagnelig,

106 837 62 21 dock
190 837 148 21 uteslutande
361 837 60 21 afser
445 837 70 26 vinst,
539 837 50 21 icke
610 837 90 28 grunda
715 837 100 29 anspräk
830 839 31 26 pä

109 873 87 21 sådana
223 873 255 28 undantagsförmäner,
502 881 50 14 som
577 873 149 22 tillerkännas
752 872 109 23 nödstäld

109 909 111 21 kommun
235 909 40 21 vid
291 909 103 22 ansökan
410 916 37 14 om
463 909 211 28 undsättningslän.

181 945 78 28 Enligt
279 945 107 28 gällande
405 945 145 22 föreskrifter
564 948 38 19 äro
614 945 106 22 fullmakt
735 945 36 22 för
786 945 74 22 landt-

108 981 115 28 dagsman
239 981 42 21 och
297 981 36 21 för
349 981 85 21 ombud
450 981 41 21 vid
507 982 136 28 kyrkomöte
660 984 59 19 samt
732 982 85 27 utdrag
831 988 29 14 ur

108 1016 41 22 det
171 1016 42 22 vid
235 1017 83 21 sädant
341 1017 38 21 val
401 1017 68 21 förda
489 1017 114 28 protokoll
621 1017 51 21 icke
690 1016 169 23 underkastade

109 1052 174 29 stämpelafgift,
307 1053 43 21 och
367 1060 69 21 synes
452 1052 40 22 det
507 1052 119 22 Utskottet
641 1053 130 28 principielt
786 1053 74 21 berät-

107 1088 83 28 tigadt,
207 1091 33 19 att
256 1088 103 29 antydda
375 1088 168 28 stämpelfrihet
561 1088 127 22 utsträckes
704 1088 34 22 till
755 1088 106 28 samtliga

109 1124 45 21 mål
170 1124 44 22 och
230 1124 107 26 ärenden,
355 1132 49 14 som
420 1126 59 26 angä
495 1124 136 22 förberörda
646 1124 44 22 val.
716 1124 51 22 Den
784 1131 76 21 omge-

109 1160 111 28 staltning
235 1160 90 22 landets
351 1160 183 28 representation
557 1162 41 26 gär
617 1160 35 21 till
668 1163 79 23 mötes,
763 1160 98 21 innebär

108 1196 135 28 ytterligare
267 1199 32 19 ett
323 1196 50 22 skäl
395 1196 36 22 för
455 1196 73 22 sådan
552 1196 140 28 utvidgning
715 1196 24 21 af
754 1195 107 29 stämpel-

108 1232 107 21 friheten.

180 1268 67 21 Inom
268 1268 174 22 Bondeständet
461 1268 42 22 har
523 1268 41 22 vid
585 1268 190 22 remissdebatten
793 1268 68 21 fram-

109 1304 78 20 hållits
211 1304 109 21 hurusom
343 1304 45 21 den
409 1304 175 28 stämpelafgift,
606 1311 49 15 som
680 1304 91 28 älägges
789 1304 72 21 länta-

109 1346 61 21 gare,
189 1340 95 21 hvilken
301 1340 68 21 söker
383 1340 138 28 inteckning
535 1340 8 21 i
560 1340 36 21 sin
611 1340 108 28 lägenhet
734 1339 35 22 till
784 1339 77 22 säker-

108 1375 40 22 het
166 1375 36 22 för
224 1376 61 28 gäld,
304 1383 56 14 vore
380 1375 79 29 obillig
478 1376 44 21 och
537 1375 149 29 betungande
702 1375 109 22 särskildt
825 1375 37 22 för

108 1411 30 22 de
153 1411 90 22 mindre
257 1411 183 29 jordbrukarene
457 1414 60 19 samt
530 1411 117 28 hinderlig
662 1411 7 21 i
681 1411 65 21 deras
758 1411 105 21 sträfvan

108 1449 34 19 att
160 1447 120 22 förvärfva
299 1455 60 20 egen
378 1447 83 22 torfva
494 1448 36 21 Då
551 1447 128 22 emellertid
697 1446 165 29 stämpelafgif-

108 1485 40 19 ten
164 1483 41 21 vid
224 1483 144 22 utverkande
384 1483 23 22 af
417 1483 137 28 inteckning
564 1485 13 20 &
588 1485 50 20 små
648 1483 83 28 belopp
743 1485 25 18 är
777 1484 86 27 ytterst
