1103 1753
321 152 25 22 U.
365 153 26 21 B.
408 165 27 3 —
451 152 75 28 Prop.
542 153 43 22 N:o
600 154 22 20 5.

395 468 304 23 Statsutskottets
736 469 115 22 betän-

298 501 109 23 kande
434 503 56 22 N:o
516 503 14 22 3
547 503 8 21 i
571 503 136 26 anledning
732 503 27 22 af
785 503 66 22 Hans

299 535 136 29 Kejserliga
450 537 124 28 Majestäts
590 537 90 27 nädiga
695 537 155 28 proposition

298 570 42 22 N:o
355 571 14 21 5
385 570 125 28 angäende
527 571 48 22 den
591 572 74 26 skatt,
681 577 51 16 som
747 571 44 22 för
800 571 51 23 till-

299 605 122 27 värkning
431 605 27 22 af
467 606 105 22 bränvin
584 606 64 22 skall
660 606 119 27 erläggas,
788 607 63 21 samt

299 645 40 16 om
354 640 74 27 sagda
444 640 78 22 skatts
538 640 168 22 användande.

160 736 82 21 Denna
264 736 86 28 nädiga
375 737 144 28 proposition
544 737 43 21 har
609 737 26 21 af
653 737 108 28 samtliga
777 737 74 22 Ständ

91 770 79 22 blifvit
180 770 132 22 remitterad
324 771 36 20 till
370 771 129 21 Ekonomi-
512 771 43 22 och
567 771 192 27 Statsutskotten,
771 771 80 22 hvilka

87 805 88 28 jämväl
199 805 52 21 från
272 805 133 28 Kejserliga
428 805 102 22 Senaten
554 805 46 22 fått
625 808 116 26 emottaga
767 805 29 22 de
811 805 41 22 vid

91 839 106 22 ärendets
220 839 143 28 behandling
386 839 121 22 därstädes
525 840 125 21 tillkomna
665 840 146 29 handlingar,
828 840 27 21 af

91 874 80 21 hvilka
193 874 109 28 framgår,
318 877 35 18 att
367 875 147 28 omröstning
530 875 8 21 i
554 874 103 22 Senaten
672 875 51 21 icke
739 877 40 26 egt
793 882 58 14 rum.

90 909 127 21 Utskotten
239 908 71 21 hafva
331 908 112 29 därjämte
459 909 48 21 fått
522 909 38 21 del
578 909 26 21 af
618 908 28 22 de
661 909 40 21 vid
717 909 111 21 remissen
844 909 7 20 i

91 943 102 21 Stånden
210 943 82 29 gjorda
307 943 145 21 uttalanden.

159 1075 12 21 I
186 1075 41 21 sitt
242 1076 7 20 i
272 1075 127 28 anledning
423 1075 26 22 af
471 1075 152 22 förevarande
648 1075 144 28 proposition
816 1075 36 20 till

91 1110 131 21 Ständerna
237 1110 91 28 afgifna
343 1109 148 22 betänkande
506 1110 42 21 N:o
567 1113 7 18 1
594 1109 42 22 har
646 1109 206 22 Ekonomiutskot-

91 1147 34 18 tet
139 1144 127 29 föreslagit,
282 1147 36 18 att
332 1144 44 21 den
388 1144 71 27 skatt,
473 1152 48 13 som
532 1144 37 21 för
582 1144 155 28 tillvärkning
749 1143 26 22 af
783 1144 68 21 brän-

91 1179 40 20 vin
147 1178 59 22 skall
222 1179 111 28 erläggas,
346 1179 71 20 måtte
431 1179 141 21 bestämmas
590 1179 35 21 till
643 1181 9 19 1
667 1178 65 21 mark
743 1179 28 20 20
781 1178 71 29 penni

91 1220 40 21 per
146 1213 59 27 liter,
222 1213 43 21 och
281 1213 74 28 enligt
371 1213 181 21 Statsutskottet
563 1213 200 21 tillhandakomna
775 1215 77 26 proto-

91 1247 145 28 kollsutdrag
258 1247 70 21 hafva
349 1247 100 27 Präste-,
474 1247 114 29 Borgare-
612 1247 44 22 och
671 1246 181 22 Bondestånden

91 1282 92 21 förenat
197 1282 36 28 sig
249 1283 86 24 härom,
352 1281 83 22 medan
451 1282 175 28 Ridderskapet
642 1281 43 22 och
700 1281 77 22 Adeln
795 1288 57 22 upp-

91 1317 83 28 skjutit
196 1317 94 28 frågans
314 1316 126 29 afgörande
466 1317 37 20 till
519 1316 52 21 dess
588 1316 189 22 Statsutskottets
793 1315 58 22 före-

91 1351 101 22 varande
209 1351 145 22 betänkande
369 1351 132 22 inkommit.
531 1351 124 28 Utgående
671 1351 53 21 från
739 1353 35 18 att
784 1351 69 21 brän-

90 1385 146 21 vinsskatten
259 1385 52 21 från
335 1385 43 21 och
399 1385 53 21 med
472 1385 46 21 den
536 1387 8 19 1
562 1385 52 21 Juli
630 1385 63 21 detta
709 1385 25 21 år
749 1385 104 21 kommer

91 1422 34 18 att
139 1419 66 29 höjas
222 1420 36 21 till
274 1420 40 21 det
329 1419 27 21 af
368 1420 237 22 Ekonomiutskottet
620 1419 131 29 föreslagna
769 1419 44 21 och
829 1418 26 22 af

90 1457 35 17 tre
140 1454 69 21 stånd
224 1454 70 21 redan
310 1454 126 28 godkända
452 1454 110 28 beloppet
583 1454 25 21 af
624 1457 9 19 1
650 1454 64 22 mark
730 1455 27 20 20
772 1461 23 21 p.
812 1460 41 22 per

160 1496 142 17 Statsutskottets
315 1496 110 17 betänkande
437 1496 39 16 N:o
490 1495 17 17 3.
