1098 1753
455 196 32 20 att
510 194 167 28 Ridderskapet
696 194 40 22 och
754 194 72 22 Adeln
841 195 57 20 samt
917 194 87 23 Bonde-

396 230 90 22 ståndet
508 230 51 23 ville
579 230 9 21 i
609 231 77 21 denna
710 231 35 21 del
766 230 79 27 förena
867 230 34 29 sig
920 237 34 15 om
970 231 35 22 det

397 267 75 26 beslut,
511 266 67 22 hvari
608 267 90 21 Preste-
732 266 46 28 och
806 266 197 29 Borgareständen

395 304 94 20 stannat
517 302 39 22 och
579 303 123 28 godkänna
729 303 116 21 momentet
870 302 135 28 sälydande:

397 355 9 9 n
411 338 142 22 Testamente
573 339 34 20 till
630 339 63 21 make
714 339 52 22 eller
787 338 65 22 maka
869 338 53 22 eller
937 338 66 22 bröst-

395 374 109 28 arfvinge,
516 373 35 22 till
557 373 269 29 undervisningsanstalt,
836 373 167 29 folkbildnings-

399 410 64 28 syfte,
484 410 160 28 vetenskapligt
665 410 54 22 eller
733 410 148 28 konstnärligt
896 409 109 22 ändamål

396 446 52 22 eller
468 446 59 27 from
553 445 93 27 stiftelse
661 445 115 27 äfvensom
799 446 9 21 i
825 445 123 22 allmänhet
971 446 33 21 till

395 482 77 28 hvarje
489 481 91 27 anstalt,
597 481 91 28 stiftelse
705 482 52 22 eller
778 481 105 28 förening
899 482 49 21 med
963 482 40 21 all-

396 518 136 28 männyttigt
551 517 57 29 syfte
623 519 58 21 samt
697 518 109 22 dessutom
822 517 44 23 alla
882 517 72 29 öfriga
973 519 29 20 te-

395 555 131 25 stamenten,
545 560 80 22 genom
643 554 76 22 hvilka
740 554 110 28 egendom,
866 560 45 15 som
928 554 8 21 i
950 554 52 21 kon-

397 591 48 20 tant
472 590 52 21 eller
550 590 69 21 värde
645 590 20 28 ej
691 589 89 29 uppgår
805 590 33 21 till
864 589 44 22 100
932 589 71 27 mark,

395 625 118 28 bortgifves
530 638 27 3 —
573 638 30 3 —
618 638 30 3 —
663 628 29 19 25
709 632 21 22 p.

322 786 174 21 Presteständet
515 786 42 21 har
577 786 41 21 vid
637 786 174 28 behandlingen
831 786 23 21 af
872 785 129 22 Utskottets

251 821 61 21 kläm
334 823 13 20 &
367 821 42 22 sid.
430 825 87 19 85—86
534 821 95 22 beslutit
645 829 28 14 en
690 822 137 22 hemställan
842 821 35 22 till
892 821 110 29 Regerin-

251 864 45 21 gen
319 857 7 21 i
350 857 61 28 syfte
436 860 32 19 att
490 857 72 28 nädig
581 857 144 29 proposition
753 857 119 29 angäende
896 858 106 28 stämpel-

250 892 129 29 bevillning
395 893 130 26 framdeles,
542 893 42 22 där
599 893 50 22 icke
665 901 64 14 mera
745 893 196 29 genomgripande
957 894 45 21 för-

253 928 124 29 ändringar
397 929 115 22 befunnes
532 929 93 28 nödiga,
645 929 73 22 borde
733 929 114 22 innefatta
862 929 87 28 förslag
965 937 36 14 om

249 965 161 28 utsträckning
439 965 23 21 af
490 965 107 28 gällande
624 965 150 28 förordnings
798 965 153 28 giltighetstid
972 968 29 25 pä

249 1000 63 21 vissa
335 1003 32 23 år,
391 1001 53 21 med
467 1001 125 28 bifogande
613 1001 24 21 af
657 1001 82 28 gjorda
759 1001 125 28 ändringar
900 1001 43 21 och
958 1001 43 21 till-

251 1036 61 28 lägg,
337 1039 59 18 samt
420 1039 32 18 att
476 1037 28 21 de
528 1037 23 21 af
566 1037 119 21 Utskottet
708 1037 104 28 antydda
833 1036 118 28 uppgifter
967 1040 34 18 rö-

249 1072 71 21 rande
337 1072 201 28 stämpelskattens
555 1072 134 29 afkastning
708 1072 111 22 likaledes
835 1072 77 22 blefve
928 1072 73 21 landt-

249 1107 76 28 dagen
348 1108 120 28 iörelagda
486 1108 53 21 med
554 1108 80 28 längre
650 1108 145 22 mellanskof.
822 1108 36 21 Då
874 1108 127 21 emellertid

249 1142 102 30 lagenlig
371 1144 212 28 ständerpluralitet
600 1144 98 22 rörande
718 1145 76 21 denna
816 1144 37 22 del
869 1144 23 21 af
908 1144 93 21 Utskot-

247 1181 45 19 tets
308 1178 146 23 betänkande
471 1182 72 19 mäste
559 1187 67 14 anses
642 1180 120 28 föreligga,
787 1180 65 21 torde
876 1180 71 21 ofvan
962 1180 38 21 be-

249 1214 68 22 rörda
332 1215 89 28 förslag
436 1216 37 20 för
488 1216 76 20 denna
580 1218 63 26 gång
658 1216 56 21 böra
730 1216 98 21 förfalla.

318 1376 85 21 Därest
416 1376 207 27 Borgareständets
639 1376 77 22 beslut
726 1376 121 28 angående
858 1376 142 21 redaktionel

247 1410 100 29 ändring
362 1411 24 21 af
401 1411 177 28 bestämningen
596 1412 8 21 i
620 1412 14 28 &
655 1415 12 19 5
688 1412 75 21 under
779 1411 110 22 rubriken
906 1411 93 27 ,Främ-

249 1446 81 22 mande
350 1448 55 21 stats
426 1447 92 22 domstol
536 1447 51 22 eller
608 1448 150 28 myndighet",
776 1449 30 27 pä
822 1449 45 19 sätt
882 1447 118 22 Utskottet

246 1481 71 22 ofvan
328 1482 126 29 föreslagit,
466 1483 82 21 vinner
559 1483 29 22 de
602 1483 74 28 öfriga
690 1483 116 22 Ständens
822 1483 177 28 godkännande,
