1103 1756
324 132 28 22 U.
369 132 27 22 B.
414 145 20 2 —
454 132 74 28 Prop.
548 132 41 22 N:o
604 133 21 21 7.
835 133 24 19 11

310 205 139 27 befordrande
472 205 15 20 å
511 201 202 32 statsjärnvägarna
732 205 64 20 måtte
814 204 48 21 med

310 239 33 21 det
361 241 97 19 snaraste
475 241 106 26 upptagas
600 239 34 21 till
644 239 82 28 slutligt
737 239 122 28 afgörande.

174 363 54 22 Med
256 363 146 30 åberopande
430 364 22 21 af
474 364 40 21 det
533 364 103 28 anförda,
656 371 67 14 anser
740 364 123 22 Utskottet

105 398 37 29 sig
160 398 51 22 icke
231 405 55 15 vara
304 398 8 21 i
331 398 92 22 tillfälle
442 401 35 19 att
495 399 130 28 framlägga
644 406 27 14 en
691 399 130 28 beräkning
840 399 23 21 af

105 433 226 28 statsjärnvägarnas
360 433 134 22 trafikvinst
513 433 35 22 för
566 434 54 20 åren
643 433 63 22 1906
726 433 42 22 och
791 433 71 27 1907,

105 474 49 15 som
183 467 52 22 med
262 470 71 19 större
359 467 149 22 sannolikhet
532 467 75 22 skulle
632 468 91 21 komma
748 470 35 19 att
806 470 57 19 mot-

105 509 68 15 svara
191 501 170 29 värkligheten,
381 506 28 17 än
429 502 39 21 det
488 502 89 29 belopp,
596 509 49 14 som
663 503 7 20 i
689 502 174 29 propositionen

105 537 129 28 upptagits,
252 536 56 21 eller
328 537 132 27 3,000,000
479 537 66 21 mark
564 544 39 21 per
622 537 31 21 är.
689 537 35 20 En
744 537 119 21 förutsätt-

105 571 60 28 ning
187 571 35 21 för
246 573 35 19 att
303 571 76 21 denna
403 571 131 29 beräkning
552 571 51 22 icke
622 571 60 22 skall
701 571 34 21 slå
754 571 38 28 fel,
811 578 52 21 syn-

107 605 114 29 nerligast
243 613 37 14 om
299 605 44 22 den
361 605 64 29 lägre
444 606 276 29 järnvägsbetjeningens
739 605 124 29 aflönings-

107 639 117 23 förmåner
242 639 63 29 ökas,
321 642 69 26 utgör
409 640 135 27 emellertid,
559 640 81 22 såvida
653 640 51 21 icke
717 647 29 14 en
759 640 104 21 starkare

107 674 105 29 stegring
239 674 23 21 af
289 674 230 22 trafikinkomsterna
545 674 111 28 inträder,
685 677 35 19 att
744 675 120 28 statsjärn-

107 712 115 25 vägarnas
244 709 76 28 öfriga
337 709 165 29 utgiftsposter
520 709 52 22 icke
590 709 82 28 längre
685 709 66 22 skola
766 709 99 22 tillväxa

106 743 9 21 i
144 751 87 14 samma
259 750 150 21 ogynsamma
437 744 135 28 proportion
599 751 48 14 som
674 743 73 22 under
774 743 29 22 de
831 751 33 14 se-

107 780 66 20 naste
192 778 61 21 ären.

173 837 70 21 Andel
266 837 9 21 i
299 836 193 22 bränvinsskatten.
528 836 11 21 I
563 836 132 22 Utskottets
715 835 147 22 betänkande

104 870 43 22 N:o
168 871 13 21 3
203 870 113 22 beräknas
337 870 78 22 denna
433 871 157 28 inkomstpost
607 870 35 22 för
661 871 54 21 åren
737 870 63 22 1906
820 870 43 21 och

108 905 63 21 1907
192 905 36 21 till
249 905 147 27 11,555,000
415 905 71 21 mark.

174 963 191 21 Ränteinkomsten
392 970 13 14 &
430 962 131 29 disponibla
590 962 73 22 medel
687 964 115 26 upptager
821 962 42 21 Ut-

104 997 89 21 skottet
220 997 51 21 med
300 997 39 21 det
357 997 7 21 i
383 994 186 34 propositionen;
589 997 96 28 angifna
714 997 108 28 beloppet
841 996 22 22 af

105 1031 108 28 200,000
232 1032 71 21 mark.

178 1085 137 32 Öfverföring
332 1089 29 28 af
375 1090 201 27 bevillningsmedel.
608 1089 11 21 I
639 1088 103 29 enlighet
760 1088 52 22 med
825 1088 39 21 det

106 1123 89 29 förslag
213 1123 122 22 Utskottet
354 1123 100 29 tidigare
472 1124 64 28 gjort
553 1124 8 20 i
580 1124 41 20 sitt
634 1122 148 22 betänkande
795 1123 42 21 N:o
850 1124 10 20 1

107 1157 120 29 angående
252 1158 157 28 provisoriska
433 1158 185 28 finansätgärder
640 1158 35 21 för
694 1158 62 21 förra
774 1157 89 21 hälften

106 1192 23 22 af
148 1193 25 20 är
193 1192 72 28 1906,
290 1192 71 22 hafva
385 1192 132 22 Ständerna
541 1192 71 22 fattat
630 1192 75 22 beslut
723 1192 86 27 därom,
830 1193 35 20 att

107 1226 37 22 till
163 1226 303 22 kommunikationsfonden
494 1226 60 22 skall
583 1234 27 14 ur
634 1225 229 29 bevillningsfonden

107 1261 127 21 öfverföras
254 1263 34 19 ett
306 1261 83 29 belopp
409 1261 23 21 af
451 1261 133 27 2,984,000
601 1261 71 27 mark,
685 1261 90 21 hvilket
788 1260 77 22 beslut

107 1295 88 29 jämväl
215 1295 78 22 blifvit
311 1296 22 21 af
352 1296 65 21 Hans
435 1296 134 28 Kejserliga
587 1296 109 28 Majestät
714 1294 105 22 stadfäst.

175 1354 299 28 Kommunikationsfondens
486 1354 101 28 samtliga
596 1354 115 27 tillgångar
723 1352 74 22 under
810 1353 54 21 åren

110 1387 63 21 1906
194 1387 42 21 och
258 1388 63 21 1907
341 1392 39 17 äro
399 1388 99 22 sålunda
516 1387 132 22 beräknade
667 1390 34 19 att
719 1390 94 26 utgöra:

107 1445 142 28 Behållning
268 1445 51 22 från
338 1446 26 21 år
385 1446 63 21 1905
498 1463 4 4 .
540 1463 4 4 .
581 1446 60 21 Fmk
677 1445 139 28 2,144,000:
837 1457 27 3 —

175 1488 142 18 Statsutskottets
330 1489 111 18 betänkande
453 1489 37 18 N:o
503 1490 11 17 4
525 1489 21 18 A.
