1098 1753
91 300 115 23 Stämpelaf-

87 330 39 23 gift
138 330 30 17 för
181 330 28 18 af-

88 360 117 23 handlingar

82 390 84 17 emellan
180 395 33 12 en-

115 419 67 19 skilda.

227 125 28 19 70

305 297 102 28 stämpel,
431 304 48 14 som
503 296 36 21 för
556 296 37 21 det
610 296 130 21 resterande
755 295 96 28 kapital-

305 332 106 28 beloppet
427 331 108 22 erfodras.

387 368 167 28 Förskrifning,
577 374 48 15 som
641 368 40 20 vid
699 367 130 27 bevakning
844 366 7 21 i

305 404 100 21 konkurs
422 404 53 20 eller
491 403 155 29 årsproklama
662 403 54 21 eller
732 403 68 21 också
815 402 36 22 för

305 442 68 19 annat
396 440 41 21 här
461 439 69 21 ofvan
554 439 50 21 icke
628 438 103 29 angifvet
747 438 103 22 ändamål

305 476 83 21 företes
411 476 41 21 hos
476 475 98 22 domstol
598 475 53 21 eller
668 474 103 28 offentlig
788 482 63 20 myn-

305 512 85 28 dighet,
407 512 81 28 drager
504 511 97 28 stämpel
617 512 75 20 såsom
709 510 76 28 bilaga

243 546 208 28 Försäkringsbref,
469 546 171 29 assuranspolis,
656 546 63 22 bevis
732 546 64 22 öfver
806 546 45 21 för-

304 584 61 28 nyad
390 584 59 27 eller,
466 582 117 22 öfverförd
606 582 137 28 försäkring,
763 589 49 14 som
829 582 25 21 af

305 619 229 29 försäkringsgifvare
560 621 64 19 utom
647 618 98 22 Finland
769 624 82 22 genom

305 656 51 21 dess
379 658 68 26 agent
470 655 54 21 eller
545 655 84 21 ombud
645 655 41 20 här
702 655 7 20 i
724 654 78 22 landet
817 657 34 18 ut-

306 691 75 21 ställes
398 691 54 21 eller
467 691 119 25 utlemnas,
598 691 82 27 drager
692 690 97 28 stämpel
799 690 53 20 med

246 725 125 27 Gaäfvobref
390 728 13 20 &
425 726 46 22 fast
495 726 111 28 egendom
630 726 54 21 eller
705 726 84 28 fartyg,
805 726 47 20 lika

305 763 52 21 med
372 762 125 29 Köpebref.

244 798 185 28 Hyreskontrakt,
446 806 24 14 se
485 798 121 21 Kontrakt.

243 833 182 22 Konnässement
441 834 53 21 eller
505 834 124 21 fraktsedel
640 836 13 19 å
664 834 63 28 gods,
740 834 112 28 afgående

305 870 51 21 med
373 870 78 28 fartyg
466 870 34 20 till
516 873 35 18 ort
567 872 63 19 utom
645 869 99 21 Finland

244 940 121 27 Kontrakt,
383 941 117 28 skriftligt:

307 979 32 19 1:o
357 978 117 27 angående
490 976 167 29 nyttjanderätt
673 977 34 21 till
723 977 47 21 fast
786 984 66 20 egen-

368 1014 52 20 dom
434 1013 54 21 eller
499 1015 76 26 någon
586 1013 34 21 till
631 1012 109 28 fastighet
751 1012 102 22 hörande

367 1049 96 25 förmån,
489 1049 28 20 då
543 1048 35 21 för
606 1049 74 20 denna
704 1051 44 18 rätt
773 1048 80 21 endast

367 1084 46 22 viss
437 1084 78 28 afgäld
539 1085 53 20 eller
614 1085 52 27 lega
683 1083 75 22 blifvit
774 1083 78 26 utfäst,

368 1121 81 27 drager
472 1120 103 28 stämpel,
598 1120 116 21 beräknad
735 1119 57 22 efter
809 1119 43 21 den

368 1156 76 28 afgäld
463 1156 52 21 eller
531 1156 57 28 lega,
605 1163 48 14 som
667 1155 93 28 belöper
771 1155 35 28 sig
817 1155 36 20 för

367 1192 47 21 helt
437 1194 31 23 år,
492 1192 60 25 eller,
574 1192 40 21 där
631 1191 79 22 aftalet
727 1191 60 22 afser
802 1191 50 21 kor-

367 1230 48 19 tare
431 1228 41 25 tid,
489 1228 35 21 för
539 1228 125 27 legotiden:

368 1263 29 22 då
413 1263 107 29 afgälden
536 1264 54 21 eller
605 1263 67 28 legan
687 1265 67 26 utgör
765 1263 34 20 till
811 1263 42 20 och

442 1299 52 21 med
513 1301 40 20 100
570 1299 64 22 mark
736 1316 3 3 a
773 1315 4 4 om
811 1314 3 3 e
848 1315 3 4 a

368 1337 58 19 samt
443 1335 131 21 därutöfver
590 1335 36 21 för
641 1334 80 28 hvarje
736 1334 58 21 fulla
812 1336 41 19 100

442 1371 74 21 matku
540 1367 29 34 si
586 1388 4 4 <
624 1367 18 34 ao
661 1367 27 34 wo
698 1387 4 3 e
736 1388 3 3 A
774 1367 41 34 MOR
848 1387 4 3 0

441 1402 34 26 Är
496 1407 78 27 afgäld
594 1407 54 21 eller
671 1406 51 28 lega
748 1405 105 22 bestämd

368 1442 36 21 för
420 1443 73 21 skilda
509 1444 24 19 är
549 1442 34 21 till
603 1442 60 21 olika
684 1442 91 28 belopp,
795 1441 58 21 skall

368 1478 196 29 stämpelafgiften
574 1478 112 21 beräknas
700 1477 59 22 efter
769 1477 84 21 medel-

945 871 27 19 50
