1098 1753
238 139 29 20 76

568 309 20 18 II
606 309 60 18 KAP.

278 356 116 24 Särskilda
409 356 151 24 föreskrifter
576 357 116 29 angäende
708 357 80 23 bruket
805 356 28 23 af
846 356 103 28 stämpel.

591 408 11 19 7
620 405 20 29 8.

306 447 147 29 Expedition,
470 455 48 14 som
535 448 7 21 i
558 447 235 22 öfverensstämmelse
809 447 52 21 med
872 446 116 22 föreskrif-

237 485 65 19 terna
319 483 8 21 i
343 485 12 19 3
372 482 14 28 8
402 483 55 21 eller
472 483 71 28 enligt
558 483 98 28 tidigare
672 484 105 27 gällande
793 483 145 27 bestämning
953 485 35 19 ut-

237 518 88 22 färdats
341 520 13 20 &
369 519 187 29 stämpelpapper
572 519 53 21 eller
641 518 92 22 försetts
749 519 52 21 med
813 518 175 29 stämpelmärke

237 554 55 21 eller
307 555 42 21 ock
366 558 25 18 är
401 554 127 28 stämpelfri
540 558 31 22 är,
583 554 67 22 äfven
662 562 37 14 om
710 554 175 29 stämpelmärke
897 555 91 24 saknas,

237 589 22 29 ej
276 590 153 22 underkastad
445 590 133 29 ytterligare
592 590 172 29 stämpelafgift,
776 598 37 14 om
825 590 43 21 den
879 590 35 21 till
925 590 63 21 dom-

237 626 45 21 stol
298 626 53 21 eller
367 626 135 28 myndighet
518 626 117 22 inlemnas.

307 662 118 28 Handling
441 662 53 22 eller
510 662 74 26 skrift,
600 670 49 14 som
666 663 70 28 enligt
752 664 13 20 6
774 657 14 38 S
808 662 74 22 blifvit
893 662 94 21 försedd

237 698 53 21 med
306 698 175 28 stämpelmärke
497 698 34 21 till
547 705 87 14 samma
650 698 53 21 eller
719 699 70 27 högre
804 698 70 25 valör,
886 701 29 18 än
925 698 62 21 hvad

237 733 37 21 för
289 733 88 28 bilagor
392 733 34 22 uti
441 733 38 28 48
491 734 107 28 stadgadt
610 737 30 22 är,
657 734 107 21 behöfver
775 733 30 28 ej,
817 734 28 21 dä
857 734 131 28 densamma

237 771 74 19 såsom
335 769 76 28 bilaga
434 770 111 21 inlemnas
569 770 53 21 eller
646 773 83 25 upptes
753 770 40 21 hos
817 769 98 22 domstol
934 769 55 21 eller

237 805 141 28 myndighet,
397 805 73 22 förses
486 806 52 21 med
553 806 133 27 ytterligare
702 805 102 29 stämpel.
835 800 34 26 Är
885 805 103 21 däremot

237 841 44 20 slik
302 841 110 28 handling
431 841 54 21 eller
501 841 68 22 skrift
584 841 72 28 enligt
672 844 12 19 6
700 841 14 28 $
730 841 133 28 stämpelfri,
881 841 53 21 eller
949 841 39 21 be-

236 876 55 28 lagd
307 877 51 21 med
374 877 63 28 lägre
456 877 103 28 stämpel,
576 880 29 19 än
620 877 61 22 hvad
697 877 36 22 för
749 877 88 28 bilagor
853 877 77 28 gäller,
947 877 41 21 bör

237 912 132 22 densamma
385 913 39 20 vid
440 912 156 22 inlemnandet
612 913 53 21 eller
675 913 140 28 uppteendet
827 915 73 19 såsom
911 913 78 28 bilaga

236 947 80 27 förses,
333 948 7 21 i
356 948 61 22 förra
433 949 64 21 fallet
513 949 51 21 med
581 951 25 19 sä
621 949 45 28 hög
677 949 104 29 stämpel,
792 956 48 14 som
852 949 33 20 uti
896 948 90 22 tariffen

236 983 8 21 i
261 985 14 20 4
290 983 14 28 8
320 984 111 28 angifves,
456 987 58 19 samt
529 985 8 20 i
553 992 79 14 senare
647 985 124 21 händelsen
787 985 53 21 med
855 984 133 29 ytterligare

237 1020 97 21 stämpel
355 1020 34 21 till
408 1021 82 21 sådant
507 1021 52 21 belo
630 1023 19 18 tt
664 1020 203 23 stämpelafgiften,
883 1020 104 21 inberäk-

236 1090 65 22 tariff
321 1091 154 22 föreskrifver.
507 1092 89 21 Saknar
610 1092 111 28 handling
737 1091 54 21 eller
807 1091 74 25 skrift,
897 1091 29 21 dä
943 1091 44 21 den

237 1128 59 26 änyo
319 1127 40 21 vid
381 1127 98 21 domstol
495 1127 54 21 eller
564 1127 135 28 myndighet
714 1127 92 25 företes,
823 1127 44 21 den
883 1127 105 28 stämpel,

235 1162 110 22 hvarmed
370 1163 45 21 den
438 1163 97 27 tidigare
554 1162 76 22 blifvit
645 1162 100 26 försedd,
763 1162 57 22 skall
835 1170 32 20 ny
883 1162 104 28 stämpel,

235 1197 36 21 till
291 1198 108 28 stadgadt
418 1198 84 28 belopp
519 1198 121 28 anbringas
657 1200 13 19 å
685 1198 147 28 handlingen,
848 1198 70 21 innan
935 1198 53 21 den-

236 1241 87 14 samma
338 1234 35 22 får
390 1237 133 25 emottagas.
549 1234 65 22 Dock
630 1237 36 19 må
683 1234 96 29 stämpel
795 1233 20 29 ej
829 1236 58 26 ånyo
898 1233 91 22 fordras

235 1269 37 21 för
288 1270 117 28 handling,
421 1271 108 21 utfärdad
545 1271 8 20 i
567 1271 75 21 stället
652 1271 36 21 för
700 1271 75 21 dödad
786 1270 97 25 urkund,
894 1270 93 20 hvilken

235 1305 127 29 bevisligen
386 1306 71 22 redan
474 1307 58 21 varit
548 1306 52 22 med
616 1306 96 28 stämpel
728 1306 35 21 till
779 1306 108 28 stadgadt
902 1305 86 29 belopp

235 1340 100 22 försedd.

588 1378 49 27 88.

305 1418 48 21 Där
367 1419 56 21 fere
439 1419 92 22 skrifter
545 1419 54 22 eller
610 1419 161 28 afhandlingar
783 1419 25 21 af
817 1419 70 21 sådan
897 1418 91 22 beskaf-

234 1453 87 26 fenhet,
345 1457 33 18 att
402 1455 28 21 de
446 1455 56 21 hvar
518 1455 35 21 för
570 1455 34 28 sig
620 1458 38 18 äro
675 1455 71 28 enligt
763 1455 75 20 denna
853 1454 136 27 förordning

234 1489 170 22 underkastade
420 1491 165 28 stämpelskatt,
602 1491 123 28 inrymmas
741 1493 14 19 å
771 1497 86 15 samma
874 1491 47 24 ark,
935 1490 54 21 böra
