<?xml version="1.0" encoding="UTF-8"?>
<alto xmlns="http://www.loc.gov/standards/alto/ns-v3#" xmlns:xlink="http://www.w3.org/1999/xlink" xmlns:xsi="http://www.w3.org/2001/XMLSchema-instance" xsi:schemaLocation="http://www.loc.gov/standards/alto/ns-v3# http://www.loc.gov/alto/v3/alto-3-0.xsd">
	<Description>
		<MeasurementUnit>pixel</MeasurementUnit>
		<sourceImageInformation>
			<fileName>/tmp/tess_4gq7dc7d_input.PNG</fileName>
		</sourceImageInformation>
		<OCRProcessing ID="OCR_0">
			<ocrProcessingStep>
				<processingSoftware>
					<softwareName>tesseract 5.3.4</softwareName>
				</processingSoftware>
			</ocrProcessingStep>
		</OCRProcessing>
	</Description>
	<Layout>
		<Page WIDTH="1100" HEIGHT="1750" PHYSICAL_IMG_NR="0" ID="page_0">
			<PrintSpace HPOS="0" VPOS="0" WIDTH="1100" HEIGHT="1750">
				<ComposedBlock ID="cblock_0" HPOS="300" VPOS="125" WIDTH="565" HEIGHT="30">
					<TextBlock ID="block_0" HPOS="300" VPOS="125" WIDTH="565" HEIGHT="30">
						<TextLine ID="line_0" HPOS="300" VPOS="125" WIDTH="565" HEIGHT="30">
							<String ID="string_0" HPOS="300" VPOS="126" WIDTH="82" HEIGHT="23" WC="0.92" CONTENT="Ständ."/><SP WIDTH="17" VPOS="126" HPOS="382"/>
							<String ID="string_1" HPOS="399" VPOS="126" WIDTH="36" HEIGHT="22" WC="0.93" CONTENT="Sv."/><SP WIDTH="16" VPOS="126" HPOS="435"/>
							<String ID="string_2" HPOS="451" VPOS="139" WIDTH="28" HEIGHT="2" WC="0.92" CONTENT="—"/><SP WIDTH="16" VPOS="139" HPOS="479"/>
							<String ID="string_3" HPOS="495" VPOS="127" WIDTH="70" HEIGHT="28" WC="0.96" CONTENT="Prop."/><SP WIDTH="16" VPOS="127" HPOS="565"/>
							<String ID="string_4" HPOS="581" VPOS="126" WIDTH="43" HEIGHT="23" WC="0.96" CONTENT="N:o"/><SP WIDTH="16" VPOS="126" HPOS="624"/>
							<String ID="string_5" HPOS="640" VPOS="127" WIDTH="22" HEIGHT="22" WC="0.96" CONTENT="3."/><SP WIDTH="174" VPOS="127" HPOS="662"/>
							<String ID="string_6" HPOS="836" VPOS="125" WIDTH="29" HEIGHT="21" WC="0.96" CONTENT="59"/>
						</TextLine>
					</TextBlock>
				</ComposedBlock>
				<ComposedBlock ID="cblock_1" HPOS="106" VPOS="194" WIDTH="761" HEIGHT="331">
					<TextBlock ID="block_1" HPOS="107" VPOS="194" WIDTH="759" HEIGHT="91">
						<TextLine ID="line_1" HPOS="176" VPOS="194" WIDTH="690" HEIGHT="27">
							<String ID="string_7" HPOS="176" VPOS="195" WIDTH="48" HEIGHT="21" WC="0.92" CONTENT="Har"/><SP WIDTH="25" VPOS="195" HPOS="224"/>
							<String ID="string_8" HPOS="249" VPOS="195" WIDTH="140" HEIGHT="21" WC="0.92" CONTENT="embetsman"/><SP WIDTH="25" VPOS="195" HPOS="389"/>
							<String ID="string_9" HPOS="414" VPOS="194" WIDTH="62" HEIGHT="27" WC="0.92" CONTENT="felat,"/><SP WIDTH="21" VPOS="194" HPOS="476"/>
							<String ID="string_10" HPOS="497" VPOS="195" WIDTH="152" HEIGHT="21" WC="0.92" CONTENT="öfverlemnas"/><SP WIDTH="23" VPOS="195" HPOS="649"/>
							<String ID="string_11" HPOS="672" VPOS="195" WIDTH="69" HEIGHT="21" WC="0.92" CONTENT="mälet"/><SP WIDTH="22" VPOS="195" HPOS="741"/>
							<String ID="string_12" HPOS="763" VPOS="195" WIDTH="37" HEIGHT="21" WC="0.96" CONTENT="till"/><SP WIDTH="22" VPOS="195" HPOS="800"/>
							<String ID="string_13" HPOS="822" VPOS="194" WIDTH="44" HEIGHT="22" WC="0.96" CONTENT="den"/>
						</TextLine>
						<TextLine ID="line_2" HPOS="107" VPOS="228" WIDTH="759" HEIGHT="28">
							<String ID="string_14" HPOS="107" VPOS="229" WIDTH="105" HEIGHT="27" WC="0.95" CONTENT="domstol,"/><SP WIDTH="32" VPOS="229" HPOS="212"/>
							<String ID="string_15" HPOS="244" VPOS="236" WIDTH="48" HEIGHT="14" WC="0.95" CONTENT="som"/><SP WIDTH="26" VPOS="236" HPOS="292"/>
							<String ID="string_16" HPOS="318" VPOS="228" WIDTH="63" HEIGHT="21" WC="0.92" CONTENT="öfver"/><SP WIDTH="25" VPOS="228" HPOS="381"/>
							<String ID="string_17" HPOS="406" VPOS="228" WIDTH="57" HEIGHT="21" WC="0.96" CONTENT="hans"/><SP WIDTH="25" VPOS="228" HPOS="463"/>
							<String ID="string_18" HPOS="488" VPOS="229" WIDTH="70" HEIGHT="20" WC="0.93" CONTENT="andra"/><SP WIDTH="24" VPOS="229" HPOS="558"/>
							<String ID="string_19" HPOS="582" VPOS="228" WIDTH="206" HEIGHT="28" WC="0.92" CONTENT="tjänsteförseelser"/><SP WIDTH="25" VPOS="228" HPOS="788"/>
							<String ID="string_20" HPOS="813" VPOS="235" WIDTH="53" HEIGHT="21" WC="0.89" CONTENT="eger"/>
						</TextLine>
						<TextLine ID="line_3" HPOS="108" VPOS="263" WIDTH="116" HEIGHT="22">
							<String ID="string_21" HPOS="108" VPOS="263" WIDTH="116" HEIGHT="22" WC="0.91" CONTENT="domsrätt."/>
						</TextLine>
					</TextBlock>
					<TextBlock ID="block_2" HPOS="106" VPOS="296" WIDTH="761" HEIGHT="133">
						<TextLine ID="line_4" HPOS="176" VPOS="296" WIDTH="690" HEIGHT="29">
							<String ID="string_22" HPOS="176" VPOS="297" WIDTH="123" HEIGHT="22" WC="0.92" CONTENT="Förmenar"/><SP WIDTH="30" VPOS="297" HPOS="299"/>
							<String ID="string_23" HPOS="329" VPOS="297" WIDTH="115" HEIGHT="28" WC="0.86" CONTENT="sakegare,"/><SP WIDTH="31" VPOS="297" HPOS="444"/>
							<String ID="string_24" HPOS="475" VPOS="299" WIDTH="33" HEIGHT="19" WC="0.96" CONTENT="att"/><SP WIDTH="25" VPOS="299" HPOS="508"/>
							<String ID="string_25" HPOS="533" VPOS="297" WIDTH="83" HEIGHT="21" WC="0.96" CONTENT="honom"/><SP WIDTH="26" VPOS="297" HPOS="616"/>
							<String ID="string_26" HPOS="642" VPOS="297" WIDTH="25" HEIGHT="21" WC="0.93" CONTENT="af"/><SP WIDTH="23" VPOS="297" HPOS="667"/>
							<String ID="string_27" HPOS="690" VPOS="297" WIDTH="97" HEIGHT="21" WC="0.88" CONTENT="embets-"/><SP WIDTH="25" VPOS="297" HPOS="787"/>
							<String ID="string_28" HPOS="812" VPOS="296" WIDTH="54" HEIGHT="21" WC="0.96" CONTENT="eller"/>
						</TextLine>
						<TextLine ID="line_5" HPOS="108" VPOS="330" WIDTH="759" HEIGHT="30">
							<String ID="string_29" HPOS="108" VPOS="331" WIDTH="137" HEIGHT="29" WC="0.91" CONTENT="tjänsteman"/><SP WIDTH="23" VPOS="331" HPOS="245"/>
							<String ID="string_30" HPOS="268" VPOS="331" WIDTH="119" HEIGHT="21" WC="0.92" CONTENT="meddelad"/><SP WIDTH="15" VPOS="331" HPOS="387"/>
							<String ID="string_31" HPOS="402" VPOS="331" WIDTH="115" HEIGHT="21" WC="0.92" CONTENT="föreskrift"/><SP WIDTH="16" VPOS="331" HPOS="517"/>
							<String ID="string_32" HPOS="533" VPOS="339" WIDTH="35" HEIGHT="14" WC="0.93" CONTENT="om"/><SP WIDTH="21" VPOS="339" HPOS="568"/>
							<String ID="string_33" HPOS="589" VPOS="331" WIDTH="239" HEIGHT="28" WC="0.92" CONTENT="stämpelbeläggning"/><SP WIDTH="16" VPOS="331" HPOS="828"/>
							<String ID="string_34" HPOS="844" VPOS="330" WIDTH="23" HEIGHT="21" WC="0.96" CONTENT="af"/>
						</TextLine>
						<TextLine ID="line_6" HPOS="106" VPOS="365" WIDTH="761" HEIGHT="29">
							<String ID="string_35" HPOS="106" VPOS="365" WIDTH="112" HEIGHT="29" WC="0.96" CONTENT="handling"/><SP WIDTH="26" VPOS="365" HPOS="218"/>
							<String ID="string_36" HPOS="244" VPOS="369" WIDTH="24" HEIGHT="18" WC="0.93" CONTENT="är"/><SP WIDTH="25" VPOS="369" HPOS="268"/>
							<String ID="string_37" HPOS="293" VPOS="365" WIDTH="90" HEIGHT="28" WC="0.95" CONTENT="oriktig,"/><SP WIDTH="26" VPOS="365" HPOS="383"/>
							<String ID="string_38" HPOS="409" VPOS="366" WIDTH="37" HEIGHT="21" WC="0.96" CONTENT="mä"/><SP WIDTH="25" VPOS="366" HPOS="446"/>
							<String ID="string_39" HPOS="471" VPOS="366" WIDTH="44" HEIGHT="21" WC="0.91" CONTENT="han"/><SP WIDTH="25" VPOS="366" HPOS="515"/>
							<String ID="string_40" HPOS="540" VPOS="366" WIDTH="69" HEIGHT="28" WC="0.93" CONTENT="klaga"/><SP WIDTH="25" VPOS="366" HPOS="609"/>
							<String ID="string_41" HPOS="634" VPOS="365" WIDTH="105" HEIGHT="22" WC="0.63" CONTENT="däröiver"/><SP WIDTH="23" VPOS="365" HPOS="739"/>
							<String ID="string_42" HPOS="762" VPOS="365" WIDTH="42" HEIGHT="22" WC="0.96" CONTENT="hos"/><SP WIDTH="18" VPOS="365" HPOS="804"/>
							<String ID="string_43" HPOS="822" VPOS="365" WIDTH="45" HEIGHT="21" WC="0.96" CONTENT="den"/>
						</TextLine>
						<TextLine ID="line_7" HPOS="108" VPOS="399" WIDTH="623" HEIGHT="30">
							<String ID="string_44" HPOS="108" VPOS="400" WIDTH="142" HEIGHT="29" WC="0.92" CONTENT="myndighet,"/><SP WIDTH="15" VPOS="400" HPOS="250"/>
							<String ID="string_45" HPOS="265" VPOS="400" WIDTH="71" HEIGHT="21" WC="0.93" CONTENT="under"/><SP WIDTH="15" VPOS="400" HPOS="336"/>
							<String ID="string_46" HPOS="351" VPOS="399" WIDTH="95" HEIGHT="22" WC="0.92" CONTENT="hvilken"/><SP WIDTH="15" VPOS="399" HPOS="446"/>
							<String ID="string_47" HPOS="461" VPOS="400" WIDTH="184" HEIGHT="28" WC="0.91" CONTENT="tjänstemannen"/><SP WIDTH="16" VPOS="400" HPOS="645"/>
							<String ID="string_48" HPOS="661" VPOS="399" WIDTH="70" HEIGHT="29" WC="0.92" CONTENT="lyder."/>
						</TextLine>
					</TextBlock>
					<TextBlock ID="block_3" HPOS="107" VPOS="433" WIDTH="760" HEIGHT="92">
						<TextLine ID="line_8" HPOS="176" VPOS="433" WIDTH="690" HEIGHT="30">
							<String ID="string_49" HPOS="176" VPOS="435" WIDTH="49" HEIGHT="21" WC="0.96" CONTENT="Vill"/><SP WIDTH="22" VPOS="435" HPOS="225"/>
							<String ID="string_50" HPOS="247" VPOS="435" WIDTH="76" HEIGHT="27" WC="0.96" CONTENT="någon"/><SP WIDTH="23" VPOS="435" HPOS="323"/>
							<String ID="string_51" HPOS="346" VPOS="434" WIDTH="85" HEIGHT="21" WC="0.93" CONTENT="tilltala"/><SP WIDTH="23" VPOS="434" HPOS="431"/>
							<String ID="string_52" HPOS="454" VPOS="434" WIDTH="215" HEIGHT="29" WC="0.92" CONTENT="stämpelförsäljare"/><SP WIDTH="22" VPOS="434" HPOS="669"/>
							<String ID="string_53" HPOS="691" VPOS="434" WIDTH="36" HEIGHT="21" WC="0.96" CONTENT="för"/><SP WIDTH="19" VPOS="434" HPOS="727"/>
							<String ID="string_54" HPOS="746" VPOS="434" WIDTH="31" HEIGHT="21" WC="0.76" CONTENT="fel"/><SP WIDTH="15" VPOS="434" HPOS="777"/>
							<String ID="string_55" HPOS="792" VPOS="434" WIDTH="8" HEIGHT="21" WC="0.76" CONTENT="i"/><SP WIDTH="16" VPOS="434" HPOS="800"/>
							<String ID="string_56" HPOS="816" VPOS="433" WIDTH="50" HEIGHT="21" WC="0.96" CONTENT="dess"/>
						</TextLine>
						<TextLine ID="line_9" HPOS="107" VPOS="468" WIDTH="760" HEIGHT="29">
							<String ID="string_57" HPOS="107" VPOS="469" WIDTH="137" HEIGHT="28" WC="0.90" CONTENT="befattning,"/><SP WIDTH="24" VPOS="469" HPOS="244"/>
							<String ID="string_58" HPOS="268" VPOS="469" WIDTH="88" HEIGHT="21" WC="0.90" CONTENT="anmäle"/><SP WIDTH="24" VPOS="469" HPOS="356"/>
							<String ID="string_59" HPOS="380" VPOS="469" WIDTH="81" HEIGHT="21" WC="0.92" CONTENT="sädant"/><SP WIDTH="21" VPOS="469" HPOS="461"/>
							<String ID="string_60" HPOS="482" VPOS="469" WIDTH="41" HEIGHT="21" WC="0.96" CONTENT="hos"/><SP WIDTH="24" VPOS="469" HPOS="523"/>
							<String ID="string_61" HPOS="547" VPOS="469" WIDTH="42" HEIGHT="21" WC="0.93" CONTENT="den"/><SP WIDTH="17" VPOS="469" HPOS="589"/>
							<String ID="string_62" HPOS="606" VPOS="469" WIDTH="141" HEIGHT="28" WC="0.92" CONTENT="myndighet,"/><SP WIDTH="17" VPOS="469" HPOS="747"/>
							<String ID="string_63" HPOS="764" VPOS="476" WIDTH="48" HEIGHT="14" WC="0.93" CONTENT="som"/><SP WIDTH="15" VPOS="476" HPOS="812"/>
							<String ID="string_64" HPOS="827" VPOS="468" WIDTH="40" HEIGHT="21" WC="0.92" CONTENT="ho-"/>
						</TextLine>
						<TextLine ID="line_10" HPOS="107" VPOS="503" WIDTH="191" HEIGHT="22">
							<String ID="string_65" HPOS="107" VPOS="511" WIDTH="55" HEIGHT="14" WC="0.93" CONTENT="nom"/><SP WIDTH="14" VPOS="511" HPOS="162"/>
							<String ID="string_66" HPOS="176" VPOS="503" WIDTH="122" HEIGHT="22" WC="0.92" CONTENT="förordnat."/>
						</TextLine>
					</TextBlock>
				</ComposedBlock>
				<ComposedBlock ID="cblock_2" HPOS="176" VPOS="561" WIDTH="691" HEIGHT="74">
					<TextBlock ID="block_4" HPOS="176" VPOS="561" WIDTH="691" HEIGHT="74">
						<TextLine ID="line_11" HPOS="456" VPOS="561" WIDTH="62" HEIGHT="27">
							<String ID="string_67" HPOS="456" VPOS="561" WIDTH="29" HEIGHT="20" WC="0.94" CONTENT="34"/><SP WIDTH="14" VPOS="561" HPOS="485"/>
							<String ID="string_68" HPOS="499" VPOS="563" WIDTH="19" HEIGHT="25" WC="0.51" CONTENT="S."/>
						</TextLine>
						<TextLine ID="line_12" HPOS="176" VPOS="606" WIDTH="691" HEIGHT="29">
							<String ID="string_69" HPOS="176" VPOS="606" WIDTH="127" HEIGHT="29" WC="0.90" CONTENT="Angående"/><SP WIDTH="25" VPOS="606" HPOS="303"/>
							<String ID="string_70" HPOS="328" VPOS="607" WIDTH="151" HEIGHT="28" WC="0.90" CONTENT="tillverkning"/><SP WIDTH="25" VPOS="607" HPOS="479"/>
							<String ID="string_71" HPOS="504" VPOS="607" WIDTH="42" HEIGHT="22" WC="0.93" CONTENT="och"/><SP WIDTH="25" VPOS="607" HPOS="546"/>
							<String ID="string_72" HPOS="571" VPOS="606" WIDTH="167" HEIGHT="29" WC="0.90" CONTENT="utkreditering"/><SP WIDTH="25" VPOS="606" HPOS="738"/>
							<String ID="string_73" HPOS="763" VPOS="606" WIDTH="25" HEIGHT="22" WC="0.96" CONTENT="af"/><SP WIDTH="20" VPOS="606" HPOS="788"/>
							<String ID="string_74" HPOS="808" VPOS="611" WIDTH="59" HEIGHT="17" WC="0.96" CONTENT="samt"/>
						</TextLine>
					</TextBlock>
				</ComposedBlock>
				<ComposedBlock ID="cblock_3" HPOS="105" VPOS="641" WIDTH="762" HEIGHT="63">
					<TextBlock ID="block_5" HPOS="105" VPOS="641" WIDTH="762" HEIGHT="63">
						<TextLine ID="line_13" HPOS="108" VPOS="641" WIDTH="759" HEIGHT="29">
							<String ID="string_75" HPOS="108" VPOS="641" WIDTH="147" HEIGHT="29" WC="0.96" CONTENT="redovisning"/><SP WIDTH="21" VPOS="641" HPOS="255"/>
							<String ID="string_76" HPOS="276" VPOS="641" WIDTH="35" HEIGHT="22" WC="0.93" CONTENT="för"/><SP WIDTH="19" VPOS="641" HPOS="311"/>
							<String ID="string_77" HPOS="330" VPOS="642" WIDTH="185" HEIGHT="27" WC="0.92" CONTENT="stämpelpapper"/><SP WIDTH="16" VPOS="642" HPOS="515"/>
							<String ID="string_78" HPOS="531" VPOS="642" WIDTH="42" HEIGHT="21" WC="0.93" CONTENT="och"/><SP WIDTH="16" VPOS="642" HPOS="573"/>
							<String ID="string_79" HPOS="589" VPOS="641" WIDTH="191" HEIGHT="28" WC="0.88" CONTENT="stämpelmärken"/><SP WIDTH="14" VPOS="641" HPOS="780"/>
							<String ID="string_80" HPOS="794" VPOS="641" WIDTH="73" HEIGHT="20" WC="0.92" CONTENT="finnes"/>
						</TextLine>
						<TextLine ID="line_14" HPOS="105" VPOS="675" WIDTH="239" HEIGHT="29">
							<String ID="string_81" HPOS="105" VPOS="675" WIDTH="111" HEIGHT="22" WC="0.91" CONTENT="särskildt"/><SP WIDTH="16" VPOS="675" HPOS="216"/>
							<String ID="string_82" HPOS="232" VPOS="675" WIDTH="112" HEIGHT="29" WC="0.93" CONTENT="stadgadt."/>
						</TextLine>
					</TextBlock>
				</ComposedBlock>
				<ComposedBlock ID="cblock_4" HPOS="458" VPOS="733" WIDTH="63" HEIGHT="27">
					<TextBlock ID="block_6" HPOS="458" VPOS="733" WIDTH="63" HEIGHT="27">
						<TextLine ID="line_15" HPOS="458" VPOS="733" WIDTH="63" HEIGHT="27">
							<String ID="string_83" HPOS="458" VPOS="733" WIDTH="28" HEIGHT="21" WC="0.93" CONTENT="35"/><SP WIDTH="16" VPOS="733" HPOS="486"/>
							<String ID="string_84" HPOS="502" VPOS="735" WIDTH="19" HEIGHT="25" WC="0.76" CONTENT="8."/>
						</TextLine>
					</TextBlock>
				</ComposedBlock>
				<ComposedBlock ID="cblock_5" HPOS="110" VPOS="778" WIDTH="757" HEIGHT="63">
					<TextBlock ID="block_7" HPOS="110" VPOS="778" WIDTH="757" HEIGHT="63">
						<TextLine ID="line_16" HPOS="177" VPOS="778" WIDTH="690" HEIGHT="29">
							<String ID="string_85" HPOS="177" VPOS="779" WIDTH="83" HEIGHT="21" WC="0.91" CONTENT="Denna"/><SP WIDTH="21" VPOS="779" HPOS="260"/>
							<String ID="string_86" HPOS="281" VPOS="779" WIDTH="136" HEIGHT="28" WC="0.91" CONTENT="förordning"/><SP WIDTH="22" VPOS="779" HPOS="417"/>
							<String ID="string_87" HPOS="439" VPOS="779" WIDTH="80" HEIGHT="21" WC="0.96" CONTENT="länder"/><SP WIDTH="21" VPOS="779" HPOS="519"/>
							<String ID="string_88" HPOS="540" VPOS="779" WIDTH="38" HEIGHT="21" WC="0.93" CONTENT="till"/><SP WIDTH="15" VPOS="779" HPOS="578"/>
							<String ID="string_89" HPOS="593" VPOS="778" WIDTH="150" HEIGHT="22" WC="0.92" CONTENT="efterrättelse"/><SP WIDTH="15" VPOS="778" HPOS="743"/>
							<String ID="string_90" HPOS="758" VPOS="779" WIDTH="51" HEIGHT="20" WC="0.92" CONTENT="frän"/><SP WIDTH="15" VPOS="779" HPOS="809"/>
							<String ID="string_91" HPOS="824" VPOS="778" WIDTH="43" HEIGHT="21" WC="0.96" CONTENT="den"/>
						</TextLine>
						<TextLine ID="line_17" HPOS="110" VPOS="813" WIDTH="489" HEIGHT="28">
							<String ID="string_92" HPOS="110" VPOS="813" WIDTH="12" HEIGHT="21" WC="0.97" CONTENT="1"/><SP WIDTH="16" VPOS="813" HPOS="122"/>
							<String ID="string_93" HPOS="138" VPOS="813" WIDTH="49" HEIGHT="22" WC="0.96" CONTENT="Juli"/><SP WIDTH="16" VPOS="813" HPOS="187"/>
							<String ID="string_94" HPOS="203" VPOS="813" WIDTH="55" HEIGHT="22" WC="0.96" CONTENT="1906"/><SP WIDTH="15" VPOS="813" HPOS="258"/>
							<String ID="string_95" HPOS="273" VPOS="813" WIDTH="36" HEIGHT="21" WC="0.93" CONTENT="till"/><SP WIDTH="15" VPOS="813" HPOS="309"/>
							<String ID="string_96" HPOS="324" VPOS="814" WIDTH="120" HEIGHT="27" WC="0.94" CONTENT="utgången"/><SP WIDTH="15" VPOS="814" HPOS="444"/>
							<String ID="string_97" HPOS="459" VPOS="813" WIDTH="26" HEIGHT="21" WC="0.96" CONTENT="af"/><SP WIDTH="13" VPOS="813" HPOS="485"/>
							<String ID="string_98" HPOS="498" VPOS="814" WIDTH="25" HEIGHT="21" WC="0.96" CONTENT="år"/><SP WIDTH="16" VPOS="814" HPOS="523"/>
							<String ID="string_99" HPOS="539" VPOS="813" WIDTH="60" HEIGHT="22" WC="0.96" CONTENT="1907."/>
						</TextLine>
					</TextBlock>
				</ComposedBlock>
				<ComposedBlock ID="cblock_6" HPOS="104" VPOS="985" WIDTH="767" HEIGHT="476">
					<TextBlock ID="block_8" HPOS="104" VPOS="985" WIDTH="766" HEIGHT="165">
						<TextLine ID="line_18" HPOS="179" VPOS="985" WIDTH="690" HEIGHT="29">
							<String ID="string_100" HPOS="179" VPOS="985" WIDTH="34" HEIGHT="21" WC="0.96" CONTENT="På"/><SP WIDTH="23" VPOS="985" HPOS="213"/>
							<String ID="string_101" HPOS="236" VPOS="985" WIDTH="75" HEIGHT="28" WC="0.96" CONTENT="grund"/><SP WIDTH="23" VPOS="985" HPOS="311"/>
							<String ID="string_102" HPOS="334" VPOS="985" WIDTH="21" HEIGHT="22" WC="0.93" CONTENT="af"/><SP WIDTH="23" VPOS="985" HPOS="355"/>
							<String ID="string_103" HPOS="378" VPOS="985" WIDTH="61" HEIGHT="22" WC="0.96" CONTENT="hvad"/><SP WIDTH="15" VPOS="985" HPOS="439"/>
							<String ID="string_104" HPOS="454" VPOS="985" WIDTH="98" HEIGHT="29" WC="0.93" CONTENT="tidigare"/><SP WIDTH="15" VPOS="985" HPOS="552"/>
							<String ID="string_105" HPOS="567" VPOS="985" WIDTH="136" HEIGHT="22" WC="0.95" CONTENT="framhållits"/><SP WIDTH="15" VPOS="985" HPOS="703"/>
							<String ID="string_106" HPOS="718" VPOS="985" WIDTH="70" HEIGHT="22" WC="0.93" CONTENT="hafva"/><SP WIDTH="15" VPOS="985" HPOS="788"/>
							<String ID="string_107" HPOS="803" VPOS="985" WIDTH="66" HEIGHT="21" WC="0.92" CONTENT="Stän-"/>
						</TextLine>
						<TextLine ID="line_19" HPOS="110" VPOS="1019" WIDTH="759" HEIGHT="29">
							<String ID="string_108" HPOS="110" VPOS="1019" WIDTH="69" HEIGHT="22" WC="0.91" CONTENT="derna"/><SP WIDTH="18" VPOS="1019" HPOS="179"/>
							<String ID="string_109" HPOS="197" VPOS="1020" WIDTH="8" HEIGHT="21" WC="0.93" CONTENT="i"/><SP WIDTH="15" VPOS="1020" HPOS="205"/>
							<String ID="string_110" HPOS="220" VPOS="1019" WIDTH="236" HEIGHT="22" WC="0.92" CONTENT="öfverensstämmelse"/><SP WIDTH="16" VPOS="1019" HPOS="456"/>
							<String ID="string_111" HPOS="472" VPOS="1020" WIDTH="53" HEIGHT="21" WC="0.96" CONTENT="med"/><SP WIDTH="16" VPOS="1020" HPOS="525"/>
							<String ID="string_112" HPOS="541" VPOS="1020" WIDTH="43" HEIGHT="21" WC="0.93" CONTENT="den"/><SP WIDTH="15" VPOS="1020" HPOS="584"/>
							<String ID="string_113" HPOS="599" VPOS="1020" WIDTH="84" HEIGHT="28" WC="0.93" CONTENT="nädiga"/><SP WIDTH="15" VPOS="1020" HPOS="683"/>
							<String ID="string_114" HPOS="698" VPOS="1019" WIDTH="171" HEIGHT="29" WC="0.96" CONTENT="propositionen"/>
						</TextLine>
						<TextLine ID="line_20" HPOS="110" VPOS="1053" WIDTH="759" HEIGHT="30">
							<String ID="string_115" HPOS="110" VPOS="1055" WIDTH="74" HEIGHT="20" WC="0.96" CONTENT="såsom"/><SP WIDTH="22" VPOS="1055" HPOS="184"/>
							<String ID="string_116" HPOS="206" VPOS="1054" WIDTH="100" HEIGHT="21" WC="0.96" CONTENT="inkomst"/><SP WIDTH="19" VPOS="1054" HPOS="306"/>
							<String ID="string_117" HPOS="325" VPOS="1054" WIDTH="23" HEIGHT="21" WC="0.93" CONTENT="af"/><SP WIDTH="15" VPOS="1054" HPOS="348"/>
							<String ID="string_118" HPOS="363" VPOS="1054" WIDTH="257" HEIGHT="29" WC="0.80" CONTENT="stämpelbevillningen"/><SP WIDTH="15" VPOS="1054" HPOS="620"/>
							<String ID="string_119" HPOS="635" VPOS="1054" WIDTH="36" HEIGHT="21" WC="0.93" CONTENT="för"/><SP WIDTH="15" VPOS="1054" HPOS="671"/>
							<String ID="string_120" HPOS="686" VPOS="1055" WIDTH="54" HEIGHT="20" WC="0.96" CONTENT="åren"/><SP WIDTH="16" VPOS="1055" HPOS="740"/>
							<String ID="string_121" HPOS="756" VPOS="1053" WIDTH="55" HEIGHT="22" WC="0.96" CONTENT="1906"/><SP WIDTH="16" VPOS="1053" HPOS="811"/>
							<String ID="string_122" HPOS="827" VPOS="1053" WIDTH="42" HEIGHT="21" WC="0.96" CONTENT="och"/>
						</TextLine>
						<TextLine ID="line_21" HPOS="111" VPOS="1087" WIDTH="759" HEIGHT="29">
							<String ID="string_123" HPOS="111" VPOS="1088" WIDTH="55" HEIGHT="22" WC="0.89" CONTENT="1907"/><SP WIDTH="23" VPOS="1088" HPOS="166"/>
							<String ID="string_124" HPOS="189" VPOS="1088" WIDTH="111" HEIGHT="21" WC="0.89" CONTENT="beräknat"/><SP WIDTH="22" VPOS="1088" HPOS="300"/>
							<String ID="string_125" HPOS="322" VPOS="1091" WIDTH="34" HEIGHT="18" WC="0.92" CONTENT="ett"/><SP WIDTH="23" VPOS="1091" HPOS="356"/>
							<String ID="string_126" HPOS="379" VPOS="1088" WIDTH="84" HEIGHT="28" WC="0.91" CONTENT="belopp"/><SP WIDTH="19" VPOS="1088" HPOS="463"/>
							<String ID="string_127" HPOS="482" VPOS="1089" WIDTH="22" HEIGHT="20" WC="0.92" CONTENT="af"/><SP WIDTH="15" VPOS="1089" HPOS="504"/>
							<String ID="string_128" HPOS="519" VPOS="1088" WIDTH="115" HEIGHT="28" WC="0.91" CONTENT="2,000,000"/><SP WIDTH="14" VPOS="1088" HPOS="634"/>
							<String ID="string_129" HPOS="648" VPOS="1088" WIDTH="64" HEIGHT="21" WC="0.96" CONTENT="mark"/><SP WIDTH="14" VPOS="1088" HPOS="712"/>
							<String ID="string_130" HPOS="726" VPOS="1087" WIDTH="35" HEIGHT="22" WC="0.96" CONTENT="för"/><SP WIDTH="15" VPOS="1087" HPOS="761"/>
							<String ID="string_131" HPOS="776" VPOS="1089" WIDTH="24" HEIGHT="19" WC="0.96" CONTENT="är"/><SP WIDTH="16" VPOS="1089" HPOS="800"/>
							<String ID="string_132" HPOS="816" VPOS="1088" WIDTH="54" HEIGHT="20" WC="0.96" CONTENT="eller"/>
						</TextLine>
						<TextLine ID="line_22" HPOS="104" VPOS="1122" WIDTH="384" HEIGHT="28">
							<String ID="string_133" HPOS="104" VPOS="1122" WIDTH="174" HEIGHT="28" WC="0.49" CONTENT="-sammanlagdt"/><SP WIDTH="14" VPOS="1122" HPOS="278"/>
							<String ID="string_134" HPOS="292" VPOS="1122" WIDTH="116" HEIGHT="28" WC="0.92" CONTENT="4,000,000"/><SP WIDTH="11" VPOS="1122" HPOS="408"/>
							<String ID="string_135" HPOS="419" VPOS="1122" WIDTH="69" HEIGHT="22" WC="0.94" CONTENT="mark."/>
						</TextLine>
					</TextBlock>
					<TextBlock ID="block_9" HPOS="109" VPOS="1156" WIDTH="762" HEIGHT="305">
						<TextLine ID="line_23" HPOS="178" VPOS="1156" WIDTH="691" HEIGHT="29">
							<String ID="string_136" HPOS="178" VPOS="1156" WIDTH="12" HEIGHT="21" WC="0.92" CONTENT="I"/><SP WIDTH="23" VPOS="1156" HPOS="190"/>
							<String ID="string_137" HPOS="213" VPOS="1157" WIDTH="111" HEIGHT="21" WC="0.92" CONTENT="anseende"/><SP WIDTH="23" VPOS="1157" HPOS="324"/>
							<String ID="string_138" HPOS="347" VPOS="1157" WIDTH="36" HEIGHT="21" WC="0.96" CONTENT="till"/><SP WIDTH="22" VPOS="1157" HPOS="383"/>
							<String ID="string_139" HPOS="405" VPOS="1157" WIDTH="45" HEIGHT="21" WC="0.96" CONTENT="den"/><SP WIDTH="23" VPOS="1157" HPOS="450"/>
							<String ID="string_140" HPOS="473" VPOS="1160" WIDTH="62" HEIGHT="19" WC="0.96" CONTENT="stora"/><SP WIDTH="21" VPOS="1160" HPOS="535"/>
							<String ID="string_141" HPOS="556" VPOS="1156" WIDTH="117" HEIGHT="29" WC="0.96" CONTENT="betydelse"/><SP WIDTH="19" VPOS="1156" HPOS="673"/>
							<String ID="string_142" HPOS="692" VPOS="1164" WIDTH="28" HEIGHT="14" WC="0.92" CONTENT="en"/><SP WIDTH="15" VPOS="1164" HPOS="720"/>
							<String ID="string_143" HPOS="735" VPOS="1156" WIDTH="134" HEIGHT="28" WC="0.91" CONTENT="tillförlitlig"/>
						</TextLine>
						<TextLine ID="line_24" HPOS="110" VPOS="1191" WIDTH="760" HEIGHT="29">
							<String ID="string_144" HPOS="110" VPOS="1191" WIDTH="113" HEIGHT="21" WC="0.90" CONTENT="statistisk"/><SP WIDTH="30" VPOS="1191" HPOS="223"/>
							<String ID="string_145" HPOS="253" VPOS="1191" WIDTH="172" HEIGHT="29" WC="0.86" CONTENT="undersökning"/><SP WIDTH="33" VPOS="1191" HPOS="425"/>
							<String ID="string_146" HPOS="458" VPOS="1191" WIDTH="26" HEIGHT="22" WC="0.92" CONTENT="af"/><SP WIDTH="31" VPOS="1191" HPOS="484"/>
							<String ID="string_147" HPOS="515" VPOS="1192" WIDTH="198" HEIGHT="27" WC="0.90" CONTENT="stämpelskattens"/><SP WIDTH="26" VPOS="1192" HPOS="713"/>
							<String ID="string_148" HPOS="739" VPOS="1191" WIDTH="131" HEIGHT="28" WC="0.90" CONTENT="afkastning"/>
						</TextLine>
						<TextLine ID="line_25" HPOS="109" VPOS="1225" WIDTH="761" HEIGHT="30">
							<String ID="string_149" HPOS="109" VPOS="1225" WIDTH="74" HEIGHT="22" WC="0.93" CONTENT="skulle"/><SP WIDTH="25" VPOS="1225" HPOS="183"/>
							<String ID="string_150" HPOS="208" VPOS="1225" WIDTH="68" HEIGHT="22" WC="0.96" CONTENT="hafva"/><SP WIDTH="22" VPOS="1225" HPOS="276"/>
							<String ID="string_151" HPOS="298" VPOS="1225" WIDTH="35" HEIGHT="22" WC="0.93" CONTENT="för"/><SP WIDTH="15" VPOS="1225" HPOS="333"/>
							<String ID="string_152" HPOS="348" VPOS="1226" WIDTH="185" HEIGHT="29" WC="0.90" CONTENT="möjliggörande"/><SP WIDTH="16" VPOS="1226" HPOS="533"/>
							<String ID="string_153" HPOS="549" VPOS="1226" WIDTH="26" HEIGHT="21" WC="0.93" CONTENT="af"/><SP WIDTH="13" VPOS="1226" HPOS="575"/>
							<String ID="string_154" HPOS="588" VPOS="1226" WIDTH="147" HEIGHT="29" WC="0.93" CONTENT="erforderliga"/><SP WIDTH="14" VPOS="1226" HPOS="735"/>
							<String ID="string_155" HPOS="749" VPOS="1225" WIDTH="121" HEIGHT="22" WC="0.92" CONTENT="beräknin-"/>
						</TextLine>
						<TextLine ID="line_26" HPOS="109" VPOS="1260" WIDTH="761" HEIGHT="29">
							<String ID="string_156" HPOS="109" VPOS="1267" WIDTH="42" HEIGHT="22" WC="0.96" CONTENT="gar"/><SP WIDTH="21" VPOS="1267" HPOS="151"/>
							<String ID="string_157" HPOS="172" VPOS="1260" WIDTH="40" HEIGHT="21" WC="0.96" CONTENT="vid"/><SP WIDTH="22" VPOS="1260" HPOS="212"/>
							<String ID="string_158" HPOS="234" VPOS="1269" WIDTH="28" HEIGHT="13" WC="0.91" CONTENT="en"/><SP WIDTH="24" VPOS="1269" HPOS="262"/>
							<String ID="string_159" HPOS="286" VPOS="1261" WIDTH="105" HEIGHT="21" WC="0.90" CONTENT="eventuel"/><SP WIDTH="23" VPOS="1261" HPOS="391"/>
							<String ID="string_160" HPOS="414" VPOS="1261" WIDTH="135" HEIGHT="28" WC="0.92" CONTENT="förändring"/><SP WIDTH="26" VPOS="1261" HPOS="549"/>
							<String ID="string_161" HPOS="575" VPOS="1261" WIDTH="24" HEIGHT="21" WC="0.96" CONTENT="af"/><SP WIDTH="20" VPOS="1261" HPOS="599"/>
							<String ID="string_162" HPOS="619" VPOS="1269" WIDTH="31" HEIGHT="13" WC="0.96" CONTENT="nu"/><SP WIDTH="15" VPOS="1269" HPOS="650"/>
							<String ID="string_163" HPOS="665" VPOS="1260" WIDTH="105" HEIGHT="29" WC="0.93" CONTENT="gällande"/><SP WIDTH="16" VPOS="1260" HPOS="770"/>
							<String ID="string_164" HPOS="786" VPOS="1260" WIDTH="84" HEIGHT="21" WC="0.93" CONTENT="skatte-"/>
						</TextLine>
						<TextLine ID="line_27" HPOS="110" VPOS="1295" WIDTH="760" HEIGHT="28">
							<String ID="string_165" HPOS="110" VPOS="1297" WIDTH="92" HEIGHT="26" WC="0.93" CONTENT="system,"/><SP WIDTH="16" VPOS="1297" HPOS="202"/>
							<String ID="string_166" HPOS="218" VPOS="1295" WIDTH="69" HEIGHT="22" WC="0.93" CONTENT="hafva"/><SP WIDTH="14" VPOS="1295" HPOS="287"/>
							<String ID="string_167" HPOS="301" VPOS="1295" WIDTH="129" HEIGHT="22" WC="0.92" CONTENT="Ständerna"/><SP WIDTH="11" VPOS="1295" HPOS="430"/>
							<String ID="string_168" HPOS="441" VPOS="1299" WIDTH="76" HEIGHT="18" WC="0.93" CONTENT="ansett"/><SP WIDTH="11" VPOS="1299" HPOS="517"/>
							<String ID="string_169" HPOS="528" VPOS="1295" WIDTH="125" HEIGHT="22" WC="0.92" CONTENT="önskvärdt"/><SP WIDTH="9" VPOS="1295" HPOS="653"/>
							<String ID="string_170" HPOS="662" VPOS="1295" WIDTH="51" HEIGHT="21" WC="0.96" CONTENT="icke"/><SP WIDTH="10" VPOS="1295" HPOS="713"/>
							<String ID="string_171" HPOS="723" VPOS="1295" WIDTH="60" HEIGHT="21" WC="0.96" CONTENT="blott"/><SP WIDTH="15" VPOS="1295" HPOS="783"/>
							<String ID="string_172" HPOS="798" VPOS="1297" WIDTH="33" HEIGHT="19" WC="0.96" CONTENT="att"/><SP WIDTH="11" VPOS="1297" HPOS="831"/>
							<String ID="string_173" HPOS="842" VPOS="1302" WIDTH="28" HEIGHT="13" WC="0.96" CONTENT="en"/>
						</TextLine>
						<TextLine ID="line_28" HPOS="109" VPOS="1329" WIDTH="760" HEIGHT="28">
							<String ID="string_174" HPOS="109" VPOS="1329" WIDTH="71" HEIGHT="21" WC="0.93" CONTENT="sädan"/><SP WIDTH="15" VPOS="1329" HPOS="180"/>
							<String ID="string_175" HPOS="195" VPOS="1329" WIDTH="123" HEIGHT="28" WC="0.96" CONTENT="utredning"/><SP WIDTH="11" VPOS="1329" HPOS="318"/>
							<String ID="string_176" HPOS="329" VPOS="1329" WIDTH="36" HEIGHT="22" WC="0.93" CONTENT="för"/><SP WIDTH="10" VPOS="1329" HPOS="365"/>
							<String ID="string_177" HPOS="375" VPOS="1330" WIDTH="159" HEIGHT="21" WC="0.92" CONTENT="kalenderäret"/><SP WIDTH="11" VPOS="1330" HPOS="534"/>
							<String ID="string_178" HPOS="545" VPOS="1330" WIDTH="62" HEIGHT="27" WC="0.97" CONTENT="1906,"/><SP WIDTH="12" VPOS="1330" HPOS="607"/>
							<String ID="string_179" HPOS="619" VPOS="1330" WIDTH="53" HEIGHT="21" WC="0.93" CONTENT="eller"/><SP WIDTH="11" VPOS="1330" HPOS="672"/>
							<String ID="string_180" HPOS="683" VPOS="1330" WIDTH="115" HEIGHT="21" WC="0.93" CONTENT="eventuelt"/><SP WIDTH="9" VPOS="1330" HPOS="798"/>
							<String ID="string_181" HPOS="807" VPOS="1329" WIDTH="62" HEIGHT="28" WC="0.96" CONTENT="1905,"/>
						</TextLine>
						<TextLine ID="line_29" HPOS="109" VPOS="1363" WIDTH="761" HEIGHT="29">
							<String ID="string_182" HPOS="109" VPOS="1363" WIDTH="76" HEIGHT="22" WC="0.92" CONTENT="blefve"/><SP WIDTH="15" VPOS="1363" HPOS="185"/>
							<String ID="string_183" HPOS="200" VPOS="1364" WIDTH="267" HEIGHT="21" WC="0.92" CONTENT="nästsammanträdande"/><SP WIDTH="15" VPOS="1364" HPOS="467"/>
							<String ID="string_184" HPOS="482" VPOS="1364" WIDTH="111" HEIGHT="28" WC="0.91" CONTENT="landtdag"/><SP WIDTH="16" VPOS="1364" HPOS="593"/>
							<String ID="string_185" HPOS="609" VPOS="1364" WIDTH="108" HEIGHT="28" WC="0.92" CONTENT="förelagd,"/><SP WIDTH="16" VPOS="1364" HPOS="717"/>
							<String ID="string_186" HPOS="733" VPOS="1369" WIDTH="56" HEIGHT="16" WC="0.93" CONTENT="utan"/><SP WIDTH="14" VPOS="1369" HPOS="789"/>
							<String ID="string_187" HPOS="803" VPOS="1363" WIDTH="67" HEIGHT="22" WC="0.91" CONTENT="äfven"/>
						</TextLine>
						<TextLine ID="line_30" HPOS="110" VPOS="1397" WIDTH="761" HEIGHT="30">
							<String ID="string_188" HPOS="110" VPOS="1399" WIDTH="34" HEIGHT="20" WC="0.93" CONTENT="att"/><SP WIDTH="15" VPOS="1399" HPOS="144"/>
							<String ID="string_189" HPOS="159" VPOS="1397" WIDTH="120" HEIGHT="22" WC="0.91" CONTENT="framdeles"/><SP WIDTH="17" VPOS="1397" HPOS="279"/>
							<String ID="string_190" HPOS="296" VPOS="1399" WIDTH="127" HEIGHT="21" WC="0.96" CONTENT="statistiska"/><SP WIDTH="14" VPOS="1399" HPOS="423"/>
							<String ID="string_191" HPOS="437" VPOS="1399" WIDTH="120" HEIGHT="28" WC="0.95" CONTENT="uppgifter"/><SP WIDTH="16" VPOS="1399" HPOS="557"/>
							<String ID="string_192" HPOS="573" VPOS="1399" WIDTH="62" HEIGHT="22" WC="0.93" CONTENT="öfver"/><SP WIDTH="14" VPOS="1399" HPOS="635"/>
							<String ID="string_193" HPOS="649" VPOS="1399" WIDTH="135" HEIGHT="21" WC="0.96" CONTENT="hithörande"/><SP WIDTH="10" VPOS="1399" HPOS="784"/>
							<String ID="string_194" HPOS="794" VPOS="1398" WIDTH="77" HEIGHT="28" WC="0.96" CONTENT="frågor"/>
						</TextLine>
						<TextLine ID="line_31" HPOS="109" VPOS="1431" WIDTH="762" HEIGHT="30">
							<String ID="string_195" HPOS="109" VPOS="1431" WIDTH="77" HEIGHT="22" WC="0.86" CONTENT="blefvo"/><SP WIDTH="25" VPOS="1431" HPOS="186"/>
							<String ID="string_196" HPOS="211" VPOS="1433" WIDTH="150" HEIGHT="28" WC="0.96" CONTENT="regelbundet"/><SP WIDTH="15" VPOS="1433" HPOS="361"/>
							<String ID="string_197" HPOS="376" VPOS="1433" WIDTH="133" HEIGHT="28" WC="0.95" CONTENT="insamlade,"/><SP WIDTH="17" VPOS="1433" HPOS="509"/>
							<String ID="string_198" HPOS="526" VPOS="1434" WIDTH="110" HEIGHT="27" WC="0.93" CONTENT="antingen"/><SP WIDTH="15" VPOS="1434" HPOS="636"/>
							<String ID="string_199" HPOS="651" VPOS="1433" WIDTH="87" HEIGHT="28" WC="0.96" CONTENT="årligen"/><SP WIDTH="16" VPOS="1433" HPOS="738"/>
							<String ID="string_200" HPOS="754" VPOS="1433" WIDTH="60" HEIGHT="28" WC="0.96" CONTENT="eller,"/><SP WIDTH="16" VPOS="1433" HPOS="814"/>
							<String ID="string_201" HPOS="830" VPOS="1432" WIDTH="41" HEIGHT="21" WC="0.96" CONTENT="där"/>
						</TextLine>
					</TextBlock>
				</ComposedBlock>
			</PrintSpace>
		</Page>
	</Layout>
</alto>
