1098 1753
374 197 74 28 jande
467 197 93 28 lydelse:
586 197 167 27 ,Främmande
768 198 55 21 stats
838 197 92 22 domstol
946 197 39 22 och

379 233 151 28 myndighet,
527 229 15 37 i
546 233 45 22 mål
607 233 38 22 och
662 233 106 27 ärenden,
785 233 75 22 hvilka
877 233 109 29 handläg-

377 276 41 21 gas
431 269 33 27 på
477 269 77 29 grund
565 269 28 27 af
599 269 175 22 internationela
784 269 91 28 fördrag
887 269 95 22 rörande

378 305 257 28 rättegängsväsendet.*

306 371 176 21 Bondeständet
499 371 41 21 har
559 370 120 22 bibehällit
698 371 46 21 den
762 370 34 22 uti
811 370 174 29 propositionen

233 406 38 22 för
293 407 182 28 Lappmarkens*
490 406 159 29 innebyggare
675 407 133 28 föreslagna
837 406 71 22 frihet
932 406 53 21 från

235 442 166 29 stämpelafgift
424 445 60 19 samt
506 443 113 21 utsträckt
643 443 72 28 sagda
738 443 90 21 förmän
848 442 87 28 jämväl
951 442 35 22 till

234 478 166 22 Suomussalmi
415 479 117 21 kommun.
555 474 80 33 Öfriga
651 478 74 22 Ständ
740 478 71 22 hafva
827 478 103 22 däremot
945 485 39 15 va-

233 514 30 21 rit
279 521 54 15 ense
349 522 37 14 om
403 517 33 19 att
450 522 28 14 ur
493 514 264 29 författningsförslaget
772 516 129 20 utmönstra
917 517 67 19 samt-

232 550 48 28 liga
310 550 136 22 territoriela
473 550 310 28 undantagsbestämningar.
819 550 36 21 Då
887 550 97 22 sålunda

233 586 177 28 skattelindring
433 586 36 22 för
492 586 99 22 berörda
613 586 133 22 landsdelar
769 586 83 22 endast
874 586 52 22 frän
950 588 33 19 ett

233 621 85 23 Ständs
339 622 50 22 sida
404 623 116 28 päyrkats,
537 622 42 21 har
594 622 120 22 Utskottet
728 622 78 22 funnit
822 622 36 28 sig
873 622 57 21 böra
944 622 37 21 till

232 658 77 27 grund
334 658 36 21 för
391 658 254 29 sammanjämkningen
663 659 69 28 lägga
748 658 28 22 de
794 658 84 22 Ständs
894 658 83 25 beslut,

231 700 51 15 som
304 694 8 21 i
333 694 76 21 denna
427 694 67 28 fråga
514 694 106 21 omfattat
635 694 131 21 Utskottets
785 694 96 28 förslag.
913 694 11 21 I
941 701 38 14 en-

231 729 74 28 lighet
324 729 96 22 härmed
435 730 36 21 fär
486 729 125 26 Utskottet,
635 730 53 21 med
704 729 179 22 konstaterande
900 729 29 26 af,
947 732 33 19 att

230 764 131 23 Utskottets
385 765 88 28 förslag
496 766 119 28 angäende
634 765 166 29 upphäfvande
817 765 23 22 af
856 765 46 22 den
917 765 64 21 Kuu-

231 808 64 14 samo
312 801 42 21 och
369 801 136 28 Kuolajärvi
521 802 109 21 socknars
646 802 141 21 innevånare
796 801 114 22 härintills
919 801 62 21 med-

231 836 66 28 gifna
319 837 107 22 befrielse
450 837 52 22 frän
521 837 231 29 stämpelskyldighet
768 837 78 22 blifvit
862 837 80 28 gilladt
958 837 23 21 af

231 872 46 21 alla
293 872 78 27 Ständ,
388 873 120 22 vördsamt
522 873 96 22 föreslä:

448 923 31 20 att
494 921 168 22 Bondeständet
677 921 58 26 ville,
746 921 49 22 med
805 920 141 30 frängäende
958 920 29 27 af

375 956 37 22 sitt
429 957 70 22 beslut
514 957 97 22 rörande
627 957 174 28 skattelindring
811 957 36 27 för
859 958 124 26 Lappmar-

375 993 43 21 ken
444 993 39 21 och
510 993 162 22 Suomussalmi
692 993 86 26 socken,
800 993 122 28 godkänna
946 992 37 22 Ut-

373 1029 87 21 skottets
477 1028 138 23 betänkande
630 1029 8 21 i
654 1029 76 22 denna
746 1029 40 22 del.

301 1092 175 23 Bondeständet
494 1094 41 21 har
555 1094 80 22 vidare
654 1094 96 22 beslutit
766 1096 34 19 att
815 1094 35 21 till
866 1094 14 28 8
898 1096 12 19 5
926 1094 56 28 foga

228 1130 34 20 ett
277 1128 88 29 tillägg,
381 1130 24 20 af
420 1129 102 22 innehäll
538 1132 33 19 att
587 1130 119 28 andelslag
722 1130 41 21 vid
779 1130 104 21 ansökan
894 1137 37 14 om
941 1130 40 21 län

227 1171 29 14 ur
277 1164 114 22 allmänna
414 1166 76 21 medel
509 1166 72 21 borde
600 1174 56 13 vara
673 1166 105 21 befriade
799 1166 52 20 frän
872 1166 104 28 stämpel.

227 1199 64 23 Enär
313 1200 30 22 de
363 1201 75 29 öfriga
459 1201 102 22 Ständen
584 1202 50 21 icke
649 1202 79 21 funnit
744 1201 72 22 sådan
831 1201 148 29 bestämning

226 1236 80 29 nödig,
322 1237 35 21 får
373 1236 119 23 Utskottet
507 1238 119 21 vördsamt
641 1238 95 21 föreslå:

444 1304 32 20 att
498 1302 168 23 Bondeständet
687 1303 49 22 ville
755 1302 123 28 godkänna
895 1302 85 22 Utskot-

371 1339 40 21 tets
428 1338 139 22 betänkande
583 1341 56 19 utan
655 1339 105 22 nämnda
776 1338 84 29 tillägg.

578 1404 14 29 8
609 1407 19 18 6.

298 1450 196 29 Borgareständet
509 1452 42 21 har
565 1451 96 22 beslutit
677 1454 34 19 att
724 1451 36 22 uti
774 1451 39 22 det
822 1451 80 29 stycke
914 1454 12 19 ä
935 1451 43 22 sid.

225 1488 29 20 69
265 1486 74 22 under
355 1487 110 22 rubriken
475 1487 196 29 ,Förskrifning*,
681 1495 50 14 som
743 1487 90 22 inledes
845 1487 53 22 med
907 1487 73 22 orden
