1100 1753
237 131 29 21 28
453 131 83 22 Ständ.
552 131 37 22 Sv.
606 143 25 3 —
649 131 74 28 Prop.
739 130 45 23 N:o
800 130 22 22 3.

68 297 115 32 Stämpelaf-
209 289 1 16 |
233 308 20 22 p

252 308 176 22 ermissionssedel
443 308 42 22 och
502 308 141 22 permissions-

54 312 43 45 gift
106 330 29 18 för
142 330 52 18 dom-
492 316 11 20 1

58 359 78 21 stolars,
156 365 38 12 em-
260 343 64 28 biljett
361 360 39 4 sr
431 360 38 4 rr
569 361 4 3 .
598 339 46 34 fria

77 387 103 19 betsverks
205 373 13 37 |
230 377 190 28 Postremissvexel,
436 385 23 14 so
475 377 13 22 6
500 361 39 44 s.

58 416 136 23 samttjänste-
209 407 13 38 |
230 411 135 28 Prestbref
358 407 16 38 .
397 429 4 4 .
431 430 4 3 .
831 424 25 2 A)
895 411 15 20 4

62 447 56 30 mäns
131 451 57 18 expe-
204 442 14 39 |
229 446 165 29 Privilegiibref
420 429 55 38 eller
501 425 142 54 tillståndsre-

81 474 90 18 ditioner.
258 481 97 26 solution,
381 488 47 14 som
453 481 22 21 af
499 481 97 21 Senaten
613 481 30 21 el-

258 516 33 21 ler
315 515 169 22 vederbörande
507 515 136 29 myndighet

258 550 107 21 utfärdas:

260 585 32 21 1:o
321 585 36 21 för
367 585 144 28 anläggande
523 585 54 21 eller
588 587 55 26 öpp-

208 629 1 16 |
298 619 73 22 nande
393 619 22 22 af
425 620 92 27 rörelse,
528 619 37 22 till
575 619 68 22 hvars

297 653 125 22 utöfvande
457 654 107 21 —särskildt
597 654 46 21 till-

299 689 65 20 ständ
371 688 118 28 erfordras,
497 688 53 22 med
556 688 87 21 undan-

298 725 39 25 tag
355 722 24 22 af
393 722 56 22 bok-
465 723 54 21 eller
531 725 111 26 stentryc-

299 757 54 27 keri,
383 757 137 28 bokhandel,
541 757 102 21 länebib-
825 760 2 24 |

298 792 71 21 liotek
387 792 42 21 och
444 792 153 21 läsekabinett
605 792 38 21 be-
656 815 2 10 |

298 826 87 28 lägges,
404 826 57 22 efter
472 826 171 29 omständighe-
656 829 2 7 |

298 863 64 19 terna
391 861 42 21 och
459 861 182 28 anläggningens
656 869 1 3 |

298 896 54 20 eller
378 896 111 20 rörelsens
515 895 126 22 beskaffen-
911 896 2 15 |

296 929 45 29 het,
359 929 52 21 med
427 930 96 27 stämpel
538 929 59 21 ifrän
615 930 27 20 10

297 963 36 21 till
348 964 44 21 och
402 964 53 20 med
465 964 43 21 200
518 964 70 27 mark,
601 964 41 20 allt

298 998 55 21 efter
376 1005 49 14 som
447 998 40 21 vid
501 998 79 28 hvarje
595 998 46 21 till-

297 1032 53 21 fälle
366 1032 99 28 pröfvas.

256 1067 34 20 2:0
319 1066 35 21 för
364 1067 131 21 inrättande
505 1067 55 20 eller
568 1066 73 22 öfver-
736 1060 2 5 |
911 1068 1 24 |
1032 1082 1 3 |

206 1128 1 5 |
296 1101 99 28 tagande
419 1101 22 21 af
464 1101 83 28 apotek
568 1101 7 20 i
591 1101 50 21 stad
705 1101 63 22 60/—1
794 1112 62 3 —|—-]
881 1111 61 3 —-|
968 1113 60 2 —|—

205 1137 2 20 |
296 1135 36 22 för
349 1135 130 21 inrättande
498 1136 55 20 eller
568 1135 73 22 öfver-

205 1165 2 3 |
297 1169 99 29 tagande
407 1169 22 22 af
437 1170 83 28 apotek
528 1170 29 27 pä
565 1169 76 22 lands-

296 1204 94 28 bygden
430 1221 4 3 .
465 1221 4 4 .
705 1204 63 21 20—]
795 1215 60 4 —-|
899 1213 43 12 ——|
970 1215 56 3 —|—

256 1238 34 21 3:0
320 1238 35 22 för
375 1221 136 45 ntgitvande
531 1221 40 38 a
568 1238 73 28 perio-

296 1272 51 22 disk
362 1272 68 22 skrift
464 1290 3 4 .
498 1290 4 3 .
533 1290 4 3 <
602 1289 38 4 0.0.
706 1285 60 3 —-|
795 1284 61 3 —+-|
896 1272 45 27 1-1
968 1284 60 2 —+-

226 1306 145 22 Promotoridd
394 1324 3 4 .
429 1324 3 4 .
464 1324 4 4 .
499 1324 4 4 .
534 1324 3 3 .
636 1324 4 3 N
794 1319 6 1 2
896 1306 17 20 1

225 1340 147 28 Protestbevis,
390 1348 23 14 se
428 1324 178 39 Nolariatbevis.

225 1375 109 22 Protokoll
358 1375 65 22 öfver
447 1376 134 21 ekonomisk
603 1376 38 20 be-
911 1389 2 19 |

331 1410 103 27 sigtning
445 1411 13 20 &
469 1410 101 28 prestbo]l
583 1414 58 17 samt
911 1409 2 29 |

330 1445 12 20 å
374 1445 185 27 kronohemman,
589 1445 51 20 kro-
911 1440 2 31 |
