1098 1750
234 927 2 8 |

234 936 2 11 I

234 949 2 13 |

351 304 348 28 Bouppteckningsinstrument,
725 312 47 14 som
803 303 68 29 ingif-

297 344 38 15 vos
351 338 131 28 försegladt,
507 339 58 21 skall
580 340 30 26 pä
633 340 110 27 omslaget
759 346 52 14 vara
827 338 44 22 för-

298 372 49 21 sedt
370 373 50 21 med
443 373 65 22 bevis
524 373 23 21 af
565 372 256 29 förrättningsmännen,
838 375 31 19 att

297 406 125 22 detsamma
437 410 24 18 är
476 408 94 27 belagdt
586 408 51 21 med
653 408 94 27 stämpel
765 408 35 20 till
812 407 59 21 stad-

297 440 55 27 gadt
367 441 89 28 belopp.

350 475 344 29 Bouppteckningsinstrument
706 477 81 27 drager
803 478 78 25 stäm-
873 471 10 37 i

296 510 37 27 pel
349 510 72 28 enligt
436 510 43 21 den
495 510 143 28 författning,
656 518 46 14 som
718 511 73 28 gäller
806 511 12 20 å
829 504 52 34 tid,
872 500 12 43 |

296 544 27 21 dä
340 544 37 21 det
393 545 36 20 till
445 545 97 21 domstol
557 545 105 28 ingifves.
879 560 1 11 |

350 579 47 21 Har
413 579 81 21 afliden
510 586 82 21 person
610 580 30 27 pä
657 579 54 21 flera
727 581 58 20 orter
805 578 75 31 efter-|

295 613 86 21 lemnat
405 614 118 28 egendom,
553 613 121 23 hvaröfver
695 614 111 22 särskilda
831 611 49 24 bo-:

295 648 183 28 uppteckningar
509 648 77 22 blifvit
624 649 141 28 upprättade,
803 649 77 27 utgäri

295 682 195 30 stämpelafgiften
517 683 57 21 efter
599 683 202 21 sammanräknade
832 682 38 22 be-

295 716 132 30 hållningen
443 718 73 29 enligt
531 718 108 28 samtliga
661 718 218 28 boupptecknings-:

295 752 142 28 instrument,
453 752 90 22 hvilkas
568 752 116 22 förseende
706 752 51 22 med
773 751 106 31 stämpel;

295 786 41 21 bör
350 794 54 14 vara
423 786 126 29 fullgjordt,
574 787 28 21 då
624 786 65 22 dessa
712 786 99 29 ingifvas
833 783 46 32 tilli

295 820 126 22 domstolen
442 822 12 20 &
472 821 44 21 den
532 824 40 25 ort,
596 821 40 21 där
658 821 44 21 den
725 821 84 21 aflidne
832 816 47 32 vid|

295 854 121 22 dödsfallet
431 855 60 22 varit
505 855 194 22 mantalskrifven.
877 843 2 29 |

251 889 206 29 Byggnadsritning,
473 897 23 14 se
512 890 104 28 Ritning.
877 867 2 55 |

251 923 115 27 Bytesbref
388 924 12 21 &
419 924 46 21 fast
479 924 112 28 egendom
617 924 54 22 eller
696 924 78 28 fartyg
799 923 67 22 förses
877 918 2 39 |

877 962 2 14 |

877 981 1 17 |

877 1005 1 23 |

864 1039 14 21 "|

294 958 50 20 med
361 959 96 27 stämpel
473 959 73 21 såsom
562 958 122 28 Köpebref.

253 991 117 28 Certeparti
386 993 54 21 eller
455 992 109 22 fraktslut
579 1000 35 14 om
634 992 83 29 fartyg,
739 993 36 21 för
790 992 88 56 hvarje

295 1026 41 22 100
350 1027 65 21 mark
430 1027 25 21 af
468 1027 166 21 fraktsumman
658 1045 3 3 .
726 1045 3 3 ;

293 1060 35 21 Dä
353 1062 121 27 certeparti
495 1062 84 21 företes
603 1062 37 21 vid
662 1045 102 38 domstol
783 1062 8 20 i
815 1044 52 45 mål,

337 1103 46 14 som
400 1096 49 21 icke
465 1099 37 19 rör
520 1096 171 26 fraktsumman,
715 1096 82 28 drager
820 1096 39 20 det
875 1078 3 48 ;

336 1136 85 15 samma
444 1130 166 29 stämpelafgift
632 1130 8 21 i
665 1130 142 22 förhållande
832 1130 36 21 till

336 1164 39 21 det
390 1164 105 23 fordrade
510 1165 116 28 beloppet:
876 1185 1 5 i

387 1199 36 21 till
439 1199 42 22 och
496 1199 52 22 med
565 1199 41 21 100
621 1199 73 21 mark.
725 1217 3 3 .
760 1217 3 3 .
795 1216 3 3 .
829 1216 4 3 .
864 1192 13 36 |

386 1233 132 22 därutöfver
533 1233 35 22 för
583 1233 77 28 hvarje
675 1234 57 21 fulla
748 1233 43 22 100
803 1216 74 38 mark]

251 1267 113 28 Certifikat,
381 1275 22 14 se
419 1268 202 28 Ursprungsbevis.
876 1286 1 17 |

250 1301 68 21 Check
333 1303 108 27 stämplas
458 1303 72 20 såsom
546 1302 165 28 Förskrifning.

876 1305 1 11 I

231 1349 2 20 |
247 1335 192 27 Depositionsbevis
454 1336 100 21 karteras
570 1337 74 21 såsom
659 1336 166 28 Förskrifning.
847 1330 11 38 —
875 1334 2 30 |

231 1374 2 5 |
246 1369 216 28 Fideikommissbref
473 1371 109 27 stämplas
598 1371 74 21 såsom
687 1370 150 22 Testamente.
875 1370 2 19 |

231 1428 1 8 |
250 1403 125 29 Fraktsedel,
391 1412 22 14 se
429 1405 189 21 Konnässement.

246 1438 117 28 Fraktslut,
379 1446 23 14 se
418 1439 132 28 Certeparti.

969 1200 13 19 St

969 1234 13 20 [i]
