1098 1750
820 154 26 20 13

90 218 37 22 tid
151 218 172 28 tryckfriheten,
348 226 49 14 som
413 218 7 22 i
437 226 28 14 en
488 226 52 14 snar
564 219 94 21 framtid
674 219 66 21 torde
755 220 92 20 komma

94 257 34 19 att
151 254 52 21 med
225 254 38 28 lag
285 254 101 22 befästas
402 254 8 22 i
426 256 51 20 vårt
498 255 61 25 land,
584 262 67 21 synes
672 255 110 21 innebära
797 255 50 21 icke

95 290 58 22 blott
177 291 32 20 att
230 290 136 22 hithörande
387 290 108 28 näringar
510 290 85 22 befrias
619 290 51 22 från
692 290 113 22 beroende
824 290 26 22 af

92 326 170 23 koncessioner,
278 326 84 22 förbud
379 326 42 22 och
437 326 192 28 inskränkningar
644 328 56 20 utan
716 327 43 21 ock
776 329 32 19 att
819 326 28 22 de

96 362 49 21 icke
165 362 150 21 underkastas
335 362 97 21 särskild
449 362 154 28 beskattning,
619 362 40 21 har
674 362 120 22 Utskottet
810 370 38 14 an-

95 400 46 19 sett
175 397 36 29 sig
245 398 78 21 kunna
356 398 71 20 redan
458 405 31 14 nu
520 398 93 21 förorda
644 398 155 21 afskaffandet
825 398 25 21 af

96 433 175 28 ifrågavarande
302 433 174 29 stämpelafyift.
516 434 111 21 Däremot
657 434 41 21 har
730 434 119 22 Utskottet

97 469 118 22 bibehållit
246 470 44 20 den
321 470 7 20 i
359 470 172 28 propositionen
566 470 37 21 för
628 472 45 19 rätt
700 472 33 19 att
759 470 91 27 utgifva

96 505 117 29 periodisk
233 505 66 21 skrift
320 505 131 29 föreslagna
471 506 167 28 stämpelafgift
659 506 25 21 af
704 508 10 18 1
731 506 45 25 mk,
793 508 55 19 mot-

96 542 114 21 svarande
226 542 39 20 det
279 541 37 21 för
331 541 255 29 pressöfverstyrelsens
603 541 74 29 öfriga
693 541 156 29 expeditioner

98 578 121 21 faststälda
234 577 188 29 stämpelbelopp.

168 613 137 22 Resolution.
321 612 97 22 Jämlikt
427 612 81 21 hittills
520 613 107 27 gällande
637 613 43 21 och
691 612 8 21 i
710 613 46 21 den
766 612 84 29 nådiga

97 649 174 28 propositionen
291 648 34 21 till
346 648 162 22 bibehållande
528 648 132 28 föreslagna
676 648 174 29 bestämningar

98 687 39 18 äro
156 691 116 21 personer,
292 691 49 14 som
357 684 54 21 idka
423 684 201 29 positivspelning,
635 684 171 21 underkastade
822 692 28 13 en

99 720 168 28 stämpelafgift
277 720 24 21 af
314 723 25 19 10
351 720 65 21 mark
426 727 42 22 per
480 720 90 25 månad,
579 720 84 21 medan
671 720 105 21 däremot
783 721 67 20 horn-

99 756 76 28 kapell
199 756 43 21 och
265 756 72 21 andra
356 756 96 21 härmed
467 756 143 21 likställbara
625 756 107 21 utöfvare
748 756 23 21 af
788 759 63 25 gatu-

99 792 75 21 musik
197 792 50 21 icke
272 795 37 18 äro
330 791 83 29 ålagda
429 792 166 28 stämpelskatt.
628 792 35 21 Då
678 791 120 22 Utskottet
813 799 38 14 an-

99 830 46 19 sett
159 827 178 22 konsekvensen
353 827 79 22 fordra
449 831 33 18 att
496 828 29 21 all
534 828 131 28 gatumusik
673 828 72 21 borde
754 828 7 21 i
770 828 82 28 antydt

98 863 110 22 afseende
231 863 119 26 likställas,
373 871 54 14 men
443 866 13 19 &
472 864 72 21 andra
566 863 66 22 sidan
655 864 77 21 funnit
756 864 44 21 den
816 864 36 21 för

100 899 145 21 närvarande
268 899 36 21 för
331 899 195 28 positivspelning
554 899 117 29 påbjudna
702 899 68 28 afgift
797 907 55 14 vara

98 935 101 28 oskäligt
214 935 53 28 hög,
283 935 88 22 hvilket
386 935 145 22 förhällande
542 935 121 29 bestyrkes
674 935 66 22 däraf
751 938 33 19 att
794 935 58 22 före-

100 971 98 21 skriften
222 971 119 27 angående
364 971 77 21 denna
456 971 156 28 beskattning,
629 973 29 26 pä
675 974 45 19 sätt
735 971 119 22 Utskottet

99 1007 120 26 inhemtat,
243 1007 48 21 ofta
315 1007 116 22 förblifvit
457 1015 29 14 en
512 1007 46 22 död
581 1007 99 26 bokstaf,
697 1007 41 21 har
759 1007 94 22 Utskot-

99 1045 34 19 tet
158 1045 56 19 trott
240 1043 36 28 sig
299 1042 56 22 böra
378 1043 95 21 förorda
496 1046 33 18 att
552 1043 106 28 samtliga
681 1043 130 28 kategorier
830 1043 24 21 af

100 1078 132 29 gatumusik
255 1081 69 19 måtte
345 1079 41 21 vid
401 1079 156 21 utverkandet
572 1079 24 21 af
611 1079 243 22 tillståndsresolution

100 1115 56 21 eller
172 1114 65 22 bevis
255 1115 93 28 åläggas
365 1122 29 14 en
411 1115 168 28 stämpelafgift
595 1115 24 21 af
629 1118 13 19 3
654 1115 64 21 mark
729 1115 36 21 för
773 1115 80 28 hvarje

100 1150 37 22 hel
154 1151 84 21 månad
254 1151 55 21 eller
325 1151 37 21 del
379 1151 72 26 däraf,
469 1158 49 14 som
535 1151 127 21 tillståndet
673 1151 61 21 afser
745 1154 33 18 att
786 1151 67 29 gälla.

172 1186 76 22 Bland
272 1187 28 21 de
319 1187 74 21 under
409 1187 79 21 denna
503 1186 79 22 rubrik
597 1187 151 28 uppräknade
764 1187 91 29 optiska

99 1222 171 29 förevisningar
303 1223 42 21 har
373 1222 121 22 Utskottet
516 1222 83 29 intagit
619 1222 88 29 jämväl
730 1222 124 22 kinemato-

101 1258 84 28 grafer,
202 1266 49 14 som
266 1266 97 14 numera
377 1258 93 29 ymnigt
485 1259 142 21 förekomma
642 1258 122 22 flerstädes
780 1258 8 22 i
803 1261 53 19 vårt

100 1294 56 21 land
182 1294 43 22 och
249 1302 69 21 synas
341 1297 84 26 utgöra
447 1302 29 14 en
500 1295 89 28 ganska
612 1294 110 28 gifvande
745 1294 110 22 inkomst-

100 1330 67 21 källa.
184 1330 12 21 I
213 1330 76 22 stället
298 1330 37 21 för
345 1330 124 29 uttrycken
480 1331 183 27 ,kosmoraama*
677 1330 43 22 och
733 1337 123 21 ,panoraa-

100 1367 51 20 ma*
164 1366 7 20 i
183 1366 77 21 finska
267 1369 79 18 texten
355 1366 41 21 har
403 1366 121 22 Utskottet
532 1366 103 22 användt
644 1366 27 22 de
680 1366 8 21 i
696 1366 160 28 författnings-

100 1401 113 28 förslaget
227 1402 8 21 i
251 1404 70 19 annat
337 1402 168 28 sammanhang
523 1402 189 22 förekommande
726 1410 130 20 synonyma

101 1437 198 28 benämningarna
321 1437 114 27 ,mailma-
449 1438 25 28 ja
490 1438 222 26 maisemakuvaus*,
728 1438 43 21 och
786 1438 8 21 i
810 1438 46 21 den

100 1474 102 20 svenska
207 1476 79 19 texten
294 1474 79 28 utbytt
381 1474 172 28 beteckningen
562 1491 10 10 ,
576 1474 91 28 optiska
674 1474 180 29 konststycken*

101 1512 49 19 mot
167 1526 9 10 ,
180 1509 91 29 optiska
285 1509 194 29 förevisningar*.
