1103 1753
380 114 22 18 U.
416 114 21 18 B.
456 114 59 23 Prop.
528 115 37 17 N:o
578 115 18 18 5.
839 114 24 18 39

184 172 150 23 Förestäende
347 173 140 29 jämförande
498 173 141 28 förteckning
650 174 93 28 utvisar,
756 175 35 20 att
801 174 7 21 i
818 174 45 21 för-

113 208 118 28 delningen
252 209 23 21 af
291 209 27 21 de
335 209 161 22 kommunerna
511 209 168 22 tillkommande
696 209 168 23 bränvinsmed-

112 244 36 22 len
171 244 129 30 betydande
320 244 161 28 förändringar,
503 245 107 22 särskildt
630 246 7 20 i
652 245 66 28 fräga
733 252 35 15 om
785 252 27 15 en
829 244 36 22 del

114 280 94 22 härader
231 280 40 22 och
295 280 138 28 kommuner,
457 281 88 21 komme
564 282 36 21 att
615 280 95 28 inträda,
728 281 75 22 därest
818 280 46 22 för-

115 316 203 28 delningsgrunden
342 316 75 22 blefve
440 316 119 22 förändrad
582 317 69 27 enligt
667 317 38 22 det
721 317 84 22 väckta
819 316 46 22 för-

115 352 73 27 slaget
211 352 40 22 och
275 352 94 21 berörda
392 352 71 22 medel
486 353 88 21 komme
598 354 35 20 att
648 352 97 22 tilldelas
761 353 101 21 kommu-

113 395 70 14 nerna
199 388 57 21 efter
271 387 65 22 deras
352 387 136 28 folkmängd.
514 388 107 22 Däremot
636 388 88 22 komme
741 389 49 21 icke
806 388 58 22 rela-

114 424 76 21 tionen
214 424 94 21 emellan
326 423 118 23 städernas
460 425 41 20 och
517 424 239 22 landskommunernas
773 424 93 21 andelar

114 461 6 20 i
137 459 27 22 de
180 460 60 21 olika
255 460 68 21 länen
340 461 34 20 att
388 461 7 20 i
407 460 125 22 nämnvärd
543 460 54 28 grad
608 460 129 29 förskjutas.
760 460 9 21 I
780 462 86 20 tvänne

114 496 38 21 län
176 495 71 22 skulle
272 495 118 22 städernas
411 496 92 22 andelar
518 497 70 26 något
603 496 61 28 ökas,
682 503 51 15 men
749 496 7 21 i
772 503 40 14 sex
828 495 38 22 län

115 531 107 26 minskas,
255 531 41 22 och
322 531 241 22 landskommunernas
590 531 92 22 andelar
708 531 72 22 skulle
806 531 60 29 förty

115 567 214 28 öfverhufvudtaget
355 567 100 22 tillväxa.
493 567 99 23 Beaktas
616 568 40 21 bör
679 567 127 28 emellertid,
832 568 35 21 att

115 603 70 28 enligt
201 603 176 29 propositionens
393 604 42 21 och
451 603 123 23 utskottets
590 603 82 28 förslag
688 604 31 21 tio
735 611 46 22 nya
791 603 76 22 städer

116 639 74 22 blefve
214 639 115 28 delaktiga
352 639 24 22 af
399 639 93 28 medlen,
510 639 92 22 hvilken
619 639 167 28 omständighet
802 639 64 29 själf-

115 676 64 21 fallet
198 676 3 20 i
219 677 72 26 någon
309 677 53 20 mån
378 675 105 22 inverkar
498 677 30 27 på
543 675 158 28 fördelningen.
733 671 68 26 Öfver
812 675 53 21 huf-

115 711 46 22 vud
180 711 87 21 komme
283 710 34 22 för
333 710 66 28 öfrigt
414 710 123 22 andelarna
552 712 36 20 att
603 711 55 21 ökas
674 711 7 21 i
696 710 90 22 landets
802 710 65 22 fatti-

116 748 63 26 gaste
203 746 87 22 trakter
313 747 6 21 i
343 746 140 22 förhållande
507 746 34 22 till
558 746 166 28 folkmängden,
740 746 88 22 hvilket
843 746 24 28 ju

116 784 72 20 måste
205 790 67 14 anses
289 789 56 15 vara
361 782 50 22 med
421 783 113 21 rättvisan
545 782 253 22 öfverensstämmande.
817 782 50 22 Sär-

116 818 69 22 skildt
208 819 32 21 uti
265 819 70 27 nägra
359 818 61 22 delar
444 818 24 22 af
490 818 78 22 landet
591 818 88 22 komme
696 818 123 22 andelarna
834 818 34 21 för

116 854 103 22 enskilda
234 854 132 22 kommuner
382 855 35 21 att
432 854 110 30 betydligt
558 854 123 27 förändras,
698 854 6 22 i
716 855 25 28 ty
752 855 35 21 att
798 855 70 26 några

116 890 131 22 kommuner
263 890 81 22 erhölle
359 890 183 22 bränvinsmede!
558 890 109 29 betydligt
683 897 61 15 mera
761 892 29 19 än
801 889 66 27 förut,

116 926 117 22 hvaremot
256 926 34 22 för
313 926 70 21 andra
407 933 27 14 en
458 926 104 22 kännbar
584 926 117 22 reduktion
725 926 89 21 komme
834 926 34 21 att

116 962 90 22 inträda
229 962 6 20 i
259 962 38 21 det
320 962 85 28 belopp,
428 961 88 22 hvilket
532 961 26 22 de
574 962 80 22 hittills
670 962 72 22 hafva
757 961 111 29 uppburit.

116 998 43 22 Det
183 998 43 22 kan
251 998 50 21 icke
322 997 112 28 förnekas,
452 999 34 20 att
502 998 106 28 missnöje
623 998 33 21 till
672 997 54 29 följd
742 997 66 22 häraf
823 997 45 21 kan

117 1035 82 27 uppstä
215 1034 7 21 i
239 1033 26 22 de
285 1033 138 27 kommuner,
440 1033 90 22 hvilkas
547 1033 93 22 andelar
655 1033 87 22 komme
759 1034 35 21 att
810 1033 59 21 min-

117 1069 54 22 skas
195 1069 41 22 och
259 1069 79 22 hvilka
361 1068 97 22 sålunda
479 1069 49 22 icke
544 1069 6 21 i
567 1076 87 15 samma
670 1069 136 28 omfattning
822 1075 47 15 som

117 1105 60 22 förut
201 1105 75 22 kunde
301 1105 50 22 med
375 1104 67 23 dessa
465 1105 72 22 medel
559 1105 116 28 tillgodose
692 1105 27 21 de
736 1105 76 29 syften
829 1104 41 22 och

117 1141 157 27 inrättningar,
291 1140 78 22 hvilka
385 1140 80 22 hittills
480 1148 27 14 ur
522 1141 51 21 dem
589 1140 88 22 erhällit
693 1139 127 23 understöd.

189 1177 117 21 Utskottet
330 1176 41 21 har
391 1176 70 22 likväl
477 1177 49 21 icke
542 1177 82 21 tvekat
640 1177 34 21 att
689 1176 82 22 föreslä
788 1183 26 14 en
832 1177 38 20 sä-

118 1212 44 22 dan
183 1212 130 27 förändring
329 1212 24 21 af
368 1212 246 28 fördelningsgrunden,
632 1219 47 15 som
695 1212 69 22 redan
780 1211 24 22 af
820 1219 49 13 ma-

117 1248 103 28 joriteten
250 1248 59 21 inom
335 1248 222 22 FEkonomiutskottet
583 1248 37 22 vid
646 1248 90 22 senaste
762 1247 109 28 landtdag

119 1283 141 29 tillstyrktes.
291 1284 100 21 Beaktas
414 1284 40 22 bör
477 1284 119 28 nämligen,
614 1285 35 20 att
667 1284 26 21 de
709 1283 161 27 förändringar,

119 1326 47 15 som
182 1319 130 28 härigenom
328 1319 88 22 komme
433 1320 35 21 att
484 1322 43 26 äga
542 1327 56 20 rum,
615 1320 5 21 i
638 1319 83 29 själfva
732 1319 79 22 verket
822 1319 48 21 icke

118 1355 108 21 innebure
251 1356 70 21 annat
346 1357 29 19 än
399 1356 34 21 ett
449 1355 149 28 aflägsnande
614 1355 24 22 af
653 1354 217 28 missförhällanden,

119 1390 78 22 hvilka
212 1391 70 21 redan
298 1391 75 22 alltför
388 1391 66 28 länge
470 1391 45 22 fätt
530 1391 61 22 räda.
623 1391 78 22 Säsom
717 1391 69 21 redan
802 1390 69 22 ofvan

119 1426 142 28 framhällits,
287 1426 45 22 kan
355 1426 154 28 fördelningen
534 1427 57 22 efter
607 1427 86 21 mantal
708 1427 49 21 icke
772 1427 77 27 längre
865 1426 7 21 i

119 1461 64 22 detta
206 1462 39 21 fall
269 1469 66 15 anses
359 1463 115 21 motsvara
491 1470 30 14 nu
537 1462 99 22 rädande
652 1462 161 27 förhällanden,
831 1462 41 21 och
