1103 1756
319 156 29 21 U.
365 156 25 20 B.
407 168 26 2 —
449 155 75 28 Prop.
539 155 44 22 N:o
599 155 21 21 7.
830 154 24 20 21

99 224 79 20 kunna
201 223 117 21 definitivt
337 223 37 21 till
389 223 87 21 fonden
497 223 135 21 öfverföras.
663 223 90 21 Härvid
769 222 87 22 tillåter

99 258 36 28 sig
149 258 122 21 Utskottet
289 257 75 21 erinra
381 264 37 14 om
434 257 61 22 hvad
518 258 122 21 Utskottet
660 257 71 21 redan
756 257 98 28 tidigare

100 292 77 21 anfört
199 299 36 14 om
257 292 134 27 billigheten
408 292 25 20 af
446 299 28 13 en
490 292 130 28 ersättning
635 291 52 21 från
704 292 151 20 statsvärkets

99 326 50 22 sida
161 326 35 22 för
206 326 224 22 frambefordrandet
445 326 26 22 af
486 326 146 29 postvärkets
648 333 94 21 vagnar,
759 326 95 20 hvilken

99 361 136 28 ersättning,
258 360 39 22 vid
314 360 43 21 den
375 360 94 28 slutliga
484 361 155 28 uppgörelsen
657 360 113 22 fonderna
786 360 68 21 emel-

99 395 44 27 lan,
162 396 77 20 kunde
255 395 102 27 beaktas,
374 394 36 22 för
425 395 77 21 såvidt
518 395 134 21 densamma
667 395 84 21 hänför
766 396 37 27 sig
819 394 37 22 till

99 430 44 21 den
159 430 130 29 förgångna
305 429 72 22 tiden.

167 465 53 22 Med
243 464 52 22 stöd
318 464 26 21 af
361 464 39 21 det
423 464 97 22 anförda
542 465 36 20 får
599 464 123 22 Utskottet
737 464 119 21 vördsamt

98 499 128 27 hemställa,
242 501 33 20 att
291 499 131 21 Ständerna
437 499 56 21 ville
508 507 32 13 nu
557 499 97 21 besluta:

303 583 32 18 att
356 580 119 27 godkänna
502 581 114 20 Utskottets
636 580 120 27 beräkning
780 580 30 27 af
823 579 34 21 be-

235 615 127 27 hållningen
385 615 8 20 i
415 615 284 27 kommunikationsfonden
731 615 35 20 vid
796 614 58 20 detta

235 650 36 20 års
294 649 82 28 ingång
399 649 34 20 till
454 650 116 25 2,144,000
585 649 63 20 mark
664 649 38 20 och
718 649 30 26 af
758 649 97 26 fondens

235 683 116 21 inkomster
356 683 42 27 för
407 684 53 20 åren
468 684 56 20 1906
532 683 39 21 och
582 685 58 19 1907
649 683 35 20 till
694 683 162 27 sanmanlagdt

234 719 133 24 20,739,006
383 718 69 25 mark,
476 718 87 27 oafsedt
586 718 35 20 det
644 717 76 28 belopp
742 724 45 14 som
810 717 44 21 kan

235 753 86 20 lämnas
336 752 87 27 fonden
446 753 71 20 såsom
538 752 99 27 förskott
656 752 58 27 från
738 752 112 20 allmänna

234 787 145 27 statsfonden,
403 787 103 21 eventuelt
520 787 107 27 därifrån
643 786 135 28 öfverföras;
794 788 60 19 samt

303 824 32 18 att
347 821 42 27 för
404 828 84 14 samma
504 821 121 27 tidsperiod
641 821 56 20 skall
714 821 87 20 anvisas
817 820 38 21 och

236 855 67 22 bland
317 855 295 28 kommunikationsfondens
630 856 91 27 utgifter
737 858 120 25 upptagas:

373 931 20 25 a)
410 933 29 18 ett
461 931 78 26 anslag
562 930 31 27 af
610 931 118 24 4,900,000
744 930 62 21 mark
821 931 35 20 till

305 964 229 28 nybyggnadsarbeten
565 965 36 20 vid
627 965 24 20 de
672 965 96 26 färdiga
789 965 67 26 järn-

305 1001 105 26 vägarna,
427 1001 31 18 att
474 1002 54 25 efter
544 1000 137 27 regeringens
697 999 110 28 pröfning
818 1006 39 13 an-

304 1033 83 21 vändas
416 1034 8 20 i
449 1033 159 28 hufvudsaklig
633 1034 222 27 öfverensstämmelse

303 1068 48 21 med
367 1068 41 21 den
419 1069 8 19 i
437 1068 43 21 den
491 1069 81 27 nådiga
580 1069 165 27 propositionen
761 1069 91 26 intagna

301 1102 145 28 förteckning
462 1103 64 27 öfver
540 1102 76 27 dylika
632 1102 98 26 arbeten;

374 1148 19 28 b)
417 1151 29 18 ett
469 1149 78 27 anslag
571 1149 29 22 af
611 1150 117 23 6,300,000
744 1149 62 20 mark
822 1149 35 20 till

305 1183 82 27 ökning
409 1183 31 25 af
454 1184 166 26 järnvägarnas
644 1183 82 27 rörliga
746 1183 102 20 materiel

305 1217 114 28 äfvensom

375 1263 18 26 c)
409 1265 29 18 ett
462 1264 78 27 anslag
562 1263 30 26 af
608 1263 118 25 6,801,000
742 1263 62 20 mark
816 1263 42 27 för

301 1297 164 27 Jullbordande
482 1299 30 22 af
517 1298 263 27 Elisenvaara—Nyslott
791 1299 67 26 järn-

307 1339 45 20 väg.

167 1508 141 18 Statsutskottets
321 1509 110 18 betänkande
443 1509 40 18 N:o
496 1511 11 16 4
516 1510 22 17 A.
