1100 1750
283 124 82 22 Ständ.
382 123 37 23 Sv.
435 136 25 2 —
477 121 73 31 Prop.
566 123 45 23 N:o
626 123 23 22 3.

831 121 29 21 49

203 304 74 19 utsatt
292 303 55 20 eller
361 302 56 27 icke;
434 302 58 21 dock
505 302 109 28 stämplas
624 301 117 22 fideikom-

205 337 108 21 missbref
333 337 73 28 enligt
420 336 190 29 nästföregående
625 336 75 28 punkt
714 336 29 26 a)

274 371 144 22 Testamente
441 371 37 21 till
500 371 69 28 fader,
593 371 84 26 moder,
692 371 51 21 bro-

205 405 46 29 der,
277 405 136 28 halfbroder,
439 408 78 26 syster,
541 405 124 29 halfsyster
690 405 54 21 eller

205 440 99 29 broders,
330 440 149 28 halfbroders,
502 442 85 27 systers
610 440 54 21 eller
686 439 58 21 half-

206 477 85 26 systers
321 474 128 29 afkomling
479 475 81 28 drager
590 474 97 28 stämpel
716 473 29 21 50

206 509 70 28 penni
291 509 35 22 för
340 509 79 28 hvarje
434 509 58 21 fulla
509 509 41 22 100
564 509 65 21 mark
645 508 21 22 af
677 516 67 21 egen-

206 544 94 21 domens
315 544 75 21 värde.

276 579 145 21 Testamente
447 579 36 21 till
508 579 65 21 make
599 578 54 22 eller
678 578 67 21 maka

108 620 2 6 i
207 614 55 20 eller
284 613 174 29 bröstarfvingo,
479 614 33 20 till
529 612 216 29 undervisningsan-

207 648 61 27 stalt,
308 648 236 28 folkbildningssyfte,
574 647 172 28 vetenskapligt

207 682 56 21 eller
291 682 155 28 konstnärligt
476 681 106 22 ändamål
607 681 55 22 eller
686 680 60 22 from

208 716 97 21 stiftelse
325 716 118 22 äfvensom
458 716 8 21 i
483 716 124 21 allmänhet
621 716 37 21 till
668 715 78 28 hvarje

109 765 1 10 |
208 751 90 28 anstalt,
325 751 97 21 stiftelse
445 751 55 21 eller
518 751 105 28 förening
639 750 51 21 med
706 750 40 21 all-

109 794 1 14 |
207 785 143 28 männyttigt
371 786 60 27 syfte
447 789 60 18 samt
523 785 114 22 dessutom
654 785 44 20 alla
714 783 33 22 öf-

208 820 50 28 riga
273 822 158 23 testamenten,
446 827 84 21 genom
541 820 78 21 hvilka
630 819 117 31 egendom,

208 861 49 14 som
280 854 8 21 i
303 854 99 21 kontant
417 854 56 21 eller
487 854 69 21 värde
572 854 19 28 ej
607 855 89 28 uppgär
711 853 36 22 till

209 889 43 21 100
267 889 70 28 mark,
353 889 129 28 bortgifves
503 907 3 3 .
572 907 3 2 +

129 919 126 36 Transport-
279 906 58 38 aller
353 923 200 28 0fverlätelsebref
544 919 17 36 &
573 895 174 59 kronorusthäll,

194 957 178 22 kronohemman
396 958 43 21 och
457 959 71 20 andra
543 957 205 29 kronolägenheter

195 992 22 21 af
240 992 60 22 hvad
322 1000 70 14 namn
412 992 29 21 de
456 1000 55 14 vara
526 993 43 27 mä,
586 993 108 28 stämplas
708 991 40 22 vid

110 1031 2 27 |
195 1027 130 28 ansökning
343 1035 37 13 om
395 1027 128 22 immission
539 1028 12 20 å
566 1027 65 28 dylik
641 1027 108 28 lägenhet

195 1062 74 21 såsom
285 1061 118 28 Köpebref
417 1061 41 22 vid
473 1061 89 29 lagfart.
733 1068 7 5 *

110 1094 2 31 i
131 1095 146 28 Upplagsbevis
288 1096 108 28 stämplas
408 1096 75 21 såsom
495 1104 75 13 annan
579 1096 84 28 bilaga;
675 1103 23 13 se
708 1094 14 22 4
730 1096 19 26 8.

132 1130 178 28 Ursprungsbevis
326 1130 56 22 eller
394 1130 119 28 Certifikat,
522 1130 118 22 uttärdadt
650 1130 23 21 af
683 1130 66 21 brän-

196 1164 183 23 vinstillverkare
399 1166 55 21 eller
473 1164 183 29 -äterförsäljare,
673 1164 76 22 äfven-

195 1207 49 14 som
267 1199 114 22 certifikat
404 1201 55 20 eller
475 1200 91 21 faktura
581 1199 36 22 för
632 1207 70 20 varor,
719 1198 31 22 af-

196 1234 71 21 sedda
282 1237 34 18 att
331 1234 53 21 med
398 1234 136 22 tullförmän
549 1234 85 21 införas
650 1234 36 21 till
696 1233 54 28 Koj-

111 1277 2 19 |
197 1269 129 21 saredömet
365 1286 4 3 =.
435 1286 40 4 kok
507 1286 4 4 x
541 1287 3 2 k
576 1286 3 4 6
610 1286 3 3 +
645 1285 38 5 wa
704 1268 47 27 PM

111 1299 2 5 |
197 1303 29 21 Se
242 1303 8 20 i
266 1303 70 27 öfrigt
351 1303 13 21 3
380 1305 18 25 8.

111 1328 2 19 |
132 1337 100 22 Warrant
247 1338 110 27 stämplas
373 1338 75 21 säsom
463 1337 168 29 Förskrifning.

132 1371 63 22 Vexel
210 1372 111 27 stämplas
337 1373 75 20 såsom
427 1372 168 28 Förskrifning.

128 1405 207 28 Äktenskapsförord
365 1424 4 3 .
401 1424 3 3 .

130 1439 188 29 Ofverlätelsebref,
334 1441 47 21 lika
396 1419 57 54 med.
464 1420 125 54 Köpebref.

800 901 12 3 —
823 887 40 21 [25]

887 297 115 24 Stämpelaf-

882 328 38 24 gift
931 327 30 18 för
974 327 28 18 af-

887 356 117 23 handlingar

877 385 84 19 emellan
980 390 33 12 en-

911 414 68 19 skilda.
