1103 1756
328 146 28 22 U.
375 147 25 20 B.
421 159 19 2 —
459 146 74 28 Prop.
549 146 40 22 N:o
607 146 19 21 7.

342 518 290 23 Statsutskottets
648 518 208 22 betänkande

274 553 50 22 N:o
342 553 16 21 4
371 553 19 22 A
409 553 9 21 i
438 553 133 28 anledning
591 553 27 22 af
634 553 64 22 Hans
719 553 137 28 Kejserliga

272 587 122 28 Majestäts
420 587 89 28 nädiga
532 587 153 28 proposition
711 588 40 21 N:o
777 588 12 21 7
812 593 44 16 an-

273 621 91 28 gäende
380 621 326 23 kommunikationsfonden.

169 734 83 21 Denna
275 733 86 30 nädiga
388 734 143 28 proposition
554 733 42 22 har
615 734 22 21 af
655 733 108 29 samtliga
782 733 76 22 Ständ

100 769 141 21 remitterats
260 768 36 22 till
316 768 187 28 Statsutskottet,
522 776 49 14 som
589 768 86 29 jämväl
694 768 50 22 frän
763 769 94 29 Kejser-

100 804 49 28 liga
169 803 100 21 Senaten
288 804 45 20 fätt
351 806 116 26 emottaga
486 803 28 21 de
532 803 41 21 vid
591 802 107 22 ärendets
714 803 144 29 behandling

101 838 120 21 därstädes
248 838 123 21 tillkomua
389 837 147 29 handlingar,
556 838 23 21 af
597 838 79 21 hvilka
696 838 107 28 framgår,
823 839 35 20 att

101 872 143 29 omröstning
263 873 7 20 i
289 872 101 22 Senaten
409 872 50 21 icke
478 875 40 26 egt
530 880 57 14 rum.
614 872 122 22 Utskottet
748 872 43 21 har
804 872 52 21 där-

101 907 70 28 jämte
195 907 45 21 fått
264 906 37 22 del
324 906 22 22 af
365 906 28 22 de
412 906 39 22 vid
471 907 109 21 remissen
599 907 7 21 i
625 906 172 29 Ridderskapet
815 906 43 22 och

101 941 76 21 Adeln
197 944 58 19 samt
273 940 176 22 Bondeståndet
467 941 82 29 gjorda
569 940 142 22 uttalanden.

170 975 11 21 I
204 976 238 21 öfverensstämmelse
464 976 51 21 med
535 975 141 22 förfarandet
694 975 40 22 vid
752 978 105 19 närmast

102 1010 140 28 föregående
269 1010 140 28 landtdagar
436 1010 42 22 har
505 1010 122 22 Utskottet
651 1012 77 20 ansett
746 1010 35 28 sig
800 1010 57 22 böra

102 1044 89 28 afgifva
209 1045 41 21 sitt
268 1044 148 22 betänkande
435 1045 7 21 i
461 1044 128 29 anledning
607 1044 23 22 af
648 1044 152 22 förevarande
816 1045 42 21 nå-

102 1079 54 28 diga
184 1079 141 29 proposition
353 1079 7 21 i
387 1082 88 19 tvänne
503 1079 147 29 afdelningar
673 1079 22 21 A
720 1079 42 21 och
787 1080 27 26 B,
834 1078 23 22 af

101 1114 82 21 hvilka
201 1114 44 21 den
264 1114 68 29 förra,
350 1121 48 14 som
418 1122 30 13 nu
467 1114 147 28 framlägges,
633 1114 129 21 innehåller
774 1113 83 23 beräk-

102 1148 57 28 ning
179 1148 64 22 öfver
261 1148 314 22 kommunikationsfondens
593 1148 128 28 tillgångar
740 1148 42 22 och
799 1148 59 22 obli-

101 1182 121 28 gatoriska
248 1183 96 28 utgifter
371 1183 72 21 under
470 1182 187 30 finansperioden
680 1183 70 28 jämte
768 1182 91 29 förslag

103 1217 120 28 angående
250 1217 82 28 anslag
359 1217 36 21 till
424 1217 252 29 nybyggnadsarbeten
700 1217 40 21 vid
764 1217 94 28 färdiga

102 1252 126 28 järnvägar
247 1252 42 21 och
308 1251 128 29 tillökning
455 1252 23 21 af
497 1252 44 21 den
560 1252 86 28 rörliga
664 1252 134 21 materielen
817 1251 42 22 vid

102 1285 123 28 desamma,
253 1286 117 22 äfvensom
399 1286 121 22 utlåtande
548 1286 143 22 beträffande
716 1286 38 21 det
773 1286 85 28 belopp

103 1328 48 13 som
178 1320 73 22 under
274 1320 187 29 finansperioden
490 1320 77 22 kunde
585 1321 36 21 för
639 1328 45 21 nya
706 1321 154 28 järnvägsan-

102 1355 141 28 läggningar
270 1355 98 21 anvisas.
406 1355 77 21 Sedan
513 1355 131 21 Ständerna
666 1355 71 21 fattat
755 1355 78 21 beslut
852 1354 8 22 i

103 1388 128 30 anledning
258 1390 23 21 af
308 1390 20 28 ej
358 1390 89 21 mindre
466 1389 153 22 förevarande
637 1389 173 29 framställning
830 1393 30 17 än

103 1423 44 22 ock
169 1423 40 22 det
233 1424 148 21 betänkande
400 1431 47 14 som
467 1424 23 22 af
508 1424 233 29 Järnvägsutskottet
759 1423 99 22 rörande

103 1465 46 21 nya
176 1459 285 28 järnvägsanläggningar
485 1459 96 27 aflätits,
601 1459 59 21 skall
680 1458 180 22 Statsutskottet

173 1502 141 18 Statsutskottets
328 1503 108 17 betänkande
449 1503 37 17 N:o
499 1504 12 16 4
521 1503 22 17 A.
