1098 1748
454 119 39 21 N:o
507 120 14 20 3
809 119 27 21 37

461 189 13 21 6
489 190 20 26 8.

179 221 142 30 Afhandling
344 223 96 21 emellan
464 223 94 22 enskilda
580 225 59 19 samt
661 223 139 21 förbindelse
823 221 40 22 och

111 264 74 14 annan
210 257 72 28 skrift,
309 265 47 14 som
383 257 25 22 af
429 257 83 22 sådana
534 257 108 28 utfärdas,
665 258 37 21 må
725 257 90 22 affattas
837 257 29 27 på

112 291 137 28 ostämpladt
264 298 92 21 papper,
372 299 52 14 men
439 292 48 28 bör,
507 292 28 21 då
552 292 44 21 den
616 292 83 21 företes
715 292 38 21 vid
769 291 97 22 domstol

112 325 54 21 eller
182 325 229 30 embetsmyndighet,
435 326 70 22 förses
523 327 52 21 med
598 327 70 21 sådan
692 327 102 28 stämpel,
818 332 46 15 som

111 359 41 21 här
166 360 74 21 nedan
255 359 35 22 för
305 360 78 29 hvarje
399 361 39 21 fall
455 361 72 21 finnes
542 363 80 25 utsatt,
638 360 93 22 såframt
742 361 44 21 slik
796 359 71 22 hand-

111 394 49 29 ling
176 394 50 21 icke
241 394 36 21 för
291 395 58 21 visst
364 394 105 29 angifvet
491 395 106 22 ändamål
613 398 24 19 är
659 398 117 25 upptagen
793 396 74 20 såsom

112 428 131 29 stämpelfri.
260 429 212 29 Stämpelbeloppet
489 433 23 18 är
527 430 115 21 bestämdt
657 429 35 22 för
707 430 50 21 hela
773 429 94 22 afhand-

112 463 76 28 lingen
206 463 54 22 eller
275 463 103 29 skriften,
398 467 56 18 utan
471 464 105 22 afseende
592 465 12 20 ä
620 464 50 21 dess
686 464 61 28 vidd,
770 464 75 21 därest
860 463 8 20 i

112 497 90 22 tariffen
218 498 49 21 icke
282 499 158 28 uttryckligen
456 502 71 25 säges,
545 501 34 19 att
595 499 96 28 stämpel
707 498 110 22 beräknas
833 497 35 22 för

112 532 78 28 hvarje
206 532 46 27 ark,
268 532 81 22 hvaraf
363 533 97 21 skriften
476 533 82 27 består,
574 534 55 21 eller
637 533 57 22 efter
703 540 73 14 annan
789 531 78 30 grund.

114 595 755 17 —mnmnn
383 580 36 36 n
428 580 81 36 m—mn
683 580 190 36 SSE

756 624 1 16 |
777 627 34 20 me
830 630 23 17 Nf

865 618 2 15 |

866 638 1 8 i

115 745 1 22 |
132 739 113 27 Aktiebref
257 739 8 22 i
280 740 89 28 handel,
385 740 84 29 fartyg,
492 741 62 21 bank
562 740 43 22 och
621 740 127 21 industriell

233 774 128 29 inrättning
381 775 54 21 eller
451 780 70 16 annat
543 775 95 28 företag,
662 782 47 14 som
725 777 24 18 är

233 809 114 28 grundadt
369 810 30 27 på
415 809 78 28 aktier,
518 810 114 27 stämplas,
656 809 28 21 då
699 809 59 21 hela;

234 843 101 22 insatsen
358 843 35 22 för
413 843 79 29 hvarje
515 844 61 21 aktie
600 847 24 18 är
646 836 112 29 bestämd;

234 878 34 21 till
286 878 42 21 100
342 878 64 22 mark
422 879 55 21 eller
493 878 117 28 därunder,
627 878 51 22 med
711 895 4 4 .
745 895 3 3 .
783 892 15 2 —
840 878 25 20 10

234 912 138 28 därutöfver,
391 912 36 22 för
443 913 78 29 hvarje
536 913 56 22 fulla
616 914 42 20 100
679 913 69 27 mark,
867 908 2 2 ä

234 947 50 21 MIÖd
299 965 1 3 <
332 965 3 3 =
366 965 3 3 »
401 943 38 36 koa
471 965 3 3 m
506 943 37 36 ror
574 966 4 3 =
623 943 39 36 Ro
678 943 14 36 RR
713 943 19 36 Ko
746 964 3 3 6
842 947 23 19 10

131 982 122 28 Anvisning
268 982 109 29 stämplas
393 983 74 21 säsom
482 982 166 28 Förskrifning.

134 1016 251 28 Arfskiftesinstrument,
419 1017 28 21 dä
477 1017 126 22 detsamma
622 1019 128 25 upprättats

201 1058 47 14 som
279 1059 28 14 en
329 1051 59 21 ifrän
414 1051 337 29 bouppteckningsinstrument

201 1086 83 21 afskild
306 1086 117 28 handling,
448 1086 109 28 stämplas
580 1086 74 21 säsom
677 1093 72 14 annan

200 1120 83 29 bilaga.
314 1120 29 21 Se
357 1120 15 21 4
387 1122 20 25 8.

116 1149 1 32 |
133 1155 200 27 Arrendekontralt,
349 1162 23 14 se
387 1155 123 21 Kontrakt.

116 1193 1 4 '
133 1189 158 27 Assuransbref
309 1189 42 22 och
373 1189 214 28 assuransförnyelse,
611 1196 22 14 se
656 1189 95 21 Försäk-

201 1220 119 36 ringsbrei.
760 1246 1 4 i

116 1274 1 3 ;
132 1258 153 27 Bodmeribref
297 1259 81 28 drager
393 1259 99 27 stämpel
503 1259 74 21 såsom
587 1252 174 34 Förskrifning.
757 1248 8 43 ;

142 1292 195 29 Borgesförbindese,
353 1300 23 14 se
392 1292 226 22 Löftesförbindelse.

133 1333 320 28 Bouppteckningsinstrument,
479 1333 73 28 enligt
577 1333 89 21 hvilket
688 1332 63 21 boets

201 1367 134 28 behållning
345 1367 51 21 icke
404 1367 91 28 uppgår
505 1367 36 22 till
551 1367 63 28 1,000
622 1367 70 27 mark,
703 1366 59 27 fritt:

201 1401 47 21 Där
263 1401 162 28 behållningen
437 1401 7 21 i
460 1401 55 22 boet
529 1402 90 27 uppgår
634 1401 36 21 till
684 1397 78 33 minst;

237 1436 64 27 1,000
325 1436 70 28 mark,
418 1435 73 22 förses
519 1436 161 21 instrumentet
702 1435 61 21 med!

236 1471 97 27 stämpel
349 1470 36 21 till
403 1470 82 28 belopp
503 1470 30 21 af:
761 1465 2 6 i

877 220 115 25 Stämpelaf-

873 249 37 24 gift
922 249 30 18 för
965 249 27 18 af-

876 278 117 23 handlingar

873 307 84 18 emellan
965 313 33 11 en-

902 336 67 18 skilda.
