1103 1756
226 143 14 19 4

226 205 107 21 intraden
349 205 36 22 för
409 205 115 28 sistsagda
542 208 25 18 år
584 204 154 29 öfverskjuter
755 203 59 22 dock
829 203 54 21 med
899 205 83 23 20,000

226 241 66 21 mark
308 240 38 22 det
362 241 23 21 af
402 241 129 21 Ständerna
546 240 41 22 vid
603 243 92 19 senaste
715 239 113 28 landtdag
848 238 134 22 beräknade

225 277 93 28 belopp.

299 312 78 29 Enligt
400 313 62 22 hvad
486 313 162 22 erfarenheten
668 312 69 29 gifvit
757 311 41 22 vid
816 311 94 21 handen
925 310 56 21 bero

226 349 197 22 fluktuationerna
440 350 34 20 uti
490 349 227 28 maltbevillningens
735 347 134 28 afkastning
884 346 24 22 af
923 346 58 21 flere

226 385 109 26 faktorer,
359 385 90 22 hvilkas
465 385 88 22 verkan
568 384 51 22 icke
638 385 46 21 kan
701 387 31 26 på
748 383 101 22 förhand
860 382 120 22 beräknas.

227 421 65 21 Stort
301 421 130 28 inflytande
440 421 9 21 i
460 421 63 22 detta
534 421 132 22 hänseende
677 421 94 21 utöfvas
781 419 23 22 af
813 421 129 22 årsväxten,
952 417 29 22 de

225 457 132 22 klimatiska
371 457 175 22 förhållandena
562 459 59 19 samt
637 457 28 21 de
682 455 150 23 ekonomiska
841 453 139 30 konjunktu-

226 500 74 14 rerna.
331 493 35 22 De
385 495 91 20 senaste
500 496 66 18 årens
590 493 124 22 konstanta
739 491 161 28 nedåtgående
916 490 66 21 torde

226 529 111 28 därjämte
361 529 34 21 till
415 529 115 28 väsentlig
545 529 38 21 del
598 529 79 21 kunna
692 528 137 22 tillskrifvas
846 527 29 21 de
890 526 93 22 restrik-

226 565 50 22 tiva
300 565 218 28 lagbestämningar,
543 572 49 15 som
615 565 35 21 tid
669 565 58 21 efter
743 571 78 15 annan
844 561 138 23 utfärdats
970 557 16 41 i

227 601 62 28 syfte
306 603 31 19 att
352 601 125 22 inskränka
487 601 178 22 konsumtionen
682 601 24 21 af
721 599 163 29 maltdrycker,
900 599 8 20 i
923 598 59 21 före-

226 637 59 28 ning
315 637 53 22 med
399 637 45 22 den
473 637 103 28 ständigt
601 637 106 21 växande
733 634 249 31 nykterhetsrörelsen,

225 673 97 21 hvilken
338 673 108 22 särskildt
461 673 74 22 under
552 675 91 20 senaste
659 673 34 21 tid
709 672 90 29 antagit
809 671 137 22 karaktären
958 670 24 21 af

227 716 29 14 en
273 709 87 28 mäktig
375 709 150 28 folkopinion.
556 709 43 21 Att
618 709 69 21 dessa
701 709 104 21 faktorer
821 707 70 22 äfven
907 706 75 22 under

226 745 47 21 den
290 745 129 21 stundande
435 745 190 29 finansperioden
640 745 91 21 komma
749 747 33 19 att
798 743 65 29 spela
874 750 29 14 en
913 742 67 29 djupt

225 780 139 29 ingripande
381 781 42 21 roll
438 781 8 21 i
462 782 108 21 afseende
588 784 12 18 å
616 781 161 22 maltskattens
793 780 133 24 inkomster,
939 778 41 28 lig-

227 824 41 21 ger
284 817 36 21 för
336 820 77 26 öppen
429 817 51 29 dag.

299 853 46 21 Vid
361 854 161 27 uppgörandet
538 854 23 20 af
576 853 212 29 förslagskalkylen
803 852 38 21 för
857 854 55 18 åren
925 854 55 19 1906

227 889 44 21 och
298 892 54 19 1907
377 889 41 21 har
441 889 118 21 Utskottet
575 892 76 18 ansett
667 889 36 28 sig
718 889 58 21 böra
791 890 57 27 utgå
867 887 52 21 från
935 886 46 22 den

226 924 203 29 förutsättningen,
439 928 33 18 att
479 925 188 21 totalinkomsten
676 925 23 21 af
708 924 73 29 sagda
790 924 62 21 skatt
861 923 69 21 äfven
940 930 42 13 un-

227 960 42 22 der
285 960 28 22 de
329 963 114 19 närmaste
463 964 54 18 åren
532 961 91 21 komme
640 963 33 19 att
688 960 129 22 successivt
833 958 89 29 sjunka,
939 958 43 22 och

228 996 64 22 detta
309 996 8 21 i
333 1004 29 14 en
378 1000 61 18 ännu
455 997 102 21 starkare
572 996 149 29 progression
738 999 29 19 än
783 995 76 22 under
870 994 112 22 nästföre-

227 1032 91 28 gående
333 1032 87 28 period.
452 1033 42 21 Att
509 1035 71 25 något
596 1035 26 19 så
636 1036 43 18 när
695 1032 69 22 exakt
780 1031 104 22 beräkna
895 1030 87 28 graden

227 1068 24 21 af
268 1068 63 21 detta
345 1068 161 28 nedåtgående
521 1069 58 21 låter
595 1069 36 28 sig
648 1068 119 29 själffallet
783 1068 51 20 icke
846 1070 65 24 göra;
923 1066 60 21 dock

226 1104 43 21 har
286 1104 123 26 Utskottet,
424 1104 4 21 i
438 1104 151 22 betraktande
604 1104 66 22 däraf
681 1107 33 19 att
722 1103 167 27 minskningen
899 1102 8 21 i
918 1102 64 21 malt-

227 1139 103 22 skattens
345 1140 103 21 intrader
463 1140 74 22 under
552 1140 198 28 femårsperioden
763 1141 148 21 1901—1905
924 1138 59 27 egde

226 1183 52 14 rum
294 1176 53 21 med
363 1178 33 19 ett
411 1176 69 28 årligt
495 1176 108 22 medeltal
619 1176 23 22 af
660 1176 55 26 79/4,
733 1177 77 20 ansett
827 1182 30 14 en
873 1174 109 22 medelre-

227 1211 97 22 duktion
341 1212 23 20 af
379 1212 69 28 högst
466 1215 26 19 10
510 1212 27 28 ?/o
552 1212 37 21 för
603 1215 55 19 åren
671 1215 56 19 1906
739 1212 44 21 och
797 1213 56 21 1907
866 1212 116 19 motsvara

227 1254 30 14 en
267 1247 118 29 försigtigt
395 1247 116 29 uppgjord
522 1248 134 28 beräkning.
672 1247 75 29 Utgår
758 1254 56 14 man
825 1246 103 21 härifrån
938 1245 46 21 kan

226 1282 133 22 inkomsten
382 1283 23 21 af
420 1284 154 25 maltskatten,
594 1284 77 21 därest
687 1291 32 13 nu
737 1282 110 30 gällande
863 1282 122 21 skattesat-

227 1326 38 14 ser
288 1318 134 27 bibehållas,
446 1320 36 20 för
505 1322 25 18 år
548 1322 55 20 1906
620 1319 114 22 beräknas
750 1318 37 22 till
805 1320 97 24 558,000
919 1317 65 21 mark

227 1354 44 22 och
286 1354 36 22 för
340 1358 55 19 1907
412 1355 35 21 till
463 1358 95 23 502,000
574 1356 72 24 mark,
663 1355 56 21 eller
735 1355 8 21 i
759 1354 113 22 medeltal
887 1356 99 22 530,000

226 1390 72 21 mark.
330 1390 46 22 Det
391 1391 24 21 af
430 1391 148 28 Regeringen
593 1391 34 21 uti
644 1391 45 21 den
704 1390 88 29 nådiga
807 1388 177 30 propositionen

226 1426 149 29 kalkylerade
391 1426 109 29 beloppet
510 1427 24 22 af
550 1430 94 23 500,000
661 1427 66 21 mark
741 1434 44 21 per
802 1428 25 19 år
843 1424 66 23 torde
926 1424 60 22 altså

226 1462 55 21 med
298 1462 145 22 sannolikhet
458 1463 76 21 kunna
546 1463 113 28 påräknas
670 1465 56 19 utan
737 1461 138 29 förhöjning
886 1461 23 21 af
920 1460 65 23 malt-

227 1498 97 21 skatten.
