1106 1753
326 138 29 23 U.
371 139 28 22 B.
415 152 29 3 —
459 138 76 29 Prop.
551 140 41 22 N:o
608 139 24 22 5.
842 138 27 22 19

177 212 34 19 att
229 210 36 22 för
283 209 190 23 understödande
499 210 23 22 af
545 210 296 30 ungdomsföreningarnas
860 210 9 22 i

108 244 81 22 landet
205 244 153 22 sträfvanden
371 252 27 14 ur
411 252 87 14 samma
511 244 75 22 medel
598 245 74 21 mätte
685 244 78 23 ansläs
777 245 91 27 30,000

108 278 72 28 mark,
199 278 83 30 hvaraf
301 279 92 28 26,000
412 279 67 22 mark
498 278 76 23 skulle
598 279 157 22 öfverlämnas
774 280 25 21 åt
817 286 52 15 cen-

108 313 160 29 tralstyrelsen
286 313 37 23 för
342 314 115 28 ,Suomen
485 314 117 22 Nuorison
620 313 88 23 Liitto"
728 316 36 20 att
783 317 86 19 använ-

108 348 41 21 das
174 348 37 21 till
235 348 89 21 förmän
352 348 35 22 för
412 348 28 21 de
459 348 174 29 finskspräkiga
651 348 218 29 ungdomsförenin-

108 389 73 22 garna
205 382 43 22 och
273 383 74 27 5,000
372 383 67 21 mark
457 383 76 22 skulle
552 382 121 23 användas
692 383 37 21 till
747 382 122 23 understö-

108 416 76 23 dande
203 417 23 22 af
244 417 29 22 de
291 417 199 30 svenskspräkiga
508 417 291 30 ungdomsföreningarna.

295 523 387 28 Invaliditetsförsäkringsfond.

179 590 118 29 Slutligen
322 589 42 23 har
391 592 35 19 ett
453 590 63 22 inom
539 589 234 23 FEkonomiutskottet
800 589 71 23 väckt

109 624 86 29 förslag
214 624 86 28 därom,
320 626 35 20 att
373 626 34 20 ett
426 624 85 22 sädant
529 624 85 29 belopp
634 624 23 22 af
670 624 200 22 bränvinsskatte-

109 658 91 23 medlen
228 666 48 14 som
305 661 129 20 motsvarar
461 658 44 22 den
530 666 96 20 summa,
645 666 49 14 som
712 666 27 14 ur
757 658 113 22 utskänk-

108 693 183 29 ningsbolagens
308 693 139 22 vinstmedel
460 694 126 21 öfverföres
600 693 36 22 till
649 693 222 22 kommunikations-

109 727 92 28 fonden,
221 727 75 22 skulle
315 727 97 22 afsättas
431 727 38 22 till
488 735 28 14 en
536 727 100 22 särskild
654 727 56 22 fond
728 727 37 22 till
781 728 90 21 förmän

109 763 37 21 för
163 770 28 13 en
210 763 7 21 i
236 763 53 21 värt
307 761 55 23 land
380 762 8 21 i
406 762 129 22 framtiden
553 761 145 30 uppstäende
723 762 85 22 allmän
836 762 34 21 in-

110 796 363 29 validitetsförsäkringsanstalt,
492 797 8 21 i
520 797 121 22 Utskottet
659 797 85 21 vunnit
756 797 115 28 enhälligt

110 831 133 22 understöd.
280 831 73 22 Dessa
380 831 77 22 medel
485 831 71 22 hafva
574 831 8 22 i
600 831 45 22 den
664 831 86 29 nädiga
768 831 103 29 proposi-

110 866 79 21 tionen
207 866 150 29 uppskattats
375 865 76 22 under
470 865 186 30 finansperioden
676 866 61 29 stiga
755 865 58 22 tilli
825 873 46 14 me-

110 900 72 22 deltal
202 901 108 27 900,000
330 900 65 23 mark
413 908 38 14 om
471 901 55 21 året.

179 935 81 22 Ehuru
287 935 305 22 kommunikationsfonden
629 935 135 28 härigenom
800 935 72 28 ginge

111 970 66 21 miste
203 977 36 14 om
267 977 29 14 en
323 969 118 30 väsentlig
469 969 38 22 del
526 969 23 22 af
568 969 28 22 de
615 969 75 22 medel
709 970 23 21 af
749 969 123 22 bränvins-

110 1004 101 28 skatten,
238 1004 82 22 hvilka
338 1004 8 22 i
363 1005 152 28 regeringens
542 1004 144 29 proposition
714 1004 96 22 föresläs
837 1005 36 20 att

111 1038 36 22 till
165 1038 134 22 densamma
317 1038 137 28 öfverföras,
468 1038 42 22 har
525 1038 124 22 Utskottet
662 1040 76 19 ansett
750 1038 40 21 det
802 1038 70 21 ofvan

110 1073 134 28 föreslagna
257 1072 133 23 ändamälet
402 1081 58 14 vara
474 1073 24 22 af
510 1073 45 21 den
568 1072 128 29 betydelse,
706 1074 36 21 att
750 1072 123 23 Utskottet

111 1107 51 22 icke
188 1107 42 22 har
258 1107 82 22 tvekat
367 1107 62 22 atti
448 1107 48 22 alla
520 1107 124 22 afseenden
663 1107 143 22 understöda
824 1107 49 21 det-

110 1149 94 15 samma.
241 1142 34 22 Ur
299 1142 123 29 principiel
451 1141 122 30 synpunkt
599 1141 43 23 bör
668 1141 142 28 framhällas,
838 1143 35 20 att

110 1176 137 29 härigenom
265 1184 28 14 en
313 1176 37 22 del
369 1177 24 21 af
411 1176 70 23 dessa
499 1176 153 23 skattemedel
671 1176 89 22 komme
780 1178 35 20 att
833 1183 40 14 an-

111 1211 87 22 vändas
217 1211 37 22 till
273 1211 101 29 höjande
393 1211 23 22 af
434 1211 50 29 just
497 1211 27 22 de
536 1211 101 22 klassers
649 1211 151 22 ekonomiska
812 1210 59 29 läge,

110 1245 94 22 hvilkas
237 1245 108 22 ekonomi
377 1248 61 19 mest
473 1245 60 23 lider
566 1245 24 22 af
631 1245 242 22 alkoholmissbruket.

111 1280 42 21 Om
177 1280 207 29 nödvändigheten
410 1280 24 22 af
458 1288 30 14 en
512 1280 73 22 sädan
609 1279 87 24 anstalt
713 1280 80 22 kunna
811 1279 63 22 olika

111 1314 122 29 meningar
259 1315 52 21 icke
329 1315 82 22 finnas.
448 1315 12 21 I
490 1315 127 29 anledning
645 1314 23 22 af
692 1322 28 14 en
739 1314 40 22 vid
798 1313 76 23 landt-

111 1348 75 29 dagen
211 1350 26 21 är
265 1349 64 22 1900
351 1349 125 22 framstäld
501 1349 100 29 petition
626 1349 42 22 har
692 1349 138 28 regeringen
849 1349 25 20 år

114 1383 64 21 1904
192 1383 85 22 tillsatt
290 1391 28 14 en
331 1383 88 23 komitö
435 1384 55 21 med
502 1382 155 33 uppdragyatt
669 1387 106 25 uppgöra
787 1383 87 28 förslag

110 1424 37 14 om
158 1424 28 15 en
194 1418 86 22 allmän
287 1418 142 22 älderdoms-
435 1418 46 22 och
488 1417 386 29 invaliditetsförsäkringsanstalt.

110 1451 83 23 Denna
221 1452 88 22 komitö
336 1452 42 22 har
403 1452 75 22 redan
505 1452 73 23 utfört
596 1460 29 14 en
643 1451 133 31 betydande
795 1451 37 22 del
851 1451 24 22 af

180 1495 143 18 Staisutskottets
336 1495 113 18 betänkande
461 1496 39 17 N:o
512 1496 18 17 3.
