1098 1750
827 127 27 19 31

176 188 81 22 Såsom
269 196 28 14 ur
306 188 76 22 denna
390 188 71 22 tabell
469 189 109 29 framgår,
587 190 42 21 har
639 190 86 21 antalet
733 190 24 21 af
764 190 29 22 de
802 190 53 26 bon,

105 224 90 22 hvilkas
218 224 134 28 behållning
371 224 140 29 understigit
532 228 65 23 1,000
613 226 39 21 mk
668 226 43 21 och
726 226 36 21 för
778 226 79 21 hvilka

105 260 167 28 stämpelafgift
294 260 63 29 förty
377 260 51 22 icke
449 260 178 29 ifrågakommit,
650 264 25 19 år
697 264 56 20 1902
770 261 87 29 utgjort

107 299 44 23 57,3
160 296 28 28 %/o
213 296 23 21 af
257 296 106 28 samtliga
386 296 111 22 dödsbon.
530 297 33 21 Af
583 297 29 21 de
632 297 47 21 bon
695 300 54 23 åter,
765 297 92 22 hvilkas

105 332 135 28 behållning
264 332 131 28 öfverstigit
418 336 63 22 1,000
502 333 65 21 mark
587 333 109 22 tillhörde
712 334 84 28 80,59/
812 333 45 21 den

105 368 76 28 lägsta
204 368 121 28 kategorin
345 369 182 27 (1,000—9,999)
549 372 60 18 samt
627 373 44 22 10,5
681 370 28 28 %
725 370 45 21 den
786 369 72 28 därpå

106 404 102 28 följande
224 405 212 27 (10,000—19,999)
453 405 84 21 medan
553 405 86 21 antalet
652 405 8 21 i
671 405 29 21 de
712 405 74 28 öfriga
796 405 62 21 kate-

107 440 106 29 gorierna
230 440 120 22 varierade
367 440 85 22 mellan
465 441 170 29 2,99/,—0,3"/o.
647 441 34 22 Ur
689 441 170 28 beskattnings-

106 477 120 28 synpunkt
252 477 78 21 ställer
354 477 35 28 sig
412 477 155 22 förhällandet
587 477 104 22 däremot
707 477 150 22 annorlunda.

107 513 12 20 I
134 513 29 28 %/
186 513 24 20 af
234 520 89 14 summa
342 513 100 21 influtna
458 513 194 28 stämpelafgifter
667 513 37 22 för
719 513 140 29 bouppteck-

108 548 210 28 ningsinstrument
333 549 103 21 kommer
451 549 51 21 icke
518 549 90 21 mindre
625 552 29 18 än
670 552 46 23 66,5
726 549 28 28 ?/o
765 552 30 25 pä
804 549 56 21 sista

107 584 121 29 kategorin
255 586 135 27 (150,000—
419 585 43 21 och
489 585 143 28 därutöfver)
657 588 59 19 samt
739 586 68 27 9,5"/o
830 588 30 25 pä

108 620 110 22 nästsista
238 621 105 28 kategori
363 621 250 28 (100,000—149,999),
634 622 85 20 medan
733 622 36 21 för
786 621 75 28 öfriga

108 656 90 22 mindre
214 656 130 29 kategorier
360 657 152 28 procenttalet
526 657 103 21 varierar
643 657 84 22 mellan
737 660 32 23 2,3
777 658 30 27 9/9
818 656 43 22 och

109 695 31 23 4,3
150 692 34 28 ?/o.
208 692 159 22 Kolumnerna
384 696 57 19 7—8
464 693 78 21 utvisa
561 693 156 21 förhållandet
732 693 84 21 mellan
832 693 28 21 de

109 728 75 22 skilda
199 728 160 29 kategorierna
377 728 8 22 i
402 729 109 21 afseende
528 731 12 19 &
556 729 191 28 beskattningens
758 729 102 21 resultat.

108 764 53 22 Den
170 764 23 22 af
202 764 119 22 Utskottet
330 765 41 21 här
381 764 71 22 ofvan
460 764 82 29 gjorda
548 765 127 21 statistiska
686 760 175 37 bearbetningen

110 800 154 28 adagalägger
288 800 69 22 äfven
378 800 151 22 arfsskattens
553 801 91 21 tillväxt
667 801 7 21 i
690 800 59 29 följd
764 801 24 21 af
805 803 55 19 1897

112 839 36 19 års
177 836 127 29 landtdags
332 836 76 22 beslut
436 844 36 14 om
498 836 93 29 förhöjd
615 837 62 21 skatt
705 839 13 19 &
745 837 35 21 arf
803 836 59 22 efter

110 872 172 28 sidoarfvingar
317 875 59 19 samt
408 872 109 28 fjärmare
552 872 96 22 fränder
683 873 44 21 och
757 872 104 28 oskylde.

110 908 90 21 Härvid
222 908 47 21 kan
290 908 100 28 förtjäna
409 908 133 22 framhällas
565 911 33 19 att
619 909 28 21 de
669 908 23 22 af
707 908 155 28 Bevillnings-

110 944 112 21 utskottet
252 944 40 22 vid
318 944 72 28 sagda
420 944 112 28 landtdag
563 944 141 22 härutinnan
730 943 133 22 verkstälda

111 979 183 29 approximativa
324 980 136 28 kalkylerna
488 980 147 22 beträffande
662 980 200 28 stämpelskattens

111 1015 133 29 afkastning
260 1016 126 22 bekräftats
404 1016 23 21 af
442 1016 47 21 den
504 1024 32 14 nu
552 1024 79 13 vunna
647 1016 167 21 erfarenheten.

181 1052 12 20 I
213 1052 115 21 anseende
350 1052 35 21 till
404 1052 46 21 den
470 1055 62 18 stora
551 1052 120 28 betydelse
688 1059 29 14 en
732 1051 132 27 tillförlitlig

112 1087 113 22 statistisk
253 1088 176 28 undersökning
458 1088 24 21 af
506 1088 202 28 stämpelskattens
732 1086 133 28 afkastning

113 1123 74 21 skulle
202 1124 72 21 hafva
290 1124 36 21 för
342 1123 184 29 möjliggörande
542 1124 24 21 af
582 1123 151 29 erforderliga
743 1122 121 23 beräknin-

111 1166 41 21 gar
174 1159 42 22 vid
237 1167 29 14 en
288 1160 106 21 eventue]
414 1160 138 28 förändring
572 1160 23 21 af
611 1167 32 14 nu
659 1159 106 29 gällande
781 1159 84 22 skatte-

112 1198 94 25 system,
223 1195 41 22 har
280 1195 119 22 Utskottet
415 1198 76 19 ansett
506 1195 128 22 önskvärdt
649 1195 50 22 icke
715 1195 58 21 blott
789 1198 33 18 att
836 1202 29 14 en

109 1231 71 22 sädan
191 1232 125 28 utredning
323 1232 36 21 för
367 1232 161 21 kalenderäret
538 1235 63 22 1906,
610 1231 55 22 eller
673 1231 116 22 eventuelt
801 1233 63 22 1905,

110 1266 78 22 blefve
197 1267 269 22 nästsammanträdande
473 1267 100 22 Ständer
577 1267 112 28 förelagd,
697 1269 54 19 utan
757 1267 70 21 äfven
833 1268 33 19 att

110 1303 124 22 framdeles
240 1303 250 29 statistiskauppgifter
499 1304 59 22 öfver
564 1298 207 39 hithörandefrägor
788 1302 77 22 blefve

111 1338 154 28 regelbundet
280 1340 134 25 insamlade,
431 1339 112 29 antingen
559 1339 89 28 ärligen
664 1339 61 25 eller,
747 1338 40 22 där
803 1338 64 22 detta

111 1374 73 22 skulle
202 1382 67 15 anses
286 1375 104 22 medföra
406 1376 68 20 altför
485 1379 48 18 stor
544 1378 107 25 omgång,
663 1374 54 22 med
727 1374 63 22 vissa
800 1374 67 21 korta

111 1410 144 22 mellanskof.
289 1411 118 22 Särskilda
426 1411 141 29 detaljerade
586 1410 119 29 uppgifter
720 1409 146 23 beträffande

109 1446 48 21 den
176 1449 14 18 å
205 1447 36 21 arf
257 1447 100 28 pälagda
373 1447 168 28 stämpelafgift
557 1446 43 22 och
616 1446 29 22 de
664 1446 202 28 omständigheter,

110 1482 80 21 hvilka
205 1482 41 22 vid
267 1485 33 19 ett
315 1482 108 22 framtida
439 1482 136 28 reglerande
592 1482 23 21 af
631 1482 140 21 arfsskatten
786 1481 78 22 kunde
