1098 1750
237 129 31 19 20

236 192 68 28 ringa
317 192 7 21 i
332 192 124 28 jämbredd
466 193 53 22 med
531 194 72 21 andra
614 194 67 22 däraf
690 193 121 29 påkallade
822 193 96 29 utgifter
930 196 60 19 samt

236 230 79 26 någon
330 228 85 29 klagan
431 231 33 19 att
481 229 103 29 antydda
594 229 151 29 beskattning
755 229 65 22 öfver
831 229 92 21 hufvud
932 236 59 15 vore

236 264 38 21 för
290 264 59 28 dryg
365 264 19 28 ej
402 265 120 28 försports,
538 265 42 21 har
596 265 119 22 Utskottet
730 265 50 22 icke
797 267 75 19 ansett
886 265 107 21 anmärk-

236 299 88 29 ningen
339 300 91 28 påkalla
445 303 78 26 någon
538 301 88 28 åtgärd.

589 385 14 29 S
620 388 19 19 6.

309 443 340 30 Bouppteckningsinstrument.
692 445 46 21 Vid
768 443 172 29 behandlingen
966 444 26 21 af

236 479 84 28 frågan
336 487 36 14 om
389 480 159 29 stämpelskatt
564 483 13 18 å
590 480 341 29 bouppteckningsinstrument
948 480 44 21 har

236 514 64 22 inom
310 515 118 22 Utskottet
438 516 88 28 förslag
536 516 81 22 väckts
633 523 38 15 om
681 516 100 29 höjande
795 516 24 21 af
829 516 45 21 den
885 523 106 21 progres-

237 550 59 27 sion,
318 551 72 28 enligt
405 552 94 21 hvilken
516 552 90 21 skatten
622 555 30 26 pä
675 553 36 21 arf
733 552 34 21 till
791 552 108 28 fjärmare
922 552 68 21 släkt-

236 586 40 22 led
291 587 35 21 för
342 588 145 22 närvarande
503 590 68 26 utgår
587 588 42 22 och
646 596 49 14 som
715 588 88 29 jämväl
818 588 8 21 i
842 588 45 22 den
905 588 85 28 nådiga

236 623 176 28 propositionen
426 624 139 22 bibehällits.
582 624 39 22 Ett
633 624 175 28 önskningsmäl
818 624 8 21 i
837 631 87 14 samma
934 624 55 21 rikt-

236 658 59 29 ning
309 659 42 21 har
367 659 70 22 äfven
457 660 8 21 i
480 660 197 28 Borgareständet
692 660 157 22 framkommit
864 660 41 21 vid
925 663 63 18 ären-

237 694 51 22 dets
305 694 87 23 remiss.

297 730 118 23 Utskottet
430 732 107 22 förnekar
553 732 50 22 icke
619 734 34 20 att
668 732 35 22 arf
719 732 43 22 och
779 732 108 21 särskildt
897 732 94 26 sädana,

236 773 51 15 som
299 766 95 22 tillfallit
409 767 108 29 fjärmare
534 768 133 28 släktingar,
684 771 39 19 äro
739 770 34 19 att
788 768 71 21 räkna
875 768 71 21 bland
960 768 29 21 de

236 802 160 29 skatteobjekt,
410 811 50 14 som
470 804 40 21 vid
521 804 71 22 behof
603 804 24 21 af
635 804 73 22 ökade
717 804 86 22 skatter
812 807 101 18 närmast
922 804 66 21 torde

235 839 221 27 uppmärksammas.
488 840 36 21 Dä
548 840 127 21 emellertid
699 840 39 22 det
761 840 76 21 denna
858 842 63 26 gäng
937 840 51 21 icke

235 873 55 22 hört
309 874 35 21 till
364 874 129 23 Utskottets
513 876 94 28 uppgift
627 878 34 19 att
680 876 81 21 anvisa
777 883 47 21 nya
839 878 98 26 utvägar
952 876 37 20 för

236 910 187 22 statsbehofvens
446 911 111 29 fyllande,
578 912 41 21 har
640 914 33 19 ett
692 912 89 28 förslag
801 911 35 21 till
857 918 29 14 en
905 911 84 21 skatte-

236 945 88 29 ökning
333 946 8 21 i
352 946 40 22 det
402 947 62 28 syfte
475 947 71 21 ofvan
557 947 136 21 framhållits
705 948 51 21 icke
767 948 24 20 af
801 947 118 21 Utskottet
928 950 59 18 utar-

235 976 83 49 betats.
338 978 64 51 Skall
413 985 93 39 engång
516 983 140 21 arfsskatten
667 983 144 21 kännbarare
823 986 88 25 stegras
922 983 67 21 torde

642 1027 3 4 väoan
690 1026 55 15 en
781 1018 120 22 orundligare
911 1018 78 22 bered-

236 1060 58 20 ning
314 1056 30 18 än
363 1061 32 13 nu
415 1054 47 21 kan
482 1062 46 14 ske.
946 1062 17 21 y'

235 1088 108 28 ningsvis
359 1089 127 27 framhålla,
504 1093 32 19 att
548 1090 27 28 ju
585 1093 72 19 större
671 1091 92 21 skatten
776 1090 50 26 blir,
838 1090 65 22 desto
915 1093 74 19 större

235 1123 46 22 blir
298 1124 123 23 frestelsen
440 1128 32 19 att
488 1126 78 28 undgå
581 1126 52 26 den,
650 1127 95 21 hvarför
762 1126 113 22 särskilda
890 1126 98 22 bestäm-

234 1159 85 29 ningar
341 1161 67 22 torde
431 1161 73 22 blifva
528 1162 151 29 erforderliga
701 1162 38 22 för
759 1165 34 18 att
812 1162 8 21 i
841 1162 86 21 sådana
946 1162 42 21 fall

235 1195 84 22 hindra
338 1197 159 28 kringgående
520 1198 22 21 af
563 1198 44 28 lag.
639 1198 78 21 I:den
737 1201 54 18 män
809 1197 179 29 progressionen

235 1232 64 26 ökas,
322 1233 108 22 framstår
460 1234 68 21 äfven
551 1241 49 14 mer
624 1237 29 18 än
675 1234 90 21 härtills
789 1233 150 29 obilligheten
964 1233 24 22 af

235 1268 156 27 grundsatsen
406 1269 8 21 i
431 1271 41 20 vär
488 1270 113 28 skattelag
617 1272 33 19 att
666 1270 91 21 skatten
774 1269 58 22 skall
846 1273 93 24 utgöras
951 1269 36 22 för

234 1303 66 21 boets
318 1304 170 29 skattskyldiga
503 1305 134 28 behällning
652 1306 8 20 i
676 1306 53 20 dess
745 1305 85 25 helhet,
846 1305 5 21 i
865 1305 76 21 stället
950 1305 39 22 för

234 1341 41 23 att,
292 1341 75 19 såsom
383 1340 8 21 i
407 1340 29 22 de
451 1340 69 22 flesta
534 1341 81 21 länder
631 1341 64 21 fallet
712 1344 31 23 är,
760 1341 71 21 träffa
843 1341 29 21 de
883 1341 105 21 enskilda

234 1374 260 30 sterbhusdelegarenas
503 1377 94 21 andelar
604 1376 8 22 i
620 1377 211 28 kvarlätenskapen
839 1376 42 22 och
890 1376 98 22 sälunda

233 1410 89 29 lämpas
339 1411 59 21 efter
414 1419 59 21 resp.
491 1412 129 28 arfvingars
632 1413 191 27 skatteförmäga;
835 1412 73 22 sädan
918 1412 69 29 lagen

233 1454 34 13 nu
287 1449 24 19 är
331 1446 89 22 betalar
438 1448 141 28 exempelvis
595 1456 29 14 en
639 1456 92 21 person,
749 1456 49 14 som
814 1455 78 15 ensam
910 1448 78 22 ärfver

233 1488 31 15 en
284 1482 179 30 kvarlåtenskap
484 1491 36 14 om
539 1487 79 23 10,000
635 1484 70 26 mark,
723 1484 37 23 3/10
771 1484 26 24 %
814 1484 72 26 däraf,
903 1484 84 22 medan
