1103 1753
371 104 22 18 U.
407 104 21 17 B.
440 103 60 24 Prop.
512 104 37 18 N:o
562 104 18 17 5.
841 103 12 17 3

101 165 74 20 såsom
192 171 51 14 man
260 163 93 28 tidigare
369 163 94 22 befarat,
493 158 32 27 År
543 163 57 22 1888
615 163 78 28 höjdes
710 163 57 22 dock
784 163 67 21 brän-

101 199 143 22 vinsskatten
261 199 81 22 endast
357 199 131 29 obetydligt,
504 199 193 27 hufvudsakligen
713 199 7 21 i
737 199 70 22 afsikt
818 199 35 21 att

101 236 103 27 utjämna
228 236 32 21 ett
284 235 24 22 af
330 236 192 28 metersystemets
538 234 118 23 införande
671 234 113 23 föranledt
799 235 54 21 obe-

101 271 80 22 kvämt
205 271 95 22 bråktal.
331 271 190 29 Skattebeloppet,
545 270 87 23 hvilket
657 270 57 22 efter
740 271 9 21 1
770 270 39 22 mk
824 270 29 21 60

101 307 28 28 pi
145 314 38 22 per
199 307 77 22 kanna
292 307 71 22 skulle
380 307 83 28 utgjort
478 307 55 26 61,13
550 307 68 28 penni
634 313 39 22 per
683 306 56 28 liter,
752 307 101 21 bestäm-

102 343 39 21 des
164 343 33 21 till
221 343 28 21 62
272 343 67 28 penni
359 350 38 21 per
412 343 54 21 liter.
496 337 32 27 År
546 343 54 21 1891
618 342 79 29 höjdes
713 342 92 22 skatten
820 342 34 21 till

102 378 29 22 65
150 379 68 28 penni
233 385 38 22 per
286 378 55 28 liter,
359 380 25 20 år
402 378 57 22 1894
474 378 33 22 till
524 378 28 22 70
568 378 74 28 penni,
659 379 25 20 år
701 378 58 22 1897
776 378 33 22 till
824 378 29 21 75

102 414 67 29 penni
193 414 41 22 och
257 415 24 20 år
306 414 57 22 1900
386 414 34 21 till
435 414 29 22 85
480 414 68 29 penni
563 421 39 22 per
616 414 56 22 liter.
704 414 43 21 Vid
763 415 91 21 senaste

102 450 94 28 lagtima
211 450 109 28 landtdag
335 450 96 27 föreslog
446 450 223 22 Ekonomiutskottet
679 450 175 22 bränvinsskat-

102 487 51 21 tens
177 486 95 29 höjande
295 486 34 21 till
345 486 28 22 95
389 486 68 28 penni
474 493 38 22 per
527 486 56 27 liter,
600 493 52 14 men
668 486 129 22 Utskottets
813 486 41 21 be-

102 522 117 22 tänkande
241 522 7 21 i
272 523 77 20 ämnet
372 522 45 21 blef
439 522 30 22 då
491 522 49 22 icke
562 521 141 23 behandladt
722 522 7 21 i
750 522 105 28 samtliga

103 558 75 27 stånd,
194 557 90 23 hvarför
301 558 92 22 skatten
409 557 195 29 fortsättningsvis
616 558 66 27 utgår
691 557 51 22 med
751 558 28 21 85
788 558 67 28 penni

103 601 39 21 per
157 594 55 22 liter.

174 630 52 21 Med
242 630 164 27 godkännande
423 630 23 21 af
462 630 28 21 de
506 630 56 28 skäl,
579 630 79 21 hvilka
673 630 7 21 i
696 629 51 22 nåd.
756 630 99 28 proposi-

103 666 77 21 tionen
204 666 108 28 åberopas
332 666 34 21 för
381 666 97 28 höjande
494 666 24 22 af
532 665 208 28 bränvinsskatten,
757 666 42 21 har
813 666 42 21 Ut-

103 702 86 21 skottet
205 702 77 21 ansett
297 701 92 22 berörda
405 701 64 22 skatt
485 702 68 21 äfven
564 702 75 21 denna
650 703 60 26 gång
721 702 53 21 böra
784 702 71 27 höjas,

103 737 24 28 ja
141 737 35 22 till
191 737 41 22 och
248 737 51 22 med
315 737 34 22 till
365 738 33 21 ett
413 737 69 28 högre
498 737 79 29 belopp
594 739 30 20 än
640 737 39 22 det
694 738 7 21 i
713 737 143 28 regeringens

104 773 135 29 proposition
254 773 134 28 föreslagna.
420 773 93 22 Samma
529 773 50 22 skäl
595 781 49 14 som
658 773 67 28 förut,
743 773 113 28 nämligen

105 809 143 22 sträfvandet
263 810 35 21 att
314 816 79 21 genom
409 817 29 14 en
454 809 92 29 höjning
562 809 24 22 af
600 809 133 22 bränvinets
745 809 44 29 pris
798 809 58 22 min-

105 845 42 22 ska
168 845 173 22 konsumtionen
365 845 24 22 af
412 845 76 22 denna
511 853 61 20 vara,
589 845 91 22 kräfver
695 845 114 28 framgent
824 846 34 20 ett

104 880 151 23 fortsättande
279 881 24 22 af
326 881 160 28 utvecklingen
507 882 7 21 i
535 889 87 14 samma
640 881 99 28 riktning
755 888 48 15 som
819 880 38 22 vid

104 917 134 28 föregående
261 917 140 28 landtdagar.
434 917 41 22 Om
499 917 41 22 ock
556 917 75 22 denna
647 917 146 29 prisstegring
808 916 49 22 icke

104 953 46 22 kan
174 953 83 22 tänkas
280 953 8 22 i
311 953 127 22 nämnvärd
462 953 56 28 grad
541 953 95 22 inverka
659 955 29 27 på
707 953 56 28 dem,
779 952 79 22 hvilka

104 989 70 22 redan
197 990 57 21 vant
278 989 33 28 sig
331 989 39 22 vid
385 989 84 22 bruket
485 989 24 22 af
525 989 176 28 alkoholhaltiga
717 989 99 29 drycker,
833 990 26 19 är

105 1025 38 22 det
159 1025 70 22 likväl
245 1025 117 28 antagligt,
379 1026 36 21 att
431 1025 133 22 densamma
579 1026 7 20 i
602 1025 35 22 sin
653 1026 52 21 mån
720 1025 59 21 skall
789 1024 70 22 verka

106 1061 92 28 därhän,
224 1062 34 20 att
282 1061 38 21 det
340 1061 162 29 uppväxande.
518 1061 83 21 släktet
616 1061 60 21 inom
692 1060 43 22 den
750 1060 107 27 fattigare

105 1097 65 21 delen
193 1097 24 21 af
240 1097 160 27 befolkningen
424 1097 96 21 mindre”
536 1097 78 28 vänjer
636 1097 33 27 sig
693 1097 35 21 att
743 1096 59 29 köpa
817 1096 42 21 och

105 1132 85 22 förtära
213 1133 101 21 bränvin.
345 1132 76 23 Under
445 1133 27 21 de
493 1134 90 21 senaste
599 1132 88 22 tiderna
703 1132 40 22 har
759 1139 28 15 en
803 1139 55 21 syn-

106 1168 98 28 nerligen
221 1169 62 21 stark
300 1169 89 29 opinion
404 1170 62 20 inom
483 1171 51 20 vårt
549 1168 46 22 folk
611 1168 85 29 begynt
712 1168 58 29 yrka
781 1169 29 27 på
819 1167 40 22 allt

105 1204 123 28 kraftigare
252 1205 103 27 åtgärder
379 1205 123 29 åsyftande
524 1212 27 14 en
572 1204 128 28 minskning
715 1205 8 20 i
738 1204 82 21 bruket
836 1203 24 21 af

105 1240 138 30 rusdrycker,
269 1241 41 21 och
333 1241 61 22 hvad
413 1242 123 21 bränvinet
552 1240 109 22 beträffar
677 1247 65 15 anser
757 1247 52 14 man
827 1239 33 27 sig

105 1277 55 21 böra
183 1276 88 22 sträfva
294 1277 34 21 till
351 1277 64 21 detta
439 1278 46 20 mål
509 1284 79 20 genom
610 1277 34 21 att
660 1276 101 22 försvåra
776 1282 83 15 varans

106 1313 101 21 åtkomst
222 1312 40 22 och
279 1314 75 26 stegra
370 1312 52 22 dess
439 1313 51 28 pris.

151 1348 79 22 Såsom
246 1348 24 22 af
286 1348 130 22 statistiska
432 1348 113 29 uppgifter
560 1347 116 28 angående
692 1347 167 27 tillverknings-

107 1384 41 21 och
171 1384 267 29 konsumtionsbeloppen
462 1384 106 27 framgår,
587 1384 41 21 har
645 1383 215 22 bränvinskonsum-

106 1420 76 21 tionen
206 1419 70 22 under
298 1419 27 22 de
349 1421 92 20 senaste
466 1419 89 22 tiderna
578 1419 62 22 öfver
659 1418 88 22 hufvud
763 1419 49 26 steg
827 1417 34 21 för

107 1457 49 26 steg
179 1456 118 27 minskats,
318 1457 56 20 utan
391 1457 34 20 att
442 1455 59 22 dock
517 1455 119 29 höjningen
654 1455 23 21 af
692 1453 168 27 tillverknings-
