1098 1748
271 132 28 21 56
584 134 41 21 N:o
642 134 13 20 3

593 202 27 22 33
636 204 18 26 8.

309 234 55 28 Åtal
378 242 35 21 för
427 242 63 22 brott
506 245 61 19 emot
586 242 74 22 denna
674 242 135 28 förordning
827 244 112 26 upptages
956 242 42 22 och

242 275 100 22 afdömes
358 276 23 21 af
396 277 43 21 den
457 279 52 26 rätt,
529 277 40 21 där
587 277 86 21 brottet
695 277 77 22 blifvit
794 277 133 28 uppenbart,
947 284 51 14 men

240 310 119 28 uppdagas
382 310 85 22 brottet
489 311 40 21 vid
553 311 143 22 embetsverk
719 312 54 20 eller
791 311 42 21 ock
848 311 41 21 hos
904 310 93 29 tjenste-

241 352 60 17 man,
324 352 48 14 som
391 346 20 28 ej
433 354 53 20 eger
501 346 118 26 domsrätt,
639 346 96 22 förvisas
754 346 70 21 målet
839 346 36 20 till
890 346 107 21 vederbö-

241 379 69 21 rande
332 380 171 21 underdomstol
521 381 30 27 på
571 383 70 25 orten,
666 383 33 18 att
722 380 39 22 där
785 379 22 22 af
830 380 84 30 allmän
937 380 60 21 åkla-

240 420 55 21 gare
310 414 92 21 utföras.

309 448 48 21 Har
380 449 140 21 embetsman
543 449 62 27 felat,
630 449 150 21 öfverlemnas
803 449 70 21 målet
895 449 36 21 till
954 449 43 21 den

241 482 104 28 domstol,
372 490 47 14 som
449 483 63 22 öfver
540 484 57 21 hans
624 484 70 21 andra
718 483 203 29 tjensteförseelser
945 487 53 24 eger

240 517 117 21 domsrätt.

308 552 123 22 Förmenar
447 553 115 28 sakegare,
579 555 33 19 att
628 553 83 21 honom
727 553 25 21 af
765 552 97 22 embets-
874 552 54 22 eller
938 552 58 28 tjen-

240 589 86 19 steman
357 587 119 21 meddelad
504 587 117 21 föreskrift
648 595 37 13 om
710 587 239 28 stämpelbeläggning
975 586 22 22 af

239 620 111 29 handling
373 624 24 18 är
420 621 91 28 oriktig,
536 622 37 20 må
594 621 45 21 han
665 622 68 28 klaga
757 621 105 22 däröfver
886 621 41 21 hos
953 621 41 21 den

239 655 143 28 myndighet,
398 655 72 22 under
485 655 93 22 hvilken
595 655 182 28 tjenstemannen
794 655 70 28 lyder.

308 689 46 22 Vill
376 691 76 27 någon
474 691 86 20 tilltala
582 690 215 28 stämpelförsäljare
815 689 35 22 för
868 689 31 22 fel
917 689 9 21 i
945 689 51 22 dess

238 723 137 30 befattning,
399 725 89 21 anmäle
511 725 81 21 sådant
612 725 41 21 hos
672 725 44 21 den
733 724 142 29 myndighet,
891 731 49 14 som
955 724 40 21 ho-

238 765 53 14 nom
308 758 121 22 förordnat.

590 822 28 21 34
634 824 18 25 8.

305 862 126 28 Angående
454 862 149 28 tillverkning
629 863 43 21 och
696 862 167 28 utkreditering
889 862 22 21 af
937 865 58 19 samt

237 896 148 28 redovisning
405 897 35 21 för
456 898 184 27 stämpelpapper
655 898 42 20 och
713 896 191 29 stämpelmärken
921 896 74 22 finnes

237 931 110 21 särskildt
362 931 113 29 stadgadt.

589 1000 27 22 35
632 1002 18 25 8.

237 1074 11 20 1
264 1074 50 21 Juli
330 1074 55 22 1906
402 1075 33 21 till
453 1076 117 27 utgången
588 1074 24 22 af
626 1076 24 20 år
666 1074 61 22 1907.

441 1144 99 28 Nådigst
564 1144 108 28 godkänd
697 1144 6 20 i
730 1143 120 28 Tsarskoje
876 1143 52 21 Selo
951 1143 43 21 den

374 1179 45 27 22/3,
435 1178 89 28 januari
541 1178 61 22 1906.

423 1230 24 22 T.
462 1230 13 22 £
490 1231 299 27 Ministerstatssekreterare
805 1231 118 22 Oerstroem.
