1100 1750
437 155 41 25 N:o
492 157 16 23 4
811 158 12 21 3

164 226 97 29 Uppgår
280 226 181 29 förbrukningen
476 226 23 22 af
513 227 57 21 malt
584 226 40 22 vid
640 229 34 19 ett
688 225 110 30 bryggeri
813 233 41 15 un-

97 261 39 21 der
158 261 48 21 året
228 261 36 21 till
287 269 47 14 mer
350 264 29 18 än
394 261 146 22 femtiotusen
556 261 120 29 kilogram,
692 261 113 28 uppbäres
821 263 32 19 ott

96 295 100 22 tillskott
220 295 22 21 af
265 295 30 22 tio
319 295 70 29 penni
407 295 33 22 för
455 295 78 28 hvarje
549 296 31 21 tio
597 295 113 29 kilogram
726 296 63 27 malt,
806 303 46 14 som

96 329 92 22 utöfver
211 330 70 28 sagda
304 330 82 28 belopp
408 330 40 21 och
465 330 35 21 till
516 330 43 21 och
574 330 51 21 med
642 330 212 21 etthundrafemtio-

97 366 67 19 tusen
178 364 113 28 kilogram
307 365 39 21 vid
362 364 109 29 bryggeri
487 365 114 21 användes
617 364 35 22 för
668 365 150 28 tillverkning
832 363 22 22 af

97 399 99 21 nämnda
212 399 101 28 drycker,
330 401 60 19 samt
404 399 114 28 tjugufem
533 399 70 28 penni
618 399 36 21 för
664 399 78 28 hvarje
753 399 32 21 tio
797 399 57 21 kilo-

97 441 65 20 gram
184 433 63 28 malt,
268 441 48 14 som
331 433 73 21 under
418 435 47 20 året
481 433 120 22 förbrukas
616 433 91 22 utöfver
722 433 133 22 etthundra-

98 467 147 22 femtiotusen
261 468 118 27 kilogram.

166 590 49 21 Har
237 590 8 20 i
266 590 115 28 bryggeri,
397 590 39 21 der
452 590 128 28 maltdryck
595 590 124 27 tillverkas,
736 590 71 21 under
823 592 32 18 ett

99 625 24 20 år
138 624 49 22 icke
202 624 129 22 förbrukats
347 625 25 20 så
388 627 46 19 stor
449 624 115 22 kvantitet
579 625 62 27 malt,
658 627 34 19 att
706 624 149 28 bevillnings-

99 657 98 30 afgiften
219 659 29 27 på
270 658 74 29 grund
368 658 23 21 af
414 659 11 20 1
449 660 13 25 $
485 659 89 28 uppgår
589 659 36 20 till
641 658 128 21 sexhundra
785 658 70 27 mark,

99 693 58 21 skall
172 693 73 21 likväl
261 693 62 21 detta
339 693 84 28 belopp
439 693 110 28 erläggas.
580 693 113 28 Lindring
709 693 7 20 i
728 693 63 21 detta
800 693 56 20 hän-

100 727 80 21 seende
196 727 44 21 kan
258 727 57 22 dock
331 727 23 21 af
368 727 169 22 vederbörande
552 727 139 28 Expedition
708 727 7 21 i
726 727 130 28 Kejserliga

100 761 110 22 Senatens
236 761 36 22 för
292 761 101 22 Finland
414 761 284 29 Ekonomiedepartement
722 761 103 28 beviljas,
849 761 7 20 i

99 795 108 22 händelse
230 796 131 22 tillverkare
383 796 71 21 under
477 797 48 21 äret
539 796 100 29 upphört
656 795 51 22 med
723 795 34 22 sin
773 796 83 21 rörelse

100 831 54 20 eller
170 830 108 29 bryggeri
295 831 55 28 eljes
365 831 37 21 till
417 831 58 28 följd
492 831 24 21 af
524 831 83 21 vädeld
617 831 55 21 eller
683 838 74 13 annan
768 830 89 29 olycks-

100 865 108 22 händelse
224 865 78 28 längre
318 865 34 21 tid
368 865 23 21 af
406 866 48 21 året
470 865 60 22 varit
544 865 8 21 i
568 865 163 22 overksamhet.

458 958 14 21 3
488 960 18 25 8.

168 1009 110 29 Fritagen
300 1009 51 22 frän
366 1009 128 29 bevillning
510 1017 52 14 vare
578 1009 127 29 hembrygd
721 1009 137 28 maltdryck,

100 1043 73 22 ehvad
191 1043 131 22 densamma
340 1047 25 18 är
380 1043 187 30 tillfförsäljning
584 1044 131 29 medgifven
731 1045 55 20 eller
801 1044 56 21 icke.

168 1078 143 21 Restitution
334 1077 23 21 af
376 1078 78 28 erlagd
464 1079 129 27 bevillning
615 1086 53 20 eger
683 1086 48 13 rum
746 1078 35 22 för
792 1078 66 21 malt-

100 1112 78 29 dryck,
195 1119 49 15 som

170 1153 19 26 a)
205 1151 50 22 från
271 1152 78 22 landet
364 1152 96 28 utföres;

169 1192 23 27 b)
207 1192 72 21 under
293 1192 82 29 sjelfva
391 1193 179 28 tillverkningen
584 1193 55 21 eller
654 1193 97 22 derefter
767 1193 36 21 till
815 1193 43 21 den

100 1227 58 28 grad
180 1227 99 27 skadats,
303 1230 34 19 att
357 1227 51 27 den,
424 1228 74 28 enligt
513 1227 134 28 tillförlitlig
664 1227 129 28 utredning,
809 1227 50 22 icke

100 1261 45 22 kan
162 1261 35 22 för
212 1262 41 21 sitt
269 1262 105 21 ändamål
391 1263 121 21 användas.

454 1343 49 27 48.

169 1399 148 22 Beträffande
333 1401 45 20 tull
392 1400 36 22 för
442 1401 136 28 maltdryck,
594 1408 50 15 som
659 1401 37 22 till
710 1401 100 22 Finland
825 1400 35 21 in-

101 1433 67 28 föres,
184 1434 80 21 länder
281 1435 37 20 till
334 1434 152 23 efterrättelse
500 1435 61 22 hvad
577 1435 77 22 derom
670 1438 24 19 är
710 1436 54 21 eller
778 1435 82 21 varder

102 1467 113 29 stadgadt.
