1103 1756
234 134 15 21 8
458 134 28 23 U.
503 135 28 22 B.
547 147 27 4 —
590 135 74 29 Prop.
681 135 40 23 N:o
737 134 23 23 6.

235 204 68 31 lysta
332 205 152 32 medborgare
514 205 63 24 lärer
604 206 8 23 i
639 206 71 29 detta,
737 205 27 24 de
791 205 100 32 statliga
918 205 75 24 refor-

236 246 97 17 mernas
351 239 121 25 tidehvarf
501 240 93 24 mindre
615 242 31 22 än
674 240 120 32 någonsin
820 240 102 24 behöfva
940 242 53 22 sär-

237 272 76 25 skildt
346 274 151 24 framhållas.
532 274 128 32 Naturligt
693 274 43 24 och
766 276 115 30 otvunget
908 274 84 24 anslu-

236 308 71 24 tande
327 308 38 32 sig
383 308 39 24 till
441 308 44 24 den
504 308 145 24 elementära
672 308 259 32 folkundervisningen
949 308 44 24 och

237 342 127 32 byggande
383 344 30 30 på
431 343 27 23 de
476 343 70 32 gifna
564 343 236 32 förutsättningarna
813 346 40 20 äro
866 343 70 24 dessa
949 350 43 16 an-

237 376 86 24 stalter
340 377 9 23 i
368 376 47 33 hög
432 378 60 31 grad
510 378 116 30 förtjänta
645 378 25 24 af
687 378 128 24 understöd
827 377 56 24 från
895 377 38 24 det
945 377 47 24 all-

235 413 103 22 männas
366 412 59 24 sida.
462 412 35 24 Då
516 412 72 31 ingen
607 412 204 31 meningsolikhet
835 412 82 24 härom
944 412 48 23 för-

236 447 79 30 sports
335 445 42 24 och
397 445 134 25 Ständerna
549 446 73 24 redan
641 446 41 24 vid
694 446 57 24 flere
764 446 139 32 föregående
916 445 77 24 landt-

235 479 76 32 dagar
329 479 74 32 gifvit
421 481 97 30 uttryck
537 482 24 22 åt
579 481 80 24 denna
667 481 156 31 uppfattning
835 488 84 24 genom
932 480 60 32 peti-

235 514 80 24 tioner
333 522 37 16 om
389 515 150 32 statsanslag
557 515 37 24 för
612 515 219 32 folkhögskolorna,
849 515 43 24 och
905 515 36 30 då,
953 515 39 23 så-

235 556 53 16 som
307 549 25 23 af
350 549 38 24 det
405 549 141 32 föregående
564 549 115 33 framgår,
689 550 68 23 deras
768 549 119 24 ordinarie
897 549 95 24 inkom-

236 585 49 22 ster
303 583 52 24 icke
377 583 75 25 förslå
470 586 36 22 att
524 584 105 24 bestrida
650 584 139 31 utgifterna,
807 584 45 24 har
870 583 123 24 Utskottet

235 617 54 24 icke
307 617 84 24 tvekat
409 621 35 21 att
462 619 94 30 föreslå,
574 621 36 22 att
628 621 33 22 ett
680 619 74 32 årligt
772 619 88 31 anslag
878 619 72 23 måtte
967 617 26 24 af

236 651 135 25 Ständerna
389 653 37 23 för
444 653 136 24 ändamålet
598 653 107 24 anvisas.

306 686 49 24 Vid
374 687 180 24 fastställandet
573 687 25 24 af
608 688 37 23 det
659 688 89 31 belopp,
758 687 40 24 till
810 687 95 24 hvilket
918 689 73 22 stats-

236 721 109 32 bidraget
372 721 37 24 för
426 722 85 31 hvarje
529 722 171 32 folkhögskola
720 723 40 22 bör
778 723 87 30 uppgå,
883 721 45 24 har
945 721 46 24 Ut-

236 755 89 24 skottet
344 757 79 30 utgått
441 756 55 24 från
515 757 43 23 den
568 757 213 31 förutsättningen,
800 759 35 21 att
847 756 38 23 det
900 755 91 32 bidrag,

237 797 50 16 som
307 791 50 23 med
378 790 179 32 folkhögskolor
570 791 110 24 förenade
692 791 171 24 landtmanna-
878 790 42 24 och
932 790 59 23 hus-

236 824 176 25 modersskolor
430 825 89 24 hittills
538 833 29 16 ur
586 825 126 24 allmänna
730 825 137 24 statsmedel
887 824 106 32 åtnjutit,

235 859 150 24 fortfarande
413 859 65 24 skall
506 860 94 23 komma
625 860 69 23 dessa
713 859 154 32 afdelningar
886 859 25 24 af
929 859 62 23 folk-

236 893 162 32 högskolorna
417 894 39 23 till
474 895 43 23 del.
552 894 46 24 Det
610 897 27 21 är
650 894 189 31 uppenbarligen
852 895 33 22 ett
900 893 92 24 lifsvil-

236 927 45 24 kor
299 927 36 24 för
353 928 70 24 dessa
442 929 122 30 anstalter,
583 931 35 21 att
631 929 28 23 de
668 929 146 23 fortfarande
830 927 69 24 skola
911 928 82 31 bygga

235 963 32 29 på
287 962 44 23 den
350 962 74 24 säkra
442 963 85 31 grund,
546 970 49 16 som
614 965 34 21 ett
667 963 6 23 i
688 963 95 23 trakten
794 963 36 23 för
840 962 68 24 deras
919 962 73 23 värk-

236 996 95 24 samhet
355 996 143 32 förefintligt
522 996 72 25 vaket
619 997 102 24 intresse
747 997 48 23 kan
820 996 97 31 erbjuda
941 996 52 30 och,

235 1030 105 24 likasom
368 1031 133 24 initiativet
527 1031 39 24 till
591 1039 29 16 en
645 1031 181 32 folkhögskolas
852 1030 141 32 grundande

235 1064 52 24 helt
314 1065 43 23 och
384 1065 76 25 hållet
485 1067 75 23 måste
587 1066 162 24 öfverlämnas
775 1066 25 23 åt
823 1065 170 30 ortsintresset,

235 1100 77 23 måste
331 1100 64 23 detta
414 1100 69 24 alltid
502 1100 346 32 deltaga
605 1095 15 42 i
630 1100 218 32 upprätthållandet
862 1099 25 23 af
899 1099 93 24 anstal-

235 1137 40 19 ten
289 1134 8 22 i
311 1134 76 32 fråga.
415 1134 56 24 Men
490 1134 30 24 då
538 1134 70 24 äfven
629 1137 77 21 staten
725 1134 86 24 härvid
831 1134 41 23 bör
890 1133 104 32 kraftigt

235 1168 140 30 medvärka,
391 1168 46 24 har
452 1168 122 24 Utskottet
590 1169 41 23 vid
650 1168 180 24 fastställandet
848 1168 26 24 af
891 1168 38 24 det
945 1168 47 23 för-

235 1202 124 30 hållande,
383 1203 72 23 hvari
474 1203 171 32 statsbidraget
669 1203 65 23 skall
753 1204 39 22 stå
810 1202 38 24 till
868 1202 123 32 budgeten,

234 1236 55 24 icke
313 1237 84 24 funnit
420 1239 72 30 något
518 1240 34 21 att
576 1238 81 23 erinra
679 1240 47 21 mot
753 1237 28 23 de
808 1237 24 23 af
859 1236 135 24 Allmänna

234 1270 238 26 Petitionsutskottet
490 1272 40 24 vid
549 1274 96 22 senaste
663 1272 117 31 landtdag
798 1271 101 32 angifna
917 1278 75 24 grun-

234 1305 47 23 der.
318 1305 12 23 I
348 1306 108 32 enlighet
474 1306 97 24 härmed
596 1306 80 24 skulle
695 1306 151 24 understödet
864 1306 59 31 utgå
941 1305 52 23 med

237 1338 30 34 ?/,
294 1340 25 23 af
344 1340 225 32 folkhögskolornas
594 1340 147 32 årsutgifter,
766 1340 58 24 dock
849 1341 34 29 så,
907 1342 35 21 att
960 1342 33 21 ett

234 1374 189 32 maximibelopp
442 1375 25 23 af
480 1375 73 30 6,000
564 1375 71 23 mark
645 1375 140 29 bestämdes,
795 1374 94 24 utöfver
898 1373 95 24 hvilket

234 1408 177 24 subventionen
430 1409 52 24 icke
500 1409 65 32 finge
584 1410 70 31 stiga.
689 1409 93 23 Vidare
801 1408 67 24 borde
887 1416 30 16 en
931 1408 62 24 folk-

233 1442 120 32 högskola
381 1443 76 24 hafva
484 1444 64 23 varit
572 1444 8 23 i
605 1444 157 23 värksamhet
786 1443 7 23 i
816 1444 41 22 tvä
885 1444 39 22 ärs
952 1442 41 30 tid,

305 1486 143 18 Statsutskottets
460 1488 109 17 betänkande
581 1487 37 18 N:o
632 1488 17 17 ö.
