1103 1756
447 133 42 21 N:o
504 133 12 21 7
808 133 24 20 11

104 202 37 21 till
160 201 104 22 annuitet
279 203 29 26 pä
324 201 97 22 förhand
435 201 130 22 fastställas.
596 202 35 20 Då
647 201 38 21 det
699 201 45 21 kan
760 203 102 26 antagas,

105 238 34 19 att
157 237 63 20 länet
238 236 80 21 varder
337 235 109 22 afslutadt
464 235 72 22 under
556 236 79 28 loppet
650 235 23 21 af
689 236 24 20 är
729 235 61 28 1907,
806 242 57 21 upp-

104 272 65 27 tages
185 270 88 21 hälften
289 270 25 21 af
322 270 44 21 den
378 269 174 29 ifrågavarande
566 270 132 21 annuiteten
713 270 73 21 såsom
797 276 66 15 even-

105 305 47 21 tue]
167 304 137 29 utgiftspost
314 305 7 20 i
333 304 157 28 efterföljande
501 304 87 29 budget
599 304 35 21 för
644 304 219 21 kommunikations-

105 339 90 21 fonden.

174 373 34 22 Pä
223 373 74 29 grund
314 373 21 21 af
351 373 38 21 det
405 373 93 21 anförda
513 373 42 21 vill
570 373 64 21 Hans
650 373 129 28 Kejserliga
794 372 69 28 Maje-

106 410 46 19 stät
167 407 83 22 föreslä
266 407 126 22 Ständerna

314 455 29 20 att
365 453 36 22 vid
418 453 84 28 lämplig
521 453 100 28 tidpunkt
636 453 37 22 och
694 453 46 22 med
753 453 109 22 anlitande

245 489 24 26 af
284 489 40 21 den
339 488 111 22 utländska
459 488 210 27 kapitalmarknaden
679 490 29 19 ett
717 487 147 29 amorterings-

245 523 37 21 län
302 524 99 26 upptages
419 522 32 21 till
469 522 59 29 högst
539 522 57 28 fyra
608 524 98 25 procents
720 522 93 27 räntefot
828 522 36 21 och

245 556 32 22 till
292 557 24 21 sä
330 559 53 19 stort
398 557 101 21 nominelt
514 557 69 27 belopp
598 564 44 14 som
658 559 116 19 motsvarar
789 564 25 14 en
824 556 41 28 för

245 591 31 21 56
295 591 35 21 års
350 591 33 21 tid
397 591 97 26 faststäld
508 591 99 22 annuitet
621 591 27 26 af
660 591 124 26 2,250,000
799 590 65 22 mark.

177 673 12 20 I
204 673 102 28 enlighet
326 673 51 20 med
395 672 51 21 dei
462 672 38 21 det
518 672 138 28 föregående
671 672 142 21 framställda
827 671 38 21 be-

108 707 125 28 räkningar
248 706 43 22 och
306 707 86 28 förslag
408 707 95 21 erhälles
518 706 102 29 följande

152 759 73 27 Budget
240 759 30 21 för
286 759 241 21 kommunikationsfonden
543 759 31 21 för
588 759 47 21 ären
651 758 52 23 1906
718 759 35 21 och
768 758 56 23 1907.

407 804 161 28 Utgifter:

108 844 138 22 Annuiteter
262 846 12 19 å
295 844 123 21 statslånen

139 882 58 18 samt
220 879 140 28 provisioner
378 880 41 20 och

139 914 160 21 omkostnader
323 914 35 20 för
383 914 37 20 de-

139 955 86 14 samma
243 965 3 3 .
278 965 2 3 .
312 965 4 3 .
346 965 3 3 .
381 966 3 2 .
415 965 3 3 .
435 948 59 20 Fmk
511 948 168 27 12,497,400:
665 944 19 35 —

109 983 78 21 Ränta
197 983 37 21 till
244 982 176 28 lagmanstings-

139 1016 206 29 gästningsfonden
383 1034 3 3 .
418 1034 3 3 .
469 1026 6 10 >
547 1016 98 28 308,320:
655 1029 25 2 —

110 1051 77 21 Ränta
199 1052 12 20 å
221 1052 63 20 lånet
294 1050 49 22 från
355 1053 66 19 stats-

139 1085 84 22 fonden
248 1103 3 3 .
282 1103 3 3 .
470 1094 6 10 >
548 1085 98 27 210,000:
655 1098 27 2 —
700 1090 131 28 13,015,720:
842 1103 25 2 —

112 1120 47 20 Till
174 1120 248 28 nybyggnadsarbeten

139 1154 40 22 vid
195 1154 89 29 färdiga
298 1155 77 27 banor,
387 1157 34 19 att

141 1189 57 21 efter
213 1189 128 28 Styrelsens
360 1189 61 28 pröf-

139 1224 59 28 ning
217 1224 114 21 användas
346 1224 8 20 i
369 1224 51 21 huf-

141 1258 123 28 vudsaklig
285 1254 13 37 —
308 1258 113 21 öfverons-

141 1293 131 21 stämmelse
304 1292 51 21 med
388 1292 34 22 bi-

141 1326 69 28 lagda
224 1327 145 27 förteckning
386 1344 1 4 .
420 1344 1 4 .
470 1336 7 9 >
528 1326 156 28 4,900,000:—

113 1361 45 21 Till
188 1361 88 28 ökning
305 1360 24 22 af
357 1363 66 19 stats-

141 1395 164 29 järnvägarnes
339 1396 84 28 rörliga

141 1431 101 20 materiel
318 1448 3 3 .
351 1448 3 3 .
421 1448 3 3 -
471 1440 7 10 >»
530 1430 156 32 =—6,300,000:—
703 1435 132 28 11,200,000:
844 1448 26 1 —

562 1476 124 27 Transport
702 1475 133 27 24,215,720:
846 1488 24 1 —
