1081 1753
444 136 42 22 N:o
499 137 14 21 6
814 136 14 20 5

541 222 29 23 År
582 228 44 17 1906
632 216 13 39 |
650 222 29 23 År
692 229 43 17 1907
746 216 11 39 |
762 227 79 17 Summa
854 220 1 8 |

600 284 104 18 Finska
724 284 71 18 mark

132 350 14 15 1.
165 348 73 23 Bidrag
254 348 31 17 till
302 348 195 17 folkskoleväsendet
513 348 7 17 i
637 345 2 16 j
855 353 1 6 |

103 380 2 7 |
166 376 91 18 städerna
280 390 240 4 LL
561 377 75 20 754,000|
670 376 74 23 —804;000|
764 369 93 30 1,558,000

103 407 2 2 |
130 406 17 17 2.
165 404 283 24 Bidragtillatlönandeafden
454 406 66 22 egent-

104 440 1 22 |
165 433 40 24 liga
222 433 181 23 lärarepersonalen
420 433 33 18 vid
471 433 49 18 folk-

104 473 1 22 |
166 463 94 18 skolorna
271 463 25 22 pä
307 462 67 18 landet.
404 477 1 4 .
425 477 3 3 .
448 477 3 3 .
470 476 3 4 .
494 476 26 4 ..
544 464 92 22 2,260,000|
653 463 92 22 2,410,000|
762 462 92 23 4,670,000|

102 496 3 18 i
131 493 16 16 3.
165 491 73 24 Bidrag
256 491 31 18 tili
305 491 103 18 aflönande
424 491 19 18 af
458 491 62 18 lärare
856 513 2 2 |

104 518 1 7 :
166 520 37 17 och
227 520 109 18 lärarinnor
360 520 30 18 för
411 519 52 24 slöjd
484 519 37 18 och
747 524 2 24 |
856 518 2 31 |

167 549 132 17 handarbeten.
336 562 23 4 2.
378 563 143 3 L.
563 550 73 21 115,000|
672 549 73 22 —127,500]
781 548 77 22 —242,500|

132 579 16 16 4.
166 577 76 23 Anslag
257 577 31 17 till
303 577 184 23 löneförhöjningar
502 572 29 23 ät|
857 593 1 6 |

167 606 38 18 den
224 605 101 24 egentliga
339 606 183 23 lärarepersonalen
857 602 1 22 |

166 634 33 19 vid
211 635 137 18 folkskolorna
360 635 25 23 pä
396 635 80 17 landet.
494 650 4 2 .
517 649 4 3 .|
563 636 73 22 520,000|
672 635 74 17 560.000
765 628 93 28 1,080,000

132 665 15 16 5.
166 664 76 23 Anslag
254 663 32 18 till
297 663 107 23 pensioner
416 664 20 17 ät
448 669 74 12 samma
639 665 2 26 |

167 692 93 23 Personal.
283 705 7 4 av
310 688 12 31 oc
356 706 3 3 2
379 706 3 3 e
402 688 26 31 ROR
440 688 12 31 OR
463 688 12 31 IR
494 706 27 4 AR
574 693 63 22 86,000|
673 692 73 22 —106,000|
783 692 76 21 —192,000,

132 721 16 18 6.
167 721 73 23 Bidrag
252 720 32 18 till
295 720 141 24 pensionering
444 720 19 18 af
471 721 51 18 folk-

167 749 228 23 skollärarepersonalen
412 749 6 18 i
430 749 92 18 städerna
575 750 63 22 37,300|
661 745 11 31 —
684 749 62 22 38,550|
794 749 62 20 75,850

132 780 16 16 7.
166 778 76 23 Anslag
260 777 31 18 till
309 778 108 18 understöd
434 778 20 17 ät
466 778 57 23 sjuka
858 776 1 6 i

167 806 150 19 folkskollärare
330 807 36 17 och
379 807 120 18 lärarinnor.
519 821 3 3 .
575 803 66 31 45,000|
684 803 66 30 45,000i
794 806 66 22 90,000;

132 837 16 16 8.
166 835 74 24 Bidrag
257 835 32 18 till
307 835 121 23 uppförande
441 835 19 18 af
472 835 50 18 folk-
859 829 1 38 |

167 864 94 18 skolehus
274 864 36 17 och
324 863 127 24 slöjdlokaler
472 879 4 3 .
496 879 3 4 .
519 878 3 4 .|
566 865 72 22 150,000/
674 865 73 22 150,000|
783 863 77 23 300,000j

132 894 16 17 9.
167 893 76 23 Anslag
263 892 31 18 till
312 892 95 19 bibliotek
424 892 31 19 för
472 892 50 19 folk-
859 899 1 5 !

167 921 107 18 skollärare
284 921 36 18 och
328 921 110 18 lärarinnor
446 921 5 18 i
458 921 65 18 lands-
859 916 1 12 |

103 946 4 24 H
167 950 143 17 kommunerna
334 964 188 4 .........
531 947 2 27 |
558 940 7 38 =
576 951 62 21 25,000|
685 951 63 22 —25,000/
773 940 14 38 —
794 944 67 27 50,000|

103 978 4 4 *
123 979 25 17 10.
167 979 76 22 Anslag
263 978 31 18 till
314 978 219 24 fortsättningskurserj
555 974 12 33 =
576 980 62 22 60,000/
668 974 9 33 =
686 979 62 22 70,000|
784 978 74 22 130,000|

106 1024 1 5 ;
123 1008 25 16 11.
167 1007 76 23 Anslag
241 1003 42 31 till
289 1007 108 23 stipendier
405 1007 31 18 för
445 1007 78 18 auskul-
641 1019 1 8 |

106 1045 1 3 :
168 1035 66 23 tering
246 1036 37 17 och
291 1035 121 18 studieresor
428 1050 2 3 .
450 1050 3 2 .
474 1050 3 3 .
497 1050 3 3 .
520 1050 3 3 .
577 1028 66 39 15,000|
687 1031 64 31 15,000
795 1035 63 22 30,000

106 1064 1 20 |
123 1064 26 17 12.
168 1063 76 24 Anslag
252 1063 32 18 för
292 1063 126 18 anskaffande
428 1063 19 18 af
455 1064 68 17 äskäd-

168 1091 149 24 ningsmateriel
337 1092 31 18 för
388 1092 136 19 folkskolorna
642 1105 1 5 |

168 1121 24 22 pä
205 1121 67 18 landet
290 1135 1 3 .
313 1135 1 3 .
334 1135 189 4 ss.
576 1119 66 30 25,000|
686 1118 66 30 25,000]
796 1121 66 22 50,000;

444 1155 80 19 Summa
526 1144 11 40 |
547 1157 92 22 4,092,300|
657 1157 91 22 4,376,050|
767 1148 95 30 8,468,350|

312 1218 99 29 Nädigst
434 1219 108 28 godkänd
560 1219 8 20 i
589 1219 120 28 Tsarskoje
725 1218 51 21 Selo
793 1218 43 21 den
851 1217 14 20 9

246 1253 43 26 (22)
305 1252 109 22 Februari
431 1253 62 21 1906.

414 1315 302 22 Ministerstatssekreterare
731 1316 19 21 A.
766 1314 99 28 Langhoff.
