1103 1753
243 135 27 19 12

242 199 100 21 starkare
359 199 153 29 maltdrycker
535 200 84 21 blifver
635 200 7 21 i
658 200 66 28 fråga
740 207 37 15 om
793 199 178 29 tillverkningen
987 200 7 20 i

241 235 39 28 lag
295 234 132 30 fastslagen.
453 235 114 29 Slutligen
582 236 66 22 torde
665 236 41 22 det
719 236 24 22 få
759 242 66 15 anses
842 242 55 14 vara
914 235 26 21 af
949 238 46 19 stor

241 270 119 29 betydelse
383 271 35 22 för
434 272 299 28 nykterhetssträfvandena
757 274 33 19 att
814 270 71 30 priset
901 273 13 19 å
929 278 66 21 svag-

242 306 78 22 dricka
336 307 50 21 icke
402 310 86 26 stegras
512 315 83 21 genom
616 308 61 22 skatt
694 310 12 19 å
722 307 76 23 därtill
815 307 101 21 användt
932 307 62 21 malt.

313 343 33 20 På
362 343 67 21 dessa
444 344 49 21 skäl
509 344 40 21 har
566 343 69 22 äfven
650 344 120 21 Utskottet
785 343 77 22 funnit
878 343 39 21 det
929 343 66 21 önsk-

241 378 69 21 värdt
343 382 33 18 att
410 379 136 28 svagdricka
579 379 144 29 undantoges
756 378 51 22 från
842 379 153 28 beskattning,

242 414 64 21 detta
321 415 73 21 under
410 415 165 29 förutsättning
591 417 33 20 att
640 415 81 29 frågan
737 415 85 22 erhölle
834 422 28 14 en
872 422 27 13 ur
910 415 84 21 skatte-

241 450 91 21 teknisk
356 451 117 28 synpunkt
496 451 211 22 tillfredsställande
726 451 97 28 lösning.
855 451 12 20 I
883 451 63 21 detta
963 450 31 21 af-

242 486 84 21 seende
342 489 36 19 mä
394 486 103 29 följande
513 488 144 28 synpunkter
672 487 138 22 framhållas.

313 522 135 22 Beredande
465 523 26 21 af
504 523 145 22 skattefrihet
664 523 38 22 för
712 522 138 29 svagdricka
860 522 134 21 förutsätter

242 557 58 22 först
313 558 42 21 och
370 558 81 22 främst
467 566 28 14 en
511 566 121 21 noggrann
649 559 118 21 definition
784 558 26 22 af
823 558 62 22 hvad
900 558 94 21 härmed

242 593 58 21 skall
322 594 90 26 förstås,
436 594 54 22 eller
513 595 52 21 med
589 595 72 21 andra
684 595 40 21 ord
749 597 35 19 att
807 602 28 14 en
859 593 135 29 lagstadgad

242 632 68 25 gräns
326 630 130 29 uppdrages
473 631 95 21 emellan
581 631 75 21 denna
666 632 43 20 och
720 631 102 22 starkare
834 630 159 28 maltdrycker.

241 665 151 22 Afsaknaden
408 666 26 22 af
447 674 28 14 en
492 667 71 21 sädan
586 670 68 25 gräns
678 668 41 21 har
741 666 91 29 utgjort
847 674 29 13 en
891 665 103 22 kännbar

241 700 58 22 brist
315 702 6 20 i
337 703 41 20 vär
394 702 242 29 alkohollagstiftning.
668 702 227 23 Ekonomiutskottet
911 702 40 21 vid
961 709 33 14 se-

241 740 66 18 naste
314 737 118 30 landtdag,
441 745 48 15 som
498 739 87 28 egnade
590 738 88 29 jämväl
686 739 63 21 detta
754 737 113 30 spörsmål
872 737 123 29 uppmärk-

242 773 94 26 samhet,
350 773 100 30 föreslog
461 774 169 23 fastställandet
646 775 25 22 af
685 783 28 14 en
728 773 159 29 minimigräns
904 773 26 22 af
944 772 49 28 2/2

241 809 175 28 volymprocent
439 810 97 26 alkohol,
559 810 128 29 hvarjämte
703 811 127 24 Utskottet,
850 809 29 21 dä
895 809 99 21 alkohol-

242 847 97 25 gränsen
355 846 50 21 icke
422 853 77 15 ensam
514 846 36 22 för
566 847 35 28 sig
617 846 107 29 utgjorde
738 854 29 14 en
778 845 216 28 tillfyllestgörande

241 881 130 26 måttstock,
382 882 78 21 tillade
471 885 33 18 ett
515 883 126 28 stadgande
653 883 79 21 därom
743 884 35 20 att
788 881 148 28 vörtstyrkan
945 880 49 21 icke

240 916 63 29 finge
326 917 125 29 öfverstiga
476 917 56 27 7"/o,
553 918 93 22 hvilken
662 917 144 23 sistnämnda
821 916 117 22 föreskrift
954 923 41 14 var

242 952 80 22 afsedd
340 956 33 18 att
388 956 81 26 utgöra
485 955 88 27 garanti
589 954 37 21 för
642 957 32 19 att
691 953 192 28 alkoholgränsen
893 952 50 21 icke
954 959 40 14 un-

242 988 41 21 der
296 988 134 29 jäsningens
446 989 107 30 fortgäng
569 990 164 22 öfverskredes.
761 989 45 22 Till
814 987 134 29 jämförelse
959 989 36 20 mä

241 1024 43 21 här
298 1027 96 19 nämnas
411 1027 32 19 att
460 1026 71 27 enligt
541 1025 106 28 gällande
657 1025 149 28 lagstiftning
818 1024 7 20 i
836 1023 95 28 Sverige
943 1023 52 21 med

242 1060 136 28 svagdricka
402 1061 82 22 förstäs
507 1061 80 28 hvarje
609 1061 135 28 maltdryck,
766 1067 50 14 som
832 1058 21 29 ej
871 1058 124 21 innehäller

241 1102 49 15 mer
301 1099 28 18 än
341 1096 51 27 21/4
403 1097 173 29 volymprocent
587 1097 91 22 alkohol
689 1097 43 22 och
742 1099 26 19 är
779 1094 117 29 inbryggd
908 1094 52 21 med
967 1101 28 14 en

242 1134 117 23 stamvört,
376 1133 104 21 hvilkens
496 1133 138 22 extrakthalt
649 1133 50 21 icke
715 1131 139 28 öfverstiger
870 1132 11 19 6
887 1129 41 28 "/o.

313 1167 37 22 En
374 1175 74 14 annan
471 1170 30 27 pä
523 1168 93 29 frägans
639 1167 91 29 lösning
753 1166 119 23 verkande
896 1168 99 19 omstän-

242 1203 80 28 dighet
348 1207 24 18 är
396 1204 51 26 den,
470 1203 113 22 huruvida
606 1203 120 29 möjlighet
749 1202 127 23 förefinnes
900 1203 33 20 att
957 1201 39 21 vid

241 1239 159 28 svagdrickats
431 1239 118 22 befriande
580 1239 72 22 ordna
679 1238 180 27 beskattningen
883 1239 14 19 å
923 1237 73 28 öfriga

241 1275 154 28 maltdrycker
418 1278 55 19 utan
497 1275 109 22 orättvisa
629 1278 48 19 mot
699 1274 150 22 tillverkaren
872 1272 26 22 af
915 1272 28 21 de
960 1272 37 21 be-

241 1311 106 21 skattade
369 1311 127 28 dryckerna
520 1311 42 22 och
584 1314 56 18 utan
660 1309 160 23 öfverdrifven
836 1308 161 35 kontrollkost-

241 1347 47 21 nad
314 1346 54 22 eller
392 1347 106 28 äfventyr
522 1347 26 22 af
568 1346 230 28 skatteförsnillning.
835 1345 48 21 Aro
907 1345 90 30 engång

241 1382 266 28 svagdricksfabrikerna
522 1383 149 27 undantagna
686 1382 51 21 från
753 1380 191 28 beskattningen,
953 1379 44 22 for-

242 1417 52 21 drar
316 1418 96 22 rättvisa
436 1418 42 22 och
500 1418 104 28 billighet
627 1420 32 19 att
681 1418 69 21 äfven
776 1417 40 21 det
840 1415 55 22 malt
911 1414 42 22 bör
969 1417 28 26 gå
