1098 1750
821 132 30 19 29

99 194 162 30 myndigheter
277 194 161 28 ofullständigt
453 194 61 29 ifyllt
529 194 234 28 primärformulären.
785 194 67 22 Dock

99 231 42 21 bör
164 230 120 22 bemärkas
307 232 33 20 att
363 232 32 19 ett
418 230 90 22 mindre
529 230 62 22 antal
609 230 120 28 uppköpta
745 230 106 28 stämpel-

100 266 94 22 märken
210 266 114 22 måhända
339 266 50 21 icke
404 266 75 21 under
490 268 49 19 året
549 266 96 21 kommit
655 266 35 21 till
702 266 151 28 användning

100 302 43 22 och
159 304 33 20 att
208 302 133 28 därigenom
357 309 30 14 en
402 302 49 21 viss
467 302 89 21 mindre
574 302 112 21 differens
696 302 89 21 kunnat
795 308 57 22 upp-

102 341 34 19 stå
152 338 84 22 mellan
247 338 28 21 de
286 338 113 21 bokförda
411 338 43 21 och
464 338 128 21 insamlade
602 337 155 29 uppgifterna.
775 332 79 27 Äfven

100 374 146 22 beträffande
261 373 190 29 uppställningen
467 374 23 21 af
505 382 32 13 nu
553 374 159 28 ifrågakomna
728 373 126 22 statistiska

102 410 146 28 redogörelse
271 410 77 21 kunde
371 410 53 20 med
447 409 42 29 fog
507 410 46 21 den
570 409 151 29 anmärkning
738 412 67 26 göras
822 412 32 18 att

102 446 167 22 skattetitlarna
285 448 38 19 äro
341 445 67 22 altför
425 445 147 22 summariskt
588 445 117 26 affattade,
718 445 89 22 hvilket
818 453 36 21 sy-

102 489 41 14 nes
160 481 66 22 däraf
241 483 33 20 att
290 481 45 22 den
351 481 74 22 under
441 481 110 22 rubriken
572 477 106 32 ,Öfriga*
696 481 115 28 ingående
823 481 32 21 af-

102 517 140 29 kastningen
260 520 69 25 utgör
344 517 49 22 icke
410 517 89 22 mindre
516 520 29 19 än
563 520 26 19 15
598 518 29 28 '/o
644 517 23 22 af
682 517 172 28 totalbeloppet.

174 553 81 22 Under
278 553 103 29 antydda
403 553 162 22 förhällanden
588 553 43 22 och
650 553 30 22 dä
696 561 29 13 en
740 553 115 28 ingäende

103 590 112 22 statistisk
237 589 152 29 bearbetning
413 589 23 22 af
455 590 148 21 merberörda
622 589 146 28 redogörelse
788 589 7 21 i
811 588 45 22 alla

102 626 124 21 händelser
248 626 90 21 komme
363 628 32 19 att
417 626 64 28 gifva
506 628 33 20 ett
559 626 62 21 skeft
640 626 42 21 och
698 625 157 22 vilseledande

103 661 102 26 resultat,
222 662 41 20 har
286 661 119 22 Utskottet
424 662 123 22 inskränkt
562 662 36 28 sig
615 661 35 21 till
666 664 32 18 att
715 661 140 25 konstatera,

103 698 111 21 hurusom
230 705 29 13 en
272 697 133 29 jämförelse
422 698 97 21 emellan
536 698 39 21 det
590 705 32 13 nu
638 697 160 28 föreliggande
809 704 46 14 ma-

104 733 90 22 terialet
212 733 42 21 och
270 733 29 21 de
314 733 98 28 tidigare
428 734 133 21 verkstälda
572 735 141 26 enguöterna
722 733 37 21 för
769 736 87 19 1883—

106 772 28 20 84
154 769 42 21 och
218 771 115 20 1895—96
353 769 64 28 gifva
436 769 40 21 vid
497 769 93 21 handen
606 771 32 19 att
654 768 57 22 flere
727 768 8 22 i
751 768 106 28 stämpel-

105 804 167 28 förordningen
290 807 119 26 upptagna
428 805 138 21 skattetitlar
582 804 72 22 sakna
669 804 108 22 finansiel
793 804 65 28 bety-

106 840 70 25 delse,
196 840 83 21 medan
300 840 72 22 andra
391 843 48 19 äter
456 840 126 29 afgörande
598 840 100 22 influera
713 842 30 26 pä
757 840 101 21 beskatt-

106 876 99 28 ningens
229 876 100 21 resultat.
361 876 81 22 Under
468 877 87 21 sädana
578 876 196 28 omständigheter
797 875 60 22 hade

107 911 39 22 det
162 912 62 28 legat
241 914 56 19 nära
312 912 110 22 tillhands
438 912 37 22 för
491 912 119 22 Utskottet
626 914 32 19 att
673 912 85 21 föreslä
774 911 85 22 afskaf-

106 947 81 21 fandet
202 948 24 20 af
241 947 63 22 vissa
319 955 27 14 ur
361 948 108 22 finansiel
486 948 120 28 synpunkt
619 947 170 29 betydelselösa
799 948 60 21 skat-

106 983 92 26 tetitlar,
215 983 150 29 hvarigenom
380 983 265 29 stämpelförordningen
654 984 78 21 kunde
743 983 117 21 förenklas

109 1019 43 21 och
167 1019 144 28 förtydligas.
343 1019 54 22 Men
413 1019 30 21 dä
459 1020 88 28 förslag
562 1019 8 21 i
586 1019 82 29 antydt
684 1019 61 28 syfte
761 1019 19 28 ej
795 1018 66 22 iden

108 1054 85 29 nädiga
208 1055 173 28 propositionen
396 1056 133 25 framstälts,
548 1056 42 20 har
606 1055 118 22 Utskottet
739 1055 50 21 icke
805 1056 56 20 trott

109 1090 37 29 sig
161 1090 76 22 denna
253 1094 62 25 gäng
330 1091 57 21 böra
401 1094 106 18 närmare
523 1091 55 28 ingä
593 1094 31 25 pä
638 1091 89 28 frägan.

180 1126 70 22 Hvad
272 1127 103 21 däremot
392 1127 113 21 beträifar
521 1127 29 21 de
566 1126 135 22 meddelade
712 1126 150 29 uppgifterna

110 1162 98 22 rörande
216 1162 340 29 bouppteckningsinstrument
564 1162 42 22 och
615 1165 159 25 testamenten,
783 1162 79 22 hvilka

110 1198 76 22 sävidt
200 1199 119 21 Utskottet
334 1199 47 21 kan
403 1199 105 26 bedöma,
525 1199 65 21 torde
607 1199 64 28 gifva
687 1206 29 14 en
731 1199 8 20 i
755 1199 39 21 det
809 1198 52 21 hela

109 1237 64 26 taget
195 1241 122 22 noggrann
340 1235 49 21 bild
410 1235 23 21 af
453 1235 77 21 denna
551 1234 89 29 vigtiga
660 1234 137 22 skattetitels
820 1241 41 14 nu-

109 1270 103 22 varande
231 1271 149 28 ständpunkt,
401 1271 42 20 har
458 1270 120 22 Utskottet
594 1273 76 19 ansett
686 1271 51 21 dem
753 1269 110 29 förtjänta

110 1306 24 22 af
157 1313 30 15 en
208 1314 63 14 mera
293 1307 114 28 ingäende
431 1307 113 22 statistisk
560 1306 131 30 belysning,
707 1305 60 23 helst
783 1313 30 15 en
828 1307 36 19 ut-

110 1342 100 28 redning
226 1343 23 21 af
265 1343 82 29 antydt
363 1343 50 28 slag
429 1350 32 14 nu
477 1343 36 21 för
529 1343 73 21 första
618 1346 92 25 gängen
727 1345 24 18 är
766 1341 97 22 föremäl

110 1378 36 21 för
163 1378 140 22 Ständernas
320 1378 150 29 granskning.
503 1378 130 22 Utskottets
649 1378 154 28 beräkningar
813 1377 50 21 här-

110 1413 104 27 utinnan,
230 1414 79 22 hvilka
325 1414 8 22 i
349 1414 44 22 allo
417 1415 208 21 öfverensstämma
648 1414 53 22 med
717 1414 28 21 de
761 1413 104 26 resultat,

110 1450 94 21 hvartill
224 1450 259 28 Bevillningsutskottet
499 1450 40 22 vid
560 1452 91 20 senaste
670 1449 112 28 landtdag
801 1449 64 21 kom-

111 1485 48 27 mit,
175 1486 90 28 framgä
282 1486 23 21 af
320 1486 102 29 följande
438 1486 80 22 tabell:
