1100 1689
332 114 25 23 U.
372 114 27 23 B.
415 127 28 3 —
459 113 66 29 Prop.
540 113 41 24 N:o
597 114 21 22 4.
836 114 11 21 7

448 180 15 29 g
478 183 21 19 2.

170 222 49 21 Har
242 222 71 28 (utsl.)
337 222 75 21 under
433 224 34 19 ett
482 225 25 18 år
521 221 36 28 för
573 221 144 29 tillverkning
733 221 29 28 af
774 221 75 22 sådan

100 258 75 28 dryck,
191 265 46 14 som
254 258 7 21 i
276 259 15 27 $
306 258 13 21 1
335 260 103 25 nämnes,
460 257 49 22 icke
525 257 133 22 förbrukats
675 260 25 19 så
716 260 47 19 stor
779 257 71 22 kvan-

99 293 52 22 titet
161 294 62 26 malt,
235 296 33 19 att
278 293 241 29 bevillningsafgiften
534 295 30 27 pä
580 293 76 29 grund
673 293 23 22 af
710 293 14 30 &
738 296 10 19 1
760 295 91 27 uppgår

100 330 35 21 till
161 331 86 21 ettusen
272 330 71 26 mark,
370 330 59 21 skall
453 329 72 23 likväl
551 329 62 22 detta
635 329 85 29 belopp
737 329 112 28 erläggas.

100 366 114 28 Lindring
229 366 7 21 i
253 366 62 21 detta
340 365 133 22 hänseende
495 366 46 21 kan
562 365 59 22 dock
637 365 24 22 af
676 365 175 22 vederbörande

101 402 139 29 Expedition
255 402 8 21 i
278 401 132 29 Kejserliga
426 401 112 22 Senatens
554 402 37 21 för
604 401 100 22 Finland
714 401 137 22 Ekonomie-

101 438 158 29 departement
270 438 104 28 beviljas,
395 438 3 22 i
420 438 111 22 händelse
554 438 132 22 tillverkare
709 438 74 21 under
803 440 49 19 året

101 474 101 28 upphört
217 474 53 22 med
286 474 36 22 sin
337 474 86 22 rörelse
440 474 55 22 eller
511 474 111 28 bryggeri
637 474 55 28 eljes
708 474 35 21 till
759 473 58 29 följd
829 473 23 22 af

102 510 85 22 vådeld
213 510 54 22 eller
293 517 76 15 annan
396 510 191 28 olyckshändelse
613 510 80 28 längre
714 510 34 21 tid
765 510 23 21 af
804 512 48 19 året

101 546 59 22 varit
175 546 9 21 i
198 546 166 22 overksamhet.

451 606 14 29 8
481 610 20 18 3.

173 648 108 28 Fritagen
297 648 52 22 frän
364 636 130 45 bevillning
510 656 54 14 vare
575 648 130 29 hembrygd
715 647 136 29 maltdryck.

102 684 71 28 (utsl.)

173 720 140 22 Restitution
329 720 23 21 af
368 720 80 28 erlagd
464 720 129 28 bevillning
609 728 54 20 eger
679 727 50 15 rum
741 720 36 21 för
788 720 64 21 malt-

102 756 79 28 dryck,
197 763 50 14 som

173 793 21 27 a)
225 792 52 21 frän
292 792 79 21 landet
386 792 98 25 utföres;

173 828 24 27 b)
228 828 73 21 under
323 828 84 28 sjelfva
430 828 181 28 tillverkningen
631 828 56 21 eller
703 828 100 21 därefter
819 827 34 22 till

102 864 46 21 den
168 864 57 28 grad
245 864 100 26 skadats,
366 866 34 19 att
415 864 53 26 den,
485 864 72 28 enligt
573 864 131 28 tillförlitlig
719 863 132 29 utredning,

102 899 49 22 icke
168 900 46 20 kan
229 900 34 21 till
277 900 113 28 förtäring
406 900 126 22 användas.

452 960 15 28 8
483 962 20 20 4.

173 1001 150 22 Beträffande
347 1001 43 22 tull
405 1002 37 21 för
466 1002 137 29 maltdryck,
628 1009 49 14 som
702 1002 35 21 till
753 1001 100 22 Finland

102 1037 94 27 införes,
222 1038 81 21 länder
328 1038 34 21 till
388 1038 153 22 efterrättelse
565 1038 62 21 hvad
651 1038 79 21 därom
755 1040 24 19 är
800 1037 55 22 eller

103 1073 84 22 varder
203 1073 114 29 stadgadt.

452 1110 14 28 8
483 1113 20 19 5.

176 1147 89 26 Önskar
281 1158 67 22 egare
365 1151 56 22 eller
436 1152 151 21 innehafvare
604 1152 23 21 af
642 1151 110 29 bryggeri
765 1151 34 21 till
811 1151 44 21 för-

104 1186 100 30 säljning
227 1187 106 22 tillverka
351 1187 138 29 maltdryck,
510 1188 58 21 skall
583 1188 46 21 han
643 1188 43 21 hos
702 1188 154 22 Guvernören

103 1223 8 21 i
126 1223 63 21 länet
205 1223 79 21 därom
301 1224 90 21 anmäla
406 1223 72 22 minst
493 1226 34 19 tre
543 1224 85 21 veckor
643 1224 49 21 före
708 1223 143 22 tillverknin-

104 1266 57 21 gens
177 1259 148 29 vidtagande.

177 1294 160 30 Tillverkning
353 1295 23 21 af
392 1295 131 29 maltdryck
539 1302 67 15 anses
617 1295 95 22 fortfara
723 1295 42 22 och
776 1294 80 22 bevill-

105 1331 58 28 ning
185 1330 42 22 bör
249 1331 106 28 erläggas
376 1331 61 21 intill
462 1331 53 22 dess
538 1331 132 22 tillverkare
689 1338 37 14 om
742 1331 114 21 rörelsens

104 1366 152 29 upphörande
274 1367 85 21 anmält
375 1367 41 21 hos
435 1367 154 22 Guvernören
604 1367 8 21 i
627 1367 69 26 länet,
712 1367 95 21 hvilken
818 1366 39 22 det

106 1402 87 28 åligger
216 1405 33 19 att
269 1410 37 14 om
323 1403 71 21 sådan
411 1403 107 21 anmälan
533 1403 134 21 underrätta
682 1402 174 22 vederbörande

104 1438 127 22 kontrollör
247 1439 43 21 och
305 1438 200 29 kronobetjening.
