1103 1756
301 146 84 22 Ständ.
404 145 38 23 Sv.
459 158 27 3 —
502 146 74 27 Prop.
591 145 42 23 N:o
649 145 19 22 7.
836 146 25 20 17

105 218 111 28 tonnage
235 217 33 22 än
287 216 86 23 hittills
393 217 98 22 komme
511 218 35 21 att
565 216 38 23 stå
624 216 36 23 till
678 216 122 23 trafikens
813 216 49 22 för-

105 251 119 29 fogande.
261 251 90 23 Likaså
371 250 79 23 borde
469 251 163 29 möjligheten
650 250 40 22 för
708 257 31 16 en
759 251 102 22 allmän-

105 292 62 16 nare
197 286 196 29 omgestaltning
421 285 25 23 af
475 285 185 23 lokomotivens
690 285 171 30 tjänstgöring

105 320 55 22 icke
182 326 63 16 vara
263 320 134 26 utesluten,
417 320 47 22 och
482 320 131 22 resultatet
633 320 25 22 af
676 326 32 16 en
727 320 80 22 sådan
827 320 34 22 åt-

106 354 65 30 gärd
195 354 99 23 komme
319 354 128 22 sannolikt
472 356 35 21 att
530 354 92 27 utvisa,
643 355 36 21 att
697 360 31 16 en
748 354 114 30 stegring

105 389 8 22 i
132 389 49 22 den
205 389 150 22 nuvarande
380 388 109 23 trafiken
508 389 54 22 icke
580 388 105 23 kräfver
704 395 31 16 en
753 390 109 21 motsva-

105 423 80 23 rande
203 424 97 29 ökning
320 423 25 23 af
363 423 138 30 förefintlig
520 423 141 30 dragkraft.

177 457 143 24 Ständerna
345 458 61 29 vilja
435 458 137 23 emellertid
598 458 55 22 icke
672 459 62 28 göra
753 464 31 16 en
803 457 59 22 ned-

107 493 113 28 sättning
238 493 25 22 af
281 493 43 22 det
342 493 8 22 i
368 493 191 28 propositionen
584 493 42 22 för
650 493 96 28 ökning
765 492 32 22 af
812 492 50 22 den

106 527 100 29 rörliga
225 527 148 22 materielen
397 527 145 30 föreslagna
562 527 122 30 anslaget,
704 528 60 21 utan
784 527 78 22 hafva

106 561 88 23 härför
212 562 117 29 upptagit
347 561 58 23 hela
424 557 42 51 det
485 561 95 23 äskade
592 561 120 29 beloppet
724 561 138 26 6,300,000

107 596 80 23 mark.

177 630 46 23 Till
248 631 184 22 fullbordande
450 631 32 22 af
498 631 87 22 banan
610 629 60 24 från
688 630 174 22 Elisenvaara

107 665 42 22 till
175 665 102 28 Nyslott
303 665 47 22 bör
377 665 78 29 enligt
482 665 202 29 propositionens
708 664 96 29 förslag
823 664 40 23 för

107 699 62 23 åren
189 699 67 23 1906
275 699 46 23 och
336 699 66 23 1907
417 700 102 22 anvisas
532 701 35 21 ett
579 699 93 28 belopp
686 699 26 22 af
721 699 141 26 6,801,000

107 734 80 23 mark.

176 768 352 23 Kommunikationsfondens
556 768 104 29 utgifter
687 768 39 22 för
744 768 120 22 ofvanbe-

107 803 77 22 rörda
211 803 117 23 ändamål
354 803 84 22 blefve
466 803 107 22 sålunda
601 803 81 22 under
707 802 60 23 åren
794 802 70 23 1906

107 837 46 22 och
175 837 77 23 1907:

108 905 97 23 Räntor
229 906 46 22 och
304 906 153 29 amortering
479 906 14 22 å
511 906 43 21 lån

177 942 65 20 samt
248 940 252 29 bankirprovisioner
507 940 46 23 och

177 975 198 22 omkostnader.
415 993 4 4 .
457 992 5 5 .
501 992 5 4 .
545 992 4 5 .
569 974 63 23 Fmk
653 974 163 27 18,015,720:
829 987 34 3 —

177 1044 97 29 Anslag
291 1043 50 23 för:

107 1111 284 30 Nybyggnadsarbeten
405 1112 43 23 vid
458 1113 32 22 de
504 1113 48 22 fär-

177 1147 60 29 diga
255 1147 116 22 banorna
417 1165 4 4 .
459 1164 5 5 .
545 1165 5 5 E
596 1163 14 10 m
670 1146 147 27 4,900,000:
829 1159 34 3 —

107 1181 105 29 Rörliga
231 1181 158 22 materielens
408 1165 100 46 ökning
542 1199 4 4 s
594 1198 14 10 &
669 1181 148 27 6,300,000:
830 1194 33 3 —

107 1215 188 23 Fullbordande
315 1216 26 22 af
357 1216 196 22 Elisenvaara—

176 1250 101 29 Nyslott
295 1250 86 23 banan
412 1268 4 4 .
455 1268 5 4 .
499 1268 4 4 .
543 1268 4 4 .
595 1267 14 10 »
670 1249 147 27 6,801,000:
829 1262 34 3 —

571 1296 62 22 Fmk
653 1295 164 28 31,016,720:
830 1308 34 3 —

107 1365 38 22 Då
164 1365 108 22 fondens
299 1365 138 22 inkomster
464 1365 89 22 beräk-

175 1401 58 20 nats
251 1399 36 23 till
329 1417 4 4 .
372 1417 5 4 .
415 1417 5 4 .
459 1417 4 4 .
503 1419 4 4 .
546 1417 4 4 .
570 1399 63 22 Fmk
653 1399 207 26 22,742,441:81

107 1445 136 30 föreligger
263 1445 106 23 sålunda
389 1452 31 16 en
440 1446 64 22 brist
523 1446 25 21 at
571 1445 63 22 Fmk
670 1445 192 26 28,274,278:19

828 1487 12 18 2
