<?xml version="1.0" encoding="UTF-8"?>
<alto xmlns="http://www.loc.gov/standards/alto/ns-v3#" xmlns:xlink="http://www.w3.org/1999/xlink" xmlns:xsi="http://www.w3.org/2001/XMLSchema-instance" xsi:schemaLocation="http://www.loc.gov/standards/alto/ns-v3# http://www.loc.gov/alto/v3/alto-3-0.xsd">
	<Description>
		<MeasurementUnit>pixel</MeasurementUnit>
		<sourceImageInformation>
			<fileName>/tmp/tess_161ogp7b_input.PNG</fileName>
		</sourceImageInformation>
		<OCRProcessing ID="OCR_0">
			<ocrProcessingStep>
				<processingSoftware>
					<softwareName>tesseract 5.3.4</softwareName>
				</processingSoftware>
			</ocrProcessingStep>
		</OCRProcessing>
	</Description>
	<Layout>
		<Page WIDTH="1103" HEIGHT="1753" PHYSICAL_IMG_NR="0" ID="page_0">
			<PrintSpace HPOS="0" VPOS="0" WIDTH="1103" HEIGHT="1753">
				<ComposedBlock ID="cblock_0" HPOS="821" VPOS="139" WIDTH="27" HEIGHT="19">
					<TextBlock ID="block_0" HPOS="821" VPOS="139" WIDTH="27" HEIGHT="19">
						<TextLine ID="line_0" HPOS="821" VPOS="139" WIDTH="27" HEIGHT="19">
							<String ID="string_0" HPOS="821" VPOS="139" WIDTH="27" HEIGHT="19" WC="0.96" CONTENT="13"/>
						</TextLine>
					</TextBlock>
				</ComposedBlock>
				<ComposedBlock ID="cblock_1" HPOS="95" VPOS="202" WIDTH="767" HEIGHT="1276">
					<TextBlock ID="block_1" HPOS="95" VPOS="202" WIDTH="761" HEIGHT="925">
						<TextLine ID="line_1" HPOS="98" VPOS="202" WIDTH="750" HEIGHT="29">
							<String ID="string_1" HPOS="98" VPOS="203" WIDTH="132" HEIGHT="25" WC="0.96" CONTENT="skattefritt,"/><SP WIDTH="24" VPOS="203" HPOS="230"/>
							<String ID="string_2" HPOS="254" VPOS="210" WIDTH="49" HEIGHT="15" WC="0.96" CONTENT="som"/><SP WIDTH="25" VPOS="210" HPOS="303"/>
							<String ID="string_3" HPOS="328" VPOS="203" WIDTH="40" HEIGHT="21" WC="0.91" CONTENT="vid"/><SP WIDTH="16" VPOS="203" HPOS="368"/>
							<String ID="string_4" HPOS="384" VPOS="203" WIDTH="131" HEIGHT="28" WC="0.90" CONTENT="ölbryggeri"/><SP WIDTH="16" VPOS="203" HPOS="515"/>
							<String ID="string_5" HPOS="531" VPOS="203" WIDTH="117" HEIGHT="21" WC="0.96" CONTENT="användes"/><SP WIDTH="16" VPOS="203" HPOS="648"/>
							<String ID="string_6" HPOS="664" VPOS="203" WIDTH="34" HEIGHT="21" WC="0.95" CONTENT="till"/><SP WIDTH="17" VPOS="203" HPOS="698"/>
							<String ID="string_7" HPOS="715" VPOS="203" WIDTH="75" HEIGHT="21" WC="0.93" CONTENT="direkt"/><SP WIDTH="14" VPOS="203" HPOS="790"/>
							<String ID="string_8" HPOS="804" VPOS="202" WIDTH="44" HEIGHT="21" WC="0.92" CONTENT="till-"/>
						</TextLine>
						<TextLine ID="line_2" HPOS="95" VPOS="238" WIDTH="754" HEIGHT="29">
							<String ID="string_9" HPOS="95" VPOS="238" WIDTH="114" HEIGHT="29" WC="0.96" CONTENT="verkning"/><SP WIDTH="24" VPOS="238" HPOS="209"/>
							<String ID="string_10" HPOS="233" VPOS="239" WIDTH="25" HEIGHT="21" WC="0.96" CONTENT="af"/><SP WIDTH="22" VPOS="239" HPOS="258"/>
							<String ID="string_11" HPOS="280" VPOS="239" WIDTH="142" HEIGHT="28" WC="0.95" CONTENT="svagdricka."/><SP WIDTH="32" VPOS="239" HPOS="422"/>
							<String ID="string_12" HPOS="454" VPOS="239" WIDTH="156" HEIGHT="28" WC="0.91" CONTENT="Lagstiftaren"/><SP WIDTH="26" VPOS="239" HPOS="610"/>
							<String ID="string_13" HPOS="636" VPOS="239" WIDTH="72" HEIGHT="22" WC="0.96" CONTENT="borde"/><SP WIDTH="27" VPOS="239" HPOS="708"/>
							<String ID="string_14" HPOS="735" VPOS="239" WIDTH="7" HEIGHT="20" WC="0.96" CONTENT="i"/><SP WIDTH="25" VPOS="239" HPOS="742"/>
							<String ID="string_15" HPOS="767" VPOS="239" WIDTH="82" HEIGHT="21" WC="0.96" CONTENT="sådant"/>
						</TextLine>
						<TextLine ID="line_3" HPOS="97" VPOS="273" WIDTH="751" HEIGHT="30">
							<String ID="string_16" HPOS="97" VPOS="274" WIDTH="41" HEIGHT="21" WC="0.94" CONTENT="fall"/><SP WIDTH="24" VPOS="274" HPOS="138"/>
							<String ID="string_17" HPOS="162" VPOS="275" WIDTH="50" HEIGHT="20" WC="0.94" CONTENT="icke"/><SP WIDTH="23" VPOS="275" HPOS="212"/>
							<String ID="string_18" HPOS="235" VPOS="274" WIDTH="68" HEIGHT="29" WC="0.96" CONTENT="lägga"/><SP WIDTH="16" VPOS="274" HPOS="303"/>
							<String ID="string_19" HPOS="319" VPOS="275" WIDTH="80" HEIGHT="21" WC="0.95" CONTENT="hinder"/><SP WIDTH="16" VPOS="275" HPOS="399"/>
							<String ID="string_20" HPOS="415" VPOS="274" WIDTH="9" HEIGHT="22" WC="0.96" CONTENT="i"/><SP WIDTH="14" VPOS="274" HPOS="424"/>
							<String ID="string_21" HPOS="438" VPOS="278" WIDTH="76" HEIGHT="25" WC="0.96" CONTENT="vägen"/><SP WIDTH="17" VPOS="278" HPOS="514"/>
							<String ID="string_22" HPOS="531" VPOS="275" WIDTH="34" HEIGHT="21" WC="0.93" CONTENT="för"/><SP WIDTH="16" VPOS="275" HPOS="565"/>
							<String ID="string_23" HPOS="581" VPOS="273" WIDTH="267" HEIGHT="30" WC="0.92" CONTENT="svagdricksfabrikatio-"/>
						</TextLine>
						<TextLine ID="line_4" HPOS="97" VPOS="310" WIDTH="752" HEIGHT="29">
							<String ID="string_24" HPOS="97" VPOS="318" WIDTH="45" HEIGHT="13" WC="0.90" CONTENT="nen"/><SP WIDTH="17" VPOS="318" HPOS="142"/>
							<String ID="string_25" HPOS="159" VPOS="312" WIDTH="13" HEIGHT="19" WC="0.90" CONTENT="å"/><SP WIDTH="16" VPOS="312" HPOS="172"/>
							<String ID="string_26" HPOS="188" VPOS="311" WIDTH="28" HEIGHT="20" WC="0.96" CONTENT="de"/><SP WIDTH="19" VPOS="311" HPOS="216"/>
							<String ID="string_27" HPOS="235" VPOS="313" WIDTH="72" HEIGHT="19" WC="0.93" CONTENT="större"/><SP WIDTH="20" VPOS="313" HPOS="307"/>
							<String ID="string_28" HPOS="327" VPOS="311" WIDTH="170" HEIGHT="28" WC="0.91" CONTENT="bryggerierna,"/><SP WIDTH="17" VPOS="311" HPOS="497"/>
							<String ID="string_29" HPOS="514" VPOS="311" WIDTH="78" HEIGHT="21" WC="0.96" CONTENT="hvilka"/><SP WIDTH="15" VPOS="311" HPOS="592"/>
							<String ID="string_30" HPOS="607" VPOS="311" WIDTH="77" HEIGHT="21" WC="0.96" CONTENT="kunna"/><SP WIDTH="17" VPOS="311" HPOS="684"/>
							<String ID="string_31" HPOS="701" VPOS="317" WIDTH="97" HEIGHT="22" WC="0.96" CONTENT="anpassa"/><SP WIDTH="16" VPOS="317" HPOS="798"/>
							<String ID="string_32" HPOS="814" VPOS="310" WIDTH="35" HEIGHT="22" WC="0.94" CONTENT="sin"/>
						</TextLine>
						<TextLine ID="line_5" HPOS="98" VPOS="346" WIDTH="751" HEIGHT="28">
							<String ID="string_33" HPOS="98" VPOS="346" WIDTH="148" HEIGHT="28" WC="0.96" CONTENT="tillverkning"/><SP WIDTH="16" VPOS="346" HPOS="246"/>
							<String ID="string_34" HPOS="262" VPOS="346" WIDTH="58" HEIGHT="21" WC="0.96" CONTENT="efter"/><SP WIDTH="16" VPOS="346" HPOS="320"/>
							<String ID="string_35" HPOS="336" VPOS="346" WIDTH="164" HEIGHT="22" WC="0.96" CONTENT="allmänhetens"/><SP WIDTH="16" VPOS="346" HPOS="500"/>
							<String ID="string_36" HPOS="516" VPOS="347" WIDTH="94" HEIGHT="21" WC="0.96" CONTENT="fordran"/><SP WIDTH="11" VPOS="347" HPOS="610"/>
							<String ID="string_37" HPOS="621" VPOS="348" WIDTH="30" HEIGHT="26" WC="0.96" CONTENT="på"/><SP WIDTH="11" VPOS="348" HPOS="651"/>
							<String ID="string_38" HPOS="662" VPOS="346" WIDTH="187" HEIGHT="28" WC="0.95" CONTENT="alkoholsvagare"/>
						</TextLine>
						<TextLine ID="line_6" HPOS="100" VPOS="382" WIDTH="749" HEIGHT="28">
							<String ID="string_39" HPOS="100" VPOS="382" WIDTH="97" HEIGHT="28" WC="0.96" CONTENT="drycker"/><SP WIDTH="23" VPOS="382" HPOS="197"/>
							<String ID="string_40" HPOS="220" VPOS="382" WIDTH="43" HEIGHT="21" WC="0.96" CONTENT="och"/><SP WIDTH="23" VPOS="382" HPOS="263"/>
							<String ID="string_41" HPOS="286" VPOS="389" WIDTH="48" HEIGHT="15" WC="0.96" CONTENT="som"/><SP WIDTH="24" VPOS="389" HPOS="334"/>
							<String ID="string_42" HPOS="358" VPOS="382" WIDTH="52" HEIGHT="21" WC="0.95" CONTENT="med"/><SP WIDTH="25" VPOS="382" HPOS="410"/>
							<String ID="string_43" HPOS="435" VPOS="382" WIDTH="50" HEIGHT="22" WC="0.93" CONTENT="sina"/><SP WIDTH="17" VPOS="382" HPOS="485"/>
							<String ID="string_44" HPOS="502" VPOS="382" WIDTH="111" HEIGHT="22" WC="0.92" CONTENT="modärna"/><SP WIDTH="16" VPOS="382" HPOS="613"/>
							<String ID="string_45" HPOS="629" VPOS="382" WIDTH="113" HEIGHT="22" WC="0.96" CONTENT="maskiner"/><SP WIDTH="17" VPOS="382" HPOS="742"/>
							<String ID="string_46" HPOS="759" VPOS="382" WIDTH="42" HEIGHT="21" WC="0.93" CONTENT="och"/><SP WIDTH="16" VPOS="382" HPOS="801"/>
							<String ID="string_47" HPOS="817" VPOS="382" WIDTH="32" HEIGHT="20" WC="0.91" CONTENT="in-"/>
						</TextLine>
						<TextLine ID="line_7" HPOS="100" VPOS="417" WIDTH="750" HEIGHT="29">
							<String ID="string_48" HPOS="100" VPOS="418" WIDTH="128" HEIGHT="28" WC="0.92" CONTENT="rättningar"/><SP WIDTH="24" VPOS="418" HPOS="228"/>
							<String ID="string_49" HPOS="252" VPOS="418" WIDTH="42" HEIGHT="21" WC="0.96" CONTENT="och"/><SP WIDTH="24" VPOS="418" HPOS="294"/>
							<String ID="string_50" HPOS="318" VPOS="418" WIDTH="53" HEIGHT="21" WC="0.95" CONTENT="med"/><SP WIDTH="16" VPOS="418" HPOS="371"/>
							<String ID="string_51" HPOS="387" VPOS="418" WIDTH="45" HEIGHT="21" WC="0.95" CONTENT="den"/><SP WIDTH="16" VPOS="418" HPOS="432"/>
							<String ID="string_52" HPOS="448" VPOS="420" WIDTH="72" HEIGHT="20" WC="0.93" CONTENT="större"/><SP WIDTH="15" VPOS="420" HPOS="520"/>
							<String ID="string_53" HPOS="535" VPOS="418" WIDTH="131" HEIGHT="28" WC="0.90" CONTENT="fackinsigt,"/><SP WIDTH="17" VPOS="418" HPOS="666"/>
							<String ID="string_54" HPOS="683" VPOS="417" WIDTH="123" HEIGHT="22" WC="0.91" CONTENT="hvaröfver"/><SP WIDTH="16" VPOS="417" HPOS="806"/>
							<String ID="string_55" HPOS="822" VPOS="418" WIDTH="28" HEIGHT="20" WC="0.96" CONTENT="de"/>
						</TextLine>
						<TextLine ID="line_8" HPOS="98" VPOS="453" WIDTH="752" HEIGHT="29">
							<String ID="string_56" HPOS="98" VPOS="454" WIDTH="7" HEIGHT="20" WC="0.96" CONTENT="i"/><SP WIDTH="18" VPOS="454" HPOS="105"/>
							<String ID="string_57" HPOS="123" VPOS="453" WIDTH="123" HEIGHT="23" WC="0.95" CONTENT="allmänhet"/><SP WIDTH="16" VPOS="453" HPOS="246"/>
							<String ID="string_58" HPOS="262" VPOS="453" WIDTH="98" HEIGHT="29" WC="0.96" CONTENT="förfoga,"/><SP WIDTH="17" VPOS="453" HPOS="360"/>
							<String ID="string_59" HPOS="377" VPOS="457" WIDTH="39" HEIGHT="18" WC="0.96" CONTENT="äro"/><SP WIDTH="17" VPOS="457" HPOS="416"/>
							<String ID="string_60" HPOS="433" VPOS="454" WIDTH="74" HEIGHT="22" WC="0.96" CONTENT="bättre"/><SP WIDTH="10" VPOS="454" HPOS="507"/>
							<String ID="string_61" HPOS="517" VPOS="454" WIDTH="161" HEIGHT="21" WC="0.96" CONTENT="kvalificerade"/><SP WIDTH="10" VPOS="454" HPOS="678"/>
							<String ID="string_62" HPOS="688" VPOS="456" WIDTH="33" HEIGHT="19" WC="0.95" CONTENT="att"/><SP WIDTH="7" VPOS="456" HPOS="721"/>
							<String ID="string_63" HPOS="728" VPOS="454" WIDTH="122" HEIGHT="28" WC="0.95" CONTENT="tillgodose"/>
						</TextLine>
						<TextLine ID="line_9" HPOS="98" VPOS="489" WIDTH="751" HEIGHT="29">
							<String ID="string_64" HPOS="98" VPOS="489" WIDTH="109" HEIGHT="23" WC="0.91" CONTENT="behofvet"/><SP WIDTH="23" VPOS="489" HPOS="207"/>
							<String ID="string_65" HPOS="230" VPOS="492" WIDTH="29" HEIGHT="18" WC="0.96" CONTENT="än"/><SP WIDTH="24" VPOS="492" HPOS="259"/>
							<String ID="string_66" HPOS="283" VPOS="490" WIDTH="29" HEIGHT="21" WC="0.96" CONTENT="de"/><SP WIDTH="15" VPOS="490" HPOS="312"/>
							<String ID="string_67" HPOS="327" VPOS="497" WIDTH="62" HEIGHT="14" WC="0.95" CONTENT="mera"/><SP WIDTH="15" VPOS="497" HPOS="389"/>
							<String ID="string_68" HPOS="404" VPOS="490" WIDTH="117" HEIGHT="28" WC="0.92" CONTENT="primitiva"/><SP WIDTH="16" VPOS="490" HPOS="521"/>
							<String ID="string_69" HPOS="537" VPOS="490" WIDTH="312" HEIGHT="28" WC="0.91" CONTENT="svagdrycksbryggerierna."/>
						</TextLine>
						<TextLine ID="line_10" HPOS="99" VPOS="525" WIDTH="750" HEIGHT="29">
							<String ID="string_70" HPOS="99" VPOS="526" WIDTH="45" HEIGHT="21" WC="0.96" CONTENT="För"/><SP WIDTH="12" VPOS="526" HPOS="144"/>
							<String ID="string_71" HPOS="156" VPOS="526" WIDTH="29" HEIGHT="21" WC="0.96" CONTENT="de"/><SP WIDTH="11" VPOS="526" HPOS="185"/>
							<String ID="string_72" HPOS="196" VPOS="528" WIDTH="48" HEIGHT="19" WC="0.93" CONTENT="små"/><SP WIDTH="11" VPOS="528" HPOS="244"/>
							<String ID="string_73" HPOS="255" VPOS="525" WIDTH="186" HEIGHT="29" WC="0.91" CONTENT="ölbryggerierna"/><SP WIDTH="11" VPOS="525" HPOS="441"/>
							<String ID="string_74" HPOS="452" VPOS="528" WIDTH="48" HEIGHT="19" WC="0.96" CONTENT="åter"/><SP WIDTH="11" VPOS="528" HPOS="500"/>
							<String ID="string_75" HPOS="511" VPOS="526" WIDTH="72" HEIGHT="22" WC="0.93" CONTENT="skulle"/><SP WIDTH="16" VPOS="526" HPOS="583"/>
							<String ID="string_76" HPOS="599" VPOS="525" WIDTH="250" HEIGHT="29" WC="0.91" CONTENT="svagdricksbrygdens"/>
						</TextLine>
						<TextLine ID="line_11" HPOS="99" VPOS="561" WIDTH="751" HEIGHT="29">
							<String ID="string_77" HPOS="99" VPOS="561" WIDTH="133" HEIGHT="29" WC="0.95" CONTENT="frigörande"/><SP WIDTH="22" VPOS="561" HPOS="232"/>
							<String ID="string_78" HPOS="254" VPOS="564" WIDTH="82" HEIGHT="26" WC="0.96" CONTENT="utgöra"/><SP WIDTH="16" VPOS="564" HPOS="336"/>
							<String ID="string_79" HPOS="352" VPOS="569" WIDTH="28" HEIGHT="13" WC="0.96" CONTENT="en"/><SP WIDTH="15" VPOS="569" HPOS="380"/>
							<String ID="string_80" HPOS="395" VPOS="565" WIDTH="157" HEIGHT="25" WC="0.96" CONTENT="uppmuntran"/><SP WIDTH="16" VPOS="565" HPOS="552"/>
							<String ID="string_81" HPOS="568" VPOS="564" WIDTH="33" HEIGHT="19" WC="0.96" CONTENT="att"/><SP WIDTH="16" VPOS="564" HPOS="601"/>
							<String ID="string_82" HPOS="617" VPOS="562" WIDTH="143" HEIGHT="28" WC="0.91" CONTENT="småningom"/><SP WIDTH="16" VPOS="562" HPOS="760"/>
							<String ID="string_83" HPOS="776" VPOS="561" WIDTH="74" HEIGHT="22" WC="0.91" CONTENT="öfver-"/>
						</TextLine>
						<TextLine ID="line_12" HPOS="99" VPOS="597" WIDTH="751" HEIGHT="29">
							<String ID="string_84" HPOS="99" VPOS="597" WIDTH="65" HEIGHT="29" WC="0.93" CONTENT="gifva"/><SP WIDTH="20" VPOS="597" HPOS="164"/>
							<String ID="string_85" HPOS="184" VPOS="597" WIDTH="189" HEIGHT="28" WC="0.91" CONTENT="ölhandteringen"/><SP WIDTH="15" VPOS="597" HPOS="373"/>
							<String ID="string_86" HPOS="388" VPOS="598" WIDTH="43" HEIGHT="21" WC="0.96" CONTENT="och"/><SP WIDTH="15" VPOS="598" HPOS="431"/>
							<String ID="string_87" HPOS="446" VPOS="598" WIDTH="146" HEIGHT="22" WC="0.96" CONTENT="uteslutande"/><SP WIDTH="16" VPOS="598" HPOS="592"/>
							<String ID="string_88" HPOS="608" VPOS="605" WIDTH="58" HEIGHT="21" WC="0.96" CONTENT="egna"/><SP WIDTH="16" VPOS="605" HPOS="666"/>
							<String ID="string_89" HPOS="682" VPOS="598" WIDTH="36" HEIGHT="28" WC="0.95" CONTENT="sig"/><SP WIDTH="16" VPOS="598" HPOS="718"/>
							<String ID="string_90" HPOS="734" VPOS="599" WIDTH="22" HEIGHT="19" WC="0.93" CONTENT="åt"/><SP WIDTH="16" VPOS="599" HPOS="756"/>
							<String ID="string_91" HPOS="772" VPOS="597" WIDTH="78" HEIGHT="22" WC="0.91" CONTENT="bered-"/>
						</TextLine>
						<TextLine ID="line_13" HPOS="99" VPOS="632" WIDTH="751" HEIGHT="30">
							<String ID="string_92" HPOS="99" VPOS="634" WIDTH="56" HEIGHT="27" WC="0.96" CONTENT="ning"/><SP WIDTH="17" VPOS="634" HPOS="155"/>
							<String ID="string_93" HPOS="172" VPOS="633" WIDTH="26" HEIGHT="22" WC="0.93" CONTENT="af"/><SP WIDTH="14" VPOS="633" HPOS="198"/>
							<String ID="string_94" HPOS="212" VPOS="633" WIDTH="162" HEIGHT="28" WC="0.90" CONTENT="alkoholsvaga"/><SP WIDTH="16" VPOS="633" HPOS="374"/>
							<String ID="string_95" HPOS="390" VPOS="634" WIDTH="103" HEIGHT="28" WC="0.96" CONTENT="drycker."/><SP WIDTH="33" VPOS="634" HPOS="493"/>
							<String ID="string_96" HPOS="526" VPOS="633" WIDTH="134" HEIGHT="22" WC="0.91" CONTENT="Emellertid"/><SP WIDTH="16" VPOS="633" HPOS="660"/>
							<String ID="string_97" HPOS="676" VPOS="634" WIDTH="40" HEIGHT="21" WC="0.96" CONTENT="har"/><SP WIDTH="16" VPOS="634" HPOS="716"/>
							<String ID="string_98" HPOS="732" VPOS="634" WIDTH="62" HEIGHT="21" WC="0.93" CONTENT="inom"/><SP WIDTH="15" VPOS="634" HPOS="794"/>
							<String ID="string_99" HPOS="809" VPOS="632" WIDTH="41" HEIGHT="23" WC="0.90" CONTENT="Ut-"/>
						</TextLine>
						<TextLine ID="line_14" HPOS="101" VPOS="669" WIDTH="749" HEIGHT="29">
							<String ID="string_100" HPOS="101" VPOS="670" WIDTH="91" HEIGHT="25" WC="0.96" CONTENT="skottet,"/><SP WIDTH="27" VPOS="670" HPOS="192"/>
							<String ID="string_101" HPOS="219" VPOS="670" WIDTH="53" HEIGHT="21" WC="0.96" CONTENT="med"/><SP WIDTH="26" VPOS="670" HPOS="272"/>
							<String ID="string_102" HPOS="298" VPOS="670" WIDTH="52" HEIGHT="21" WC="0.96" CONTENT="stöd"/><SP WIDTH="26" VPOS="670" HPOS="350"/>
							<String ID="string_103" HPOS="376" VPOS="669" WIDTH="25" HEIGHT="22" WC="0.94" CONTENT="af"/><SP WIDTH="25" VPOS="669" HPOS="401"/>
							<String ID="string_104" HPOS="426" VPOS="670" WIDTH="159" HEIGHT="21" WC="0.94" CONTENT="erfarenheten"/><SP WIDTH="21" VPOS="670" HPOS="585"/>
							<String ID="string_105" HPOS="606" VPOS="670" WIDTH="6" HEIGHT="21" WC="0.96" CONTENT="i"/><SP WIDTH="17" VPOS="670" HPOS="612"/>
							<String ID="string_106" HPOS="629" VPOS="669" WIDTH="101" HEIGHT="29" WC="0.95" CONTENT="Sverige,"/><SP WIDTH="27" VPOS="669" HPOS="730"/>
							<String ID="string_107" HPOS="757" VPOS="669" WIDTH="93" HEIGHT="22" WC="0.94" CONTENT="uttalats"/>
						</TextLine>
						<TextLine ID="line_15" HPOS="99" VPOS="704" WIDTH="751" HEIGHT="30">
							<String ID="string_108" HPOS="99" VPOS="705" WIDTH="139" HEIGHT="22" WC="0.92" CONTENT="tvifvelsmål"/><SP WIDTH="17" VPOS="705" HPOS="238"/>
							<String ID="string_109" HPOS="255" VPOS="705" WIDTH="86" HEIGHT="26" WC="0.96" CONTENT="därom,"/><SP WIDTH="16" VPOS="705" HPOS="341"/>
							<String ID="string_110" HPOS="357" VPOS="705" WIDTH="116" HEIGHT="22" WC="0.96" CONTENT="huruvida"/><SP WIDTH="16" VPOS="705" HPOS="473"/>
							<String ID="string_111" HPOS="489" VPOS="706" WIDTH="38" HEIGHT="21" WC="0.96" CONTENT="det"/><SP WIDTH="16" VPOS="706" HPOS="527"/>
							<String ID="string_112" HPOS="543" VPOS="706" WIDTH="41" HEIGHT="20" WC="0.96" CONTENT="hos"/><SP WIDTH="17" VPOS="706" HPOS="584"/>
							<String ID="string_113" HPOS="601" VPOS="712" WIDTH="36" HEIGHT="15" WC="0.95" CONTENT="oss"/><SP WIDTH="9" VPOS="712" HPOS="637"/>
							<String ID="string_114" HPOS="646" VPOS="705" WIDTH="132" HEIGHT="29" WC="0.93" CONTENT="tillämpade"/><SP WIDTH="9" VPOS="705" HPOS="778"/>
							<String ID="string_115" HPOS="787" VPOS="704" WIDTH="63" HEIGHT="22" WC="0.92" CONTENT="malt-"/>
						</TextLine>
						<TextLine ID="line_16" HPOS="101" VPOS="741" WIDTH="749" HEIGHT="28">
							<String ID="string_116" HPOS="101" VPOS="741" WIDTH="185" HEIGHT="28" WC="0.93" CONTENT="skattesystemet"/><SP WIDTH="24" VPOS="741" HPOS="286"/>
							<String ID="string_117" HPOS="310" VPOS="741" WIDTH="156" HEIGHT="22" WC="0.91" CONTENT="öfverhufvud"/><SP WIDTH="21" VPOS="741" HPOS="466"/>
							<String ID="string_118" HPOS="487" VPOS="742" WIDTH="83" HEIGHT="21" WC="0.96" CONTENT="tillåter"/><SP WIDTH="27" VPOS="742" HPOS="570"/>
							<String ID="string_119" HPOS="597" VPOS="744" WIDTH="33" HEIGHT="18" WC="0.95" CONTENT="att"/><SP WIDTH="21" VPOS="744" HPOS="630"/>
							<String ID="string_120" HPOS="651" VPOS="742" WIDTH="7" HEIGHT="20" WC="0.95" CONTENT="i"/><SP WIDTH="16" VPOS="742" HPOS="658"/>
							<String ID="string_121" HPOS="674" VPOS="741" WIDTH="108" HEIGHT="28" WC="0.91" CONTENT="bryggeri"/><SP WIDTH="23" VPOS="741" HPOS="782"/>
							<String ID="string_122" HPOS="805" VPOS="743" WIDTH="45" HEIGHT="19" WC="0.91" CONTENT="sär-"/>
						</TextLine>
						<TextLine ID="line_17" HPOS="100" VPOS="776" WIDTH="751" HEIGHT="29">
							<String ID="string_123" HPOS="100" VPOS="776" WIDTH="68" HEIGHT="28" WC="0.96" CONTENT="skilja"/><SP WIDTH="16" VPOS="776" HPOS="168"/>
							<String ID="string_124" HPOS="184" VPOS="776" WIDTH="158" HEIGHT="29" WC="0.96" CONTENT="skattepliktig"/><SP WIDTH="24" VPOS="776" HPOS="342"/>
							<String ID="string_125" HPOS="366" VPOS="777" WIDTH="42" HEIGHT="21" WC="0.96" CONTENT="och"/><SP WIDTH="24" VPOS="777" HPOS="408"/>
							<String ID="string_126" HPOS="432" VPOS="777" WIDTH="106" HEIGHT="21" WC="0.95" CONTENT="skattefri"/><SP WIDTH="23" VPOS="777" HPOS="538"/>
							<String ID="string_127" HPOS="561" VPOS="777" WIDTH="154" HEIGHT="28" WC="0.96" CONTENT="tillverkning,"/><SP WIDTH="24" VPOS="777" HPOS="715"/>
							<String ID="string_128" HPOS="739" VPOS="777" WIDTH="54" HEIGHT="21" WC="0.96" CONTENT="eller"/><SP WIDTH="15" VPOS="777" HPOS="793"/>
							<String ID="string_129" HPOS="808" VPOS="776" WIDTH="43" HEIGHT="22" WC="0.96" CONTENT="ock"/>
						</TextLine>
						<TextLine ID="line_18" HPOS="101" VPOS="812" WIDTH="751" HEIGHT="29">
							<String ID="string_130" HPOS="101" VPOS="815" WIDTH="33" HEIGHT="19" WC="0.95" CONTENT="att"/><SP WIDTH="19" VPOS="815" HPOS="134"/>
							<String ID="string_131" HPOS="153" VPOS="813" WIDTH="102" HEIGHT="21" WC="0.93" CONTENT="anordna"/><SP WIDTH="15" VPOS="813" HPOS="255"/>
							<String ID="string_132" HPOS="270" VPOS="812" WIDTH="130" HEIGHT="22" WC="0.89" CONTENT="restitution"/><SP WIDTH="16" VPOS="812" HPOS="400"/>
							<String ID="string_133" HPOS="416" VPOS="813" WIDTH="27" HEIGHT="21" WC="0.96" CONTENT="af"/><SP WIDTH="14" VPOS="813" HPOS="443"/>
							<String ID="string_134" HPOS="457" VPOS="814" WIDTH="62" HEIGHT="21" WC="0.96" CONTENT="skatt"/><SP WIDTH="15" VPOS="814" HPOS="519"/>
							<String ID="string_135" HPOS="534" VPOS="813" WIDTH="36" HEIGHT="22" WC="0.96" CONTENT="för"/><SP WIDTH="16" VPOS="813" HPOS="570"/>
							<String ID="string_136" HPOS="586" VPOS="813" WIDTH="62" HEIGHT="25" WC="0.96" CONTENT="malt,"/><SP WIDTH="16" VPOS="813" HPOS="648"/>
							<String ID="string_137" HPOS="664" VPOS="820" WIDTH="49" HEIGHT="14" WC="0.93" CONTENT="som"/><SP WIDTH="17" VPOS="820" HPOS="713"/>
							<String ID="string_138" HPOS="730" VPOS="814" WIDTH="72" HEIGHT="27" WC="0.88" CONTENT="åtgått"/><SP WIDTH="15" VPOS="814" HPOS="802"/>
							<String ID="string_139" HPOS="817" VPOS="812" WIDTH="35" HEIGHT="21" WC="0.96" CONTENT="till"/>
						</TextLine>
						<TextLine ID="line_19" HPOS="101" VPOS="848" WIDTH="750" HEIGHT="29">
							<String ID="string_140" HPOS="101" VPOS="848" WIDTH="287" HEIGHT="28" WC="0.88" CONTENT="svagdrickstillverkning."/><SP WIDTH="34" VPOS="848" HPOS="388"/>
							<String ID="string_141" HPOS="422" VPOS="849" WIDTH="121" HEIGHT="22" WC="0.94" CONTENT="Huruvida"/><SP WIDTH="32" VPOS="849" HPOS="543"/>
							<String ID="string_142" HPOS="575" VPOS="849" WIDTH="45" HEIGHT="21" WC="0.96" CONTENT="den"/><SP WIDTH="31" VPOS="849" HPOS="620"/>
							<String ID="string_143" HPOS="651" VPOS="849" WIDTH="121" HEIGHT="28" WC="0.93" CONTENT="svårighet,"/><SP WIDTH="32" VPOS="849" HPOS="772"/>
							<String ID="string_144" HPOS="804" VPOS="855" WIDTH="47" HEIGHT="15" WC="0.96" CONTENT="som"/>
						</TextLine>
						<TextLine ID="line_20" HPOS="100" VPOS="884" WIDTH="752" HEIGHT="29">
							<String ID="string_145" HPOS="100" VPOS="884" WIDTH="138" HEIGHT="22" WC="0.91" CONTENT="härutinnan"/><SP WIDTH="17" VPOS="884" HPOS="238"/>
							<String ID="string_146" HPOS="255" VPOS="884" WIDTH="171" HEIGHT="29" WC="0.92" CONTENT="otvifvelaktigt"/><SP WIDTH="17" VPOS="884" HPOS="426"/>
							<String ID="string_147" HPOS="443" VPOS="884" WIDTH="107" HEIGHT="29" WC="0.96" CONTENT="erbjuder"/><SP WIDTH="16" VPOS="884" HPOS="550"/>
							<String ID="string_148" HPOS="566" VPOS="885" WIDTH="42" HEIGHT="28" WC="0.96" CONTENT="sig,"/><SP WIDTH="15" VPOS="885" HPOS="608"/>
							<String ID="string_149" HPOS="623" VPOS="885" WIDTH="57" HEIGHT="21" WC="0.96" CONTENT="skall"/><SP WIDTH="10" VPOS="885" HPOS="680"/>
							<String ID="string_150" HPOS="690" VPOS="885" WIDTH="78" HEIGHT="21" WC="0.90" CONTENT="kunna"/><SP WIDTH="11" VPOS="885" HPOS="768"/>
							<String ID="string_151" HPOS="779" VPOS="884" WIDTH="73" HEIGHT="22" WC="0.90" CONTENT="öfver-"/>
						</TextLine>
						<TextLine ID="line_21" HPOS="101" VPOS="920" WIDTH="752" HEIGHT="28">
							<String ID="string_152" HPOS="101" VPOS="920" WIDTH="82" HEIGHT="22" WC="0.96" CONTENT="vinnas"/><SP WIDTH="24" VPOS="920" HPOS="183"/>
							<String ID="string_153" HPOS="207" VPOS="920" WIDTH="41" HEIGHT="21" WC="0.96" CONTENT="och"/><SP WIDTH="16" VPOS="920" HPOS="248"/>
							<String ID="string_154" HPOS="264" VPOS="922" WIDTH="30" HEIGHT="26" WC="0.96" CONTENT="på"/><SP WIDTH="15" VPOS="922" HPOS="294"/>
							<String ID="string_155" HPOS="309" VPOS="920" WIDTH="87" HEIGHT="22" WC="0.96" CONTENT="hvilket"/><SP WIDTH="16" VPOS="920" HPOS="396"/>
							<String ID="string_156" HPOS="412" VPOS="923" WIDTH="46" HEIGHT="19" WC="0.96" CONTENT="sätt"/><SP WIDTH="17" VPOS="923" HPOS="458"/>
							<String ID="string_157" HPOS="475" VPOS="921" WIDTH="63" HEIGHT="21" WC="0.96" CONTENT="detta"/><SP WIDTH="15" VPOS="921" HPOS="538"/>
							<String ID="string_158" HPOS="553" VPOS="921" WIDTH="42" HEIGHT="21" WC="0.96" CONTENT="bör"/><SP WIDTH="16" VPOS="921" HPOS="595"/>
							<String ID="string_159" HPOS="611" VPOS="921" WIDTH="47" HEIGHT="25" WC="0.96" CONTENT="ske,"/><SP WIDTH="16" VPOS="921" HPOS="658"/>
							<String ID="string_160" HPOS="674" VPOS="921" WIDTH="46" HEIGHT="21" WC="0.95" CONTENT="kan"/><SP WIDTH="15" VPOS="921" HPOS="720"/>
							<String ID="string_161" HPOS="735" VPOS="920" WIDTH="118" HEIGHT="22" WC="0.95" CONTENT="Utskottet"/>
						</TextLine>
						<TextLine ID="line_22" HPOS="100" VPOS="955" WIDTH="753" HEIGHT="30">
							<String ID="string_162" HPOS="100" VPOS="956" WIDTH="7" HEIGHT="21" WC="0.96" CONTENT="i"/><SP WIDTH="16" VPOS="956" HPOS="107"/>
							<String ID="string_163" HPOS="123" VPOS="956" WIDTH="58" HEIGHT="21" WC="0.96" CONTENT="brist"/><SP WIDTH="15" VPOS="956" HPOS="181"/>
							<String ID="string_164" HPOS="196" VPOS="958" WIDTH="30" HEIGHT="26" WC="0.96" CONTENT="på"/><SP WIDTH="14" VPOS="958" HPOS="226"/>
							<String ID="string_165" HPOS="240" VPOS="959" WIDTH="105" HEIGHT="18" WC="0.96" CONTENT="närmare"/><SP WIDTH="16" VPOS="959" HPOS="345"/>
							<String ID="string_166" HPOS="361" VPOS="956" WIDTH="125" HEIGHT="29" WC="0.95" CONTENT="utredning"/><SP WIDTH="15" VPOS="956" HPOS="486"/>
							<String ID="string_167" HPOS="501" VPOS="957" WIDTH="50" HEIGHT="21" WC="0.96" CONTENT="icke"/><SP WIDTH="16" VPOS="957" HPOS="551"/>
							<String ID="string_168" HPOS="567" VPOS="957" WIDTH="103" HEIGHT="21" WC="0.96" CONTENT="bedöma."/><SP WIDTH="32" VPOS="957" HPOS="670"/>
							<String ID="string_169" HPOS="702" VPOS="956" WIDTH="52" HEIGHT="22" WC="0.89" CONTENT="Den"/><SP WIDTH="10" VPOS="956" HPOS="754"/>
							<String ID="string_170" HPOS="764" VPOS="955" WIDTH="89" HEIGHT="29" WC="0.90" CONTENT="möjlig-"/>
						</TextLine>
						<TextLine ID="line_23" HPOS="100" VPOS="992" WIDTH="754" HEIGHT="28">
							<String ID="string_171" HPOS="100" VPOS="992" WIDTH="39" HEIGHT="21" WC="0.96" CONTENT="het"/><SP WIDTH="24" VPOS="992" HPOS="139"/>
							<String ID="string_172" HPOS="163" VPOS="999" WIDTH="67" HEIGHT="21" WC="0.96" CONTENT="synes"/><SP WIDTH="24" VPOS="999" HPOS="230"/>
							<String ID="string_173" HPOS="254" VPOS="992" WIDTH="58" HEIGHT="21" WC="0.96" CONTENT="dock"/><SP WIDTH="24" VPOS="992" HPOS="312"/>
							<String ID="string_174" HPOS="336" VPOS="992" WIDTH="51" HEIGHT="22" WC="0.96" CONTENT="icke"/><SP WIDTH="23" VPOS="992" HPOS="387"/>
							<String ID="string_175" HPOS="410" VPOS="993" WIDTH="117" HEIGHT="21" WC="0.95" CONTENT="utesluten"/><SP WIDTH="16" VPOS="993" HPOS="527"/>
							<String ID="string_176" HPOS="543" VPOS="995" WIDTH="33" HEIGHT="19" WC="0.96" CONTENT="att"/><SP WIDTH="15" VPOS="995" HPOS="576"/>
							<String ID="string_177" HPOS="591" VPOS="993" WIDTH="40" HEIGHT="21" WC="0.96" CONTENT="vid"/><SP WIDTH="17" VPOS="993" HPOS="631"/>
							<String ID="string_178" HPOS="648" VPOS="993" WIDTH="28" HEIGHT="21" WC="0.93" CONTENT="de"/><SP WIDTH="16" VPOS="993" HPOS="676"/>
							<String ID="string_179" HPOS="692" VPOS="992" WIDTH="162" HEIGHT="28" WC="0.92" CONTENT="ölbryggerier,"/>
						</TextLine>
						<TextLine ID="line_24" HPOS="100" VPOS="1027" WIDTH="754" HEIGHT="30">
							<String ID="string_180" HPOS="100" VPOS="1027" WIDTH="79" HEIGHT="22" WC="0.96" CONTENT="hvilka"/><SP WIDTH="15" VPOS="1027" HPOS="179"/>
							<String ID="string_181" HPOS="194" VPOS="1028" WIDTH="106" HEIGHT="21" WC="0.96" CONTENT="tillverka"/><SP WIDTH="14" VPOS="1028" HPOS="300"/>
							<String ID="string_182" HPOS="314" VPOS="1027" WIDTH="88" HEIGHT="29" WC="0.96" CONTENT="jämväl"/><SP WIDTH="17" VPOS="1027" HPOS="402"/>
							<String ID="string_183" HPOS="419" VPOS="1028" WIDTH="98" HEIGHT="29" WC="0.96" CONTENT="drycker"/><SP WIDTH="16" VPOS="1028" HPOS="517"/>
							<String ID="string_184" HPOS="533" VPOS="1029" WIDTH="53" HEIGHT="21" WC="0.96" CONTENT="med"/><SP WIDTH="16" VPOS="1029" HPOS="586"/>
							<String ID="string_185" HPOS="602" VPOS="1036" WIDTH="95" HEIGHT="21" WC="0.96" CONTENT="svagare"/><SP WIDTH="12" VPOS="1036" HPOS="697"/>
							<String ID="string_186" HPOS="709" VPOS="1028" WIDTH="145" HEIGHT="25" WC="0.95" CONTENT="alkoholhalt,"/>
						</TextLine>
						<TextLine ID="line_25" HPOS="102" VPOS="1063" WIDTH="754" HEIGHT="28">
							<String ID="string_187" HPOS="102" VPOS="1071" WIDTH="28" HEIGHT="19" WC="0.95" CONTENT="en"/><SP WIDTH="17" VPOS="1071" HPOS="130"/>
							<String ID="string_188" HPOS="147" VPOS="1063" WIDTH="97" HEIGHT="22" WC="0.95" CONTENT="särskild"/><SP WIDTH="16" VPOS="1063" HPOS="244"/>
							<String ID="string_189" HPOS="260" VPOS="1063" WIDTH="95" HEIGHT="22" WC="0.96" CONTENT="effektiv"/><SP WIDTH="15" VPOS="1063" HPOS="355"/>
							<String ID="string_190" HPOS="370" VPOS="1064" WIDTH="102" HEIGHT="21" WC="0.96" CONTENT="kontroll"/><SP WIDTH="16" VPOS="1064" HPOS="472"/>
							<String ID="string_191" HPOS="488" VPOS="1065" WIDTH="77" HEIGHT="21" WC="0.96" CONTENT="kunde"/><SP WIDTH="16" VPOS="1065" HPOS="565"/>
							<String ID="string_192" HPOS="581" VPOS="1065" WIDTH="121" HEIGHT="26" WC="0.96" CONTENT="anordnas,"/><SP WIDTH="10" VPOS="1065" HPOS="702"/>
							<String ID="string_193" HPOS="712" VPOS="1064" WIDTH="93" HEIGHT="21" WC="0.95" CONTENT="hvilken"/><SP WIDTH="12" VPOS="1064" HPOS="805"/>
							<String ID="string_194" HPOS="817" VPOS="1063" WIDTH="39" HEIGHT="22" WC="0.96" CONTENT="det"/>
						</TextLine>
						<TextLine ID="line_26" HPOS="102" VPOS="1099" WIDTH="458" HEIGHT="28">
							<String ID="string_195" HPOS="102" VPOS="1099" WIDTH="29" HEIGHT="21" WC="0.93" CONTENT="då"/><SP WIDTH="16" VPOS="1099" HPOS="131"/>
							<String ID="string_196" HPOS="147" VPOS="1099" WIDTH="64" HEIGHT="28" WC="0.91" CONTENT="ålåge"/><SP WIDTH="16" VPOS="1099" HPOS="211"/>
							<String ID="string_197" HPOS="227" VPOS="1099" WIDTH="164" HEIGHT="28" WC="0.90" CONTENT="bryggerierna"/><SP WIDTH="17" VPOS="1099" HPOS="391"/>
							<String ID="string_198" HPOS="408" VPOS="1102" WIDTH="33" HEIGHT="19" WC="0.96" CONTENT="att"/><SP WIDTH="16" VPOS="1102" HPOS="441"/>
							<String ID="string_199" HPOS="457" VPOS="1100" WIDTH="103" HEIGHT="22" WC="0.95" CONTENT="bekosta."/>
						</TextLine>
					</TextBlock>
					<TextBlock ID="block_2" HPOS="102" VPOS="1135" WIDTH="760" HEIGHT="343">
						<TextLine ID="line_27" HPOS="173" VPOS="1135" WIDTH="683" HEIGHT="30">
							<String ID="string_200" HPOS="173" VPOS="1135" WIDTH="136" HEIGHT="22" WC="0.96" CONTENT="Kontrollen"/><SP WIDTH="12" VPOS="1135" HPOS="309"/>
							<String ID="string_201" HPOS="321" VPOS="1135" WIDTH="66" HEIGHT="22" WC="0.92" CONTENT="öfver"/><SP WIDTH="10" VPOS="1135" HPOS="387"/>
							<String ID="string_202" HPOS="397" VPOS="1136" WIDTH="236" HEIGHT="29" WC="0.92" CONTENT="icke-skattepligtiga"/><SP WIDTH="11" VPOS="1136" HPOS="633"/>
							<String ID="string_203" HPOS="644" VPOS="1136" WIDTH="131" HEIGHT="29" WC="0.96" CONTENT="bryggerier"/><SP WIDTH="9" VPOS="1136" HPOS="775"/>
							<String ID="string_204" HPOS="784" VPOS="1135" WIDTH="72" HEIGHT="22" WC="0.96" CONTENT="skulle"/>
						</TextLine>
						<TextLine ID="line_28" HPOS="102" VPOS="1170" WIDTH="755" HEIGHT="29">
							<String ID="string_205" HPOS="102" VPOS="1170" WIDTH="70" HEIGHT="22" WC="0.95" CONTENT="hafva"/><SP WIDTH="21" VPOS="1170" HPOS="172"/>
							<String ID="string_206" HPOS="193" VPOS="1171" WIDTH="34" HEIGHT="21" WC="0.95" CONTENT="till"/><SP WIDTH="15" VPOS="1171" HPOS="227"/>
							<String ID="string_207" HPOS="242" VPOS="1171" WIDTH="94" HEIGHT="28" WC="0.96" CONTENT="uppgift"/><SP WIDTH="16" VPOS="1171" HPOS="336"/>
							<String ID="string_208" HPOS="352" VPOS="1173" WIDTH="34" HEIGHT="20" WC="0.96" CONTENT="att"/><SP WIDTH="15" VPOS="1173" HPOS="386"/>
							<String ID="string_209" HPOS="401" VPOS="1171" WIDTH="144" HEIGHT="22" WC="0.93" CONTENT="förekomma"/><SP WIDTH="16" VPOS="1171" HPOS="545"/>
							<String ID="string_210" HPOS="561" VPOS="1171" WIDTH="198" HEIGHT="26" WC="0.90" CONTENT="skatteunderslef,"/><SP WIDTH="15" VPOS="1171" HPOS="759"/>
							<String ID="string_211" HPOS="774" VPOS="1171" WIDTH="83" HEIGHT="21" WC="0.96" CONTENT="hindra"/>
						</TextLine>
						<TextLine ID="line_29" HPOS="103" VPOS="1207" WIDTH="753" HEIGHT="29">
							<String ID="string_212" HPOS="103" VPOS="1207" WIDTH="177" HEIGHT="28" WC="0.96" CONTENT="användningen"/><SP WIDTH="17" VPOS="1207" HPOS="280"/>
							<String ID="string_213" HPOS="297" VPOS="1207" WIDTH="26" HEIGHT="21" WC="0.93" CONTENT="af"/><SP WIDTH="13" VPOS="1207" HPOS="323"/>
							<String ID="string_214" HPOS="336" VPOS="1209" WIDTH="106" HEIGHT="26" WC="0.92" CONTENT="surrogat"/><SP WIDTH="16" VPOS="1209" HPOS="442"/>
							<String ID="string_215" HPOS="458" VPOS="1210" WIDTH="61" HEIGHT="19" WC="0.96" CONTENT="samt"/><SP WIDTH="15" VPOS="1210" HPOS="519"/>
							<String ID="string_216" HPOS="534" VPOS="1207" WIDTH="96" HEIGHT="29" WC="0.96" CONTENT="erbjuda"/><SP WIDTH="11" VPOS="1207" HPOS="630"/>
							<String ID="string_217" HPOS="641" VPOS="1207" WIDTH="167" HEIGHT="28" WC="0.93" CONTENT="återförsäljare"/><SP WIDTH="11" VPOS="1207" HPOS="808"/>
							<String ID="string_218" HPOS="819" VPOS="1214" WIDTH="37" HEIGHT="21" WC="0.92" CONTENT="ga-"/>
						</TextLine>
						<TextLine ID="line_30" HPOS="102" VPOS="1242" WIDTH="755" HEIGHT="29">
							<String ID="string_219" HPOS="102" VPOS="1242" WIDTH="60" HEIGHT="21" WC="0.89" CONTENT="ranti"/><SP WIDTH="20" VPOS="1242" HPOS="162"/>
							<String ID="string_220" HPOS="182" VPOS="1242" WIDTH="36" HEIGHT="21" WC="0.96" CONTENT="för"/><SP WIDTH="16" VPOS="1242" HPOS="218"/>
							<String ID="string_221" HPOS="234" VPOS="1243" WIDTH="45" HEIGHT="21" WC="0.96" CONTENT="den"/><SP WIDTH="15" VPOS="1243" HPOS="279"/>
							<String ID="string_222" HPOS="294" VPOS="1243" WIDTH="132" HEIGHT="21" WC="0.96" CONTENT="levererade"/><SP WIDTH="19" VPOS="1243" HPOS="426"/>
							<String ID="string_223" HPOS="445" VPOS="1251" WIDTH="85" HEIGHT="14" WC="0.96" CONTENT="varans"/><SP WIDTH="15" VPOS="1251" HPOS="530"/>
							<String ID="string_224" HPOS="545" VPOS="1243" WIDTH="165" HEIGHT="22" WC="0.93" CONTENT="beskaffenhet."/><SP WIDTH="30" VPOS="1243" HPOS="710"/>
							<String ID="string_225" HPOS="740" VPOS="1243" WIDTH="117" HEIGHT="28" WC="0.90" CONTENT="Ifrågava-"/>
						</TextLine>
						<TextLine ID="line_31" HPOS="103" VPOS="1278" WIDTH="755" HEIGHT="29">
							<String ID="string_226" HPOS="103" VPOS="1278" WIDTH="71" HEIGHT="21" WC="0.96" CONTENT="rande"/><SP WIDTH="11" VPOS="1278" HPOS="174"/>
							<String ID="string_227" HPOS="185" VPOS="1278" WIDTH="78" HEIGHT="28" WC="0.96" CONTENT="tillsyn"/><SP WIDTH="12" VPOS="1278" HPOS="263"/>
							<String ID="string_228" HPOS="275" VPOS="1279" WIDTH="71" HEIGHT="21" WC="0.93" CONTENT="borde"/><SP WIDTH="11" VPOS="1279" HPOS="346"/>
							<String ID="string_229" HPOS="357" VPOS="1278" WIDTH="111" HEIGHT="29" WC="0.92" CONTENT="gifvetvis"/><SP WIDTH="13" VPOS="1278" HPOS="468"/>
							<String ID="string_230" HPOS="481" VPOS="1279" WIDTH="113" HEIGHT="22" WC="0.96" CONTENT="anordnas"/><SP WIDTH="12" VPOS="1279" HPOS="594"/>
							<String ID="string_231" HPOS="606" VPOS="1279" WIDTH="90" HEIGHT="22" WC="0.96" CONTENT="enklare"/><SP WIDTH="9" VPOS="1279" HPOS="696"/>
							<String ID="string_232" HPOS="705" VPOS="1279" WIDTH="42" HEIGHT="21" WC="0.96" CONTENT="och"/><SP WIDTH="8" VPOS="1279" HPOS="747"/>
							<String ID="string_233" HPOS="755" VPOS="1279" WIDTH="103" HEIGHT="28" WC="0.96" CONTENT="billigare"/>
						</TextLine>
						<TextLine ID="line_32" HPOS="104" VPOS="1313" WIDTH="754" HEIGHT="30">
							<String ID="string_234" HPOS="104" VPOS="1316" WIDTH="28" HEIGHT="19" WC="0.96" CONTENT="än"/><SP WIDTH="16" VPOS="1316" HPOS="132"/>
							<String ID="string_235" HPOS="148" VPOS="1313" WIDTH="62" HEIGHT="22" WC="0.96" CONTENT="hvad"/><SP WIDTH="15" VPOS="1313" HPOS="210"/>
							<String ID="string_236" HPOS="225" VPOS="1314" WIDTH="40" HEIGHT="21" WC="0.96" CONTENT="vid"/><SP WIDTH="17" VPOS="1314" HPOS="265"/>
							<String ID="string_237" HPOS="282" VPOS="1314" WIDTH="28" HEIGHT="21" WC="0.96" CONTENT="de"/><SP WIDTH="17" VPOS="1314" HPOS="310"/>
							<String ID="string_238" HPOS="327" VPOS="1315" WIDTH="176" HEIGHT="28" WC="0.93" CONTENT="skattepliktiga"/><SP WIDTH="15" VPOS="1315" HPOS="503"/>
							<String ID="string_239" HPOS="518" VPOS="1315" WIDTH="163" HEIGHT="28" WC="0.92" CONTENT="bryggerierna"/><SP WIDTH="15" VPOS="1315" HPOS="681"/>
							<String ID="string_240" HPOS="696" VPOS="1323" WIDTH="32" HEIGHT="13" WC="0.95" CONTENT="nu"/><SP WIDTH="15" VPOS="1323" HPOS="728"/>
							<String ID="string_241" HPOS="743" VPOS="1315" WIDTH="58" HEIGHT="25" WC="0.95" CONTENT="sker,"/><SP WIDTH="15" VPOS="1315" HPOS="801"/>
							<String ID="string_242" HPOS="816" VPOS="1314" WIDTH="42" HEIGHT="22" WC="0.96" CONTENT="och"/>
						</TextLine>
						<TextLine ID="line_33" HPOS="103" VPOS="1349" WIDTH="759" HEIGHT="30">
							<String ID="string_243" HPOS="103" VPOS="1349" WIDTH="66" HEIGHT="22" WC="0.92" CONTENT="torde"/><SP WIDTH="24" VPOS="1349" HPOS="169"/>
							<String ID="string_244" HPOS="193" VPOS="1349" WIDTH="250" HEIGHT="29" WC="0.92" CONTENT="svagdricksindustrin"/><SP WIDTH="25" VPOS="1349" HPOS="443"/>
							<String ID="string_245" HPOS="468" VPOS="1350" WIDTH="56" HEIGHT="22" WC="0.96" CONTENT="böra"/><SP WIDTH="20" VPOS="1350" HPOS="524"/>
							<String ID="string_246" HPOS="544" VPOS="1351" WIDTH="91" HEIGHT="28" WC="0.96" CONTENT="deltaga"/><SP WIDTH="15" VPOS="1351" HPOS="635"/>
							<String ID="string_247" HPOS="650" VPOS="1351" WIDTH="7" HEIGHT="20" WC="0.93" CONTENT="i"/><SP WIDTH="12" VPOS="1351" HPOS="657"/>
							<String ID="string_248" HPOS="669" VPOS="1351" WIDTH="151" HEIGHT="21" WC="0.91" CONTENT="betäckandet"/><SP WIDTH="16" VPOS="1351" HPOS="820"/>
							<String ID="string_249" HPOS="836" VPOS="1349" WIDTH="26" HEIGHT="22" WC="0.97" CONTENT="af"/>
						</TextLine>
						<TextLine ID="line_34" HPOS="103" VPOS="1385" WIDTH="756" HEIGHT="30">
							<String ID="string_250" HPOS="103" VPOS="1385" WIDTH="229" HEIGHT="22" WC="0.91" CONTENT="kontrollkostnaden"/><SP WIDTH="24" VPOS="1385" HPOS="332"/>
							<String ID="string_251" HPOS="356" VPOS="1393" WIDTH="84" HEIGHT="21" WC="0.96" CONTENT="genom"/><SP WIDTH="23" VPOS="1393" HPOS="440"/>
							<String ID="string_252" HPOS="463" VPOS="1387" WIDTH="140" HEIGHT="28" WC="0.96" CONTENT="erläggande"/><SP WIDTH="16" VPOS="1387" HPOS="603"/>
							<String ID="string_253" HPOS="619" VPOS="1386" WIDTH="26" HEIGHT="21" WC="0.96" CONTENT="af"/><SP WIDTH="14" VPOS="1386" HPOS="645"/>
							<String ID="string_254" HPOS="659" VPOS="1394" WIDTH="27" HEIGHT="13" WC="0.95" CONTENT="en"/><SP WIDTH="15" VPOS="1394" HPOS="686"/>
							<String ID="string_255" HPOS="701" VPOS="1387" WIDTH="54" HEIGHT="25" WC="0.96" CONTENT="viss,"/><SP WIDTH="16" VPOS="1387" HPOS="755"/>
							<String ID="string_256" HPOS="771" VPOS="1386" WIDTH="88" HEIGHT="21" WC="0.96" CONTENT="mindre"/>
						</TextLine>
						<TextLine ID="line_35" HPOS="105" VPOS="1420" WIDTH="754" HEIGHT="31">
							<String ID="string_257" HPOS="105" VPOS="1420" WIDTH="75" HEIGHT="29" WC="0.91" CONTENT="afgift."/><SP WIDTH="31" VPOS="1420" HPOS="180"/>
							<String ID="string_258" HPOS="211" VPOS="1421" WIDTH="37" HEIGHT="22" WC="0.96" CONTENT="En"/><SP WIDTH="16" VPOS="1421" HPOS="248"/>
							<String ID="string_259" HPOS="264" VPOS="1422" WIDTH="85" HEIGHT="28" WC="0.93" CONTENT="mängd"/><SP WIDTH="13" VPOS="1422" HPOS="349"/>
							<String ID="string_260" HPOS="362" VPOS="1421" WIDTH="247" HEIGHT="30" WC="0.92" CONTENT="detaljbestämningar"/><SP WIDTH="12" VPOS="1421" HPOS="609"/>
							<String ID="string_261" HPOS="621" VPOS="1424" WIDTH="13" HEIGHT="19" WC="0.92" CONTENT="ä"/><SP WIDTH="11" VPOS="1424" HPOS="634"/>
							<String ID="string_262" HPOS="645" VPOS="1422" WIDTH="61" HEIGHT="22" WC="0.96" CONTENT="detta"/><SP WIDTH="12" VPOS="1422" HPOS="706"/>
							<String ID="string_263" HPOS="718" VPOS="1422" WIDTH="92" HEIGHT="22" WC="0.96" CONTENT="område"/><SP WIDTH="11" VPOS="1422" HPOS="810"/>
							<String ID="string_264" HPOS="821" VPOS="1425" WIDTH="38" HEIGHT="18" WC="0.95" CONTENT="äro"/>
						</TextLine>
						<TextLine ID="line_36" HPOS="105" VPOS="1456" WIDTH="121" HEIGHT="22">
							<String ID="string_265" HPOS="105" VPOS="1456" WIDTH="25" HEIGHT="21" WC="0.96" CONTENT="af"/><SP WIDTH="13" VPOS="1456" HPOS="130"/>
							<String ID="string_266" HPOS="143" VPOS="1457" WIDTH="83" HEIGHT="21" WC="0.95" CONTENT="nöden."/>
						</TextLine>
					</TextBlock>
				</ComposedBlock>
			</PrintSpace>
		</Page>
	</Layout>
</alto>
