1103 1753
316 157 28 22 U.
360 157 27 21 B.
406 169 21 2 —
447 156 72 27 Prop.
537 156 40 22 N:o
593 156 22 21 6.
826 156 23 20 11

97 228 90 22 lämnas
205 230 57 20 utan
282 228 114 27 afseende,
416 228 62 21 intiil
496 228 51 21 dess
567 228 102 21 Senaten
688 228 110 28 uppgjort
817 227 34 21 in-

97 263 86 21 komst-
211 262 42 22 och
277 263 132 28 utgiftsstat
427 262 36 22 för
481 262 44 22 den
544 262 138 22 kommande
700 261 151 29 finansperio-

97 297 45 21 den
162 297 44 21 och
233 297 92 21 klarhet
351 297 96 21 vunnits
475 296 120 29 angäende
622 296 28 22 de
670 296 80 28 medel,
769 296 82 21 hvilka

96 332 37 21 stä
150 332 38 21 till
215 332 101 21 kronans
344 331 137 28 förfogande
508 331 71 21 sedan
607 333 77 19 senast
712 330 139 22 församlade

97 365 100 23 Ständer
215 368 84 25 vägrat
317 368 36 19 att
364 365 65 22 anslä
447 365 217 28 bevillningsmedel
674 365 36 22 för
720 365 53 21 ären
786 364 63 21 1906

97 400 44 22 och
161 401 71 21 1907.

168 435 180 21 Statsutskottet
366 434 77 21 finner
461 434 35 21 för
515 434 35 21 sin
569 433 37 22 del
626 434 39 21 det
677 441 33 14 nu
722 432 129 23 refererade

97 469 130 22 initiativet
244 469 37 21 till
298 468 239 22 folkskoleväsendets
550 469 8 20 i
571 468 80 22 landet
666 467 130 30 främjande
809 475 43 20 ega

98 503 44 22 den
166 503 127 28 betydelse,
318 505 36 20 att
373 503 132 28 detsamma,
525 511 36 13 om
581 503 43 21 ock
642 502 107 22 enskilda
768 502 84 21 brister

97 538 8 21 i
124 538 112 28 förslaget
254 538 80 21 kunna
352 538 97 28 pävisas,
469 541 25 17 är
505 537 99 29 förtjänt
623 537 22 22 af
659 537 30 22 all
702 537 81 29 möjlig
795 543 58 22 upp-

98 573 162 21 märksamhet.
296 571 191 30 Uppenbarligen
512 572 59 21 skall
590 572 72 28 syftet
680 571 52 22 med
750 571 43 21 den
813 571 40 21 nä-

98 607 54 28 diga
171 607 166 28 förordningen
356 607 23 21 af
397 606 44 21 den
461 607 32 20 24
512 607 46 28 Maj
581 607 64 20 1898
664 606 52 21 icke
729 605 123 29 lätteligen

97 642 97 28 uppnäs,
223 641 77 22 därest
324 641 51 22 icke
400 643 76 20 staten
495 641 99 28 kraftigt
613 641 109 28 ingriper,
742 639 111 22 särskildt

98 675 37 22 för
161 676 128 28 främjande
318 676 23 21 af
368 675 126 28 tidsenliga
513 674 263 30 folkskolebyggnaders
795 681 58 22 upp-

98 710 103 22 förande.
238 710 45 21 Det
310 714 25 18 är
363 709 88 22 säledes
479 710 54 20 fullt
551 709 111 29 befogadt
680 711 36 19 att
733 709 36 21 för
788 708 65 22 detta

99 744 107 22 ändamål
226 745 85 29 bevilja
331 744 48 22 dels
398 744 192 28 amorteringslän
609 752 28 13 ur
646 744 152 21 statsvärkets
818 745 35 19 ut-

98 779 157 28 läningsfond,
283 779 49 21 dels
360 779 75 26 äfven,
462 778 42 22 där
528 778 27 22 de
580 778 79 22 lokala
676 777 177 23 förhällandena

99 813 85 22 sädant
201 813 100 29 päkalla,
321 813 92 22 direkta
431 812 132 22 understöd.

168 848 122 22 Utskottet
316 848 42 22 har
383 847 128 22 emellertid
530 848 19 28 ej
569 848 78 21 funnit
666 848 35 27 sig
720 847 7 21 i
746 846 107 22 afseende

100 883 13 21 å
132 882 131 29 beviljande
292 883 23 21 af
341 882 126 22 understöd
486 882 35 22 för
539 881 254 29 folkskolebyggnader
811 888 44 21 ega

100 916 128 30 anledning
254 917 85 22 föreslå
367 924 27 14 en
423 916 89 29 ökuing
539 916 22 22 af
586 916 268 28 bevillningsbudgeten.

101 950 60 22 Vare
189 952 35 27 sig
252 951 39 21 det
317 951 76 29 gäller
411 951 148 28 utgifvandet
578 951 23 21 af
619 950 91 22 direkta
728 949 127 23 understöd

100 986 56 21 eller
182 986 144 28 beviljandet
353 986 23 22 af
404 986 38 21 län
461 986 8 20 i
487 993 32 13 nu
536 985 179 29 ifrågavarande
740 984 115 26 afseende,

101 1021 35 21 stä
163 1020 72 22 redan
259 1020 35 22 för
318 1020 145 22 närvarande
481 1020 144 28 tillräckliga
643 1019 75 22 medel
736 1020 35 21 till
792 1026 63 20 rege-

99 1055 95 28 ringens
216 1055 143 28 förfogande.
395 1054 122 22 Utskottet
538 1054 138 21 inskränker
703 1054 35 28 sig
765 1053 90 22 säledes

100 1089 37 21 till
156 1091 35 19 att
208 1089 75 22 uttala
302 1089 44 22 den
365 1089 61 22 fasta
444 1089 121 21 tillförsikt
586 1091 32 19 att
635 1089 122 27 regeringen
775 1096 17 20 ej
807 1088 50 21 blott

100 1125 49 20 med
175 1125 37 20 län
229 1125 10 20 i
264 1127 67 18 större
357 1125 131 27 omfattning
514 1126 29 19 än
571 1123 82 27 hittills,
676 1125 29 19 än
724 1123 64 28 äfven
810 1123 48 21 med

99 1159 82 21 direkta
198 1159 116 21 understöd
330 1166 29 14 ur
375 1159 113 21 allmänna
505 1159 67 20 medel
589 1158 54 21 skall
659 1158 121 21 underlätta
798 1164 57 20 upp-

99 1193 91 27 förande
207 1193 28 28 af
248 1194 140 27 folkskolehus
405 1193 30 27 pä
453 1193 76 21 landet.

170 1227 53 21 Med
251 1227 128 29 anledning
403 1227 24 21 af
450 1226 62 22 hvad
534 1226 123 22 Utskottet
675 1225 128 22 framhällit
822 1225 35 21 fär

101 1261 122 21 Utskottet
240 1261 118 22 vördsamt
376 1261 83 21 föreslä

377 1385 32 18 att
433 1382 122 22 Ständerna
576 1383 48 20 ville
642 1382 76 21 anvisa
736 1382 71 20 såsom
825 1381 32 21 bi-

309 1417 52 28 drag
389 1417 33 21 tll
448 1417 135 27 uppförande
610 1416 28 27 af
660 1415 139 28 folkskolehus
821 1415 38 20 och

172 1505 142 18 Statsutskottets
327 1505 110 17 betänkande
449 1505 37 17 N:o
496 1505 17 16 2.
