1103 1753
331 146 31 22 U.
379 146 28 22 B.
423 158 27 3 —
465 144 75 30 Prop.
555 145 43 23 N:o
614 144 21 23 6.

407 477 245 23 Statsutskottets
674 476 186 24 betänkande

312 513 39 22 N:o
377 513 14 21 5
413 512 124 27 angående
561 512 89 27 tillägg
667 512 41 22 till
723 511 136 23 folkskole-

309 547 124 27 budgeten
448 546 40 22 för
503 546 59 22 åren
579 546 60 22 1906
655 546 45 22 och
716 547 64 21 1907.

172 628 11 24 I
203 628 130 24 skrifvelse
358 628 25 24 af
401 628 44 24 den
470 628 32 24 23
521 628 68 24 Mars
610 628 72 30 1906,
701 628 100 31 intagen
820 628 40 22 så-

102 670 52 16 som
181 662 83 32 bilaga
289 662 39 24 till
353 662 195 25 Statsutskottets
572 662 150 24 betänkande
750 661 47 25 N:o
816 661 16 25 3
852 660 9 24 i

102 696 134 32 anledning
255 697 24 23 af
297 697 176 31 propositionen
494 696 46 24 N:o
559 697 15 23 5
593 697 122 31 angående
728 696 44 24 den
787 696 73 29 skatt,

102 739 51 16 som
171 731 37 24 för
227 731 164 32 tillvärkning
409 731 25 24 af
451 731 105 24 bränvin
575 731 66 24 skall
659 731 119 32 erläggas,
798 731 62 23 samt

102 773 39 16 om
164 765 76 32 sagda
267 765 78 24 skatts
373 765 165 30 användande,
565 765 124 24 äfvensom
716 765 8 23 i
750 765 43 24 sitt
822 765 38 23 be-

102 799 120 24 träffande
246 800 87 24 nämda
354 800 148 31 proposition
524 799 96 33 afgifna
643 799 147 25 betänkande
814 798 46 25 N:o

109 835 12 23 1
153 834 46 24 har
223 834 232 24 Ekonomiutskottet
479 835 9 23 i
506 834 71 32 fråga
595 842 37 16 om
651 833 169 25 användandet
838 833 25 23 af

107 869 294 24 bränvinsskattemedlen
419 869 125 32 föreslagit
562 869 72 24 bland
653 871 87 22 annat:

177 905 36 22 att
240 905 25 22 åt
288 903 93 24 landets
410 903 180 32 folkhögskolor
615 905 71 22 måtte
711 903 101 31 beviljas
831 904 33 21 ett

107 937 87 32 bidrag
221 937 76 24 under
323 938 165 23 innevarande
511 937 162 32 finansperiod
702 937 24 24 af
754 936 108 31 150,000

108 971 70 24 mark
203 979 37 16 om
268 973 56 28 året,
351 973 76 23 under
444 972 176 32 förutsättning
639 975 34 21 att
692 980 29 15 ur
739 971 126 24 allmänna

107 1006 152 24 statsfonden
295 1007 210 31 fortsättningsvis
532 1007 77 24 blefve
634 1007 110 31 anslaget
772 1005 91 30 80,000

109 1040 71 23 mark
203 1040 40 23 till
270 1040 125 24 understöd
418 1042 24 22 åt
460 1040 170 24 landtmanna-
650 1040 44 24 och
712 1040 152 23 husmoders-

108 1074 94 30 skolor;

179 1111 36 22 att
233 1109 25 24 af
277 1117 92 16 samma
387 1109 75 24 medel
482 1109 90 30 20,000
592 1109 70 24 mark
680 1117 36 16 om
730 1111 50 22 året
793 1109 73 23 måtte

109 1143 85 24 anslås
222 1143 37 24 för
277 1146 35 21 att
331 1143 24 24 af
373 1143 143 32 regeringen
536 1144 125 23 användas
680 1145 78 22 såsom
778 1143 87 24 under-

109 1177 53 24 stöd
186 1177 37 24 för
250 1177 327 33 nykterhetsundervisning,
600 1178 68 24 däraf
688 1178 88 30 15,000
797 1177 69 24 mark

109 1211 38 24 för
173 1211 170 33 finskspråkig
369 1213 44 23 och
438 1213 73 30 5,000
530 1212 70 25 mark
619 1213 36 24 för
673 1212 195 31 svenskspråkig

110 1246 332 33 nykterhetsundervisning;
462 1249 64 22 samt

181 1283 36 21 att
235 1281 36 24 för
289 1281 189 24 understödande
498 1281 24 24 af
540 1281 305 32 ungdomsföreningarnas
860 1281 8 23 i

110 1314 83 25 landet
221 1315 157 24 sträfvanden
405 1323 30 16 ur
462 1323 94 16 samma
583 1315 75 24 medel
682 1317 73 22 måtte
783 1315 85 24 anslås

110 1349 94 30 30,000
229 1349 77 31 mark,
333 1350 89 24 hvaraf
444 1350 90 31 25,000
553 1350 69 24 mark
641 1349 79 25 skulle
739 1349 129 24 öfverläm-

111 1391 46 15 nas
176 1385 25 22 åt
220 1384 214 30 centralstyrelsen
458 1385 37 23 för
519 1384 102 24 Suomen
645 1383 121 25 Nuorison
792 1384 78 24 Liitto

110 1419 37 22 att
174 1418 126 24 användas
325 1418 40 24 till
392 1418 93 24 förmån
504 1418 36 24 för
558 1419 28 23 de
603 1418 184 32 finskspråkiga
806 1426 64 24 ung-

110 1451 242 33 domsföreningarna
362 1453 43 23 och
415 1453 74 30 5,000
500 1453 70 26 mark
588 1452 80 24 skulle
687 1453 125 23 användas
832 1452 39 24 till

182 1496 142 19 Statsutskottets
337 1497 109 18 betänkande
458 1497 39 18 N:o
509 1498 19 17 5.
