1086 1750
430 121 53 23 N:o
500 121 19 23 3

303 367 75 25 Hans
397 366 178 34 Kejserliga
592 366 160 34 Majestäts
764 366 87 34 nådiga

237 408 151 33 proposition
414 408 40 25 till
476 408 109 25 Finlands
609 407 99 26 Ständer
731 406 119 34 angående

235 448 241 33 stämpelbevillning.

165 517 52 21 Med
233 517 124 28 anledning
368 516 23 22 af
400 517 111 22 särskilda
518 517 84 28 nådiga
610 517 166 28 propositioner
782 517 69 21 hafva

97 545 88 22 landets
201 545 103 29 Ständer,
320 546 47 21 dels
382 546 40 21 vid
438 549 88 18 senaste
540 546 96 28 lagtima
650 546 48 21 dels
714 546 37 21 vid
766 554 32 13 nu
812 546 39 27 på-

97 574 88 28 gående
206 575 84 21 urtima
311 575 117 28 landtdag,
452 575 73 28 åtagit
541 575 35 29 sig
592 575 222 28 stämpelbevillning
830 573 19 29 ej

96 603 87 22 mindre
205 603 36 22 för
261 603 61 22 förra
347 604 42 21 och
412 611 77 14 senare
511 604 87 22 hälften
614 604 22 21 af
651 604 24 21 är
691 604 55 21 1905
761 607 28 18 än
819 603 32 21 äf-

97 640 43 13 ven
163 632 35 22 för
220 632 61 22 förra
302 632 98 22 halfäret
423 632 61 28 1906,
507 635 34 19 att
554 635 94 25 utgöras
663 632 57 22 efter
735 632 116 22 enahanda

97 661 100 28 grunder
220 668 48 14 som
291 661 35 21 för
347 661 182 28 finansperioden
552 662 142 21 1901—1904
716 662 59 21 varit
797 660 55 22 fast-

97 690 83 21 ställda
201 690 8 20 i
231 690 85 28 nädiga
338 689 163 29 förordningen
517 690 22 21 af
554 690 44 22 den
613 690 27 21 21
656 690 118 22 december
790 690 60 21 1900.

165 718 36 21 Då
225 718 124 29 anledning
368 719 51 21 icke
442 722 24 18 är
481 718 36 22 för
531 719 90 21 handen
636 720 34 20 att
685 718 35 22 för
735 719 43 21 den
794 719 57 21 äter-

98 747 93 21 stäende
206 747 66 21 delen
288 747 22 21 af
326 748 74 20 denna
414 747 154 29 finansperiod
583 747 94 28 vidtaga
692 747 159 27 förändringar

97 776 8 20 i
130 776 157 28 stadgandena
310 783 36 14 om
369 776 262 28 stämpelbevillningen,
647 784 52 13 vare
715 776 34 28 sig
765 776 35 21 för
818 778 34 18 att

97 806 77 26 stegra
189 804 54 22 eller
258 804 36 21 för
309 807 34 19 att
358 804 70 22 sänka
443 804 130 22 inkomsten
588 804 22 22 af
620 804 74 22 denna
705 805 67 27 skatt,
783 804 69 22 hafva

98 832 28 22 de
148 840 31 14 nu
201 834 108 27 gällande
324 834 202 27 bestämninearna
542 833 116 29 angående
674 834 128 28 grunderna
816 833 36 21 för

98 862 127 28 utgörande
248 862 23 21 af
293 862 131 21 densamma
447 864 86 20 ansetts
552 862 77 21 kunna
651 862 124 21 bibehällas
791 862 8 21 i
814 862 38 20 det

97 890 86 29 förslag
211 891 36 21 till
270 890 133 28 förordning
426 891 117 28 angäende
558 890 230 28 stämpelbevillning,
804 898 47 14 som

99 926 31 14 nu
145 919 129 29 förelägges
291 919 131 21 Ständerna.
442 920 120 28 Förslaget
573 919 86 22 afviker
670 919 74 22 därför
754 919 80 21 endast
845 919 7 20 i

98 948 72 28 nägra
184 948 88 21 mindre
287 948 129 28 väsentliga
428 948 62 22 delar
499 948 51 22 frän
560 948 84 28 nädiga
654 948 162 28 förordningen
829 947 25 21 af

100 976 42 21 den
159 977 27 20 21
203 976 118 22 december
338 977 61 27 1900,
416 977 42 21 och
475 980 23 18 är
517 977 123 21 detsamma
650 976 193 29 uppgjordt
780 972 13 37 i
805 972 41 37 huf

97 1005 122 28 vudsaklig
243 1005 234 22 öfverensstämmelse
495 1006 51 21 med
562 1006 43 21 den
620 1006 36 20 till
671 1006 127 21 Ständerna
812 1005 39 21 vid

99 1034 142 21 1904—1905
263 1035 36 20 års
321 1034 111 29 landtdag
455 1034 84 22 aflätna
560 1034 84 28 nådiga
658 1034 168 29 propositionen
844 1034 8 20 i

97 1064 82 26 ämnet,
195 1063 52 21 med
262 1063 199 28 tillgodogörande
473 1063 87 28 jemväl
574 1063 9 21 i
597 1063 61 21 vissa
672 1063 94 29 stycken
783 1063 22 21 af
813 1063 39 21 det

97 1090 23 22 af
134 1091 259 29 Bevillningsutskottet
408 1092 40 21 vid
464 1092 71 29 sagda
549 1091 110 29 landtdag
674 1092 8 21 i
698 1092 122 28 anledning
830 1091 22 21 af

97 1120 94 21 berörda
206 1120 143 29 proposition
363 1120 134 22 utarbetade
511 1120 149 22 betänkande.

165 1148 35 22 De
221 1149 8 21 i
252 1149 107 28 gällande
381 1149 142 28 stadganden
543 1149 116 28 angående
675 1149 177 29 stämpelbevill-

96 1177 57 28 ning
168 1177 172 29 nödigbefunna
355 1178 154 28 ändringarna
525 1181 37 18 äro
578 1178 108 29 följande:

171 1207 6 7 $
201 1207 18 20 2.
249 1207 12 20 I
283 1206 173 29 förteckningen
472 1207 64 21 öfver
555 1207 87 21 landets
662 1207 128 27 domstolar,
806 1213 45 14 em-

98 1234 105 22 betsverk
219 1235 42 21 och
279 1235 74 28 öfriga
370 1235 161 29 myndigheter
548 1235 68 22 hafva
632 1235 110 22 särskilda
756 1235 96 22 uteslut-

96 1263 83 28 ningar
193 1264 112 28 vidtagits
319 1264 51 21 med
385 1264 90 28 hänsyn
491 1265 37 20 till
542 1264 74 21 finska
626 1264 123 21 militärens
759 1264 93 28 upplös-

96 1292 58 28 ning
169 1291 117 23 äfvensom
302 1293 169 28 indragningen
489 1293 22 21 af
526 1293 74 21 finska
615 1293 154 27 kadettkåren,
778 1292 73 21 befäl-

96 1320 211 30 hafvarestyrelsen,
323 1322 257 27 krigskommissariatet
595 1329 27 14 m.
637 1321 21 22 fl.
673 1322 98 21 militära
786 1329 66 20 myn-

97 1349 110 28 digheter.

166 1380 12 25 $
196 1379 17 20 3.
244 1378 75 22 Sedan
345 1378 100 22 ovisshet
467 1382 84 25 yppats
574 1379 84 27 därom,
680 1378 112 22 huruvida
814 1378 38 21 be-

97 1406 76 22 frielse
195 1406 50 22 från
268 1407 166 29 stämpelafgift
457 1415 54 21 eger
533 1415 49 14 rum
598 1407 34 21 för
646 1407 71 27 bevis,
732 1407 120 22 utfärdade

99 1434 25 22 af
153 1434 154 23 föreståndare
336 1436 35 21 för
400 1436 246 28 dissenterförsamling
674 1436 54 21 eller
752 1436 23 21 af
800 1435 52 21 med

99 1463 94 22 förande
209 1464 25 21 af
248 1464 115 28 offentligt
378 1465 180 28 personregister
573 1464 131 22 ombetrodd
719 1465 52 21 civil
786 1472 67 20 myn-
