1100 1756
307 149 29 22 U.
352 149 28 22 B.
397 161 27 4 —
439 149 73 28 Prop.
530 150 41 22 N:o
587 149 23 23 6.
831 150 14 20 3

86 226 93 17 samma
205 218 40 25 till
270 218 184 25 Statsutskottet
480 219 37 24 för
544 221 36 22 att
598 219 65 24 detta
683 220 72 23 måtte
786 221 58 30 taga

85 253 75 24 under
173 253 184 32 öfvervägande,
370 253 120 24 huruvida
503 253 53 24 icke
569 253 9 24 i
590 253 161 24 betänkandet
763 253 82 24 kunde

85 287 98 32 intagas
202 289 32 22 ett
252 287 115 32 behöfligt
385 287 88 32 anslag
490 287 40 24 till
550 287 219 31 folkhögskolorna.

155 321 121 33 Samtliga
294 322 27 24 de
340 322 25 23 af
383 321 234 25 Ekonomiutskottet
634 321 40 25 till
694 322 95 24 förmån
809 321 36 24 för

86 356 123 24 särskilda
227 356 284 32 bildningssträfvanden
530 356 123 32 påyrkade
666 357 88 32 anslag
767 356 77 24 hafva

86 391 104 24 sålunda
208 391 8 23 i
235 399 29 16 en
283 391 58 24 eller
361 399 82 16 annan
462 391 60 24 form
541 391 88 24 vunnit
638 391 129 24 understöd
779 391 66 24 inom

87 425 113 31 Stånden,
224 425 43 24 och
295 425 93 32 åligger
413 425 37 24 det
468 425 64 31 förty
551 425 184 24 Statsutskottet
753 428 35 21 att
806 433 38 16 om

87 460 122 24 desamma
227 459 95 32 afgifva
341 459 86 25 äskadt
444 460 118 31 yttraude.

282 632 90 31 Anslag
390 632 39 31 för
446 631 206 33 folkhögskolorna.

157 711 12 24 I
187 712 82 24 landet
286 711 82 25 finnas
387 711 37 24 för
442 711 151 24 närvarande
614 712 30 24 16
658 711 188 33 finskspråkiga

88 746 44 25 och
151 746 16 24 8
185 746 216 32 svenskspråkiga,
420 746 58 24 eller
499 746 164 24 tillsammans
683 746 32 24 24
732 746 111 32 folkhög-

89 780 85 26 skolor.
210 781 34 23 Af
270 781 71 24 dessa
367 781 46 24 har
431 781 59 24 dock
508 788 29 17 en
556 781 193 32 svenskspråkig
768 781 76 31 börjat

89 816 39 24 sin
147 815 157 25 värksamhet
322 816 60 24 först
400 815 76 24 under
494 815 84 24 hösten
600 817 27 23 år
650 816 73 30 1905,
744 815 101 24 hvarför

89 850 139 24 densamma
251 850 54 24 icke
322 850 144 32 inbegripits
486 850 8 23 i
512 850 28 24 de
558 850 138 24 statistiska
723 849 122 33 uppgifter

89 885 36 24 för
152 885 109 23 läseåren
291 884 143 31 1901—05,
453 884 87 24 hvilka
567 884 45 24 här
630 884 119 24 meddelas
767 884 78 32 enligt

89 919 375 32 Folkupplysningssällskapets
483 918 96 32 tryckta
595 919 139 24 berättelser
752 918 36 24 för
804 921 40 21 rä-

90 954 182 31 kenskapsåren
293 953 176 25 1902—1905.

160 988 99 24 Antalet
285 988 79 24 lärare
383 988 44 24 och
445 988 78 24 elever
541 988 41 24 vid
600 987 27 24 de
646 987 32 24 23
697 987 66 24 äldre
781 986 64 24 folk-

90 1022 163 32 högskolorna
270 1022 110 32 framgår
398 1022 26 24 af
442 1022 104 32 följande
564 1021 245 32 sammanställning
798 1017 14 41 :

487 1123 64 17 Elever
561 1118 30 36 vid
612 1118 6 36 =
626 1122 64 18 Elever
702 1122 28 28 vid

388 1158 65 18 Lärare
476 1146 126 45 "arkeräkisa
611 1146 131 45 sieni
760 1156 74 18 summa

528 1192 26 17 lor
648 1191 58 18 skolor

92 1233 113 25 Läseäret
228 1234 136 24 1901—02
398 1234 48 24 108
518 1234 48 24 706
656 1234 49 24 174
775 1233 50 25 880

146 1278 11 12 »
230 1268 135 24 1902—03
398 1269 49 23 114
518 1269 48 23 696
656 1268 48 24 176
775 1268 49 24 872

146 1312 11 12 »
230 1303 135 24 1903—04
397 1303 49 24 110
518 1303 48 23 695
656 1302 47 24 191
775 1302 50 24 886

146 1346 12 12 >
229 1338 136 23 1904—05
397 1338 48 23 111
518 1337 50 24 694
656 1337 48 24 192
775 1336 50 25 886

162 1423 45 24 Det
234 1423 86 32 högsta
344 1424 43 23 och
412 1423 82 32 lägsta
521 1423 91 24 antalet
630 1423 79 24 elever
727 1423 40 24 vid
785 1422 64 25 folk-

93 1457 117 33 högskola
228 1458 45 24 har
287 1458 78 23 varit:

163 1501 143 19 Statsutskottets
318 1502 110 17 betänkande
440 1502 38 17 N:o
491 1503 17 17 5.
