1100 1753
310 239 79 27 Förslag
409 239 26 22 till
450 239 110 28 förordning
576 239 102 28 angående
694 238 36 23 den
745 239 60 27 skatt,
819 244 43 17 som

242 273 30 22 för
286 273 116 28 tillverkning
418 273 21 22 at
454 273 78 22 bränvin
549 274 4 21 i
569 273 77 22 Finland
662 273 47 22 skall
725 273 91 28 erläggas
829 279 23 16 un

243 308 34 22 der
291 307 51 22 tiden
357 307 44 22 från
417 307 37 22 den
469 307 7 22 1
492 308 33 22 Juli
538 307 51 23 1906
599 307 26 23 till
636 307 96 28 utgången
744 307 20 22 af
775 307 22 22 år
806 307 56 27 1907,

243 342 99 22 äfvensom
363 348 31 15 om
410 342 182 22 bränvinsskattens
606 341 128 23 användande
749 342 47 22 åren
811 341 51 22 1906

243 376 36 22 och
294 375 56 23 1907.

464 452 9 20 1
490 452 20 26 8.

176 501 70 22 Skatt
260 501 36 22 för
311 502 9 21 i
334 501 104 22 Finland
452 501 138 23 tillverkadt
606 502 99 22 bränvin
718 501 61 22 skall
790 501 74 22 under

107 536 65 22 tiden
188 536 54 22 från
257 536 44 22 den
319 539 8 19 1
345 536 51 22 Juli
414 538 54 20 1906
484 536 37 22 till
536 537 121 28 utgången
667 536 27 22 af
703 537 25 21 år
741 538 54 20 1907
806 536 57 29 utgå

106 570 54 22 med
175 578 29 14 en
219 570 66 22 mark
300 571 38 21 för
353 570 82 29 hvarje
450 570 54 22 liter
520 571 27 21 af
560 571 179 28 normalstyrka,
752 570 111 22 hvarmed

106 604 86 22 förstäs
215 604 83 22 sådant
320 605 108 28 bränvin,
449 612 50 14 som
522 605 130 22 innehåller
674 605 81 22 femtio
775 605 88 28 volym-

106 641 98 26 procent
226 639 93 21 alkohol
341 639 42 22 vid
398 640 28 28 +
444 641 24 19 15
488 640 86 28 grader
593 640 13 21 å
621 639 72 22 Celsii
710 640 153 21 termometer.

106 673 84 21 Denna
212 674 64 21 skatt
297 673 106 29 erlägges
426 674 38 22 för
486 674 54 21 hela
562 674 40 21 det
624 674 8 21 i
655 674 110 21 afseende
785 674 14 21 ä
817 673 47 22 till-

106 707 116 29 verkning
245 707 139 29 öfvertagna
406 707 111 30 beloppet
539 708 44 22 och
600 707 116 22 inbetalas
735 708 38 21 till
788 708 75 21 länets

106 742 94 28 ränteri,
217 742 60 21 dock
292 741 80 30 hvarje
390 743 64 28 gång
470 742 21 29 ej
507 743 38 21 för
560 741 90 22 mindre
666 745 30 18 än
711 744 93 20 ettusen
819 744 45 19 tre-

107 775 91 26 hundra
212 777 60 28 liter,
288 777 98 21 såframt
402 777 64 21 skatt
482 777 37 22 för
534 776 73 22 sådan
622 776 141 29 myckenhet
778 777 27 22 af
817 776 46 21 till-

107 811 146 28 verkningen
269 815 62 18 ännu
347 815 25 18 är
388 811 107 29 ogulden.

463 894 11 19 2
490 893 20 26 8.

176 943 35 23 Ur
236 943 206 22 bränvinsskatten
468 943 66 22 skola
559 943 74 22 under
658 944 55 21 åren
741 945 54 20 1906
821 942 43 23 och

109 979 54 20 1907
178 978 67 28 utgå:

176 1012 47 21 Till
240 1012 132 22 kontrollen
391 1012 67 22 öfver
476 1012 217 22 bränvinstillverk-

107 1046 88 29 ningen
218 1049 60 19 samt
299 1047 38 21 till
359 1047 123 29 åklagares
506 1047 131 22 belönande
656 1047 37 21 för

108 1080 111 22 särskildt
238 1081 35 21 nit
290 1081 41 22 vid
348 1081 137 22 beifrandet
500 1081 26 22 af
541 1081 151 22 öfverträdel-

108 1122 36 14 ser
164 1116 26 21 af
210 1115 322 29 bränvinsförfattningarne,
556 1115 137 29 förslagsvis

108 1151 92 27 250,000
215 1150 66 22 mark
296 1158 38 14 om
349 1150 57 28 året,
422 1150 57 22 eller
494 1150 38 22 för
546 1150 41 22 två
603 1150 26 22 är
651 1166 5 6 .
687 1166 5 6 .
730 1151 134 27 500,000:—

176 1184 47 22 Till
238 1184 135 29 fördelning
388 1185 87 21 mellan
491 1184 110 29 samtliga
616 1184 77 22 lands-

108 1219 142 29 kommuner,
267 1220 59 21 efter
341 1220 68 21 deras
422 1220 96 28 mantal,
530 1220 44 21 och
584 1219 110 29 samtliga

108 1254 84 29 städer,
208 1254 98 22 sålunda
321 1256 35 20 att
372 1254 82 28 hvarje
464 1254 58 22 tullt
532 1254 126 22 hundratal
669 1254 26 21 af

108 1288 46 22 den
172 1288 176 22 matalsskrifna
363 1288 173 30 befolkningen
551 1288 60 22 skall
626 1296 67 14 anses

108 1325 118 20 motsvara
246 1326 34 19 ett
297 1323 96 28 mantal,
410 1325 34 20 ett
458 1323 87 29 belopp
562 1323 26 21 af
602 1325 91 25 400,000

108 1358 66 21 mark
199 1365 37 14 om
259 1358 55 26 året,
338 1360 36 19 att
396 1358 122 22 användas
541 1358 37 21 till
600 1357 94 29 nyttiga

107 1392 151 21 kommunala
274 1392 136 28 behof,eller
425 1392 37 21 för
477 1392 42 21 två
535 1392 25 21 år
584 1408 4 4 .
618 1409 4 4 .
654 1408 4 4 .
689 1408 4 4 .
731 1393 133 26 800,000:
850 1388 18 36 —

517 1432 95 22 Summa
626 1432 62 21 Fmk
704 1433 118 27 1,300,000:
839 1443 26 4 —
