1100 1750
287 114 87 22 Ständ.
390 114 37 22 Sv.
443 126 26 4 —
485 115 73 27 Prop.
573 114 45 22 N:o
634 114 22 22 3.
851 112 14 21 5

106 184 60 27 glest
191 182 108 22 befolkad
322 182 115 27 ödemark,
461 184 24 20 sä
506 182 57 29 godt
585 190 48 14 som
656 184 55 19 utan
731 181 134 22 komunika-

106 218 49 20 tion
179 217 52 21 med
253 225 62 13 mera
331 216 80 22 odlade
427 217 94 28 bygder.
550 216 184 22 Förhällandena
749 216 116 21 därstädes

106 251 67 22 hafva
195 252 127 20 emellertid
344 258 94 14 numera
459 252 124 28 undergätt
605 259 28 13 en
656 251 116 28 väsentlig
789 250 76 22 förän-

107 286 73 28 dring.
209 286 148 28 Landskapet
374 288 24 18 är
412 288 73 19 tätare
499 286 110 28 bebygdt,
626 286 109 28 odlingen
751 285 41 21 har
804 284 62 29 gjort

106 320 131 29 betydande
262 320 110 28 framsteg
397 320 41 22 och
463 320 201 22 samfärdsmedlen
688 320 71 22 hafva
783 327 83 21 genom

108 356 148 20 statsverkets
279 354 89 28 försorg
391 355 9 21 i
418 355 47 28 hög
480 355 56 29 grad
554 355 138 21 förbättrats.
722 349 70 27 Ännu
809 354 58 21 min-

108 390 39 21 dre
168 390 130 28 berättigad
321 397 69 21 synes
410 390 44 21 den
470 390 129 28 särställnig
614 397 60 19 vara,
690 396 49 14 som
755 388 112 22 alltsedan

108 424 24 20 år
150 424 54 21 1891
221 424 105 28 beviljats
342 424 118 21 Kuusamo
477 424 42 21 och
529 424 136 28 Kuolajärvi
676 424 101 27 socknar,
788 422 79 22 hvilka

108 458 139 28 kommuner,
278 458 59 22 hvad
368 458 203 22 lefnadsvillkoren
596 458 113 27 beträffar,
735 458 36 21 stä
785 457 81 28 betyd-

108 493 43 28 ligt
173 492 95 22 framom
291 492 54 22 flera
369 492 70 22 andra
457 493 86 21 trakter
558 493 7 21 i
581 492 84 22 landet.
693 492 53 22 Med
762 491 105 22 afseende

108 527 53 21 härå
184 527 69 21 hafva
275 527 127 21 Ständerna
425 527 107 21 omfattat
552 527 43 21 den
611 527 60 28 åsigt
687 529 33 19 att
736 526 131 22 förberörda

108 561 221 28 undantagsförmån
359 561 36 21 för
422 562 160 27 Lappmarken
608 561 115 21 äfvensom
749 561 118 21 Kuusamo

109 596 42 21 och
167 595 135 29 Kuolajärvi
318 596 95 21 socknar
428 596 42 21 bör
485 596 108 28 upphöra.

191 631 82 27 Enligt
290 630 108 28 gällande
413 630 140 22 föreskrifter
569 634 36 17 äro
622 630 107 21 fullmakt
744 630 36 21 för
794 629 74 22 landt-

110 665 108 28 dagsman
243 665 41 21 och
307 665 36 21 för
363 665 85 21 ombud
463 665 40 21 vid
517 665 136 28 kyrkomöte
669 668 58 18 samt
743 665 84 27 utdrag
842 671 27 14 ur

110 699 37 21 det
174 699 39 22 vid
240 699 80 21 sådant
343 699 36 22 val
404 699 65 21 förda
492 700 114 27 protokoll
630 699 51 21 icke
702 699 167 21 underkastade

110 733 171 29 stämpelafgift,
305 733 42 22 och
370 741 68 20 synes
454 734 39 21 det
509 734 126 22 Ständerna
650 734 131 27 principielt
796 733 73 21 berät-

110 769 82 28 tigadt,
216 771 33 18 att
269 768 101 29 antydda
386 769 167 28 stämpelfrihet
567 769 128 21 utsträckes
710 768 36 21 till
762 768 108 27 samtliga

110 803 45 21 mål
181 803 42 21 och
246 803 105 27 ärenden,
367 810 48 14 som
432 803 60 28 angå
507 803 132 22 förberörda
653 803 43 20 val.
725 803 52 20 Den
793 810 76 20 omge-

111 837 110 28 staltning
237 837 88 21 landets
341 837 181 28 representation
537 838 42 27 går
594 837 35 21 till
645 839 67 25 möte,
729 837 95 21 innebär
833 839 36 26 yt-

111 872 106 28 terligare
233 874 33 19 ett
281 872 50 21 skäl
346 871 36 22 för
398 871 71 22 sådan
484 872 139 28 utvidgning
635 871 24 22 af
668 871 201 28 stämpelfriheten.

193 907 13 26 8
229 906 19 21 6.
279 906 320 28 Bouppteckningsinstrument.
633 906 46 21 Vid
700 905 169 28 behandlingen

112 940 25 21 af
159 941 82 28 frågan
266 948 36 13 om
327 941 161 27 stämpelskatt
507 942 12 20 &
534 940 337 29 bouppteckningsinstrument

111 975 68 21 hafva
202 975 127 21 Ständerna
351 977 75 19 ansett
445 975 167 28 stämpelfrihet
627 975 36 21 för
678 974 87 21 mindre
780 973 91 22 bemed-

111 1009 51 21 lade
181 1009 101 22 dödsbon
299 1009 55 22 böra
369 1009 97 28 beviljas
482 1009 9 21 i
506 1012 71 19 större
592 1009 159 28 utsträckning
767 1012 28 18 än
810 1008 61 22 hvad

112 1043 82 21 hittills
218 1044 59 21 varit
298 1043 71 27 fallet,
393 1047 59 18 samt
475 1044 94 21 beslutit
592 1046 34 19 att
644 1044 73 20 denna
732 1043 74 27 frihet,
823 1050 48 14 som

112 1078 83 21 hittills
215 1077 133 29 medgifvits
364 1078 60 21 blott
439 1078 36 21 för
492 1078 38 21 det
545 1077 47 28 fall,
609 1081 33 18 att
657 1078 65 21 boets
739 1077 132 28 behällning

112 1112 49 22 icke
176 1113 90 27 uppgär
280 1112 37 21 till
333 1112 64 27 1,000
412 1113 71 27 mark,
499 1113 42 20 bör
555 1113 128 20 utsträckas
698 1112 36 21 till
750 1112 44 21 alla
805 1111 66 22 döds-

112 1147 51 25 bon,
187 1147 90 21 hvilkas
299 1147 69 21 värde
391 1147 147 28 understiger
557 1147 65 28 3,000
636 1146 70 28 mark,
722 1146 63 22 detta
800 1146 72 21 likväl

112 1182 71 21 under
201 1182 173 28 förutsättning,
392 1184 33 18 att
441 1182 119 21 arflätaren
577 1181 143 22 efterlämnat
736 1181 65 22 make
817 1181 56 21 eller

112 1216 67 20 maka
205 1216 55 21 eller
285 1216 43 20 ock
350 1216 177 28 bröstarfvinge.
557 1211 111 33 Öfvergär
684 1216 71 21 arfvet
771 1215 102 21 däremot

113 1250 36 20 till
165 1250 125 28 aflägsnare
306 1250 117 28 arfvingar
439 1253 96 25 antager
548 1250 325 28 förmögenhetstillökningen

113 1284 34 21 för
167 1284 51 21 dem
234 1284 136 21 karaktären
386 1284 26 21 af
425 1292 28 13 en
469 1284 104 29 tillfällig
589 1285 67 27 vinst,
673 1292 48 14 som
736 1284 41 21 bör
791 1284 82 21 under-

112 1319 77 21 kastas
215 1318 155 28 beskattning.
407 1313 78 27 Äfven
511 1320 40 20 där
576 1319 63 21 boets
665 1318 132 28 behållning
822 1318 51 21 icke

112 1354 90 27 uppgår
232 1353 36 21 till
299 1353 63 28 1,000
391 1354 72 27 mark,
494 1354 60 20 inom
580 1354 94 20 hvilken
698 1356 67 25 gräns
790 1352 83 21 hittills

114 1387 144 21 skattefrihet
273 1387 127 21 oberoende
411 1387 23 21 af
445 1387 279 29 skyldskapsförhållande
735 1386 138 29 medgifvits,

114 1422 58 20 skall
191 1422 67 20 alltså
275 1421 167 29 stämpelafgift
457 1421 38 22 för
510 1422 104 28 fjärmare
630 1422 115 27 arfvingar
761 1429 42 20 ega
818 1428 56 14 rum.
