1100 1756
227 122 22 18 12
498 124 23 18 U.
534 123 21 18 B.
568 123 61 23 Prop.
642 123 37 18 N:o
690 123 19 18 5.

225 182 77 22 blifvit
311 182 69 29 höjda
391 183 69 22 sedan
472 184 25 21 år
509 183 63 27 1869,
583 182 57 22 efter
647 182 93 23 hvilken
748 182 106 29 tidpunkt
862 183 27 20 så
897 182 83 27 många

227 219 42 21 och
277 220 26 20 så
311 218 114 30 betydliga
432 219 152 29 förhöjningar
593 220 14 20 å
614 218 202 23 bränvinsskatten
822 217 115 28 vidtagits,
945 218 35 21 att

226 253 44 22 den
281 262 31 14 nu
327 256 26 20 är
363 262 47 14 mer
419 256 29 20 än
457 255 94 21 dubbelt
558 255 67 27 högre
635 256 28 20 än
673 254 99 22 nämnda
780 255 31 26 år,
820 253 74 28 borde,
903 260 36 15 om
947 254 33 21 ett

226 290 144 22 konsekvent
378 290 128 22 förfarande
515 290 120 28 iakttoges,
643 290 165 28 tullafgifterna
815 289 138 27 fördubblas,
959 288 20 22 d.

226 333 21 14 v.
264 333 16 15 s.
294 326 34 22 för
343 326 84 29 konjak
443 334 18 14 o.
478 334 19 14 a.
509 326 77 30 dylika
597 326 93 29 drycker
700 326 136 22 bestämmas
847 325 33 22 till
891 325 15 21 4
916 324 63 22 mark

226 369 39 21 per
280 362 76 22 flaska
372 362 40 22 och
428 363 13 21 3
457 362 65 22 mark
537 370 38 22 per
590 362 57 22 liter.
678 362 73 29 Höjda
766 361 34 22 till
815 361 68 22 dessa
892 361 86 29 belopp,

226 405 54 15 vore
304 398 165 28 tullafgifterna
492 398 41 23 ock
556 398 151 23 tvifvelsutan
730 399 9 21 i
761 398 44 27 hög
823 397 54 28 grad
893 396 86 28 egnade

227 434 36 21 att
285 434 93 21 hämma
393 434 110 29 importen
519 434 24 22 af
559 434 124 22 utländska
698 433 150 29 spritdrycker
863 433 42 22 och
921 434 59 20 mot-

227 469 97 22 svarade
347 470 76 22 bättre
447 470 43 22 den
513 470 70 28 skatt,
608 478 48 14 som
677 470 34 22 för
734 469 188 23 öfverflödsvaror
940 468 40 22 bör

227 500 108 33 erläggas.
367 505 174 29 Tullafgifterna
563 506 34 22 för
621 506 149 29 spritdrycker
793 505 74 22 blefve
884 505 41 21 ock
941 506 38 20 så-

226 541 71 22 lunda
312 541 41 22 hos
370 549 36 15 oss
422 542 97 28 ungefär
534 542 47 22 lika
596 543 59 27 höga
671 550 46 14 som
733 543 8 21 i
756 541 187 29 grannländerna,
956 540 24 22 af

226 577 79 22 hvilka
327 577 91 29 Sverige
441 578 34 22 för
498 578 142 22 närvarande
664 578 41 22 har
726 586 27 14 en
770 577 42 22 tull
827 577 24 22 af
867 577 12 21 3
896 576 38 22 mk
951 576 27 22 50

226 613 29 29 pi
277 613 34 22 till
334 613 15 22 4
367 614 39 21 mk
421 614 29 22 60
467 615 27 28 pi
511 615 41 21 och
567 614 72 28 Norge
655 614 24 22 af
694 614 15 22 4
724 614 38 22 mk
779 614 29 21 20
823 614 28 28 pi
868 614 33 21 till
924 612 7 22 4
941 612 38 22 mk

227 649 29 21 30
281 650 27 28 pi
332 656 40 22 per
394 650 55 22 liter.
481 650 41 22 Till
540 650 149 22 förenämnda
713 650 85 21 dubbla
820 649 79 29 belopp
917 648 61 22 torde

227 685 58 22 dock
307 685 71 22 tullen
400 686 40 22 hos
464 693 35 15 oss
523 686 48 22 icke
588 693 31 15 nu
635 686 50 22 med
702 687 33 21 ett
750 686 49 27 steg
815 685 78 21 kunna
909 685 70 28 höjas,

226 721 29 21 bl.
273 728 19 15 a.
309 721 24 21 af
349 721 66 22 orsak
431 723 36 20 att
482 722 70 21 tullen
568 722 34 22 för
617 722 94 22 berörda
729 728 65 16 varor
809 722 7 21 i
825 721 155 29 Kejsardömet

226 759 63 20 ännu
313 758 41 21 och
379 757 44 22 tills
448 758 27 21 de
497 765 46 22 nya
566 758 93 27 tariffer,
681 758 69 28 enligt
765 757 80 22 hvilka
859 757 72 22 tullen
946 756 35 22 för

227 793 149 29 spritdrycker
400 795 48 21 äter
469 794 68 28 höjes,
561 796 64 19 snart
648 794 71 22 blifva
734 793 105 28 gällande
855 792 123 28 därstädes,

226 830 27 20 är
276 830 70 26 något
369 829 60 28 lägre
445 832 29 19 än
491 830 69 22 ofvan
576 830 95 27 angifna
687 830 78 28 belopp
782 829 63 29 (Fmk
861 829 19 21 2:
897 828 29 22 63
941 835 39 22 per

226 865 52 21 liter
301 865 41 22 och
363 866 57 21 Fmk
444 866 19 21 3:
481 866 27 22 17
524 874 37 21 per
576 866 90 29 flaska).
697 866 51 22 Men
765 865 69 22 äfven
851 872 28 14 en
895 864 84 22 mindre

226 900 127 29 förhöjning
379 902 23 21 af
425 902 71 22 tullen
520 904 29 20 än
565 902 34 22 till
615 902 170 22 ofvannämnda
801 901 84 22 dubbla
900 900 80 29 belopp

226 936 73 23 skulle
324 939 57 20 utan
405 938 81 22 tvifvel
509 938 70 22 verka
603 938 91 28 därhän,
716 939 35 21 att
767 938 44 21 alla
827 937 104 27 farhägor
946 936 34 22 för

226 972 60 22 ökad
310 973 81 29 import
414 974 24 21 af
461 974 123 22 utländska
607 974 150 29 spritdrycker
779 973 56 22 efter
851 972 129 29 genomförd

226 1008 93 29 höjning
343 1009 24 21 af
382 1009 201 23 bränvinsskatten
599 1010 123 22 försvunne
739 1010 42 22 och
797 1010 35 21 att
847 1008 64 23 öfver
926 1008 53 22 huf-

226 1044 47 21 vud
290 1044 42 22 den
349 1044 34 22 för
400 1045 66 21 dessa
481 1046 123 21 utländska
620 1046 188 21 öfverflödsvaror
817 1045 89 27 erlagda
915 1044 64 22 skat-

225 1082 40 19 ten
282 1080 75 22 blefve
374 1081 75 22 bättre
465 1084 30 19 än
511 1090 28 13 nu
557 1082 109 29 afpassad
682 1082 56 21 efter
754 1080 171 23 förhällandena
939 1080 40 21 och

225 1115 145 28 billighetens
386 1117 129 28 fordringar.

298 1152 76 28 Enligt
397 1153 62 22 hvad
481 1153 117 22 Utskottet
621 1154 38 21 vid
675 1153 43 22 den
734 1153 92 28 slutliga
841 1153 138 28 justeringen

225 1187 25 22 af
274 1188 157 21 betänkandet
457 1189 81 28 erfarit,
565 1189 42 22 har
632 1189 175 27 ofvannämnda,
833 1188 24 22 af
881 1188 98 21 Senaten

224 1223 130 28 föreslagna
370 1224 169 29 tullförhöjning
554 1225 34 22 för
604 1225 149 28 spritdrycker
769 1231 94 15 numera
875 1225 13 20 ä
898 1224 83 27 högsta

225 1260 36 21 ort
283 1259 128 22 fastställts.
441 1261 10 20 I
473 1260 54 29 följd
551 1260 24 22 af
597 1261 75 22 denna
695 1260 96 29 ätdgärd
806 1260 91 22 komma
914 1259 66 27 enligt

225 1295 90 28 uppgift
338 1295 163 28 tullafgifterna
517 1296 33 22 för
565 1296 123 22 utländska
704 1296 150 29 spritdrycker
870 1296 35 21 att
921 1295 59 27 stiga

224 1330 37 21 till
283 1331 99 28 följande
406 1331 87 30 belopp:
512 1332 34 22 för
562 1332 84 28 arrack,
662 1332 91 29 konjak,
770 1339 47 14 rom
833 1331 40 22 och
890 1331 90 28 whisky

224 1367 32 27 pä
271 1367 34 21 fat
321 1367 34 21 till
379 1367 6 21 2
402 1368 63 21 mark
482 1368 28 21 50
526 1369 67 28 penni
608 1375 39 22 per
662 1368 53 28 kilo;
731 1368 36 22 för
783 1367 121 22 enahanda
915 1374 65 14 varor

225 1403 31 27 pä
279 1402 85 22 flaskor
388 1403 33 22 till
448 1403 5 22 3
474 1404 62 21 mark
560 1403 100 28 flaskan;
684 1404 33 22 för
734 1404 24 22 af
775 1403 149 29 spritdrycker
939 1403 41 21 och

225 1438 66 21 viner
314 1438 51 22 med
382 1439 77 22 socker
474 1439 150 28 förfärdigade
645 1439 162 30 dryckesvaror
822 1441 29 27 pä
867 1439 35 22 fat
917 1439 33 21 till
965 1439 15 21 4

225 1473 66 22 mark
308 1474 53 21 kilo:
374 1476 59 21 samt
443 1475 34 22 för
488 1483 87 14 samma
587 1483 64 14 varor
662 1476 38 21 och
714 1476 45 21 alla
771 1475 48 27 slag
831 1475 24 21 af
863 1475 80 21 likörer
951 1476 30 26 pä
