1103 1753
315 128 28 22 U.
361 129 25 21 B.
404 128 117 28 —GProp.
538 129 39 22 N:o
594 129 22 21 6.
828 130 25 20 13

99 200 89 26 15,000
208 200 71 21 mark.
316 200 71 22 Detta
405 200 81 28 anslag
503 199 60 22 hade
582 199 129 23 sedermera
727 201 126 21 successivt

96 233 69 29 höjts,
191 234 25 21 sä
240 236 36 19 att
300 234 38 21 det
360 234 40 21 vid
421 234 64 21 1900
504 234 36 21 ärs
560 234 115 28 landtdag
692 234 36 22 för
747 234 44 22 den
811 234 42 22 föl-

96 267 70 29 jande
193 268 187 28 finansperioden
409 268 115 29 beviljade
552 269 107 28 anslaget
685 269 103 29 uppgick
816 269 36 22 till

96 302 93 27 40,000
214 302 65 22 mark
298 302 95 29 ärligen.
430 303 80 21 Ehuru
529 302 64 22 detta
615 303 81 29 anslag
716 303 23 22 af
757 306 95 19 statsut-

96 336 90 21 skottet
211 338 84 27 ansågs
319 337 105 28 skäligen
450 337 57 28 högt
530 337 110 28 tilltaget,
659 338 80 21 visade
757 338 40 21 det
816 338 36 29 sig

97 370 59 22 dock
175 378 56 15 vara
250 371 94 22 alldeles
371 371 160 29 otillräckligt.
573 371 81 22 Under
672 372 100 21 läseåret
788 373 63 21 1903

97 418 21 3 —
132 405 39 28 04,
191 405 29 22 då
238 405 107 28 omkring
361 406 46 21 185
422 406 79 21 kurser
513 413 56 14 voro
582 407 7 20 i
603 406 155 28 värksamhet,
772 407 80 21 räckte

97 439 107 30 anslaget
222 440 50 21 icke
292 440 42 27 till,
353 443 57 19 utan
430 441 71 20 måste
522 441 12 20 7
549 440 81 22 kurser
643 444 71 18 vänta
727 442 29 27 på
769 441 83 22 under-

97 474 53 21 stöd
167 482 28 13 ur
213 474 102 29 följande
334 476 35 20 års
389 475 81 28 anslag
488 474 42 22 och
549 475 36 21 för
603 475 98 21 läseåret
719 476 132 22 1904—05

98 508 118 22 anmäldes
234 509 26 21 så
278 510 84 28 många
381 509 252 28 fortsättningskurser,
652 512 36 19 att
706 510 28 21 de
756 511 96 21 tillsam-

97 551 66 13 mans
182 543 58 21 hade
259 543 114 22 erfordrat
393 544 106 28 omkring
519 544 91 26 50,000
629 545 76 20 marks
718 544 133 22 understöd.

97 577 126 22 Allmänna
253 578 230 21 Petitionsutskottet
507 578 120 28 påpekade
652 578 83 28 därför,
760 582 35 19 att
814 579 39 21 det

97 612 145 21 förhållande
271 615 48 25 ,att
346 620 53 14 man
426 612 97 22 sålunda
552 613 37 21 till
616 612 58 29 följd
700 614 22 20 af
747 614 58 21 brist
823 614 29 28 på

98 646 74 22 medel
191 646 99 28 nödgats
309 647 58 21 afslå
385 654 28 14 en
433 646 35 22 del
488 647 158 28 ansökningar
663 655 36 13 om
717 648 135 27 understöd,

98 680 120 29 själffallet
239 681 62 21 varit
319 681 86 28 egnadt
425 683 34 19 att
477 681 81 21 utöfva
577 684 34 18 ett
629 682 137 22 hämmande
785 682 67 28 infly-

97 714 71 22 tande
187 715 29 28 pä
234 715 327 29 folkskollärarepersonalens
586 716 96 21 intresse
708 716 33 22 för
765 716 85 23 saken”

98 751 60 20 samt
177 751 35 20 att
232 749 64 28 ,med
315 750 54 21 fullt
387 749 50 22 skäl
456 750 46 21 kan
521 750 142 27 förutsättas,
681 753 35 19 att
728 751 123 22 kursernas

99 784 71 27 antal,
198 783 80 23 såvida
306 784 60 21 blott
393 784 87 28 nödiga
504 784 74 21 medel
608 785 35 20 stå
670 785 36 21 till
731 785 66 28 buds,
819 785 34 22 alt

98 818 118 28 framgent
234 818 59 21 skall
312 818 89 29 hastigt
420 819 76 21 ökas".
532 819 82 21 Under
632 819 98 22 läseåret
754 821 97 21 1904--

99 853 32 21 05
157 852 127 29 beviljades
308 853 106 22 tillstånd
439 853 36 21 till
499 853 109 22 hållande
636 854 22 21 af
677 855 107 28 omkring
804 855 49 20 230

99 887 253 28 fortsättningskurser;
372 895 52 14 men
443 887 36 22 till
498 888 43 21 och
560 888 51 21 med
630 888 65 22 detta
713 889 64 22 antal
797 892 56 19 mot-

99 921 98 22 svarade
215 921 51 22 icke
286 929 39 14 ens
343 922 90 21 hälften
454 922 22 21 af
498 923 89 20 antalet
611 923 134 22 kommuner
766 924 8 21 i
799 923 54 21 Fin-

99 955 66 28 land;
189 956 148 29 följaktligen
361 956 72 22 borde
459 957 88 21 antalet
572 961 61 17 ännu
655 957 116 30 betydligt
790 958 62 27 ökas,

99 990 69 21 äfven
187 997 35 15 om
241 998 53 14 man
314 991 77 21 kunde
410 991 79 28 åtnöja
508 992 35 27 sig
568 991 100 28 därmed,
688 995 34 18 att
741 1000 27 14 en
788 992 65 29 dylik

99 1025 56 21 kurs
173 1025 145 21 anordnades
343 1026 7 20 i
375 1025 79 29 hvarje
474 1026 116 20 kommun.
627 1026 132 22 Utskottets
778 1027 75 21 flertal

99 1059 73 28 ansåg
190 1059 8 21 i
217 1059 161 28 utgiftsstaten
407 1059 35 22 för
476 1060 25 21 år
528 1059 64 22 1905
613 1060 55 21 böra
686 1063 115 26 upptagas
820 1063 34 18 ett

99 1093 84 28 belopp
205 1093 36 22 för
259 1093 132 22 ändamålet
409 1095 23 20 af
452 1095 97 26 60,000,
562 1094 34 21 för
608 1095 26 20 år
648 1096 63 20 1906
726 1095 23 22 af
763 1095 90 28 70,000

99 1127 43 21 och
160 1127 37 22 för
215 1128 25 21 år
262 1128 62 21 1907
345 1129 22 20 af
387 1129 91 27 80,000
498 1129 71 27 mark,
598 1129 119 22 hvaremot
735 1137 28 14 en
782 1130 72 21 mino-

98 1161 56 22 ritet
172 1162 62 21 inom
258 1163 115 21 utskottet
398 1163 54 22 ville
477 1164 30 27 gå
533 1163 61 22 ända
618 1163 36 21 till
676 1171 57 22 resp.
755 1165 98 26 60,000,

101 1196 92 27 80,000
211 1197 43 21 och
276 1197 106 27 100,000
401 1198 71 21 mark.

168 1231 36 21 Då
231 1233 84 26 nyttan
343 1231 23 22 af
393 1232 81 28 dylika
500 1232 253 29 fortsättningskurser,
783 1233 71 21 ända-

99 1265 134 28 målsenligt
258 1265 139 28 anordnade,
422 1271 24 17 är
471 1266 137 29 obestridlig
632 1267 43 21 och
699 1267 65 22 deras
790 1267 64 22 antal

99 1299 62 22 visat
179 1307 29 14 en
228 1299 91 29 afgjord
343 1301 99 22 tendens
461 1303 35 19 att
514 1302 63 26 ökas,
597 1301 93 22 hvarför
717 1301 28 22 de
768 1301 86 22 hittills

98 1333 36 22 för
153 1333 133 22 ändamålet
305 1335 114 29 beviljade
438 1335 112 30 anslagen
568 1336 61 21 visat
648 1336 35 28 sig
697 1336 158 28 otillräckliga

98 1380 34 3 —
160 1368 106 28 anslaget
296 1369 35 21 för
359 1370 25 21 år
414 1370 63 21 1905
508 1371 42 22 har
580 1370 73 29 enligt
681 1371 173 28 propositionen

98 1402 87 29 jämväl
213 1402 37 22 till
274 1403 58 21 fullo
351 1404 97 22 kommit
467 1404 37 22 till
522 1404 152 28 användning
695 1418 27 2 —
743 1404 42 22 har
812 1404 42 22 Ut-

98 1436 89 23 skottet
212 1440 76 19 ansett
306 1445 28 14 en
353 1439 73 27 nägot
444 1441 72 19 större
535 1439 89 28 ökning
642 1440 29 27 pä
690 1439 63 21 detta
772 1438 83 29 anslag

169 1481 143 18 Statsutskottets
324 1482 110 18 betänkande
447 1482 37 18 N:o
496 1483 17 17 2.
