<?xml version="1.0" encoding="UTF-8"?>
<alto xmlns="http://www.loc.gov/standards/alto/ns-v3#" xmlns:xlink="http://www.w3.org/1999/xlink" xmlns:xsi="http://www.w3.org/2001/XMLSchema-instance" xsi:schemaLocation="http://www.loc.gov/standards/alto/ns-v3# http://www.loc.gov/alto/v3/alto-3-0.xsd">
	<Description>
		<MeasurementUnit>pixel</MeasurementUnit>
		<sourceImageInformation>
			<fileName>/tmp/tess__zchehha_input.PNG</fileName>
		</sourceImageInformation>
		<OCRProcessing ID="OCR_0">
			<ocrProcessingStep>
				<processingSoftware>
					<softwareName>tesseract 5.3.4</softwareName>
				</processingSoftware>
			</ocrProcessingStep>
		</OCRProcessing>
	</Description>
	<Layout>
		<Page WIDTH="1103" HEIGHT="1756" PHYSICAL_IMG_NR="0" ID="page_0">
			<PrintSpace HPOS="0" VPOS="0" WIDTH="1103" HEIGHT="1756">
				<ComposedBlock ID="cblock_0" HPOS="233" VPOS="144" WIDTH="539" HEIGHT="30">
					<TextBlock ID="block_0" HPOS="233" VPOS="144" WIDTH="539" HEIGHT="30">
						<TextLine ID="line_0" HPOS="233" VPOS="144" WIDTH="539" HEIGHT="30">
							<String ID="string_0" HPOS="233" VPOS="144" WIDTH="13" HEIGHT="21" WC="0.96" CONTENT="2"/><SP WIDTH="223" VPOS="144" HPOS="246"/>
							<String ID="string_1" HPOS="469" VPOS="145" WIDTH="28" HEIGHT="23" WC="0.88" CONTENT="U."/><SP WIDTH="17" VPOS="145" HPOS="497"/>
							<String ID="string_2" HPOS="514" VPOS="145" WIDTH="27" HEIGHT="23" WC="0.92" CONTENT="B."/><SP WIDTH="17" VPOS="145" HPOS="541"/>
							<String ID="string_3" HPOS="558" VPOS="158" WIDTH="27" HEIGHT="3" WC="0.92" CONTENT="—"/><SP WIDTH="14" VPOS="158" HPOS="585"/>
							<String ID="string_4" HPOS="599" VPOS="145" WIDTH="75" HEIGHT="29" WC="0.96" CONTENT="Prop."/><SP WIDTH="16" VPOS="145" HPOS="674"/>
							<String ID="string_5" HPOS="690" VPOS="145" WIDTH="46" HEIGHT="23" WC="0.88" CONTENT="N:o"/><SP WIDTH="13" VPOS="145" HPOS="736"/>
							<String ID="string_6" HPOS="749" VPOS="146" WIDTH="23" HEIGHT="22" WC="0.95" CONTENT="6."/>
						</TextLine>
					</TextBlock>
				</ComposedBlock>
				<ComposedBlock ID="cblock_1" HPOS="233" VPOS="208" WIDTH="761" HEIGHT="1304">
					<TextBlock ID="block_1" HPOS="233" VPOS="208" WIDTH="756" HEIGHT="67">
						<TextLine ID="line_1" HPOS="235" VPOS="208" WIDTH="754" HEIGHT="34">
							<String ID="string_7" HPOS="235" VPOS="208" WIDTH="188" HEIGHT="26" WC="0.92" CONTENT="understödande"/><SP WIDTH="35" VPOS="208" HPOS="423"/>
							<String ID="string_8" HPOS="458" VPOS="210" WIDTH="25" HEIGHT="24" WC="0.96" CONTENT="af"/><SP WIDTH="33" VPOS="210" HPOS="483"/>
							<String ID="string_9" HPOS="516" VPOS="210" WIDTH="27" HEIGHT="24" WC="0.96" CONTENT="de"/><SP WIDTH="28" VPOS="210" HPOS="543"/>
							<String ID="string_10" HPOS="571" VPOS="210" WIDTH="208" HEIGHT="32" WC="0.92" CONTENT="svenskspråkiga"/><SP WIDTH="29" VPOS="210" HPOS="779"/>
							<String ID="string_11" HPOS="808" VPOS="210" WIDTH="181" HEIGHT="32" WC="0.87" CONTENT="ungdomsföre-"/>
						</TextLine>
						<TextLine ID="line_2" HPOS="233" VPOS="243" WIDTH="129" HEIGHT="32">
							<String ID="string_12" HPOS="233" VPOS="243" WIDTH="129" HEIGHT="32" WC="0.95" CONTENT="ningarna."/>
						</TextLine>
					</TextBlock>
					<TextBlock ID="block_2" HPOS="235" VPOS="277" WIDTH="756" HEIGHT="69">
						<TextLine ID="line_3" HPOS="304" VPOS="277" WIDTH="687" HEIGHT="34">
							<String ID="string_13" HPOS="304" VPOS="277" WIDTH="151" HEIGHT="26" WC="0.96" CONTENT="Beträffande"/><SP WIDTH="28" VPOS="277" HPOS="455"/>
							<String ID="string_14" HPOS="483" VPOS="279" WIDTH="70" HEIGHT="24" WC="0.96" CONTENT="dessa"/><SP WIDTH="24" VPOS="279" HPOS="553"/>
							<String ID="string_15" HPOS="577" VPOS="279" WIDTH="93" HEIGHT="32" WC="0.93" CONTENT="förslag"/><SP WIDTH="22" VPOS="279" HPOS="670"/>
							<String ID="string_16" HPOS="692" VPOS="279" WIDTH="117" HEIGHT="25" WC="0.91" CONTENT="förbehöll"/><SP WIDTH="19" VPOS="279" HPOS="809"/>
							<String ID="string_17" HPOS="828" VPOS="279" WIDTH="39" HEIGHT="31" WC="0.93" CONTENT="sig"/><SP WIDTH="19" VPOS="279" HPOS="867"/>
							<String ID="string_18" HPOS="886" VPOS="278" WIDTH="105" HEIGHT="25" WC="0.92" CONTENT="Statsut-"/>
						</TextLine>
						<TextLine ID="line_4" HPOS="235" VPOS="311" WIDTH="756" HEIGHT="35">
							<String ID="string_19" HPOS="235" VPOS="311" WIDTH="88" HEIGHT="25" WC="0.96" CONTENT="skottet"/><SP WIDTH="17" VPOS="311" HPOS="323"/>
							<String ID="string_20" HPOS="340" VPOS="312" WIDTH="8" HEIGHT="24" WC="0.96" CONTENT="i"/><SP WIDTH="19" VPOS="312" HPOS="348"/>
							<String ID="string_21" HPOS="367" VPOS="314" WIDTH="87" HEIGHT="23" WC="0.96" CONTENT="nämda"/><SP WIDTH="14" VPOS="314" HPOS="454"/>
							<String ID="string_22" HPOS="468" VPOS="313" WIDTH="149" HEIGHT="25" WC="0.96" CONTENT="betänkande"/><SP WIDTH="12" VPOS="313" HPOS="617"/>
							<String ID="string_23" HPOS="629" VPOS="316" WIDTH="35" HEIGHT="22" WC="0.93" CONTENT="att"/><SP WIDTH="12" VPOS="316" HPOS="664"/>
							<String ID="string_24" HPOS="676" VPOS="314" WIDTH="127" HEIGHT="24" WC="0.91" CONTENT="framdeles"/><SP WIDTH="12" VPOS="314" HPOS="803"/>
							<String ID="string_25" HPOS="815" VPOS="314" WIDTH="26" HEIGHT="24" WC="0.96" CONTENT="få"/><SP WIDTH="13" VPOS="314" HPOS="841"/>
							<String ID="string_26" HPOS="854" VPOS="314" WIDTH="77" HEIGHT="24" WC="0.95" CONTENT="uttala"/><SP WIDTH="13" VPOS="314" HPOS="931"/>
							<String ID="string_27" HPOS="944" VPOS="314" WIDTH="47" HEIGHT="32" WC="0.95" CONTENT="sig."/>
						</TextLine>
					</TextBlock>
					<TextBlock ID="block_3" HPOS="235" VPOS="346" WIDTH="756" HEIGHT="239">
						<TextLine ID="line_5" HPOS="303" VPOS="346" WIDTH="685" HEIGHT="34">
							<String ID="string_28" HPOS="303" VPOS="346" WIDTH="98" HEIGHT="33" WC="0.95" CONTENT="Frågan"/><SP WIDTH="27" VPOS="346" HPOS="401"/>
							<String ID="string_29" HPOS="428" VPOS="356" WIDTH="37" HEIGHT="15" WC="0.95" CONTENT="om"/><SP WIDTH="24" VPOS="356" HPOS="465"/>
							<String ID="string_30" HPOS="489" VPOS="348" WIDTH="87" HEIGHT="32" WC="0.95" CONTENT="anslag"/><SP WIDTH="24" VPOS="348" HPOS="576"/>
							<String ID="string_31" HPOS="600" VPOS="348" WIDTH="37" HEIGHT="24" WC="0.92" CONTENT="för"/><SP WIDTH="18" VPOS="348" HPOS="637"/>
							<String ID="string_32" HPOS="655" VPOS="348" WIDTH="180" HEIGHT="31" WC="0.92" CONTENT="ofvanantydda"/><SP WIDTH="18" VPOS="348" HPOS="835"/>
							<String ID="string_33" HPOS="853" VPOS="348" WIDTH="135" HEIGHT="32" WC="0.90" CONTENT="bildnings-"/>
						</TextLine>
						<TextLine ID="line_6" HPOS="235" VPOS="381" WIDTH="755" HEIGHT="33">
							<String ID="string_34" HPOS="235" VPOS="381" WIDTH="112" HEIGHT="24" WC="0.96" CONTENT="ändamål"/><SP WIDTH="22" VPOS="381" HPOS="347"/>
							<String ID="string_35" HPOS="369" VPOS="382" WIDTH="45" HEIGHT="24" WC="0.96" CONTENT="har"/><SP WIDTH="19" VPOS="382" HPOS="414"/>
							<String ID="string_36" HPOS="433" VPOS="382" WIDTH="40" HEIGHT="24" WC="0.96" CONTENT="vid"/><SP WIDTH="19" VPOS="382" HPOS="473"/>
							<String ID="string_37" HPOS="492" VPOS="382" WIDTH="178" HEIGHT="32" WC="0.96" CONTENT="behandlingen"/><SP WIDTH="18" VPOS="382" HPOS="670"/>
							<String ID="string_38" HPOS="688" VPOS="383" WIDTH="8" HEIGHT="23" WC="0.93" CONTENT="i"/><SP WIDTH="20" VPOS="383" HPOS="696"/>
							<String ID="string_39" HPOS="716" VPOS="382" WIDTH="105" HEIGHT="25" WC="0.90" CONTENT="Stånden"/><SP WIDTH="19" VPOS="382" HPOS="821"/>
							<String ID="string_40" HPOS="840" VPOS="383" WIDTH="25" HEIGHT="24" WC="0.93" CONTENT="af"/><SP WIDTH="19" VPOS="383" HPOS="865"/>
							<String ID="string_41" HPOS="884" VPOS="382" WIDTH="106" HEIGHT="25" WC="0.92" CONTENT="Statsut-"/>
						</TextLine>
						<TextLine ID="line_7" HPOS="235" VPOS="415" WIDTH="754" HEIGHT="34">
							<String ID="string_42" HPOS="235" VPOS="415" WIDTH="102" HEIGHT="24" WC="0.92" CONTENT="skottets"/><SP WIDTH="24" VPOS="415" HPOS="337"/>
							<String ID="string_43" HPOS="361" VPOS="416" WIDTH="149" HEIGHT="24" WC="0.95" CONTENT="betänkande"/><SP WIDTH="19" VPOS="416" HPOS="510"/>
							<String ID="string_44" HPOS="529" VPOS="416" WIDTH="46" HEIGHT="24" WC="0.96" CONTENT="N:o"/><SP WIDTH="20" VPOS="416" HPOS="575"/>
							<String ID="string_45" HPOS="595" VPOS="417" WIDTH="14" HEIGHT="23" WC="0.96" CONTENT="2"/><SP WIDTH="19" VPOS="417" HPOS="609"/>
							<String ID="string_46" HPOS="628" VPOS="417" WIDTH="9" HEIGHT="23" WC="0.96" CONTENT="i"/><SP WIDTH="19" VPOS="417" HPOS="637"/>
							<String ID="string_47" HPOS="656" VPOS="417" WIDTH="132" HEIGHT="32" WC="0.96" CONTENT="anledning"/><SP WIDTH="18" VPOS="417" HPOS="788"/>
							<String ID="string_48" HPOS="806" VPOS="417" WIDTH="25" HEIGHT="24" WC="0.92" CONTENT="af"/><SP WIDTH="19" VPOS="417" HPOS="831"/>
							<String ID="string_49" HPOS="850" VPOS="417" WIDTH="139" HEIGHT="31" WC="0.92" CONTENT="propositio-"/>
						</TextLine>
						<TextLine ID="line_8" HPOS="235" VPOS="449" WIDTH="756" HEIGHT="34">
							<String ID="string_50" HPOS="235" VPOS="457" WIDTH="47" HEIGHT="16" WC="0.96" CONTENT="nen"/><SP WIDTH="19" VPOS="457" HPOS="282"/>
							<String ID="string_51" HPOS="301" VPOS="449" WIDTH="46" HEIGHT="25" WC="0.96" CONTENT="N:o"/><SP WIDTH="20" VPOS="449" HPOS="347"/>
							<String ID="string_52" HPOS="367" VPOS="451" WIDTH="14" HEIGHT="23" WC="0.96" CONTENT="6"/><SP WIDTH="20" VPOS="451" HPOS="381"/>
							<String ID="string_53" HPOS="401" VPOS="451" WIDTH="122" HEIGHT="32" WC="0.96" CONTENT="angående"/><SP WIDTH="19" VPOS="451" HPOS="523"/>
							<String ID="string_54" HPOS="542" VPOS="451" WIDTH="88" HEIGHT="32" WC="0.96" CONTENT="anslag"/><SP WIDTH="17" VPOS="451" HPOS="630"/>
							<String ID="string_55" HPOS="647" VPOS="459" WIDTH="29" HEIGHT="16" WC="0.93" CONTENT="ur"/><SP WIDTH="18" VPOS="459" HPOS="676"/>
							<String ID="string_56" HPOS="694" VPOS="451" WIDTH="243" HEIGHT="32" WC="0.91" CONTENT="bevillningsmedlen"/><SP WIDTH="16" VPOS="451" HPOS="937"/>
							<String ID="string_57" HPOS="953" VPOS="451" WIDTH="38" HEIGHT="24" WC="0.96" CONTENT="för"/>
						</TextLine>
						<TextLine ID="line_9" HPOS="235" VPOS="483" WIDTH="755" HEIGHT="27">
							<String ID="string_58" HPOS="235" VPOS="483" WIDTH="235" HEIGHT="26" WC="0.92" CONTENT="folkskoleväsendet"/><SP WIDTH="26" VPOS="483" HPOS="470"/>
							<String ID="string_59" HPOS="496" VPOS="486" WIDTH="76" HEIGHT="24" WC="0.96" CONTENT="under"/><SP WIDTH="21" VPOS="486" HPOS="572"/>
							<String ID="string_60" HPOS="593" VPOS="487" WIDTH="58" HEIGHT="22" WC="0.96" CONTENT="åren"/><SP WIDTH="23" VPOS="487" HPOS="651"/>
							<String ID="string_61" HPOS="674" VPOS="486" WIDTH="65" HEIGHT="24" WC="0.96" CONTENT="1906"/><SP WIDTH="20" VPOS="486" HPOS="739"/>
							<String ID="string_62" HPOS="759" VPOS="486" WIDTH="43" HEIGHT="24" WC="0.95" CONTENT="och"/><SP WIDTH="20" VPOS="486" HPOS="802"/>
							<String ID="string_63" HPOS="822" VPOS="486" WIDTH="65" HEIGHT="24" WC="0.94" CONTENT="1907"/><SP WIDTH="20" VPOS="486" HPOS="887"/>
							<String ID="string_64" HPOS="907" VPOS="485" WIDTH="83" HEIGHT="25" WC="0.94" CONTENT="blifvit"/>
						</TextLine>
						<TextLine ID="line_10" HPOS="235" VPOS="518" WIDTH="754" HEIGHT="33">
							<String ID="string_65" HPOS="235" VPOS="518" WIDTH="194" HEIGHT="26" WC="0.91" CONTENT="diskussionsvis"/><SP WIDTH="29" VPOS="518" HPOS="429"/>
							<String ID="string_66" HPOS="458" VPOS="520" WIDTH="88" HEIGHT="31" WC="0.96" CONTENT="berörd,"/><SP WIDTH="24" VPOS="520" HPOS="546"/>
							<String ID="string_67" HPOS="570" VPOS="520" WIDTH="43" HEIGHT="24" WC="0.96" CONTENT="och"/><SP WIDTH="27" VPOS="520" HPOS="613"/>
							<String ID="string_68" HPOS="640" VPOS="520" WIDTH="75" HEIGHT="24" WC="0.93" CONTENT="hafva"/><SP WIDTH="22" VPOS="520" HPOS="715"/>
							<String ID="string_69" HPOS="737" VPOS="520" WIDTH="106" HEIGHT="25" WC="0.91" CONTENT="Stånden"/><SP WIDTH="20" VPOS="520" HPOS="843"/>
							<String ID="string_70" HPOS="863" VPOS="522" WIDTH="99" HEIGHT="23" WC="0.96" CONTENT="stannat"/><SP WIDTH="19" VPOS="522" HPOS="962"/>
							<String ID="string_71" HPOS="981" VPOS="520" WIDTH="8" HEIGHT="23" WC="0.96" CONTENT="i"/>
						</TextLine>
						<TextLine ID="line_11" HPOS="235" VPOS="553" WIDTH="214" HEIGHT="32">
							<String ID="string_72" HPOS="235" VPOS="553" WIDTH="106" HEIGHT="32" WC="0.96" CONTENT="följande"/><SP WIDTH="18" VPOS="553" HPOS="341"/>
							<String ID="string_73" HPOS="359" VPOS="554" WIDTH="90" HEIGHT="24" WC="0.96" CONTENT="beslut:"/>
						</TextLine>
					</TextBlock>
					<TextBlock ID="block_4" HPOS="234" VPOS="588" WIDTH="757" HEIGHT="275">
						<TextLine ID="line_12" HPOS="305" VPOS="588" WIDTH="684" HEIGHT="33">
							<String ID="string_74" HPOS="305" VPOS="588" WIDTH="167" HEIGHT="33" WC="0.87" CONTENT="Ridderskapet"/><SP WIDTH="26" VPOS="588" HPOS="472"/>
							<String ID="string_75" HPOS="498" VPOS="589" WIDTH="41" HEIGHT="24" WC="0.92" CONTENT="och"/><SP WIDTH="26" VPOS="589" HPOS="539"/>
							<String ID="string_76" HPOS="565" VPOS="589" WIDTH="74" HEIGHT="24" WC="0.90" CONTENT="Adeln"/><SP WIDTH="23" VPOS="589" HPOS="639"/>
							<String ID="string_77" HPOS="662" VPOS="589" WIDTH="45" HEIGHT="24" WC="0.96" CONTENT="har"/><SP WIDTH="19" VPOS="589" HPOS="707"/>
							<String ID="string_78" HPOS="726" VPOS="590" WIDTH="40" HEIGHT="23" WC="0.96" CONTENT="vid"/><SP WIDTH="19" VPOS="590" HPOS="766"/>
							<String ID="string_79" HPOS="785" VPOS="589" WIDTH="175" HEIGHT="32" WC="0.96" CONTENT="behandlingen"/><SP WIDTH="21" VPOS="589" HPOS="960"/>
							<String ID="string_80" HPOS="981" VPOS="589" WIDTH="8" HEIGHT="23" WC="0.96" CONTENT="i"/>
						</TextLine>
						<TextLine ID="line_13" HPOS="235" VPOS="623" WIDTH="756" HEIGHT="32">
							<String ID="string_81" HPOS="235" VPOS="624" WIDTH="34" HEIGHT="22" WC="0.96" CONTENT="ett"/><SP WIDTH="18" VPOS="624" HPOS="269"/>
							<String ID="string_82" HPOS="287" VPOS="623" WIDTH="178" HEIGHT="32" WC="0.96" CONTENT="sammanhang"/><SP WIDTH="18" VPOS="623" HPOS="465"/>
							<String ID="string_83" HPOS="483" VPOS="624" WIDTH="24" HEIGHT="24" WC="0.93" CONTENT="af"/><SP WIDTH="18" VPOS="624" HPOS="507"/>
							<String ID="string_84" HPOS="525" VPOS="623" WIDTH="243" HEIGHT="25" WC="0.91" CONTENT="Ekonomiutskottets"/><SP WIDTH="14" VPOS="623" HPOS="768"/>
							<String ID="string_85" HPOS="782" VPOS="624" WIDTH="148" HEIGHT="24" WC="0.91" CONTENT="betänkande"/><SP WIDTH="13" VPOS="624" HPOS="930"/>
							<String ID="string_86" HPOS="943" VPOS="623" WIDTH="48" HEIGHT="24" WC="0.96" CONTENT="N:o"/>
						</TextLine>
						<TextLine ID="line_14" HPOS="237" VPOS="657" WIDTH="752" HEIGHT="26">
							<String ID="string_87" HPOS="237" VPOS="657" WIDTH="13" HEIGHT="24" WC="0.96" CONTENT="1"/><SP WIDTH="21" VPOS="657" HPOS="250"/>
							<String ID="string_88" HPOS="271" VPOS="657" WIDTH="43" HEIGHT="23" WC="0.92" CONTENT="och"/><SP WIDTH="19" VPOS="657" HPOS="314"/>
							<String ID="string_89" HPOS="333" VPOS="657" WIDTH="194" HEIGHT="25" WC="0.92" CONTENT="Statsutskottets"/><SP WIDTH="19" VPOS="657" HPOS="527"/>
							<String ID="string_90" HPOS="546" VPOS="658" WIDTH="148" HEIGHT="24" WC="0.91" CONTENT="betänkande"/><SP WIDTH="18" VPOS="658" HPOS="694"/>
							<String ID="string_91" HPOS="712" VPOS="658" WIDTH="46" HEIGHT="25" WC="0.96" CONTENT="N:o"/><SP WIDTH="19" VPOS="658" HPOS="758"/>
							<String ID="string_92" HPOS="777" VPOS="659" WIDTH="16" HEIGHT="24" WC="0.93" CONTENT="3"/><SP WIDTH="18" VPOS="659" HPOS="793"/>
							<String ID="string_93" HPOS="811" VPOS="658" WIDTH="99" HEIGHT="25" WC="0.90" CONTENT="beslutit"/><SP WIDTH="17" VPOS="658" HPOS="910"/>
							<String ID="string_94" HPOS="927" VPOS="659" WIDTH="62" HEIGHT="23" WC="0.92" CONTENT="äter-"/>
						</TextLine>
						<TextLine ID="line_15" HPOS="234" VPOS="691" WIDTH="757" HEIGHT="34">
							<String ID="string_95" HPOS="234" VPOS="691" WIDTH="407" HEIGHT="34" WC="0.91" CONTENT="remitteraifrägavarandeärende"/><SP WIDTH="12" VPOS="691" HPOS="641"/>
							<String ID="string_96" HPOS="653" VPOS="693" WIDTH="39" HEIGHT="24" WC="0.93" CONTENT="till"/><SP WIDTH="10" VPOS="693" HPOS="692"/>
							<String ID="string_97" HPOS="702" VPOS="693" WIDTH="183" HEIGHT="24" WC="0.91" CONTENT="Statsutskottet"/><SP WIDTH="12" VPOS="693" HPOS="885"/>
							<String ID="string_98" HPOS="897" VPOS="693" WIDTH="9" HEIGHT="24" WC="0.96" CONTENT="i"/><SP WIDTH="12" VPOS="693" HPOS="906"/>
							<String ID="string_99" HPOS="918" VPOS="692" WIDTH="73" HEIGHT="31" WC="0.96" CONTENT="syfte,"/>
						</TextLine>
						<TextLine ID="line_16" HPOS="235" VPOS="725" WIDTH="755" HEIGHT="35">
							<String ID="string_100" HPOS="235" VPOS="728" WIDTH="37" HEIGHT="21" WC="0.93" CONTENT="att"/><SP WIDTH="17" VPOS="728" HPOS="272"/>
							<String ID="string_101" HPOS="289" VPOS="725" WIDTH="123" HEIGHT="26" WC="0.90" CONTENT="Utskottet"/><SP WIDTH="18" VPOS="725" HPOS="412"/>
							<String ID="string_102" HPOS="430" VPOS="729" WIDTH="72" HEIGHT="22" WC="0.91" CONTENT="mätte"/><SP WIDTH="19" VPOS="729" HPOS="502"/>
							<String ID="string_103" HPOS="521" VPOS="727" WIDTH="8" HEIGHT="24" WC="0.96" CONTENT="i"/><SP WIDTH="18" VPOS="727" HPOS="529"/>
							<String ID="string_104" HPOS="547" VPOS="728" WIDTH="178" HEIGHT="32" WC="0.96" CONTENT="sammanhang"/><SP WIDTH="18" VPOS="728" HPOS="725"/>
							<String ID="string_105" HPOS="743" VPOS="728" WIDTH="50" HEIGHT="23" WC="0.93" CONTENT="med"/><SP WIDTH="19" VPOS="728" HPOS="793"/>
							<String ID="string_106" HPOS="812" VPOS="727" WIDTH="178" HEIGHT="24" WC="0.92" CONTENT="folkskolebud-"/>
						</TextLine>
						<TextLine ID="line_17" HPOS="235" VPOS="761" WIDTH="754" HEIGHT="33">
							<String ID="string_107" HPOS="235" VPOS="762" WIDTH="70" HEIGHT="30" WC="0.91" CONTENT="geten"/><SP WIDTH="19" VPOS="762" HPOS="305"/>
							<String ID="string_108" HPOS="324" VPOS="764" WIDTH="107" HEIGHT="29" WC="0.92" CONTENT="upptaga"/><SP WIDTH="18" VPOS="764" HPOS="431"/>
							<String ID="string_109" HPOS="449" VPOS="762" WIDTH="88" HEIGHT="31" WC="0.91" CONTENT="anslag"/><SP WIDTH="17" VPOS="762" HPOS="537"/>
							<String ID="string_110" HPOS="554" VPOS="762" WIDTH="92" HEIGHT="31" WC="0.92" CONTENT="jämväl"/><SP WIDTH="18" VPOS="762" HPOS="646"/>
							<String ID="string_111" HPOS="664" VPOS="762" WIDTH="36" HEIGHT="24" WC="0.93" CONTENT="för"/><SP WIDTH="18" VPOS="762" HPOS="700"/>
							<String ID="string_112" HPOS="718" VPOS="762" WIDTH="187" HEIGHT="32" WC="0.92" CONTENT="folkhögskolor,"/><SP WIDTH="21" VPOS="762" HPOS="905"/>
							<String ID="string_113" HPOS="926" VPOS="761" WIDTH="63" HEIGHT="31" WC="0.92" CONTENT="nyk-"/>
						</TextLine>
						<TextLine ID="line_18" HPOS="235" VPOS="795" WIDTH="754" HEIGHT="34">
							<String ID="string_114" HPOS="235" VPOS="795" WIDTH="270" HEIGHT="33" WC="0.91" CONTENT="terhetsundervisning"/><SP WIDTH="26" VPOS="795" HPOS="505"/>
							<String ID="string_115" HPOS="531" VPOS="796" WIDTH="42" HEIGHT="24" WC="0.93" CONTENT="och"/><SP WIDTH="25" VPOS="796" HPOS="573"/>
							<String ID="string_116" HPOS="598" VPOS="797" WIDTH="257" HEIGHT="32" WC="0.92" CONTENT="ungdomsföreningar"/><SP WIDTH="19" VPOS="797" HPOS="855"/>
							<String ID="string_117" HPOS="874" VPOS="799" WIDTH="62" HEIGHT="22" WC="0.93" CONTENT="samt"/><SP WIDTH="18" VPOS="799" HPOS="936"/>
							<String ID="string_118" HPOS="954" VPOS="796" WIDTH="35" HEIGHT="23" WC="0.86" CONTENT="öf-"/>
						</TextLine>
						<TextLine ID="line_19" HPOS="235" VPOS="829" WIDTH="422" HEIGHT="34">
							<String ID="string_119" HPOS="235" VPOS="829" WIDTH="51" HEIGHT="32" WC="0.93" CONTENT="rigt"/><SP WIDTH="18" VPOS="829" HPOS="286"/>
							<String ID="string_120" HPOS="304" VPOS="829" WIDTH="84" HEIGHT="24" WC="0.93" CONTENT="socialt"/><SP WIDTH="18" VPOS="829" HPOS="388"/>
							<String ID="string_121" HPOS="406" VPOS="831" WIDTH="251" HEIGHT="32" WC="0.90" CONTENT="upplysningsarbete."/>
						</TextLine>
					</TextBlock>
					<TextBlock ID="block_5" HPOS="235" VPOS="863" WIDTH="757" HEIGHT="344">
						<TextLine ID="line_20" HPOS="306" VPOS="863" WIDTH="682" HEIGHT="34">
							<String ID="string_122" HPOS="306" VPOS="863" WIDTH="175" HEIGHT="26" WC="0.93" CONTENT="Prästeständet"/><SP WIDTH="26" VPOS="863" HPOS="481"/>
							<String ID="string_123" HPOS="507" VPOS="865" WIDTH="46" HEIGHT="24" WC="0.96" CONTENT="har"/><SP WIDTH="26" VPOS="865" HPOS="553"/>
							<String ID="string_124" HPOS="579" VPOS="865" WIDTH="41" HEIGHT="24" WC="0.96" CONTENT="vid"/><SP WIDTH="24" VPOS="865" HPOS="620"/>
							<String ID="string_125" HPOS="644" VPOS="865" WIDTH="177" HEIGHT="32" WC="0.95" CONTENT="behandlingen"/><SP WIDTH="20" VPOS="865" HPOS="821"/>
							<String ID="string_126" HPOS="841" VPOS="865" WIDTH="25" HEIGHT="25" WC="0.93" CONTENT="af"/><SP WIDTH="18" VPOS="865" HPOS="866"/>
							<String ID="string_127" HPOS="884" VPOS="865" WIDTH="104" HEIGHT="24" WC="0.93" CONTENT="Statsut-"/>
						</TextLine>
						<TextLine ID="line_21" HPOS="235" VPOS="898" WIDTH="756" HEIGHT="34">
							<String ID="string_128" HPOS="235" VPOS="898" WIDTH="101" HEIGHT="25" WC="0.92" CONTENT="skottets"/><SP WIDTH="19" VPOS="898" HPOS="336"/>
							<String ID="string_129" HPOS="355" VPOS="899" WIDTH="148" HEIGHT="24" WC="0.92" CONTENT="betänkande"/><SP WIDTH="18" VPOS="899" HPOS="503"/>
							<String ID="string_130" HPOS="521" VPOS="899" WIDTH="46" HEIGHT="24" WC="0.96" CONTENT="N:o"/><SP WIDTH="20" VPOS="899" HPOS="567"/>
							<String ID="string_131" HPOS="587" VPOS="899" WIDTH="15" HEIGHT="25" WC="0.93" CONTENT="3"/><SP WIDTH="19" VPOS="899" HPOS="602"/>
							<String ID="string_132" HPOS="621" VPOS="900" WIDTH="108" HEIGHT="32" WC="0.91" CONTENT="bordlagt"/><SP WIDTH="17" VPOS="900" HPOS="729"/>
							<String ID="string_133" HPOS="746" VPOS="900" WIDTH="135" HEIGHT="24" WC="0.92" CONTENT="Utskottets"/><SP WIDTH="13" VPOS="900" HPOS="881"/>
							<String ID="string_134" HPOS="894" VPOS="901" WIDTH="30" HEIGHT="30" WC="0.97" CONTENT="pä"/><SP WIDTH="13" VPOS="901" HPOS="924"/>
							<String ID="string_135" HPOS="937" VPOS="899" WIDTH="54" HEIGHT="24" WC="0.96" CONTENT="sida"/>
						</TextLine>
						<TextLine ID="line_22" HPOS="237" VPOS="933" WIDTH="752" HEIGHT="33">
							<String ID="string_136" HPOS="237" VPOS="933" WIDTH="32" HEIGHT="23" WC="0.92" CONTENT="12"/><SP WIDTH="19" VPOS="933" HPOS="269"/>
							<String ID="string_137" HPOS="288" VPOS="933" WIDTH="9" HEIGHT="23" WC="0.92" CONTENT="i"/><SP WIDTH="19" VPOS="933" HPOS="297"/>
							<String ID="string_138" HPOS="316" VPOS="933" WIDTH="159" HEIGHT="25" WC="0.91" CONTENT="betänkandet"/><SP WIDTH="19" VPOS="933" HPOS="475"/>
							<String ID="string_139" HPOS="494" VPOS="934" WIDTH="101" HEIGHT="32" WC="0.91" CONTENT="intagna"/><SP WIDTH="18" VPOS="934" HPOS="595"/>
							<String ID="string_140" HPOS="613" VPOS="934" WIDTH="66" HEIGHT="24" WC="0.91" CONTENT="kläm"/><SP WIDTH="19" VPOS="934" HPOS="679"/>
							<String ID="string_141" HPOS="698" VPOS="935" WIDTH="87" HEIGHT="29" WC="0.92" CONTENT="därom,"/><SP WIDTH="18" VPOS="935" HPOS="785"/>
							<String ID="string_142" HPOS="803" VPOS="937" WIDTH="36" HEIGHT="22" WC="0.93" CONTENT="att"/><SP WIDTH="17" VPOS="937" HPOS="839"/>
							<String ID="string_143" HPOS="856" VPOS="934" WIDTH="64" HEIGHT="24" WC="0.92" CONTENT="hvad"/><SP WIDTH="19" VPOS="934" HPOS="920"/>
							<String ID="string_144" HPOS="939" VPOS="941" WIDTH="50" HEIGHT="17" WC="0.96" CONTENT="som"/>
						</TextLine>
						<TextLine ID="line_23" HPOS="235" VPOS="966" WIDTH="755" HEIGHT="33">
							<String ID="string_145" HPOS="235" VPOS="966" WIDTH="94" HEIGHT="25" WC="0.75" CONTENT="utöfver"/><SP WIDTH="34" VPOS="966" HPOS="329"/>
							<String ID="string_146" HPOS="363" VPOS="968" WIDTH="130" HEIGHT="31" WC="0.75" CONTENT="1,250,000"/><SP WIDTH="25" VPOS="968" HPOS="493"/>
							<String ID="string_147" HPOS="518" VPOS="969" WIDTH="69" HEIGHT="23" WC="0.96" CONTENT="mark"/><SP WIDTH="20" VPOS="969" HPOS="587"/>
							<String ID="string_148" HPOS="607" VPOS="969" WIDTH="73" HEIGHT="23" WC="0.93" CONTENT="under"/><SP WIDTH="18" VPOS="969" HPOS="680"/>
							<String ID="string_149" HPOS="698" VPOS="970" WIDTH="56" HEIGHT="22" WC="0.96" CONTENT="åren"/><SP WIDTH="22" VPOS="970" HPOS="754"/>
							<String ID="string_150" HPOS="776" VPOS="969" WIDTH="65" HEIGHT="24" WC="0.95" CONTENT="1906"/><SP WIDTH="19" VPOS="969" HPOS="841"/>
							<String ID="string_151" HPOS="860" VPOS="968" WIDTH="42" HEIGHT="24" WC="0.95" CONTENT="och"/><SP WIDTH="22" VPOS="968" HPOS="902"/>
							<String ID="string_152" HPOS="924" VPOS="968" WIDTH="66" HEIGHT="24" WC="0.96" CONTENT="1907"/>
						</TextLine>
						<TextLine ID="line_24" HPOS="235" VPOS="1001" WIDTH="755" HEIGHT="34">
							<String ID="string_153" HPOS="235" VPOS="1001" WIDTH="101" HEIGHT="31" WC="0.92" CONTENT="inflyter"/><SP WIDTH="23" VPOS="1001" HPOS="336"/>
							<String ID="string_154" HPOS="359" VPOS="1002" WIDTH="9" HEIGHT="23" WC="0.93" CONTENT="i"/><SP WIDTH="19" VPOS="1002" HPOS="368"/>
							<String ID="string_155" HPOS="387" VPOS="1002" WIDTH="185" HEIGHT="25" WC="0.73" CONTENT="bränvinsskatt"/><SP WIDTH="27" VPOS="1002" HPOS="572"/>
							<String ID="string_156" HPOS="599" VPOS="1003" WIDTH="81" HEIGHT="24" WC="0.93" CONTENT="skulle"/><SP WIDTH="23" VPOS="1003" HPOS="680"/>
							<String ID="string_157" HPOS="703" VPOS="1003" WIDTH="60" HEIGHT="32" WC="0.95" CONTENT="ingå"/><SP WIDTH="27" VPOS="1003" HPOS="763"/>
							<String ID="string_158" HPOS="790" VPOS="1003" WIDTH="9" HEIGHT="23" WC="0.93" CONTENT="i"/><SP WIDTH="22" VPOS="1003" HPOS="799"/>
							<String ID="string_159" HPOS="821" VPOS="1002" WIDTH="169" HEIGHT="25" WC="0.92" CONTENT="kommunika-"/>
						</TextLine>
						<TextLine ID="line_25" HPOS="235" VPOS="1036" WIDTH="756" HEIGHT="34">
							<String ID="string_160" HPOS="235" VPOS="1036" WIDTH="158" HEIGHT="31" WC="0.93" CONTENT="tionsfonden,"/><SP WIDTH="25" VPOS="1036" HPOS="393"/>
							<String ID="string_161" HPOS="418" VPOS="1037" WIDTH="67" HEIGHT="23" WC="0.93" CONTENT="intill"/><SP WIDTH="13" VPOS="1037" HPOS="485"/>
							<String ID="string_162" HPOS="498" VPOS="1038" WIDTH="53" HEIGHT="24" WC="0.93" CONTENT="dess"/><SP WIDTH="18" VPOS="1038" HPOS="551"/>
							<String ID="string_163" HPOS="569" VPOS="1037" WIDTH="123" HEIGHT="25" WC="0.92" CONTENT="Utskottet"/><SP WIDTH="18" VPOS="1037" HPOS="692"/>
							<String ID="string_164" HPOS="710" VPOS="1038" WIDTH="99" HEIGHT="32" WC="0.91" CONTENT="afgifvit"/><SP WIDTH="19" VPOS="1038" HPOS="809"/>
							<String ID="string_165" HPOS="828" VPOS="1038" WIDTH="43" HEIGHT="23" WC="0.97" CONTENT="sitt"/><SP WIDTH="18" VPOS="1038" HPOS="871"/>
							<String ID="string_166" HPOS="889" VPOS="1039" WIDTH="30" HEIGHT="29" WC="0.97" CONTENT="pä"/><SP WIDTH="18" VPOS="1039" HPOS="919"/>
							<String ID="string_167" HPOS="937" VPOS="1037" WIDTH="54" HEIGHT="24" WC="0.96" CONTENT="sida"/>
						</TextLine>
						<TextLine ID="line_26" HPOS="237" VPOS="1070" WIDTH="755" HEIGHT="33">
							<String ID="string_168" HPOS="237" VPOS="1070" WIDTH="32" HEIGHT="24" WC="0.94" CONTENT="10"/><SP WIDTH="19" VPOS="1070" HPOS="269"/>
							<String ID="string_169" HPOS="288" VPOS="1070" WIDTH="8" HEIGHT="24" WC="0.94" CONTENT="i"/><SP WIDTH="20" VPOS="1070" HPOS="296"/>
							<String ID="string_170" HPOS="316" VPOS="1078" WIDTH="93" HEIGHT="17" WC="0.93" CONTENT="samma"/><SP WIDTH="18" VPOS="1078" HPOS="409"/>
							<String ID="string_171" HPOS="427" VPOS="1072" WIDTH="149" HEIGHT="24" WC="0.93" CONTENT="betänkande"/><SP WIDTH="19" VPOS="1072" HPOS="576"/>
							<String ID="string_172" HPOS="595" VPOS="1072" WIDTH="120" HEIGHT="24" WC="0.92" CONTENT="utlofvade"/><SP WIDTH="13" VPOS="1072" HPOS="715"/>
							<String ID="string_173" HPOS="728" VPOS="1072" WIDTH="125" HEIGHT="24" WC="0.93" CONTENT="uttalande"/><SP WIDTH="14" VPOS="1072" HPOS="853"/>
							<String ID="string_174" HPOS="867" VPOS="1072" WIDTH="125" HEIGHT="31" WC="0.96" CONTENT="angående"/>
						</TextLine>
						<TextLine ID="line_27" HPOS="235" VPOS="1104" WIDTH="754" HEIGHT="34">
							<String ID="string_175" HPOS="235" VPOS="1105" WIDTH="28" HEIGHT="23" WC="0.95" CONTENT="de"/><SP WIDTH="28" VPOS="1105" HPOS="263"/>
							<String ID="string_176" HPOS="291" VPOS="1104" WIDTH="138" HEIGHT="33" WC="0.95" CONTENT="föreslagna"/><SP WIDTH="27" VPOS="1104" HPOS="429"/>
							<String ID="string_177" HPOS="456" VPOS="1106" WIDTH="117" HEIGHT="32" WC="0.96" CONTENT="anslagen"/><SP WIDTH="25" VPOS="1106" HPOS="573"/>
							<String ID="string_178" HPOS="598" VPOS="1107" WIDTH="37" HEIGHT="23" WC="0.93" CONTENT="för"/><SP WIDTH="21" VPOS="1107" HPOS="635"/>
							<String ID="string_179" HPOS="656" VPOS="1106" WIDTH="219" HEIGHT="32" WC="0.93" CONTENT="folkhögskolorna,"/><SP WIDTH="18" VPOS="1106" HPOS="875"/>
							<String ID="string_180" HPOS="893" VPOS="1106" WIDTH="39" HEIGHT="24" WC="0.93" CONTENT="till"/><SP WIDTH="19" VPOS="1106" HPOS="932"/>
							<String ID="string_181" HPOS="951" VPOS="1106" WIDTH="38" HEIGHT="24" WC="0.93" CONTENT="be-"/>
						</TextLine>
						<TextLine ID="line_28" HPOS="235" VPOS="1138" WIDTH="754" HEIGHT="35">
							<String ID="string_182" HPOS="235" VPOS="1138" WIDTH="136" HEIGHT="32" WC="0.92" CONTENT="främjande"/><SP WIDTH="27" VPOS="1138" HPOS="371"/>
							<String ID="string_183" HPOS="398" VPOS="1140" WIDTH="25" HEIGHT="24" WC="0.93" CONTENT="af"/><SP WIDTH="18" VPOS="1140" HPOS="423"/>
							<String ID="string_184" HPOS="441" VPOS="1140" WIDTH="348" HEIGHT="33" WC="0.92" CONTENT="nykterhetsundervisningen"/><SP WIDTH="20" VPOS="1140" HPOS="789"/>
							<String ID="string_185" HPOS="809" VPOS="1143" WIDTH="63" HEIGHT="21" WC="0.96" CONTENT="samt"/><SP WIDTH="18" VPOS="1143" HPOS="872"/>
							<String ID="string_186" HPOS="890" VPOS="1140" WIDTH="36" HEIGHT="24" WC="0.92" CONTENT="för"/><SP WIDTH="18" VPOS="1140" HPOS="926"/>
							<String ID="string_187" HPOS="944" VPOS="1148" WIDTH="45" HEIGHT="16" WC="0.91" CONTENT="un-"/>
						</TextLine>
						<TextLine ID="line_29" HPOS="235" VPOS="1173" WIDTH="513" HEIGHT="34">
							<String ID="string_188" HPOS="235" VPOS="1173" WIDTH="156" HEIGHT="25" WC="0.92" CONTENT="derstödande"/><SP WIDTH="19" VPOS="1173" HPOS="391"/>
							<String ID="string_189" HPOS="410" VPOS="1175" WIDTH="25" HEIGHT="23" WC="0.93" CONTENT="af"/><SP WIDTH="18" VPOS="1175" HPOS="435"/>
							<String ID="string_190" HPOS="453" VPOS="1175" WIDTH="295" HEIGHT="32" WC="0.82" CONTENT="ungdomsföreningarna."/>
						</TextLine>
					</TextBlock>
					<TextBlock ID="block_6" HPOS="233" VPOS="1208" WIDTH="759" HEIGHT="196">
						<TextLine ID="line_30" HPOS="305" VPOS="1208" WIDTH="684" HEIGHT="33">
							<String ID="string_191" HPOS="305" VPOS="1208" WIDTH="197" HEIGHT="32" WC="0.85" CONTENT="Borgareständet"/><SP WIDTH="21" VPOS="1208" HPOS="502"/>
							<String ID="string_192" HPOS="523" VPOS="1210" WIDTH="44" HEIGHT="23" WC="0.94" CONTENT="har"/><SP WIDTH="19" VPOS="1210" HPOS="567"/>
							<String ID="string_193" HPOS="586" VPOS="1210" WIDTH="41" HEIGHT="23" WC="0.96" CONTENT="vid"/><SP WIDTH="19" VPOS="1210" HPOS="627"/>
							<String ID="string_194" HPOS="646" VPOS="1210" WIDTH="176" HEIGHT="31" WC="0.95" CONTENT="behandlingen"/><SP WIDTH="19" VPOS="1210" HPOS="822"/>
							<String ID="string_195" HPOS="841" VPOS="1209" WIDTH="26" HEIGHT="24" WC="0.93" CONTENT="af"/><SP WIDTH="18" VPOS="1209" HPOS="867"/>
							<String ID="string_196" HPOS="885" VPOS="1209" WIDTH="104" HEIGHT="24" WC="0.92" CONTENT="Statsut-"/>
						</TextLine>
						<TextLine ID="line_31" HPOS="235" VPOS="1242" WIDTH="755" HEIGHT="26">
							<String ID="string_197" HPOS="235" VPOS="1242" WIDTH="102" HEIGHT="24" WC="0.82" CONTENT="skottets"/><SP WIDTH="27" VPOS="1242" HPOS="337"/>
							<String ID="string_198" HPOS="364" VPOS="1243" WIDTH="147" HEIGHT="25" WC="0.96" CONTENT="betänkande"/><SP WIDTH="22" VPOS="1243" HPOS="511"/>
							<String ID="string_199" HPOS="533" VPOS="1244" WIDTH="46" HEIGHT="24" WC="0.96" CONTENT="N:o"/><SP WIDTH="20" VPOS="1244" HPOS="579"/>
							<String ID="string_200" HPOS="599" VPOS="1244" WIDTH="14" HEIGHT="24" WC="0.93" CONTENT="2"/><SP WIDTH="20" VPOS="1244" HPOS="613"/>
							<String ID="string_201" HPOS="633" VPOS="1244" WIDTH="97" HEIGHT="24" WC="0.89" CONTENT="beslutit"/><SP WIDTH="18" VPOS="1244" HPOS="730"/>
							<String ID="string_202" HPOS="748" VPOS="1244" WIDTH="175" HEIGHT="24" WC="0.93" CONTENT="återremittera"/><SP WIDTH="18" VPOS="1244" HPOS="923"/>
							<String ID="string_203" HPOS="941" VPOS="1244" WIDTH="49" HEIGHT="23" WC="0.91" CONTENT="det-"/>
						</TextLine>
						<TextLine ID="line_32" HPOS="235" VPOS="1277" WIDTH="757" HEIGHT="33">
							<String ID="string_204" HPOS="235" VPOS="1284" WIDTH="94" HEIGHT="16" WC="0.96" CONTENT="samma"/><SP WIDTH="18" VPOS="1284" HPOS="329"/>
							<String ID="string_205" HPOS="347" VPOS="1277" WIDTH="36" HEIGHT="23" WC="0.96" CONTENT="för"/><SP WIDTH="24" VPOS="1277" HPOS="383"/>
							<String ID="string_206" HPOS="407" VPOS="1280" WIDTH="35" HEIGHT="22" WC="0.93" CONTENT="att"/><SP WIDTH="25" VPOS="1280" HPOS="442"/>
							<String ID="string_207" HPOS="467" VPOS="1278" WIDTH="122" HEIGHT="24" WC="0.91" CONTENT="Utskottet"/><SP WIDTH="18" VPOS="1278" HPOS="589"/>
							<String ID="string_208" HPOS="607" VPOS="1278" WIDTH="79" HEIGHT="24" WC="0.93" CONTENT="skulle"/><SP WIDTH="19" VPOS="1278" HPOS="686"/>
							<String ID="string_209" HPOS="705" VPOS="1281" WIDTH="57" HEIGHT="29" WC="0.93" CONTENT="taga"/><SP WIDTH="18" VPOS="1281" HPOS="762"/>
							<String ID="string_210" HPOS="780" VPOS="1279" WIDTH="9" HEIGHT="23" WC="0.93" CONTENT="i"/><SP WIDTH="19" VPOS="1279" HPOS="789"/>
							<String ID="string_211" HPOS="808" VPOS="1278" WIDTH="184" HEIGHT="32" WC="0.92" CONTENT="öfvervägande,"/>
						</TextLine>
						<TextLine ID="line_33" HPOS="234" VPOS="1310" WIDTH="756" HEIGHT="34">
							<String ID="string_212" HPOS="234" VPOS="1310" WIDTH="124" HEIGHT="25" WC="0.91" CONTENT="huruvida"/><SP WIDTH="27" VPOS="1310" HPOS="358"/>
							<String ID="string_213" HPOS="385" VPOS="1312" WIDTH="54" HEIGHT="24" WC="0.88" CONTENT="icke"/><SP WIDTH="24" VPOS="1312" HPOS="439"/>
							<String ID="string_214" HPOS="463" VPOS="1313" WIDTH="8" HEIGHT="23" WC="0.93" CONTENT="i"/><SP WIDTH="29" VPOS="1313" HPOS="471"/>
							<String ID="string_215" HPOS="500" VPOS="1313" WIDTH="158" HEIGHT="24" WC="0.90" CONTENT="betänkandet"/><SP WIDTH="22" VPOS="1313" HPOS="658"/>
							<String ID="string_216" HPOS="680" VPOS="1313" WIDTH="79" HEIGHT="23" WC="0.93" CONTENT="kunde"/><SP WIDTH="19" VPOS="1313" HPOS="759"/>
							<String ID="string_217" HPOS="778" VPOS="1315" WIDTH="119" HEIGHT="29" WC="0.91" CONTENT="upptagas"/><SP WIDTH="20" VPOS="1315" HPOS="897"/>
							<String ID="string_218" HPOS="917" VPOS="1312" WIDTH="73" HEIGHT="24" WC="0.91" CONTENT="erfor-"/>
						</TextLine>
						<TextLine ID="line_34" HPOS="234" VPOS="1345" WIDTH="757" HEIGHT="34">
							<String ID="string_219" HPOS="234" VPOS="1345" WIDTH="90" HEIGHT="32" WC="0.91" CONTENT="derligt"/><SP WIDTH="29" VPOS="1345" HPOS="324"/>
							<String ID="string_220" HPOS="353" VPOS="1346" WIDTH="88" HEIGHT="32" WC="0.96" CONTENT="anslag"/><SP WIDTH="19" VPOS="1346" HPOS="441"/>
							<String ID="string_221" HPOS="460" VPOS="1347" WIDTH="36" HEIGHT="24" WC="0.93" CONTENT="för"/><SP WIDTH="18" VPOS="1347" HPOS="496"/>
							<String ID="string_222" HPOS="514" VPOS="1348" WIDTH="69" HEIGHT="23" WC="0.96" CONTENT="såväl"/><SP WIDTH="20" VPOS="1348" HPOS="583"/>
							<String ID="string_223" HPOS="603" VPOS="1347" WIDTH="182" HEIGHT="32" WC="0.96" CONTENT="folkhögskolor"/><SP WIDTH="18" VPOS="1347" HPOS="785"/>
							<String ID="string_224" HPOS="803" VPOS="1355" WIDTH="49" HEIGHT="16" WC="0.93" CONTENT="som"/><SP WIDTH="20" VPOS="1355" HPOS="852"/>
							<String ID="string_225" HPOS="872" VPOS="1347" WIDTH="119" HEIGHT="24" WC="0.84" CONTENT="arbetare-"/>
						</TextLine>
						<TextLine ID="line_35" HPOS="233" VPOS="1380" WIDTH="106" HEIGHT="24">
							<String ID="string_226" HPOS="233" VPOS="1380" WIDTH="106" HEIGHT="24" WC="0.92" CONTENT="institut."/>
						</TextLine>
					</TextBlock>
					<TextBlock ID="block_7" HPOS="235" VPOS="1414" WIDTH="759" HEIGHT="60">
						<TextLine ID="line_36" HPOS="304" VPOS="1414" WIDTH="690" HEIGHT="34">
							<String ID="string_227" HPOS="304" VPOS="1414" WIDTH="170" HEIGHT="26" WC="0.86" CONTENT="Bondeständet"/><SP WIDTH="28" VPOS="1414" HPOS="474"/>
							<String ID="string_228" HPOS="502" VPOS="1416" WIDTH="44" HEIGHT="24" WC="0.96" CONTENT="har"/><SP WIDTH="24" VPOS="1416" HPOS="546"/>
							<String ID="string_229" HPOS="570" VPOS="1416" WIDTH="41" HEIGHT="24" WC="0.96" CONTENT="vid"/><SP WIDTH="26" VPOS="1416" HPOS="611"/>
							<String ID="string_230" HPOS="637" VPOS="1416" WIDTH="177" HEIGHT="32" WC="0.95" CONTENT="behandlingen"/><SP WIDTH="27" VPOS="1416" HPOS="814"/>
							<String ID="string_231" HPOS="841" VPOS="1416" WIDTH="26" HEIGHT="24" WC="0.93" CONTENT="af"/><SP WIDTH="18" VPOS="1416" HPOS="867"/>
							<String ID="string_232" HPOS="885" VPOS="1415" WIDTH="109" HEIGHT="24" WC="0.93" CONTENT="Statsut-"/>
						</TextLine>
						<TextLine ID="line_37" HPOS="235" VPOS="1448" WIDTH="757" HEIGHT="26">
							<String ID="string_233" HPOS="235" VPOS="1448" WIDTH="101" HEIGHT="25" WC="0.48" CONTENT="skottets"/><SP WIDTH="28" VPOS="1448" HPOS="336"/>
							<String ID="string_234" HPOS="364" VPOS="1450" WIDTH="149" HEIGHT="24" WC="0.96" CONTENT="betänkande"/><SP WIDTH="21" VPOS="1450" HPOS="513"/>
							<String ID="string_235" HPOS="534" VPOS="1450" WIDTH="46" HEIGHT="24" WC="0.96" CONTENT="N:o"/><SP WIDTH="21" VPOS="1450" HPOS="580"/>
							<String ID="string_236" HPOS="601" VPOS="1450" WIDTH="13" HEIGHT="24" WC="0.93" CONTENT="2"/><SP WIDTH="20" VPOS="1450" HPOS="614"/>
							<String ID="string_237" HPOS="634" VPOS="1450" WIDTH="98" HEIGHT="24" WC="0.61" CONTENT="beslutit"/><SP WIDTH="17" VPOS="1450" HPOS="732"/>
							<String ID="string_238" HPOS="749" VPOS="1451" WIDTH="175" HEIGHT="23" WC="0.93" CONTENT="återremittera"/><SP WIDTH="18" VPOS="1451" HPOS="924"/>
							<String ID="string_239" HPOS="942" VPOS="1450" WIDTH="50" HEIGHT="23" WC="0.90" CONTENT="det-"/>
						</TextLine>
					</TextBlock>
					<TextBlock ID="block_8" HPOS="306" VPOS="1493" WIDTH="341" HEIGHT="19">
						<TextLine ID="line_38" HPOS="306" VPOS="1493" WIDTH="341" HEIGHT="19">
							<String ID="string_240" HPOS="306" VPOS="1493" WIDTH="141" HEIGHT="18" WC="0.91" CONTENT="Statsutskottets"/><SP WIDTH="13" VPOS="1493" HPOS="447"/>
							<String ID="string_241" HPOS="460" VPOS="1495" WIDTH="108" HEIGHT="17" WC="0.92" CONTENT="betänkande"/><SP WIDTH="12" VPOS="1495" HPOS="568"/>
							<String ID="string_242" HPOS="580" VPOS="1495" WIDTH="37" HEIGHT="17" WC="0.95" CONTENT="N:o"/><SP WIDTH="12" VPOS="1495" HPOS="617"/>
							<String ID="string_243" HPOS="629" VPOS="1496" WIDTH="18" HEIGHT="16" WC="0.95" CONTENT="5."/>
						</TextLine>
					</TextBlock>
				</ComposedBlock>
			</PrintSpace>
		</Page>
	</Layout>
</alto>
