1103 1753
381 104 22 18 U.
417 104 21 18 B.
451 104 59 23 Prop.
523 104 37 18 N:o
572 104 19 18 5.
841 103 22 17 15

109 163 56 27 ning
188 163 33 21 till
244 163 222 22 Ekonomiutskottet
488 164 126 21 remitterat
637 163 43 21 den
696 163 52 21 nåd.
764 163 99 29 proposi-

110 199 77 21 tionen
210 199 8 21 i
241 198 51 22 dess
315 198 77 22 helhet
414 200 70 27 jämte
502 199 72 22 under
589 198 188 22 remissdebatten
793 198 71 22 fram-

111 234 84 22 ställda
219 234 89 28 förslag,
335 234 40 22 har
401 234 117 22 Utskottet
540 234 104 30 upptagit
670 234 34 22 till
727 234 137 28 behandling

110 270 86 29 jämväl
219 271 13 21 2
256 270 13 29 &
293 270 24 22 af
340 270 51 22 nåd.
410 271 170 29 propositionen.
612 270 45 22 Och
673 270 35 22 får
724 270 139 22 Utskottet
850 266 16 38 i

111 306 106 22 afseende
233 306 56 22 härå
305 306 120 22 framhålla
440 306 105 29 följande.

183 342 43 21 Det
248 342 7 21 i
279 342 50 21 nåd.
353 342 164 29 propositionen
538 342 142 22 framställda
695 342 115 27 förslaget,
828 343 34 20 att

111 377 139 28 delaktighet
273 379 7 20 i
303 377 94 22 berörda
420 378 72 21 medel
512 385 31 14 nu
560 378 72 21 skulle
648 378 94 22 beredas
758 377 106 28 samtliga

110 413 133 22 kommuner
265 414 7 21 i
295 413 82 28 landet,
402 413 140 29 följaktligen
566 414 68 22 äfven
652 414 25 21 de
694 413 76 22 städer
785 427 29 2 —
830 413 34 22 S:t

111 449 87 28 Michel,
219 449 102 28 Heinola,
338 450 106 27 Joensuu,
462 450 134 29 Jyväskylä,
612 449 87 28 Hangö,
717 449 146 28 Mariehamn,

111 485 82 28 Kotka,
217 485 89 28 lisalmi,
332 485 65 22 Kemi
420 485 41 22 och
480 486 65 21 Lahti
572 499 29 2 —
620 487 61 20 samt
697 485 27 22 de
740 485 34 22 till
789 485 75 29 Lapp-

111 521 106 22 markens
237 521 71 22 härad
323 521 100 22 hörande
439 521 137 28 kommuner,
593 521 78 22 hvilka
686 521 113 22 härintills
814 521 50 22 icke

112 557 89 22 erhällit
216 558 74 27 nägon
305 557 35 22 del
357 557 23 22 af
395 557 174 28 ifrägavarande
585 557 78 27 medel,
679 557 42 22 har
737 557 24 22 af
769 557 94 22 Utskot-

111 594 34 21 tet
169 593 124 22 omfattats.
332 593 91 28 Förslag
449 593 78 22 härom
552 593 153 22 framställdes
730 593 70 22 redan
826 592 38 22 vid

111 631 92 20 senaste
219 629 108 28 landtdag
343 629 24 22 af
383 629 231 28 Ekonomiutskottet;
630 629 41 22 och
687 629 71 28 ansäg
768 629 95 22 Utskot-

111 666 36 21 tet
172 665 39 22 det
235 665 188 28 sakförhällande,
450 666 35 21 att
509 666 19 28 ej
555 665 85 22 mindre
666 665 101 22 nämnda
790 664 75 22 städer

111 701 76 21 blifvit
209 700 140 28 grundlagda
371 701 57 21 efter
451 701 157 21 afskaffandet
632 701 24 21 af
671 700 193 22 husbehofsbrän-

111 737 90 27 ningen,
228 736 33 22 för
286 736 91 22 hvilken
403 736 94 22 berörda
523 736 73 22 medel
622 738 97 26 ansägos
736 738 74 20 såsom
832 736 32 22 ett

112 770 112 30 vederlag,
249 774 30 20 än
301 772 86 28 jämväl
410 773 35 21 att
468 772 94 22 berörda
580 772 198 22 landskommuner
794 772 71 27 aldrig

113 808 74 22 blifvit
203 808 114 28 delaktiga
332 808 24 21 af
371 808 75 22 denna
462 808 114 28 rättighet,
593 810 29 27 pä
638 808 57 22 intet
712 808 34 22 vis
755 808 109 22 motivera

111 844 174 28 ifrägavarande
309 844 143 22 kommuners
474 844 164 22 kvarhällande
654 844 6 21 i
677 851 27 15 en
722 844 142 27 undantags-

113 880 112 28 ställning.

184 916 145 22 Beträffande
352 916 49 21 äter
424 916 100 22 medlens
548 916 125 28 fördelning
688 916 82 21 mellan
786 915 79 22 lands-

113 952 40 21 och
177 952 227 22 stadskommunerna
427 952 63 22 öfver
512 952 89 22 hufvud
624 952 41 22 och
689 951 127 29 grunderna
831 951 34 22 för

113 988 75 22 denna
206 988 124 28 fördelning
349 988 41 21 har
406 988 117 22 Utskottet
539 988 95 22 beaktat
650 988 38 22 det
704 988 24 21 af
743 987 121 23 Ekonomi-

112 1023 114 22 utskottet
249 1023 39 23 vid
309 1025 90 21 senaste
415 1024 111 28 landtdag
541 1024 142 22 framställda
699 1024 114 27 förslaget,
830 1024 35 21 att

113 1059 43 22 den
172 1059 80 22 hittilis
269 1059 107 22 använda
391 1059 247 28 fördelningsgrunden,
655 1067 48 14 som
718 1059 146 22 härförinnan

112 1095 85 28 utgjort
220 1095 115 28 mantalet,
360 1097 72 20 måtte
456 1095 118 22 förändras
595 1095 92 28 därhän,
705 1096 35 21 att
756 1095 108 22 vederbö-

112 1130 69 22 rande
198 1131 142 22 kommuners
355 1131 133 28 folkmängd
504 1131 88 22 komme
608 1132 34 21 att
658 1131 77 28 läggas
751 1131 33 21 till
792 1130 72 28 grund

112 1167 35 21 för
161 1166 160 29 fördelningen.
352 1167 80 22 Denna
446 1167 130 27 förändring
593 1167 23 22 af
626 1166 239 28 fördelningsgrunden

112 1203 41 21 har
159 1203 85 27 jämväl
251 1203 38 21 vid
297 1203 153 21 innevarande
459 1203 115 27 landtdag,
584 1202 38 22 vid
630 1202 50 22 nåd.
689 1202 176 29 propositionens

112 1238 86 28 remiss,
223 1238 120 29 tillstyrkts
365 1238 23 22 af
404 1238 114 28 åtskilliga
534 1238 71 22 talare
621 1238 7 22 i
643 1238 176 27 Bondeståndet,
836 1239 30 27 på

113 1275 47 21 sätt
187 1274 24 22 af
239 1274 26 22 de
291 1274 34 22 till
348 1274 118 22 Utskottet
495 1275 114 21 ankomna
634 1274 231 28 protokollsutdragen

112 1310 104 28 framgår.

184 1346 35 21 Då
243 1346 265 28 husbehofsbränningen
531 1346 39 21 vid
593 1346 137 27 landtdagen
749 1345 117 22 1863—64

113 1381 126 29 upphäfdes
263 1382 41 21 och
327 1389 28 14 en
379 1382 44 28 del;
439 1382 23 21 af
486 1382 203 21 bränvinsskatten
713 1381 107 22 öfverläts
842 1381 24 21 ät

112 1417 168 28 kommunerna,
305 1417 129 22 bestämdes
458 1419 36 20 att
518 1417 132 22 densamma
673 1417 72 21 skulle
764 1416 103 22 »tillfalla

113 1453 103 27 samtlige
232 1453 131 22 kommuner
379 1455 29 26 pä
423 1453 80 22 landet
519 1453 41 22 och
578 1453 106 22 städerna
693 1453 35 21 att
736 1453 50 21 dem
795 1451 70 22 emel-
