1103 1756
247 144 26 21 10
439 143 84 22 Ständ.
542 143 38 22 Sv.
597 156 28 2 —
640 143 73 28 Prop.
732 144 39 21 N:o
787 143 22 22 7.

246 215 191 29 vägsstyrelsen
462 215 28 22 år
517 215 67 22 1898
610 221 30 16 en
665 215 100 25 komité,
785 214 101 22 hvilken
906 215 8 21 i
933 219 66 17 mars

248 249 67 23 1899
335 250 36 21 till
397 249 109 23 Senaten
527 249 69 29 afgaf
615 250 42 21 sitt
675 249 167 26 betänkande,
862 249 36 22 till
917 247 82 30 grund

246 285 39 21 för
310 284 95 22 hvilket
431 284 66 29 lagts
522 291 30 15 en
577 284 32 28 på
640 284 132 28 principer,
796 285 75 27 tagna
896 290 30 15 ur
944 289 55 22 pro-

245 319 100 22 fessorn
365 318 126 23 Charliers
510 319 95 28 förslag
625 318 36 22 till
679 317 162 30 persontariff
859 317 39 22 för
918 317 81 22 Sveri-

247 360 45 22 ges
311 353 146 22 statsbanor
477 353 24 22 af
521 353 27 22 år
572 353 76 26 1898,
671 353 126 28 uppgjord
817 352 87 29 kalkyl
928 351 71 23 öfver

246 388 176 29 fördelningen
448 387 25 22 af
498 387 232 22 driftkostnaderna
760 387 43 22 vid
835 387 163 28 statsjärnvä-

247 429 80 22 garna
355 422 38 22 för
421 423 28 21 år
481 422 66 22 1897
579 429 45 22 per
654 428 178 22 personvagn-,
864 422 135 27 postvagn-

246 457 47 22 och
323 457 330 28 godsvagnaxelkilometer.
692 456 85 29 Enligt
804 456 82 22 denna
912 455 87 28 kalkyl

247 491 80 22 skulle
364 491 140 22 kostnaden
541 497 45 22 per
622 490 315 30 postvagnaxelkilometer
971 489 27 22 är

249 525 66 23 1897
346 526 96 29 utgjort
473 526 64 22 6.759
566 526 76 28 penni
672 525 46 22 och
749 525 249 29 statsjärnvägarnas

246 560 109 23 kostnad
374 561 39 21 för
432 560 202 29 postbefordran,
655 560 31 22 då
701 559 93 23 antalet
806 558 193 30 postvagnaxel-

247 595 132 22 kilometer
405 595 79 29 sagda
510 595 28 22 år
561 595 69 28 stigit
654 595 36 21 till
714 593 149 28 7,100,100,
882 593 117 28 omkring

249 629 113 26 479,900
386 630 79 21 mark.
503 629 87 29 Enligt
615 629 47 22 den
688 629 26 22 af
739 629 108 22 Senaten
866 628 36 22 till
920 627 79 22 landt-

247 663 83 30 dagen
356 664 28 22 år
410 664 68 22 1900
503 663 96 30 afgifna
627 663 151 23 berättelsen
797 669 40 16 om
858 662 140 29 Styrelsens

247 698 168 30 tillgöranden
434 699 7 21 i
461 698 137 29 anledning
623 698 25 22 af
672 699 30 22 de
721 698 54 22 utaf
795 698 142 22 Ständerna
956 696 42 23 vid

245 733 157 29 landtdagen
421 733 28 22 år
470 733 65 22 1897
555 733 95 22 fattade
669 733 82 22 beslut
770 732 111 22 berodde
895 731 104 23 ärendet

246 768 34 28 på
299 768 88 22 vidare
409 768 192 28 handläggning
620 768 45 22 och
684 767 71 23 torde
774 766 137 22 detsamma
931 766 67 22 ännu

246 802 55 22 icke
319 802 143 22 fortskridit
479 802 96 29 längre.

316 830 37 28 År
373 836 67 23 1904
459 839 56 27 steg
528 836 94 22 antalet
636 835 314 30 postvagnaxelkilometer
963 834 35 22 till

249 871 162 26 10,714,900.
447 870 286 23 Medeldriftkostnaden
758 870 29 22 år
812 869 66 23 1897
904 876 45 21 per
974 868 25 22 af

246 905 171 23 lokomotiven
440 906 139 22 framförda
599 905 257 29 vagnaxelkilometer
875 903 64 29 (incl.
960 903 38 22 för

246 941 103 27 postens
374 940 137 22 befordran
537 940 46 22 och
610 940 39 22 för
673 939 249 29 statsjärnvägarnas
942 940 56 26 eget

246 974 86 28 behof)
361 974 117 29 utgjorde
506 975 63 22 5.201
597 974 83 28 penni.
717 974 50 22 För
795 973 28 22 är
852 972 67 22 1904
945 974 54 26 steg

246 1015 95 15 samma
361 1008 109 23 kostnad
490 1009 35 21 till
544 1009 63 22 6.328
626 1008 83 28 penni,
730 1008 59 22 eller
809 1008 54 22 21.7
875 1004 31 34 %/,
920 1006 78 29 högre

247 1044 31 20 än
299 1043 27 21 är
347 1043 74 22 1897.
458 1043 11 22 I
488 1043 156 22 förhållande
663 1043 35 21 till
717 1043 49 21 den
785 1042 38 22 för
843 1041 155 23 sistnämnda

247 1077 28 22 är
299 1077 145 22 beräknade
469 1077 202 23 driftkostnaden
690 1084 45 21 per
753 1075 246 29 postvagnaxelkilo-

246 1114 79 20 meter
354 1112 25 22 af
397 1112 64 22 6.759
479 1112 76 28 penni
574 1112 80 22 skulle
673 1118 94 15 samma
787 1110 107 22 kostnad
913 1110 39 22 för
972 1110 27 21 är

249 1146 67 22 1904
335 1146 96 29 utgjort
450 1146 64 23 8.226
541 1146 75 28 penni
635 1146 46 22 och
700 1146 48 22 den
762 1145 237 29 statsjärnvägarna

247 1187 91 22 genom
357 1183 104 25 postens
480 1180 137 22 befordran
637 1180 55 22 med
712 1181 190 27 postvagnarna
921 1178 79 22 föror-

247 1214 96 22 sakade
371 1215 141 22 kostnaden
539 1215 109 28 uppgått
675 1215 36 21 till
741 1214 117 28 omkring
886 1212 113 26 880,000

246 1249 80 26 mark,
347 1250 34 21 ett
401 1249 118 22 särskildt
538 1249 56 22 med
609 1249 117 22 afseende
740 1249 13 21 ä
768 1248 31 22 de
812 1249 99 21 senaste
926 1247 74 22 årens

246 1284 155 22 reducerade
420 1284 145 22 trafikvinst
583 1284 143 28 betydande
745 1283 100 30 belopp.

316 1318 56 22 Med
392 1319 137 28 anledning
547 1318 73 22 häraf
638 1318 24 22 fä
686 1317 141 23 Ständerna
852 1317 46 21 hos
918 1316 81 21 Eders

247 1352 142 29 Kejserliga
408 1353 116 28 Majestät
543 1353 7 21 i
569 1352 203 29 underdänighet
791 1351 99 22 anhälla
