1100 1756
242 107 26 17 48
519 110 22 17 U.
555 109 21 18 B.
589 109 60 23 Prop.
662 109 30 18 No
705 109 18 18 5.

522 490 205 28 Reservation.

316 562 43 21 Vid
379 562 150 28 beredningen
545 562 25 22 af
587 562 83 28 nådiga
690 562 163 29 propositionen
870 562 40 22 N:o
927 562 13 22 5
956 562 41 22 har

243 597 223 23 Ekonomiutskottet
489 598 32 22 till
541 598 139 28 behandling
695 598 85 29 jämväl
797 598 104 28 upptagit
916 598 79 28 frågan

243 640 36 14 om
296 634 214 22 bränvinsskattens
531 634 151 22 användande
699 634 41 22 och
756 633 131 28 fördelning,
904 634 92 21 hvilken

245 670 87 21 beröres
348 670 7 21 i
372 670 70 22 andra
465 670 133 29 paragrafen
624 670 23 21 af
671 670 259 27 författningsförslaget.
961 670 35 21 Då

244 706 122 21 emellertid
383 706 74 21 denna
473 706 35 22 del
524 706 23 21 af
564 706 42 21 den
623 706 84 27 nådiga
720 706 162 28 propositionen
896 706 38 21 bör
944 707 50 20 ute-

243 741 105 21 slutande
373 741 24 21 af
420 742 177 21 Statsutskottet
625 742 94 21 beredas
738 742 41 21 och
804 741 26 21 de
855 741 141 29 synpunkter

243 777 183 21 undertecknade
443 778 59 21 inom
518 777 117 22 Utskottet
651 777 33 21 till
701 777 49 21 stöd
762 777 33 21 för
806 777 75 21 denna
893 777 102 29 uppfatt-

242 813 55 27 ning
311 812 124 22 framhållit
450 813 49 22 icke
514 813 76 21 blifvit
605 813 120 27 beaktade,
742 820 24 14 se
783 813 21 21 vi
821 820 36 14 oss
868 812 128 22 föranlåtna

242 849 34 21 att
294 849 46 21 mot
355 848 42 22 fler
412 849 67 21 talets
499 849 3 21 i
518 848 117 22 Utskottet
650 849 75 21 beslut
741 849 6 21 i
764 848 75 22 denna
855 848 36 22 del
906 848 90 28 inlägga

242 885 42 20 vår
308 885 145 27 reservation,
474 885 69 28 jämte
563 884 38 22 det
620 885 22 21 vi
663 884 92 22 anhålla
775 885 35 21 att
825 884 41 22 här
882 884 73 22 nedau
972 884 24 22 få

242 920 106 27 redogöra
363 920 34 22 för
413 922 41 20 vår
471 920 144 29 uppfattning
630 921 7 20 i
654 920 77 22 saken.

314 956 223 22 Ekonomiutskottet
552 957 41 21 har
604 956 38 22 vid
654 956 166 28 landtdagarna
831 956 109 27 handlagt
951 956 45 22 alla

242 992 75 27 frågor
341 992 94 22 rörande
458 992 287 28 bränvinslagstiftningen,
770 992 41 21 och
830 992 29 21 då
876 992 118 21 bränvins-

242 1027 104 22 skattens
370 1028 79 28 belopp
472 1030 109 27 upptages
601 1028 7 21 i
627 1028 185 27 förordningarna
827 1034 35 15 om
879 1028 115 21 bränvins-

241 1062 181 28 tillverkningen,
448 1064 40 21 har
512 1064 37 21 det
566 1064 59 21 varit
641 1064 70 27 sagda
728 1063 94 26 utskott,
840 1070 49 14 som
905 1062 90 28 afgifvit

241 1098 106 29 yttrande
364 1106 36 14 om
417 1099 74 22 denna
507 1099 68 22 skatt.
595 1099 43 21 Vid
654 1099 27 22 de
695 1099 140 27 landtdagar,
848 1099 40 20 där
899 1098 95 21 särskild

240 1133 70 28 nådig
332 1135 135 28 proposition
491 1135 106 27 förelagts
621 1135 117 26 angående
758 1135 96 21 allenast
876 1134 118 21 bränvins-

241 1169 208 29 skattebevillning,
473 1171 41 21 har
537 1171 30 28 på
585 1170 72 28 grund
673 1171 24 21 af
713 1170 102 29 antydda
831 1169 55 22 häfd
902 1170 93 21 ärendet

241 1205 77 21 städse
349 1205 140 29 hänskjutits
520 1206 33 21 till
584 1206 228 21 Ekonomiutskottet.
844 1205 88 27 Frågan
959 1212 35 14 om

240 1241 217 22 bränvinsskattens
474 1241 150 22 användande
641 1242 41 21 och
697 1241 125 28 fördelning
836 1241 41 22 har
888 1241 37 22 vid
938 1241 54 21 1891

241 1277 37 20 års
287 1276 108 28 landtdag
404 1279 75 20 såsom
493 1277 106 22 särskildt
610 1277 121 28 lagförslag
742 1277 107 26 förelagts
861 1276 132 27 Ständerna,

241 1319 51 14 men
309 1313 115 28 upptagits
441 1313 37 21 vid
494 1313 45 22 alla
555 1313 72 27 öfriga
643 1313 134 27 landtdagar
793 1313 31 21 uti
842 1319 88 15 samma
944 1319 50 21 pro-

241 1348 95 28 position
353 1355 48 14 som
416 1349 75 22 berört
506 1348 344 27 bränvinsskattebevillningen.
874 1347 120 22 Ekonomi-

240 1383 114 22 utskottet
377 1384 41 21 har
442 1384 37 22 vid
499 1385 66 27 ingen
582 1384 109 28 landtdag
707 1384 61 21 ända
783 1384 34 22 till
833 1383 64 22 detta
912 1383 82 22 urtima

240 1419 152 22 ständermöte
409 1421 58 26 tagit
482 1422 73 25 nägon
572 1420 127 27 befattning
716 1419 50 22 med
782 1419 80 28 frägan
878 1426 36 15 om
925 1419 68 21 brän-

240 1455 157 22 vinsskattens
415 1456 151 22 användande
583 1456 40 21 och
640 1455 131 27 fördelning,
790 1457 54 20 utan
862 1455 40 22 har
918 1454 75 23 Stats-
