1098 1750
836 138 27 19 79

110 202 37 21 Då
162 202 58 21 slika
239 202 91 22 skrifter
345 202 119 26 inlemnas,
481 202 86 28 åligger
583 202 39 21 det
639 202 78 21 därför
733 202 45 21 den
794 203 69 20 emot-

110 238 99 28 tagande
225 237 183 29 tjänstemannen
423 240 33 19 att
467 241 80 25 genast
557 238 183 28 tillkännagifva,
751 237 113 22 huruvida

110 275 76 27 någon
205 274 57 21 brist
277 274 8 20 i
300 274 153 28 stämplingen
471 274 132 25 förefinnes,
620 274 43 21 och
678 274 90 28 tillsäga
785 273 77 21 inlem-

110 317 71 13 naren
197 312 33 19 att
247 309 102 22 anskaffa
365 310 97 28 stämpel
477 310 35 21 till
528 310 39 21 det
582 310 91 28 belopp,
690 316 48 15 som
749 309 113 21 tilläfven-

110 348 49 25 tyrs
174 345 89 27 brister,
279 346 86 21 hvilket
380 346 74 20 denne
466 346 57 21 skall
534 346 67 21 ställa
612 346 35 28 sig
657 345 35 21 till
704 344 158 24 efterrättelse,

110 381 52 21 med
178 383 46 19 rätt
240 384 39 23 att,
295 381 49 21 ifall
359 382 45 21 han
421 388 66 15 anser
503 382 45 21 den
563 381 138 22 föreskrifna
717 381 145 27 karteringen

110 424 56 14 vara
185 417 90 28 oriktig,
297 417 106 21 däröfver
422 417 69 29 klaga
506 419 30 27 på
552 420 45 19 sätt
612 418 8 20 i
637 420 28 18 33
681 416 14 29 8
711 416 151 22 omförmäles.

181 453 70 21 Detta
275 454 126 27 stadgande
426 460 53 22 eger
500 452 20 30 ej
545 454 146 28 tillämpning
714 455 13 19 å
748 455 69 26 prest,
834 452 29 21 då

110 488 217 30 äktenskapsförord
343 489 36 21 för
395 490 83 21 honom
494 492 91 26 upptes.

181 524 143 29 Ansökning,
348 532 55 18 som,
427 525 8 21 i
458 526 52 20 stöd
529 525 26 21 af
568 525 62 21 hvad
645 524 194 29 författningarna
854 523 8 21 i

109 560 62 22 vissa
193 560 41 22 fall
258 560 79 27 tillåta,
359 561 73 21 under
453 561 88 28 omslag
560 561 115 26 insändes,
696 561 41 21 bör
757 560 7 22 i
784 560 78 28 vanlig

109 597 99 28 ordning
222 597 129 28 föreläggas
362 597 172 22 vederbörande
546 597 99 22 domstol
655 597 54 21 eller
719 597 142 28 myndighet,

108 633 101 26 hvilken,
229 632 8 22 i
255 633 108 22 händelse
379 633 173 22 föreskrifterna
569 640 36 15 om
621 633 178 28 handlingarnas
816 632 44 21 för-

109 669 83 21 seende
213 669 52 21 med
285 669 97 28 stämpel
402 669 78 22 blifvit
495 669 7 21 i
518 671 71 26 något
605 669 108 22 afseende
729 669 131 24 åsidosatta,

108 704 95 29 pröfvar
218 705 61 21 hvad
296 705 107 21 afseende
420 707 12 19 å
449 705 157 28 ansökningen
622 705 72 21 fästas
710 706 37 20 må
762 705 43 21 och
820 705 40 20 hu-

108 740 82 22 ruvida
207 741 131 21 densamma
353 741 8 20 i
377 741 70 28 öfrigt
462 743 38 19 må
510 741 119 21 föranleda
640 741 34 21 till
685 743 76 26 någon
772 740 87 28 åtgärd.

456 821 26 18 16
498 818 20 28 8.

181 872 48 21 Har
251 872 158 21 hufvudskrift
432 872 54 21 eller
509 872 76 29 bilaga
606 872 77 22 blifvit
702 872 39 21 vid
762 871 97 22 domstol

109 907 54 22 eller
179 907 143 22 embetsverk
337 910 56 19 utan
409 907 152 29 anmärkning
577 910 137 26 emottagen,
728 907 54 22 eller
793 914 66 21 expe-

109 943 79 26 dition,
205 951 49 14 som
270 946 24 19 är
304 944 125 28 behörigen
439 944 184 25 underskrifven,
635 943 101 22 därifrån
746 942 113 29 utgifvits,

108 981 38 19 må
165 979 36 22 för
221 979 115 22 bristande
357 979 53 22 eller
429 979 95 26 felaktig
539 980 125 29 stämpling
679 981 75 26 någon
770 978 90 29 påföljd

109 1014 20 29 ej
151 1015 87 22 drabba
259 1015 43 22 den
322 1015 109 26 enskilde,
448 1023 49 14 som
513 1016 110 21 inlemnat
639 1015 54 22 eller
708 1015 70 22 utfått
794 1014 66 22 skrif-

108 1053 47 23 ten,
178 1051 55 21 eller
253 1051 85 22 sådana
357 1051 92 22 skrifter
470 1052 42 21 och
528 1052 137 27 handlingar
681 1051 77 22 därför
773 1051 87 21 lemnas

108 1089 56 19 utan
181 1087 114 26 afseende,
311 1090 55 19 utan
381 1095 54 14 vare
447 1088 81 21 endast
538 1087 173 22 vederbörande
721 1086 139 29 tjänsteman

108 1122 37 21 för
168 1122 124 22 förseelsen
312 1123 107 22 förfallen
440 1123 34 22 till
491 1131 82 14 ansvar
589 1125 30 27 på
635 1125 44 20 sätt
695 1123 111 21 nedanför
822 1122 38 22 be-

108 1160 114 20 stämmes.

457 1220 24 20 17
499 1218 20 28 8.

180 1278 37 21 Då
237 1279 109 27 sakegare
366 1279 83 21 tillåtes
470 1281 33 19 att
521 1279 40 21 vid
581 1278 98 22 domstol
695 1278 53 21 eller
764 1278 96 22 embets-

108 1314 64 26 verk,
190 1314 8 21 i
217 1314 76 22 stället
312 1314 36 22 för
363 1314 165 24 hufvudskrift,
545 1314 73 22 förete
635 1314 118 22 bevittnad
769 1313 92 22 afskrift

110 1349 25 21 af
157 1350 138 26 densamma,
319 1350 41 22 bör
383 1350 73 22 tillika
477 1350 98 28 styrkas,
596 1352 33 19 att
652 1350 42 21 och
717 1350 34 21 till
773 1350 89 21 hvilket

109 1385 84 29 belopp
216 1386 187 21 hufvudskriften
428 1389 24 18 är
474 1386 94 21 försedd
592 1386 52 21 med
665 1386 96 28 stämpel
782 1385 78 21 äfven-

108 1428 49 14 som
177 1423 34 19 att
229 1422 113 28 stämpeln
361 1422 78 21 blifvit
464 1422 123 28 behörigen
611 1422 139 21 makulerad.
782 1420 79 23 Skulle

109 1456 63 22 detta
191 1457 124 21 uraktlåtas
332 1457 54 21 eller
401 1459 77 26 någon
495 1457 158 22 försummelse
669 1457 123 21 förefinnas
808 1456 52 22 med

108 1492 89 28 hänsyn
221 1493 34 21 till
278 1492 199 22 hufvudskriftens
502 1493 109 28 behöriga
630 1492 129 29 stämpling,
775 1494 38 20 må
828 1492 33 22 af-
