1103 1756
244 155 14 20 6
440 154 84 23 Ständ.
541 154 39 23 Sv.
597 168 25 3 —
640 155 74 28 Prop.
731 156 40 21 N:o
787 155 21 21 5.

248 226 110 27 250,000
382 226 66 22 mark
470 234 35 14 om
524 226 57 22 året.
617 226 11 22 I
646 226 109 22 medeltal
773 226 36 22 för
827 226 55 22 åren
903 226 101 22 1902—

251 260 65 22 1904
335 260 71 22 hafva
424 260 66 22 dessa
510 260 126 22 kostnader
647 261 100 29 uppgått
760 260 37 22 till
810 260 108 28 215,600
931 260 72 28 mark,

247 294 97 22 hvarför
367 294 133 23 Ständerna
518 295 79 21 funnit
615 295 51 22 skäl
685 298 35 19 att
739 295 74 22 sänka
831 294 44 22 den
894 295 36 22 för
947 296 56 21 åren

251 329 65 22 1906
344 329 43 22 och
417 330 63 21 1907
509 329 151 29 kalkylerade
687 329 130 23 kostnaden
839 329 37 22 till
895 330 108 27 225,000

248 363 68 22 mark
334 371 41 21 per
393 364 31 28 år,
443 364 57 22 eller
523 364 154 22 tillsammans
700 364 111 27 450,000
838 364 72 22 mark.
946 364 58 21 Där-

249 400 63 20 emot
335 398 71 22 hafva
431 398 131 23 Ständerna
583 398 104 30 godkänt
705 398 112 30 förslaget
834 398 8 22 i
855 398 44 22 den
917 398 87 29 nådiga

249 433 176 29 propositionen
444 436 35 19 att
497 433 178 22 kommunernas
697 432 67 23 andel
777 433 8 21 i
797 433 207 22 bränvinsskatten

248 467 78 21 anslås
349 467 37 21 till
410 468 108 28 400,000
542 468 65 22 mark
626 468 35 22 för
679 467 123 23 hvartdera
822 468 23 22 af
863 468 55 21 åren
941 467 62 22 1906

250 501 44 22 och
324 502 71 27 1907,
420 502 56 22 eller
496 502 154 22 tillsammans
669 502 37 22 till
725 502 109 28 800,000
853 502 72 22 mark.
960 501 44 22 Om

250 536 68 22 dessa
341 536 84 30 belopp
450 536 108 29 afdragas
582 537 52 22 från
657 536 39 22 det
714 536 69 22 ofvan
802 535 150 31 kalkylerade
970 536 35 22 in-

250 570 187 30 komstbeloppet
458 571 147 28 12,805,000
624 572 71 26 mark,
714 571 99 22 återstår
825 574 36 19 att
879 571 35 22 för
932 570 73 23 andra

249 605 72 22 behof
339 604 123 30 disponera
482 606 149 28 11,555,000
650 606 73 22 mark.

319 640 151 22 Beträffande
498 640 166 22 användandet
688 640 23 22 af
738 640 205 22 bränvinsskatten
968 640 39 22 må

248 674 135 22 framhållas
402 677 42 25 att,
456 674 114 22 alltsedan
584 674 299 23 kommunikationsfonden
899 674 107 22 bildades

248 716 85 21 genom
352 708 166 30 förordningen
540 710 23 21 af
581 709 44 22 den
640 710 13 21 2
667 710 99 21 oktober
784 709 71 28 1873,
874 709 131 21 inkomsten

250 742 24 22 af
302 743 212 28 bränvinsskatten,
542 744 59 21 efter
628 744 83 29 afdrag
739 744 23 22 af
789 744 161 28 ersättningen
968 743 38 22 till

250 777 143 22 statsverket
411 778 35 22 för
464 778 357 30 bränvinsbränningsarrendet,
840 778 166 22 kontrollkost-

250 811 105 23 naderna
381 817 60 17 samt
465 812 40 22 det
528 813 37 21 till
585 812 132 30 fördelning
735 812 85 22 mellan
839 812 168 22 kommunerna

249 846 124 22 bestämda
392 846 114 30 beloppet,
525 847 196 29 tillgodokommit
743 846 264 23 kommunikationsfon-

250 880 54 22 den.
339 880 47 22 Det
403 881 74 22 finnes
496 882 25 21 så
539 882 93 28 mycket
650 882 89 22 mindre
757 882 52 21 skäl
827 884 36 19 att
879 888 31 15 nu
922 881 86 29 frångå

249 915 47 21 den
324 915 99 29 tidigare
447 916 74 28 följda
545 916 120 29 principen
687 924 37 14 om
743 916 263 22 kommunikationsfon-

250 949 58 22 dens
335 950 162 22 förstärkande
522 958 84 22 genom
632 950 53 23 hela
711 950 166 29 behållningen
896 950 24 22 af
939 950 68 22 brän-

250 984 149 22 vinsskatten
417 992 48 14 som
484 985 300 22 kommunikationsfonden
797 992 32 15 nu
842 992 48 14 mer
902 988 30 18 än
944 984 64 22 förut

250 1022 27 18 är
295 1018 8 21 i
324 1018 68 22 behof
417 1019 24 21 af
465 1019 165 29 förstärkning,
650 1020 29 21 då
697 1020 76 28 enligt
791 1018 133 23 Ständerna
941 1018 64 22 med-

250 1052 83 22 delade
351 1053 158 29 beräkningar
527 1053 312 23 kommunikationsfondens
858 1053 89 29 budget
964 1060 43 15 un-

249 1087 42 21 der
310 1088 159 21 innevarande
488 1088 157 29 finansperiod
663 1088 102 22 kommer
783 1090 36 20 att
836 1090 72 27 uppte
926 1095 29 14 en
967 1087 39 22 be-

250 1121 105 28 tydande
373 1121 66 22 brist.

319 1156 34 21 På
376 1157 77 28 grund
477 1157 24 22 af
524 1156 41 23 det
583 1157 98 22 anförda
698 1157 24 22 få
741 1156 132 23 Ständerna
891 1155 116 23 underdå-

248 1190 66 28 nigst
333 1190 98 29 anmäla,

524 1257 32 20 att
581 1254 122 23 Ständerna
723 1255 36 28 för
775 1255 36 21 sin
829 1255 34 21 del
879 1255 84 27 antagit
980 1261 27 14 en

456 1289 25 21 så
502 1290 91 27 lydande
