1098 1748
441 124 41 21 N:o
498 125 12 20 3
801 124 26 21 51

448 193 26 21 16
490 195 18 25 8.

169 232 47 21 Har
239 232 154 22 hufvudskrift
419 233 55 21 eller
495 233 78 28 bilaga
596 233 78 21 blifvit
697 233 38 21 vid
759 233 96 21 domstol

101 267 54 21 eller
170 267 142 21 embetsverk
327 270 54 18 utan
398 267 152 28 anmärkning
567 270 136 25 emottagen,
721 268 54 21 eller
791 275 66 20 expe-

100 301 79 28 dition,
196 308 47 14 som
260 304 24 18 är
298 301 125 28 behörigen
438 301 180 28 underskrifven,
631 301 98 22 därifrån
743 301 113 28 utgiivits,

101 336 37 20 mä
159 335 35 22 för
216 335 115 22 bristande
350 336 55 21 eller
422 335 98 29 felaktig
536 336 125 27 stämpling
677 337 76 26 någon
770 335 87 28 påföljd

101 369 19 28 ej
138 369 84 22 drabba
246 370 43 21 den
312 370 108 27 enskilde,
442 377 47 14 som
509 370 111 21 inlemnat
635 371 55 20 eller
705 369 72 22 utfått
792 369 65 22 skrif-

100 409 46 22 ten,
169 404 55 21 eller
247 404 82 21 sådana
353 403 92 22 skrifter
466 404 41 21 och
527 404 137 29 handlingar
680 404 75 21 därför
771 405 86 20 lemnas

100 440 55 19 utan
172 438 110 28 afseende,
298 441 55 18 utan
368 445 54 14 vare
438 439 80 21 endast
532 439 170 21 vederbörande
720 438 137 29 tjensteman

100 472 36 21 för
158 472 122 22 förseelsen
300 472 103 22 förfallen
428 473 34 21 till
484 481 81 13 ansvar
584 473 27 28 på
633 475 45 19 sätt
694 472 111 22 nedanför
819 473 38 21 be-

102 509 112 20 stämmes.

453 584 27 20 17
496 586 18 25 8.

170 624 35 20 Då
228 624 107 28 sakegare
358 624 86 22 tillåtes
464 626 33 19 att
516 624 40 21 vid
577 624 98 22 domstol
691 624 55 21 eller
761 624 98 21 embets-

101 658 61 27 verk,
179 658 5 20 i
202 658 76 21 stället
301 658 35 22 för
354 658 162 22 hufvudskrift,
537 658 72 22 förete
628 658 120 22 bevittnad
768 658 91 22 afskrift

101 692 23 21 af
146 692 136 28 densamma,
306 693 41 21 bör
369 693 75 21 tillika
468 694 97 28 styrkas,
589 696 34 18 att
647 693 42 21 och
712 693 35 21 till
770 693 90 21 hvilket

101 726 83 29 belopp
202 727 185 21 hufvudskriften
408 730 24 18 är
450 727 91 22 försedd
562 728 51 21 med
629 728 97 27 stämpel
742 727 116 22 äfvensom

101 763 35 19 att
154 762 111 26 stämpeln
290 762 74 21 blifvit
384 762 123 28 behörigen
528 762 139 21 makulerad.
697 762 79 21 Skulle
797 762 62 21 detta

101 795 125 21 uraktlåtas
250 796 54 21 eller
324 797 76 27 någon
424 796 156 22 försummelse
599 796 122 22 förefinnas
737 796 50 21 med
804 796 55 21 hän-

101 836 43 22 syn
162 830 33 20 till
216 830 196 22 hufvudskriftens
437 831 109 27 behöriga
565 831 131 28 stämpling,
717 832 36 20 mä
769 830 90 22 afskrif-

100 866 39 19 ten
162 864 70 22 förses
253 865 49 21 med
322 865 38 21 det
376 866 189 27 stämpelbelopp,
582 873 47 14 som
646 866 11 20 å
674 865 184 22 hufvudskriften

102 899 86 21 brister.

169 934 71 28 Intyg
262 935 8 20 i
293 935 145 21 omförmäldt
464 935 105 21 afseende
594 935 40 21 bör
659 935 59 21 helst
743 935 116 21 meddelas

101 968 5 20 i
124 968 50 21 stad
198 969 22 20 af
238 969 134 21 ordförande
392 969 6 21 i
414 970 150 28 magistraten
583 970 55 20 eller
657 969 80 21 därvid
760 969 98 21 anställd

100 1002 136 28 tjensteman
264 1004 41 20 och
328 1004 27 27 på
378 1004 78 20 landet
475 1004 23 21 af
518 1004 97 27 domare,
637 1004 142 28 presterskap
804 1004 55 20 eller

100 1037 168 29 kronobetjent;
292 1038 108 21 skolande
423 1038 70 21 andra
508 1038 59 28 gode
584 1041 59 25 män,
660 1046 48 13 som
723 1038 81 21 sådant
821 1038 38 21 be-

100 1072 84 28 styrka,
200 1072 69 28 jomte
286 1076 91 18 namnet
392 1075 86 19 utsätta
495 1073 32 21 sin
545 1073 130 28 befattning
688 1073 53 21 eller
753 1073 40 21 sitt
804 1073 56 28 yrke

101 1106 43 22 och
158 1106 104 22 hemvist.

447 1189 27 20 18
490 1190 18 25 8.

170 1228 41 21 Om
236 1228 124 28 stämpling
384 1228 22 21 af
429 1228 84 21 sådana
538 1231 77 25 öppna
639 1228 50 21 bref
711 1229 12 20 å
747 1228 111 26 embeten,

100 1262 146 28 värdigheter
262 1262 42 21 och
320 1262 85 28 afsked,
422 1270 48 14 som
486 1262 24 22 af
524 1263 65 21 Hans
608 1262 128 28 Kejserliga
752 1262 106 28 Majestät

101 1296 156 28 egenhändigt
279 1296 171 28 undertecknas,
469 1296 101 28 besörjer
589 1296 42 21 den
648 1296 146 27 embetsman,
812 1304 47 13 som

100 1330 125 28 föredragit
248 1330 94 22 ärendet
357 1331 7 21 i
380 1330 106 22 Senaten.
516 1331 53 21 Men
591 1330 36 22 för
649 1331 124 27 stämpling
795 1330 22 22 af
833 1330 27 21 de

101 1364 163 29 expeditioner,
281 1372 49 14 som
345 1364 102 22 utfärdas
459 1366 110 27 antingen
582 1364 25 22 af
616 1365 98 21 Senaten
725 1366 54 20 eller
790 1364 72 22 andra

100 1398 150 29 embetsverk,
267 1406 63 14 svare
347 1399 43 21 den
405 1399 146 29 tjensteman,
562 1407 49 14 som
625 1399 185 28 kontrasignerat
823 1407 37 14 ex-

100 1433 138 28 peditionen,
262 1434 60 27 eller,
347 1434 40 21 där
409 1434 200 29 kontrasignation
632 1434 19 28 ej
672 1436 39 26 egt
730 1441 56 21 rum,
811 1441 48 14 som

101 1467 101 22 utfärdat
220 1468 136 21 densamma.
