<?xml version="1.0" encoding="UTF-8"?>
<alto xmlns="http://www.loc.gov/standards/alto/ns-v3#" xmlns:xlink="http://www.w3.org/1999/xlink" xmlns:xsi="http://www.w3.org/2001/XMLSchema-instance" xsi:schemaLocation="http://www.loc.gov/standards/alto/ns-v3# http://www.loc.gov/alto/v3/alto-3-0.xsd">
	<Description>
		<MeasurementUnit>pixel</MeasurementUnit>
		<sourceImageInformation>
			<fileName>/tmp/tess_w0m10z3a_input.PNG</fileName>
		</sourceImageInformation>
		<OCRProcessing ID="OCR_0">
			<ocrProcessingStep>
				<processingSoftware>
					<softwareName>tesseract 5.3.4</softwareName>
				</processingSoftware>
			</ocrProcessingStep>
		</OCRProcessing>
	</Description>
	<Layout>
		<Page WIDTH="1100" HEIGHT="1692" PHYSICAL_IMG_NR="0" ID="page_0">
			<PrintSpace HPOS="0" VPOS="0" WIDTH="1100" HEIGHT="1692">
				<ComposedBlock ID="cblock_0" HPOS="243" VPOS="116" WIDTH="519" HEIGHT="27">
					<TextBlock ID="block_0" HPOS="243" VPOS="116" WIDTH="519" HEIGHT="27">
						<TextLine ID="line_0" HPOS="243" VPOS="116" WIDTH="519" HEIGHT="27">
							<String ID="string_0" HPOS="243" VPOS="117" WIDTH="14" HEIGHT="19" WC="0.96" CONTENT="6"/><SP WIDTH="217" VPOS="117" HPOS="257"/>
							<String ID="string_1" HPOS="474" VPOS="116" WIDTH="25" HEIGHT="21" WC="0.93" CONTENT="U."/><SP WIDTH="16" VPOS="116" HPOS="499"/>
							<String ID="string_2" HPOS="515" VPOS="116" WIDTH="26" HEIGHT="21" WC="0.91" CONTENT="B."/><SP WIDTH="15" VPOS="116" HPOS="541"/>
							<String ID="string_3" HPOS="556" VPOS="128" WIDTH="29" HEIGHT="3" WC="0.92" CONTENT="—"/><SP WIDTH="16" VPOS="128" HPOS="585"/>
							<String ID="string_4" HPOS="601" VPOS="116" WIDTH="67" HEIGHT="27" WC="0.96" CONTENT="Prop."/><SP WIDTH="16" VPOS="116" HPOS="668"/>
							<String ID="string_5" HPOS="684" VPOS="117" WIDTH="40" HEIGHT="21" WC="0.96" CONTENT="N:o"/><SP WIDTH="17" VPOS="117" HPOS="724"/>
							<String ID="string_6" HPOS="741" VPOS="117" WIDTH="21" HEIGHT="21" WC="0.96" CONTENT="4."/>
						</TextLine>
					</TextBlock>
				</ComposedBlock>
				<ComposedBlock ID="cblock_1" HPOS="242" VPOS="180" WIDTH="754" HEIGHT="419">
					<TextBlock ID="block_1" HPOS="242" VPOS="180" WIDTH="754" HEIGHT="419">
						<TextLine ID="line_1" HPOS="315" VPOS="180" WIDTH="680" HEIGHT="30">
							<String ID="string_7" HPOS="315" VPOS="181" WIDTH="12" HEIGHT="21" WC="0.96" CONTENT="I"/><SP WIDTH="16" VPOS="181" HPOS="327"/>
							<String ID="string_8" HPOS="343" VPOS="180" WIDTH="102" HEIGHT="29" WC="0.95" CONTENT="enlighet"/><SP WIDTH="15" VPOS="180" HPOS="445"/>
							<String ID="string_9" HPOS="460" VPOS="181" WIDTH="53" HEIGHT="21" WC="0.95" CONTENT="med"/><SP WIDTH="16" VPOS="181" HPOS="513"/>
							<String ID="string_10" HPOS="529" VPOS="181" WIDTH="46" HEIGHT="21" WC="0.93" CONTENT="den"/><SP WIDTH="16" VPOS="181" HPOS="575"/>
							<String ID="string_11" HPOS="591" VPOS="181" WIDTH="174" HEIGHT="29" WC="0.96" CONTENT="grundprincip,"/><SP WIDTH="19" VPOS="181" HPOS="765"/>
							<String ID="string_12" HPOS="784" VPOS="188" WIDTH="48" HEIGHT="14" WC="0.93" CONTENT="som"/><SP WIDTH="15" VPOS="188" HPOS="832"/>
							<String ID="string_13" HPOS="847" VPOS="181" WIDTH="71" HEIGHT="21" WC="0.93" CONTENT="ofvan"/><SP WIDTH="9" VPOS="181" HPOS="918"/>
							<String ID="string_14" HPOS="927" VPOS="181" WIDTH="68" HEIGHT="21" WC="0.92" CONTENT="fram-"/>
						</TextLine>
						<TextLine ID="line_2" HPOS="243" VPOS="216" WIDTH="753" HEIGHT="28">
							<String ID="string_15" HPOS="243" VPOS="216" WIDTH="84" HEIGHT="28" WC="0.94" CONTENT="hållits,"/><SP WIDTH="23" VPOS="216" HPOS="327"/>
							<String ID="string_16" HPOS="350" VPOS="217" WIDTH="42" HEIGHT="21" WC="0.93" CONTENT="har"/><SP WIDTH="22" VPOS="217" HPOS="392"/>
							<String ID="string_17" HPOS="414" VPOS="217" WIDTH="126" HEIGHT="26" WC="0.96" CONTENT="Utskottet,"/><SP WIDTH="26" VPOS="217" HPOS="540"/>
							<String ID="string_18" HPOS="566" VPOS="224" WIDTH="49" HEIGHT="15" WC="0.96" CONTENT="som"/><SP WIDTH="16" VPOS="224" HPOS="615"/>
							<String ID="string_19" HPOS="631" VPOS="217" WIDTH="8" HEIGHT="21" WC="0.93" CONTENT="i"/><SP WIDTH="19" VPOS="217" HPOS="639"/>
							<String ID="string_20" HPOS="658" VPOS="218" WIDTH="83" HEIGHT="21" WC="0.96" CONTENT="sakens"/><SP WIDTH="24" VPOS="218" HPOS="741"/>
							<String ID="string_21" HPOS="765" VPOS="216" WIDTH="144" HEIGHT="22" WC="0.92" CONTENT="närvarande"/><SP WIDTH="17" VPOS="216" HPOS="909"/>
							<String ID="string_22" HPOS="926" VPOS="217" WIDTH="70" HEIGHT="22" WC="0.96" CONTENT="skede"/>
						</TextLine>
						<TextLine ID="line_3" HPOS="243" VPOS="252" WIDTH="753" HEIGHT="30">
							<String ID="string_23" HPOS="243" VPOS="252" WIDTH="51" HEIGHT="22" WC="0.96" CONTENT="icke"/><SP WIDTH="27" VPOS="252" HPOS="294"/>
							<String ID="string_24" HPOS="321" VPOS="256" WIDTH="60" HEIGHT="18" WC="0.90" CONTENT="ännu"/><SP WIDTH="26" VPOS="256" HPOS="381"/>
							<String ID="string_25" HPOS="407" VPOS="253" WIDTH="50" HEIGHT="21" WC="0.96" CONTENT="haft"/><SP WIDTH="26" VPOS="253" HPOS="457"/>
							<String ID="string_26" HPOS="483" VPOS="253" WIDTH="126" HEIGHT="29" WC="0.95" CONTENT="anledning"/><SP WIDTH="22" VPOS="253" HPOS="609"/>
							<String ID="string_27" HPOS="631" VPOS="256" WIDTH="33" HEIGHT="19" WC="0.93" CONTENT="att"/><SP WIDTH="19" VPOS="256" HPOS="664"/>
							<String ID="string_28" HPOS="683" VPOS="253" WIDTH="128" HEIGHT="22" WC="0.96" CONTENT="framställa"/><SP WIDTH="20" VPOS="253" HPOS="811"/>
							<String ID="string_29" HPOS="831" VPOS="255" WIDTH="72" HEIGHT="26" WC="0.96" CONTENT="några"/><SP WIDTH="22" VPOS="255" HPOS="903"/>
							<String ID="string_30" HPOS="925" VPOS="253" WIDTH="71" HEIGHT="21" WC="0.96" CONTENT="andra"/>
						</TextLine>
						<TextLine ID="line_4" HPOS="244" VPOS="289" WIDTH="752" HEIGHT="28">
							<String ID="string_31" HPOS="244" VPOS="289" WIDTH="199" HEIGHT="28" WC="0.90" CONTENT="ändringsförslag"/><SP WIDTH="16" VPOS="289" HPOS="443"/>
							<String ID="string_32" HPOS="459" VPOS="289" WIDTH="43" HEIGHT="22" WC="0.96" CONTENT="och"/><SP WIDTH="17" VPOS="289" HPOS="502"/>
							<String ID="string_33" HPOS="519" VPOS="289" WIDTH="66" HEIGHT="22" WC="0.95" CONTENT="alltså"/><SP WIDTH="16" VPOS="289" HPOS="585"/>
							<String ID="string_34" HPOS="601" VPOS="290" WIDTH="71" HEIGHT="21" WC="0.96" CONTENT="äfven"/><SP WIDTH="15" VPOS="290" HPOS="672"/>
							<String ID="string_35" HPOS="687" VPOS="289" WIDTH="120" HEIGHT="22" WC="0.96" CONTENT="bibehållit"/><SP WIDTH="11" VPOS="289" HPOS="807"/>
							<String ID="string_36" HPOS="818" VPOS="289" WIDTH="178" HEIGHT="22" WC="0.95" CONTENT="skattesatserna"/>
						</TextLine>
						<TextLine ID="line_5" HPOS="243" VPOS="325" WIDTH="752" HEIGHT="28">
							<String ID="string_37" HPOS="243" VPOS="325" WIDTH="42" HEIGHT="21" WC="0.95" CONTENT="vid"/><SP WIDTH="23" VPOS="325" HPOS="285"/>
							<String ID="string_38" HPOS="308" VPOS="325" WIDTH="66" HEIGHT="22" WC="0.95" CONTENT="deras"/><SP WIDTH="23" VPOS="325" HPOS="374"/>
							<String ID="string_39" HPOS="397" VPOS="325" WIDTH="62" HEIGHT="22" WC="0.95" CONTENT="förut"/><SP WIDTH="24" VPOS="325" HPOS="459"/>
							<String ID="string_40" HPOS="483" VPOS="325" WIDTH="133" HEIGHT="28" WC="0.96" CONTENT="föreslagna"/><SP WIDTH="20" VPOS="325" HPOS="616"/>
							<String ID="string_41" HPOS="636" VPOS="326" WIDTH="92" HEIGHT="26" WC="0.96" CONTENT="storlek,"/><SP WIDTH="17" VPOS="326" HPOS="728"/>
							<String ID="string_42" HPOS="745" VPOS="325" WIDTH="173" HEIGHT="22" WC="0.96" CONTENT="omformulerat"/><SP WIDTH="16" VPOS="325" HPOS="918"/>
							<String ID="string_43" HPOS="934" VPOS="325" WIDTH="61" HEIGHT="22" WC="0.96" CONTENT="det"/><SP WIDTH="-12" VPOS="325" HPOS="995"/>
							<String ID="string_44" HPOS="983" VPOS="321" WIDTH="15" HEIGHT="36" WC="0.96" CONTENT="i"/>
						</TextLine>
						<TextLine ID="line_6" HPOS="242" VPOS="361" WIDTH="753" HEIGHT="29">
							<String ID="string_45" HPOS="242" VPOS="361" WIDTH="131" HEIGHT="22" WC="0.96" CONTENT="Utskottets"/><SP WIDTH="24" VPOS="361" HPOS="373"/>
							<String ID="string_46" HPOS="397" VPOS="361" WIDTH="97" HEIGHT="29" WC="0.95" CONTENT="tidigare"/><SP WIDTH="23" VPOS="361" HPOS="494"/>
							<String ID="string_47" HPOS="517" VPOS="361" WIDTH="147" HEIGHT="22" WC="0.96" CONTENT="betänkande"/><SP WIDTH="23" VPOS="361" HPOS="664"/>
							<String ID="string_48" HPOS="687" VPOS="361" WIDTH="116" HEIGHT="29" WC="0.95" CONTENT="ingående"/><SP WIDTH="24" VPOS="361" HPOS="803"/>
							<String ID="string_49" HPOS="827" VPOS="361" WIDTH="112" HEIGHT="28" WC="0.96" CONTENT="förslaget"/><SP WIDTH="22" VPOS="361" HPOS="939"/>
							<String ID="string_50" HPOS="961" VPOS="361" WIDTH="34" HEIGHT="21" WC="0.94" CONTENT="till"/>
						</TextLine>
						<TextLine ID="line_7" HPOS="243" VPOS="397" WIDTH="752" HEIGHT="28">
							<String ID="string_51" HPOS="243" VPOS="397" WIDTH="138" HEIGHT="28" WC="0.95" CONTENT="förordning"/><SP WIDTH="23" VPOS="397" HPOS="381"/>
							<String ID="string_52" HPOS="404" VPOS="397" WIDTH="83" HEIGHT="22" WC="0.93" CONTENT="endast"/><SP WIDTH="24" VPOS="397" HPOS="487"/>
							<String ID="string_53" HPOS="511" VPOS="397" WIDTH="77" HEIGHT="22" WC="0.92" CONTENT="såvidt"/><SP WIDTH="15" VPOS="397" HPOS="588"/>
							<String ID="string_54" HPOS="603" VPOS="397" WIDTH="40" HEIGHT="22" WC="0.97" CONTENT="det"/><SP WIDTH="15" VPOS="397" HPOS="643"/>
							<String ID="string_55" HPOS="658" VPOS="398" WIDTH="84" HEIGHT="21" WC="0.96" CONTENT="hänför"/><SP WIDTH="16" VPOS="398" HPOS="742"/>
							<String ID="string_56" HPOS="758" VPOS="397" WIDTH="37" HEIGHT="28" WC="0.95" CONTENT="sig"/><SP WIDTH="15" VPOS="397" HPOS="795"/>
							<String ID="string_57" HPOS="810" VPOS="397" WIDTH="34" HEIGHT="21" WC="0.96" CONTENT="till"/><SP WIDTH="15" VPOS="397" HPOS="844"/>
							<String ID="string_58" HPOS="859" VPOS="397" WIDTH="84" HEIGHT="28" WC="0.96" CONTENT="frågan"/><SP WIDTH="15" VPOS="397" HPOS="943"/>
							<String ID="string_59" HPOS="958" VPOS="404" WIDTH="37" HEIGHT="15" WC="0.96" CONTENT="om"/>
						</TextLine>
						<TextLine ID="line_8" HPOS="244" VPOS="433" WIDTH="751" HEIGHT="29">
							<String ID="string_60" HPOS="244" VPOS="433" WIDTH="159" HEIGHT="29" WC="0.92" CONTENT="svagdrickats"/><SP WIDTH="24" VPOS="433" HPOS="403"/>
							<String ID="string_61" HPOS="427" VPOS="433" WIDTH="151" HEIGHT="22" WC="0.95" CONTENT="skattefrihet."/><SP WIDTH="33" VPOS="433" HPOS="578"/>
							<String ID="string_62" HPOS="611" VPOS="433" WIDTH="48" HEIGHT="22" WC="0.96" CONTENT="Och"/><SP WIDTH="24" VPOS="433" HPOS="659"/>
							<String ID="string_63" HPOS="683" VPOS="434" WIDTH="29" HEIGHT="21" WC="0.96" CONTENT="då"/><SP WIDTH="16" VPOS="434" HPOS="712"/>
							<String ID="string_64" HPOS="728" VPOS="434" WIDTH="29" HEIGHT="21" WC="0.96" CONTENT="de"/><SP WIDTH="16" VPOS="434" HPOS="757"/>
							<String ID="string_65" HPOS="773" VPOS="433" WIDTH="24" HEIGHT="22" WC="0.96" CONTENT="af"/><SP WIDTH="16" VPOS="433" HPOS="797"/>
							<String ID="string_66" HPOS="813" VPOS="433" WIDTH="118" HEIGHT="22" WC="0.92" CONTENT="Utskottet"/><SP WIDTH="15" VPOS="433" HPOS="931"/>
							<String ID="string_67" HPOS="946" VPOS="433" WIDTH="49" HEIGHT="22" WC="0.91" CONTENT="vid-"/>
						</TextLine>
						<TextLine ID="line_9" HPOS="243" VPOS="469" WIDTH="750" HEIGHT="30">
							<String ID="string_68" HPOS="243" VPOS="471" WIDTH="71" HEIGHT="26" WC="0.96" CONTENT="tagna"/><SP WIDTH="10" VPOS="471" HPOS="314"/>
							<String ID="string_69" HPOS="324" VPOS="469" WIDTH="193" HEIGHT="29" WC="0.93" CONTENT="förändringarna"/><SP WIDTH="8" VPOS="469" HPOS="517"/>
							<String ID="string_70" HPOS="525" VPOS="470" WIDTH="113" HEIGHT="28" WC="0.92" CONTENT="klarligen"/><SP WIDTH="8" VPOS="470" HPOS="638"/>
							<String ID="string_71" HPOS="646" VPOS="470" WIDTH="101" HEIGHT="29" WC="0.92" CONTENT="härflyta"/><SP WIDTH="9" VPOS="470" HPOS="747"/>
							<String ID="string_72" HPOS="756" VPOS="470" WIDTH="24" HEIGHT="21" WC="0.96" CONTENT="af"/><SP WIDTH="8" VPOS="470" HPOS="780"/>
							<String ID="string_73" HPOS="788" VPOS="469" WIDTH="101" HEIGHT="22" WC="0.96" CONTENT="nämnda"/><SP WIDTH="8" VPOS="469" HPOS="889"/>
							<String ID="string_74" HPOS="897" VPOS="469" WIDTH="96" HEIGHT="28" WC="0.95" CONTENT="princip,"/>
						</TextLine>
						<TextLine ID="line_10" HPOS="243" VPOS="505" WIDTH="751" HEIGHT="29">
							<String ID="string_75" HPOS="243" VPOS="505" WIDTH="42" HEIGHT="21" WC="0.96" CONTENT="har"/><SP WIDTH="19" VPOS="505" HPOS="285"/>
							<String ID="string_76" HPOS="304" VPOS="505" WIDTH="117" HEIGHT="22" WC="0.96" CONTENT="Utskottet"/><SP WIDTH="15" VPOS="505" HPOS="421"/>
							<String ID="string_77" HPOS="436" VPOS="505" WIDTH="50" HEIGHT="22" WC="0.96" CONTENT="icke"/><SP WIDTH="21" VPOS="505" HPOS="486"/>
							<String ID="string_78" HPOS="507" VPOS="508" WIDTH="76" HEIGHT="19" WC="0.96" CONTENT="ansett"/><SP WIDTH="16" VPOS="508" HPOS="583"/>
							<String ID="string_79" HPOS="599" VPOS="506" WIDTH="36" HEIGHT="28" WC="0.92" CONTENT="sig"/><SP WIDTH="15" VPOS="506" HPOS="635"/>
							<String ID="string_80" HPOS="650" VPOS="506" WIDTH="101" HEIGHT="21" WC="0.92" CONTENT="behöfva"/><SP WIDTH="15" VPOS="506" HPOS="751"/>
							<String ID="string_81" HPOS="766" VPOS="506" WIDTH="43" HEIGHT="21" WC="0.96" CONTENT="här"/><SP WIDTH="14" VPOS="506" HPOS="809"/>
							<String ID="string_82" HPOS="823" VPOS="505" WIDTH="128" HEIGHT="22" WC="0.96" CONTENT="framställa"/><SP WIDTH="15" VPOS="505" HPOS="951"/>
							<String ID="string_83" HPOS="966" VPOS="512" WIDTH="28" HEIGHT="14" WC="0.96" CONTENT="en"/>
						</TextLine>
						<TextLine ID="line_11" HPOS="244" VPOS="541" WIDTH="749" HEIGHT="30">
							<String ID="string_84" HPOS="244" VPOS="549" WIDTH="49" HEIGHT="14" WC="0.95" CONTENT="mer"/><SP WIDTH="15" VPOS="549" HPOS="293"/>
							<String ID="string_85" HPOS="308" VPOS="541" WIDTH="95" HEIGHT="29" WC="0.95" CONTENT="utförlig"/><SP WIDTH="15" VPOS="541" HPOS="403"/>
							<String ID="string_86" HPOS="418" VPOS="541" WIDTH="139" HEIGHT="29" WC="0.96" CONTENT="motivering"/><SP WIDTH="12" VPOS="541" HPOS="557"/>
							<String ID="string_87" HPOS="569" VPOS="542" WIDTH="42" HEIGHT="21" WC="0.96" CONTENT="och"/><SP WIDTH="11" VPOS="542" HPOS="611"/>
							<String ID="string_88" HPOS="622" VPOS="542" WIDTH="125" HEIGHT="29" WC="0.96" CONTENT="utredning"/><SP WIDTH="10" VPOS="542" HPOS="747"/>
							<String ID="string_89" HPOS="757" VPOS="542" WIDTH="8" HEIGHT="21" WC="0.96" CONTENT="i"/><SP WIDTH="12" VPOS="542" HPOS="765"/>
							<String ID="string_90" HPOS="777" VPOS="542" WIDTH="64" HEIGHT="21" WC="0.96" CONTENT="detta"/><SP WIDTH="14" VPOS="542" HPOS="841"/>
							<String ID="string_91" HPOS="855" VPOS="541" WIDTH="138" HEIGHT="25" WC="0.96" CONTENT="hänseende,"/>
						</TextLine>
						<TextLine ID="line_12" HPOS="244" VPOS="577" WIDTH="377" HEIGHT="22">
							<String ID="string_92" HPOS="244" VPOS="579" WIDTH="56" HEIGHT="20" WC="0.96" CONTENT="utan"/><SP WIDTH="15" VPOS="579" HPOS="300"/>
							<String ID="string_93" HPOS="315" VPOS="577" WIDTH="36" HEIGHT="22" WC="0.93" CONTENT="får"/><SP WIDTH="15" VPOS="577" HPOS="351"/>
							<String ID="string_94" HPOS="366" VPOS="578" WIDTH="119" HEIGHT="21" WC="0.92" CONTENT="vördsamt"/><SP WIDTH="14" VPOS="578" HPOS="485"/>
							<String ID="string_95" HPOS="499" VPOS="578" WIDTH="122" HEIGHT="21" WC="0.91" CONTENT="hemställa"/>
						</TextLine>
					</TextBlock>
				</ComposedBlock>
				<ComposedBlock ID="cblock_2" HPOS="387" VPOS="654" WIDTH="608" HEIGHT="131">
					<TextBlock ID="block_2" HPOS="387" VPOS="654" WIDTH="608" HEIGHT="131">
						<TextLine ID="line_13" HPOS="458" VPOS="654" WIDTH="536" HEIGHT="29">
							<String ID="string_96" HPOS="458" VPOS="657" WIDTH="33" HEIGHT="20" WC="0.92" CONTENT="att"/><SP WIDTH="25" VPOS="657" HPOS="491"/>
							<String ID="string_97" HPOS="516" VPOS="655" WIDTH="137" HEIGHT="28" WC="0.88" CONTENT="Ständerna,"/><SP WIDTH="27" VPOS="655" HPOS="653"/>
							<String ID="string_98" HPOS="680" VPOS="657" WIDTH="73" HEIGHT="21" WC="0.95" CONTENT="under"/><SP WIDTH="26" VPOS="657" HPOS="753"/>
							<String ID="string_99" HPOS="779" VPOS="654" WIDTH="166" HEIGHT="29" WC="0.95" CONTENT="förutsättning"/><SP WIDTH="18" VPOS="654" HPOS="945"/>
							<String ID="string_100" HPOS="963" VPOS="656" WIDTH="31" HEIGHT="21" WC="0.95" CONTENT="att"/>
						</TextLine>
						<TextLine ID="line_14" HPOS="387" VPOS="691" WIDTH="607" HEIGHT="30">
							<String ID="string_101" HPOS="387" VPOS="691" WIDTH="176" HEIGHT="29" WC="0.90" CONTENT="ifrågavarande"/><SP WIDTH="27" VPOS="691" HPOS="563"/>
							<String ID="string_102" HPOS="590" VPOS="692" WIDTH="120" HEIGHT="29" WC="0.87" CONTENT="bevillning"/><SP WIDTH="24" VPOS="692" HPOS="710"/>
							<String ID="string_103" HPOS="734" VPOS="692" WIDTH="75" HEIGHT="27" WC="0.94" CONTENT="finnes"/><SP WIDTH="16" VPOS="692" HPOS="809"/>
							<String ID="string_104" HPOS="825" VPOS="691" WIDTH="64" HEIGHT="28" WC="0.95" CONTENT="nödig"/><SP WIDTH="16" VPOS="691" HPOS="889"/>
							<String ID="string_105" HPOS="905" VPOS="691" WIDTH="34" HEIGHT="22" WC="0.93" CONTENT="till"/><SP WIDTH="14" VPOS="691" HPOS="939"/>
							<String ID="string_106" HPOS="953" VPOS="691" WIDTH="41" HEIGHT="28" WC="0.92" CONTENT="fyl-"/>
						</TextLine>
						<TextLine ID="line_15" HPOS="387" VPOS="727" WIDTH="608" HEIGHT="28">
							<String ID="string_107" HPOS="387" VPOS="728" WIDTH="66" HEIGHT="21" WC="0.96" CONTENT="lande"/><SP WIDTH="16" VPOS="728" HPOS="453"/>
							<String ID="string_108" HPOS="469" VPOS="727" WIDTH="28" HEIGHT="28" WC="0.96" CONTENT="af"/><SP WIDTH="13" VPOS="727" HPOS="497"/>
							<String ID="string_109" HPOS="510" VPOS="728" WIDTH="87" HEIGHT="22" WC="0.93" CONTENT="landets"/><SP WIDTH="23" VPOS="728" HPOS="597"/>
							<String ID="string_110" HPOS="620" VPOS="728" WIDTH="68" HEIGHT="27" WC="0.90" CONTENT="behof,"/><SP WIDTH="20" VPOS="728" HPOS="688"/>
							<String ID="string_111" HPOS="708" VPOS="727" WIDTH="69" HEIGHT="23" WC="0.96" CONTENT="måtte"/><SP WIDTH="17" VPOS="727" HPOS="777"/>
							<String ID="string_112" HPOS="794" VPOS="729" WIDTH="85" HEIGHT="26" WC="0.96" CONTENT="antaga"/><SP WIDTH="16" VPOS="729" HPOS="879"/>
							<String ID="string_113" HPOS="895" VPOS="734" WIDTH="28" HEIGHT="15" WC="0.93" CONTENT="en"/><SP WIDTH="16" VPOS="734" HPOS="923"/>
							<String ID="string_114" HPOS="939" VPOS="727" WIDTH="56" HEIGHT="28" WC="0.92" CONTENT="såly-"/>
						</TextLine>
						<TextLine ID="line_16" HPOS="387" VPOS="764" WIDTH="74" HEIGHT="21">
							<String ID="string_115" HPOS="387" VPOS="764" WIDTH="74" HEIGHT="21" WC="0.95" CONTENT="dande"/>
						</TextLine>
					</TextBlock>
				</ComposedBlock>
				<ComposedBlock ID="cblock_3" HPOS="331" VPOS="865" WIDTH="577" HEIGHT="66">
					<TextBlock ID="block_3" HPOS="331" VPOS="865" WIDTH="577" HEIGHT="66">
						<TextLine ID="line_17" HPOS="331" VPOS="865" WIDTH="577" HEIGHT="30">
							<String ID="string_116" HPOS="331" VPOS="866" WIDTH="136" HEIGHT="29" WC="0.95" CONTENT="Förordning"/><SP WIDTH="16" VPOS="866" HPOS="467"/>
							<String ID="string_117" HPOS="483" VPOS="872" WIDTH="34" HEIGHT="17" WC="0.92" CONTENT="om"/><SP WIDTH="18" VPOS="872" HPOS="517"/>
							<String ID="string_118" HPOS="535" VPOS="866" WIDTH="116" HEIGHT="28" WC="0.92" CONTENT="bevillning"/><SP WIDTH="17" VPOS="866" HPOS="651"/>
							<String ID="string_119" HPOS="668" VPOS="866" WIDTH="37" HEIGHT="24" WC="0.96" CONTENT="för"/><SP WIDTH="16" VPOS="866" HPOS="705"/>
							<String ID="string_120" HPOS="721" VPOS="866" WIDTH="142" HEIGHT="28" WC="0.96" CONTENT="tillverkning"/><SP WIDTH="17" VPOS="866" HPOS="863"/>
							<String ID="string_121" HPOS="880" VPOS="865" WIDTH="28" HEIGHT="23" WC="0.95" CONTENT="af"/>
						</TextLine>
						<TextLine ID="line_18" HPOS="540" VPOS="902" WIDTH="156" HEIGHT="29">
							<String ID="string_122" HPOS="540" VPOS="902" WIDTH="156" HEIGHT="29" WC="0.92" CONTENT="maltdrycker."/>
						</TextLine>
					</TextBlock>
				</ComposedBlock>
				<ComposedBlock ID="cblock_4" HPOS="241" VPOS="974" WIDTH="757" HEIGHT="502">
					<TextBlock ID="block_4" HPOS="594" VPOS="974" WIDTH="50" HEIGHT="29">
						<TextLine ID="line_19" HPOS="594" VPOS="974" WIDTH="50" HEIGHT="29">
							<String ID="string_123" HPOS="594" VPOS="974" WIDTH="13" HEIGHT="29" WC="0.88" CONTENT="8"/><SP WIDTH="19" VPOS="974" HPOS="607"/>
							<String ID="string_124" HPOS="626" VPOS="977" WIDTH="18" HEIGHT="19" WC="0.88" CONTENT="1."/>
						</TextLine>
					</TextBlock>
					<TextBlock ID="block_5" HPOS="242" VPOS="1014" WIDTH="753" HEIGHT="174">
						<TextLine ID="line_20" HPOS="315" VPOS="1014" WIDTH="679" HEIGHT="30">
							<String ID="string_125" HPOS="315" VPOS="1015" WIDTH="47" HEIGHT="21" WC="0.92" CONTENT="För"/><SP WIDTH="16" VPOS="1015" HPOS="362"/>
							<String ID="string_126" HPOS="378" VPOS="1016" WIDTH="129" HEIGHT="28" WC="0.91" CONTENT="maltdryck,"/><SP WIDTH="22" VPOS="1016" HPOS="507"/>
							<String ID="string_127" HPOS="529" VPOS="1023" WIDTH="46" HEIGHT="14" WC="0.93" CONTENT="som"/><SP WIDTH="16" VPOS="1023" HPOS="575"/>
							<String ID="string_128" HPOS="591" VPOS="1015" WIDTH="126" HEIGHT="23" WC="0.95" CONTENT="innehåller"/><SP WIDTH="15" VPOS="1015" HPOS="717"/>
							<String ID="string_129" HPOS="732" VPOS="1022" WIDTH="63" HEIGHT="15" WC="0.96" CONTENT="mera"/><SP WIDTH="17" VPOS="1022" HPOS="795"/>
							<String ID="string_130" HPOS="812" VPOS="1018" WIDTH="31" HEIGHT="19" WC="0.93" CONTENT="än"/><SP WIDTH="16" VPOS="1018" HPOS="843"/>
							<String ID="string_131" HPOS="859" VPOS="1014" WIDTH="38" HEIGHT="22" WC="0.96" CONTENT="två"/><SP WIDTH="16" VPOS="1014" HPOS="897"/>
							<String ID="string_132" HPOS="913" VPOS="1015" WIDTH="38" HEIGHT="21" WC="0.95" CONTENT="och"/><SP WIDTH="16" VPOS="1015" HPOS="951"/>
							<String ID="string_133" HPOS="967" VPOS="1022" WIDTH="27" HEIGHT="14" WC="0.97" CONTENT="en"/>
						</TextLine>
						<TextLine ID="line_21" HPOS="243" VPOS="1050" WIDTH="751" HEIGHT="29">
							<String ID="string_134" HPOS="243" VPOS="1050" WIDTH="53" HEIGHT="28" WC="0.78" CONTENT="half"/><SP WIDTH="23" VPOS="1050" HPOS="296"/>
							<String ID="string_135" HPOS="319" VPOS="1052" WIDTH="162" HEIGHT="27" WC="0.95" CONTENT="volymprocent"/><SP WIDTH="24" VPOS="1052" HPOS="481"/>
							<String ID="string_136" HPOS="505" VPOS="1052" WIDTH="85" HEIGHT="21" WC="0.96" CONTENT="alkohol"/><SP WIDTH="24" VPOS="1052" HPOS="590"/>
							<String ID="string_137" HPOS="614" VPOS="1054" WIDTH="57" HEIGHT="20" WC="0.96" CONTENT="samt"/><SP WIDTH="16" VPOS="1054" HPOS="671"/>
							<String ID="string_138" HPOS="687" VPOS="1054" WIDTH="27" HEIGHT="19" WC="0.93" CONTENT="är"/><SP WIDTH="18" VPOS="1054" HPOS="714"/>
							<String ID="string_139" HPOS="732" VPOS="1051" WIDTH="98" HEIGHT="28" WC="0.51" CONTENT="inbrygä"/><SP WIDTH="16" VPOS="1051" HPOS="830"/>
							<String ID="string_140" HPOS="846" VPOS="1051" WIDTH="33" HEIGHT="21" WC="0.96" CONTENT="till"/><SP WIDTH="16" VPOS="1051" HPOS="879"/>
							<String ID="string_141" HPOS="895" VPOS="1058" WIDTH="28" HEIGHT="14" WC="0.93" CONTENT="en"/><SP WIDTH="16" VPOS="1058" HPOS="923"/>
							<String ID="string_142" HPOS="939" VPOS="1052" WIDTH="55" HEIGHT="20" WC="0.64" CONTENT="vört-"/>
						</TextLine>
						<TextLine ID="line_22" HPOS="242" VPOS="1086" WIDTH="753" HEIGHT="30">
							<String ID="string_143" HPOS="242" VPOS="1087" WIDTH="78" HEIGHT="27" WC="0.92" CONTENT="styrka"/><SP WIDTH="11" VPOS="1087" HPOS="320"/>
							<String ID="string_144" HPOS="331" VPOS="1086" WIDTH="28" HEIGHT="28" WC="0.96" CONTENT="af"/><SP WIDTH="6" VPOS="1086" HPOS="359"/>
							<String ID="string_145" HPOS="365" VPOS="1087" WIDTH="69" HEIGHT="22" WC="0.96" CONTENT="minst"/><SP WIDTH="7" VPOS="1087" HPOS="434"/>
							<String ID="string_146" HPOS="441" VPOS="1087" WIDTH="36" HEIGHT="29" WC="0.95" CONTENT="sju"/><SP WIDTH="6" VPOS="1087" HPOS="477"/>
							<String ID="string_147" HPOS="483" VPOS="1089" WIDTH="98" HEIGHT="25" WC="0.95" CONTENT="procent,"/><SP WIDTH="10" VPOS="1089" HPOS="581"/>
							<String ID="string_148" HPOS="591" VPOS="1088" WIDTH="57" HEIGHT="22" WC="0.93" CONTENT="skall"/><SP WIDTH="8" VPOS="1088" HPOS="648"/>
							<String ID="string_149" HPOS="656" VPOS="1088" WIDTH="145" HEIGHT="21" WC="0.90" CONTENT="tillverkaren"/><SP WIDTH="8" VPOS="1088" HPOS="801"/>
							<String ID="string_150" HPOS="809" VPOS="1086" WIDTH="7" HEIGHT="22" WC="0.93" CONTENT="i"/><SP WIDTH="7" VPOS="1086" HPOS="816"/>
							<String ID="string_151" HPOS="823" VPOS="1086" WIDTH="129" HEIGHT="29" WC="0.91" CONTENT="bevillning"/><SP WIDTH="10" VPOS="1086" HPOS="952"/>
							<String ID="string_152" HPOS="962" VPOS="1094" WIDTH="33" HEIGHT="14" WC="0.93" CONTENT="er-"/>
						</TextLine>
						<TextLine ID="line_23" HPOS="242" VPOS="1122" WIDTH="752" HEIGHT="29">
							<String ID="string_153" HPOS="242" VPOS="1122" WIDTH="70" HEIGHT="28" WC="0.96" CONTENT="lägga"/><SP WIDTH="15" VPOS="1122" HPOS="312"/>
							<String ID="string_154" HPOS="327" VPOS="1130" WIDTH="28" HEIGHT="14" WC="0.96" CONTENT="en"/><SP WIDTH="15" VPOS="1130" HPOS="355"/>
							<String ID="string_155" HPOS="370" VPOS="1123" WIDTH="64" HEIGHT="21" WC="0.91" CONTENT="mark"/><SP WIDTH="15" VPOS="1123" HPOS="434"/>
							<String ID="string_156" HPOS="449" VPOS="1123" WIDTH="108" HEIGHT="28" WC="0.91" CONTENT="tjugufem"/><SP WIDTH="22" VPOS="1123" HPOS="557"/>
							<String ID="string_157" HPOS="579" VPOS="1124" WIDTH="79" HEIGHT="26" WC="0.96" CONTENT="penni,"/><SP WIDTH="17" VPOS="1124" HPOS="658"/>
							<String ID="string_158" HPOS="675" VPOS="1124" WIDTH="35" HEIGHT="21" WC="0.93" CONTENT="för"/><SP WIDTH="16" VPOS="1124" HPOS="710"/>
							<String ID="string_159" HPOS="726" VPOS="1122" WIDTH="82" HEIGHT="29" WC="0.91" CONTENT="hvarje"/><SP WIDTH="16" VPOS="1122" HPOS="808"/>
							<String ID="string_160" HPOS="824" VPOS="1122" WIDTH="31" HEIGHT="22" WC="0.90" CONTENT="tio"/><SP WIDTH="27" VPOS="1122" HPOS="855"/>
							<String ID="string_161" HPOS="882" VPOS="1122" WIDTH="112" HEIGHT="29" WC="0.90" CONTENT="kilogram"/>
						</TextLine>
						<TextLine ID="line_24" HPOS="242" VPOS="1158" WIDTH="686" HEIGHT="30">
							<String ID="string_162" HPOS="242" VPOS="1158" WIDTH="63" HEIGHT="26" WC="0.94" CONTENT="malt,"/><SP WIDTH="17" VPOS="1158" HPOS="305"/>
							<String ID="string_163" HPOS="322" VPOS="1166" WIDTH="49" HEIGHT="14" WC="0.96" CONTENT="som"/><SP WIDTH="16" VPOS="1166" HPOS="371"/>
							<String ID="string_164" HPOS="387" VPOS="1158" WIDTH="35" HEIGHT="22" WC="0.93" CONTENT="till"/><SP WIDTH="15" VPOS="1158" HPOS="422"/>
							<String ID="string_165" HPOS="437" VPOS="1158" WIDTH="131" HEIGHT="22" WC="0.92" CONTENT="beredande"/><SP WIDTH="17" VPOS="1158" HPOS="568"/>
							<String ID="string_166" HPOS="585" VPOS="1159" WIDTH="24" HEIGHT="21" WC="0.93" CONTENT="af"/><SP WIDTH="16" VPOS="1159" HPOS="609"/>
							<String ID="string_167" HPOS="625" VPOS="1160" WIDTH="71" HEIGHT="20" WC="0.93" CONTENT="sädan"/><SP WIDTH="16" VPOS="1160" HPOS="696"/>
							<String ID="string_168" HPOS="712" VPOS="1159" WIDTH="74" HEIGHT="29" WC="0.93" CONTENT="dryck"/><SP WIDTH="17" VPOS="1159" HPOS="786"/>
							<String ID="string_169" HPOS="803" VPOS="1158" WIDTH="125" HEIGHT="22" WC="0.92" CONTENT="användes."/>
						</TextLine>
					</TextBlock>
					<TextBlock ID="block_6" HPOS="241" VPOS="1194" WIDTH="757" HEIGHT="282">
						<TextLine ID="line_25" HPOS="314" VPOS="1194" WIDTH="684" HEIGHT="29">
							<String ID="string_170" HPOS="314" VPOS="1194" WIDTH="97" HEIGHT="29" WC="0.91" CONTENT="Uppgär"/><SP WIDTH="23" VPOS="1194" HPOS="411"/>
							<String ID="string_171" HPOS="434" VPOS="1195" WIDTH="184" HEIGHT="28" WC="0.91" CONTENT="förbrukningen"/><SP WIDTH="16" VPOS="1195" HPOS="618"/>
							<String ID="string_172" HPOS="634" VPOS="1195" WIDTH="23" HEIGHT="21" WC="0.96" CONTENT="af"/><SP WIDTH="16" VPOS="1195" HPOS="657"/>
							<String ID="string_173" HPOS="673" VPOS="1195" WIDTH="55" HEIGHT="21" WC="0.96" CONTENT="malt"/><SP WIDTH="25" VPOS="1195" HPOS="728"/>
							<String ID="string_174" HPOS="753" VPOS="1194" WIDTH="38" HEIGHT="28" WC="0.91" CONTENT="för"/><SP WIDTH="20" VPOS="1194" HPOS="791"/>
							<String ID="string_175" HPOS="811" VPOS="1194" WIDTH="144" HEIGHT="28" WC="0.91" CONTENT="tillverkning"/><SP WIDTH="15" VPOS="1194" HPOS="955"/>
							<String ID="string_176" HPOS="970" VPOS="1194" WIDTH="28" HEIGHT="28" WC="0.96" CONTENT="af"/>
						</TextLine>
						<TextLine ID="line_26" HPOS="241" VPOS="1229" WIDTH="753" HEIGHT="30">
							<String ID="string_177" HPOS="241" VPOS="1229" WIDTH="77" HEIGHT="23" WC="0.95" CONTENT="sådan"/><SP WIDTH="20" VPOS="1229" HPOS="318"/>
							<String ID="string_178" HPOS="338" VPOS="1230" WIDTH="71" HEIGHT="28" WC="0.96" CONTENT="dryck"/><SP WIDTH="18" VPOS="1230" HPOS="409"/>
							<String ID="string_179" HPOS="427" VPOS="1230" WIDTH="41" HEIGHT="22" WC="0.96" CONTENT="vid"/><SP WIDTH="25" VPOS="1230" HPOS="468"/>
							<String ID="string_180" HPOS="493" VPOS="1233" WIDTH="33" HEIGHT="19" WC="0.93" CONTENT="ett"/><SP WIDTH="25" VPOS="1233" HPOS="526"/>
							<String ID="string_181" HPOS="551" VPOS="1230" WIDTH="110" HEIGHT="29" WC="0.96" CONTENT="bryggeri"/><SP WIDTH="26" VPOS="1230" HPOS="661"/>
							<String ID="string_182" HPOS="687" VPOS="1231" WIDTH="74" HEIGHT="21" WC="0.93" CONTENT="under"/><SP WIDTH="26" VPOS="1231" HPOS="761"/>
							<String ID="string_183" HPOS="787" VPOS="1232" WIDTH="48" HEIGHT="20" WC="0.87" CONTENT="året"/><SP WIDTH="15" VPOS="1232" HPOS="835"/>
							<String ID="string_184" HPOS="850" VPOS="1230" WIDTH="35" HEIGHT="21" WC="0.96" CONTENT="till"/><SP WIDTH="16" VPOS="1230" HPOS="885"/>
							<String ID="string_185" HPOS="901" VPOS="1238" WIDTH="48" HEIGHT="14" WC="0.96" CONTENT="mer"/><SP WIDTH="17" VPOS="1238" HPOS="949"/>
							<String ID="string_186" HPOS="966" VPOS="1233" WIDTH="28" HEIGHT="19" WC="0.96" CONTENT="än"/>
						</TextLine>
						<TextLine ID="line_27" HPOS="241" VPOS="1266" WIDTH="753" HEIGHT="29">
							<String ID="string_187" HPOS="241" VPOS="1266" WIDTH="150" HEIGHT="22" WC="0.92" CONTENT="femtiotusen"/><SP WIDTH="15" VPOS="1266" HPOS="391"/>
							<String ID="string_188" HPOS="406" VPOS="1266" WIDTH="119" HEIGHT="29" WC="0.92" CONTENT="kilogram,"/><SP WIDTH="17" VPOS="1266" HPOS="525"/>
							<String ID="string_189" HPOS="542" VPOS="1266" WIDTH="115" HEIGHT="29" WC="0.92" CONTENT="uppbäres"/><SP WIDTH="17" VPOS="1266" HPOS="657"/>
							<String ID="string_190" HPOS="674" VPOS="1269" WIDTH="32" HEIGHT="19" WC="0.93" CONTENT="ett"/><SP WIDTH="14" VPOS="1269" HPOS="706"/>
							<String ID="string_191" HPOS="720" VPOS="1266" WIDTH="101" HEIGHT="22" WC="0.92" CONTENT="tillskott"/><SP WIDTH="16" VPOS="1266" HPOS="821"/>
							<String ID="string_192" HPOS="837" VPOS="1266" WIDTH="24" HEIGHT="21" WC="0.97" CONTENT="af"/><SP WIDTH="14" VPOS="1266" HPOS="861"/>
							<String ID="string_193" HPOS="875" VPOS="1266" WIDTH="32" HEIGHT="21" WC="0.96" CONTENT="tio"/><SP WIDTH="16" VPOS="1266" HPOS="907"/>
							<String ID="string_194" HPOS="923" VPOS="1266" WIDTH="71" HEIGHT="28" WC="0.96" CONTENT="penni"/>
						</TextLine>
						<TextLine ID="line_28" HPOS="241" VPOS="1301" WIDTH="752" HEIGHT="30">
							<String ID="string_195" HPOS="241" VPOS="1302" WIDTH="38" HEIGHT="21" WC="0.93" CONTENT="för"/><SP WIDTH="15" VPOS="1302" HPOS="279"/>
							<String ID="string_196" HPOS="294" VPOS="1302" WIDTH="80" HEIGHT="28" WC="0.92" CONTENT="hvarje"/><SP WIDTH="16" VPOS="1302" HPOS="374"/>
							<String ID="string_197" HPOS="390" VPOS="1302" WIDTH="31" HEIGHT="22" WC="0.93" CONTENT="tio"/><SP WIDTH="16" VPOS="1302" HPOS="421"/>
							<String ID="string_198" HPOS="437" VPOS="1302" WIDTH="113" HEIGHT="29" WC="0.92" CONTENT="kilogram"/><SP WIDTH="16" VPOS="1302" HPOS="550"/>
							<String ID="string_199" HPOS="566" VPOS="1303" WIDTH="61" HEIGHT="25" WC="0.96" CONTENT="malt,"/><SP WIDTH="18" VPOS="1303" HPOS="627"/>
							<String ID="string_200" HPOS="645" VPOS="1310" WIDTH="48" HEIGHT="14" WC="0.93" CONTENT="som"/><SP WIDTH="15" VPOS="1310" HPOS="693"/>
							<String ID="string_201" HPOS="708" VPOS="1303" WIDTH="95" HEIGHT="21" WC="0.91" CONTENT="utöfver"/><SP WIDTH="20" VPOS="1303" HPOS="803"/>
							<String ID="string_202" HPOS="823" VPOS="1302" WIDTH="72" HEIGHT="28" WC="0.92" CONTENT="sagda"/><SP WIDTH="14" VPOS="1302" HPOS="895"/>
							<String ID="string_203" HPOS="909" VPOS="1301" WIDTH="84" HEIGHT="29" WC="0.92" CONTENT="belopp"/>
						</TextLine>
						<TextLine ID="line_29" HPOS="242" VPOS="1337" WIDTH="752" HEIGHT="29">
							<String ID="string_204" HPOS="242" VPOS="1338" WIDTH="44" HEIGHT="21" WC="0.94" CONTENT="och"/><SP WIDTH="25" VPOS="1338" HPOS="286"/>
							<String ID="string_205" HPOS="311" VPOS="1337" WIDTH="35" HEIGHT="22" WC="0.94" CONTENT="till"/><SP WIDTH="26" VPOS="1337" HPOS="346"/>
							<String ID="string_206" HPOS="372" VPOS="1338" WIDTH="42" HEIGHT="21" WC="0.96" CONTENT="och"/><SP WIDTH="26" VPOS="1338" HPOS="414"/>
							<String ID="string_207" HPOS="440" VPOS="1338" WIDTH="53" HEIGHT="22" WC="0.93" CONTENT="med"/><SP WIDTH="26" VPOS="1338" HPOS="493"/>
							<String ID="string_208" HPOS="519" VPOS="1338" WIDTH="274" HEIGHT="22" WC="0.91" CONTENT="etthundrafemtiotusen"/><SP WIDTH="25" VPOS="1338" HPOS="793"/>
							<String ID="string_209" HPOS="818" VPOS="1338" WIDTH="113" HEIGHT="28" WC="0.92" CONTENT="kilogram"/><SP WIDTH="22" VPOS="1338" HPOS="931"/>
							<String ID="string_210" HPOS="953" VPOS="1337" WIDTH="41" HEIGHT="22" WC="0.96" CONTENT="vid"/>
						</TextLine>
						<TextLine ID="line_30" HPOS="241" VPOS="1373" WIDTH="752" HEIGHT="29">
							<String ID="string_211" HPOS="241" VPOS="1373" WIDTH="135" HEIGHT="29" WC="0.96" CONTENT="bryggeriet"/><SP WIDTH="9" VPOS="1373" HPOS="376"/>
							<String ID="string_212" HPOS="385" VPOS="1374" WIDTH="117" HEIGHT="22" WC="0.93" CONTENT="användes"/><SP WIDTH="12" VPOS="1374" HPOS="502"/>
							<String ID="string_213" HPOS="514" VPOS="1374" WIDTH="77" HEIGHT="28" WC="0.86" CONTENT="(utsl.),"/><SP WIDTH="12" VPOS="1374" HPOS="591"/>
							<String ID="string_214" HPOS="603" VPOS="1377" WIDTH="60" HEIGHT="19" WC="0.93" CONTENT="samt"/><SP WIDTH="7" VPOS="1377" HPOS="663"/>
							<String ID="string_215" HPOS="670" VPOS="1374" WIDTH="115" HEIGHT="28" WC="0.92" CONTENT="tjugufem"/><SP WIDTH="6" VPOS="1374" HPOS="785"/>
							<String ID="string_216" HPOS="791" VPOS="1373" WIDTH="71" HEIGHT="29" WC="0.96" CONTENT="penni"/><SP WIDTH="8" VPOS="1373" HPOS="862"/>
							<String ID="string_217" HPOS="870" VPOS="1374" WIDTH="36" HEIGHT="21" WC="0.93" CONTENT="för"/><SP WIDTH="8" VPOS="1374" HPOS="906"/>
							<String ID="string_218" HPOS="914" VPOS="1373" WIDTH="79" HEIGHT="29" WC="0.96" CONTENT="hvarje"/>
						</TextLine>
						<TextLine ID="line_31" HPOS="241" VPOS="1409" WIDTH="752" HEIGHT="29">
							<String ID="string_219" HPOS="241" VPOS="1409" WIDTH="33" HEIGHT="22" WC="0.92" CONTENT="tio"/><SP WIDTH="21" VPOS="1409" HPOS="274"/>
							<String ID="string_220" HPOS="295" VPOS="1409" WIDTH="113" HEIGHT="29" WC="0.96" CONTENT="kilogram"/><SP WIDTH="15" VPOS="1409" HPOS="408"/>
							<String ID="string_221" HPOS="423" VPOS="1410" WIDTH="61" HEIGHT="27" WC="0.95" CONTENT="malt,"/><SP WIDTH="28" VPOS="1410" HPOS="484"/>
							<String ID="string_222" HPOS="512" VPOS="1418" WIDTH="47" HEIGHT="14" WC="0.96" CONTENT="som"/><SP WIDTH="27" VPOS="1418" HPOS="559"/>
							<String ID="string_223" HPOS="586" VPOS="1410" WIDTH="73" HEIGHT="22" WC="0.95" CONTENT="under"/><SP WIDTH="23" VPOS="1410" HPOS="659"/>
							<String ID="string_224" HPOS="682" VPOS="1413" WIDTH="51" HEIGHT="19" WC="0.0" CONTENT="ret"/><SP WIDTH="26" VPOS="1413" HPOS="733"/>
							<String ID="string_225" HPOS="759" VPOS="1409" WIDTH="124" HEIGHT="23" WC="0.93" CONTENT="förbrukas"/><SP WIDTH="19" VPOS="1409" HPOS="883"/>
							<String ID="string_226" HPOS="902" VPOS="1410" WIDTH="91" HEIGHT="21" WC="0.92" CONTENT="utöfver"/>
						</TextLine>
						<TextLine ID="line_32" HPOS="242" VPOS="1445" WIDTH="405" HEIGHT="31">
							<String ID="string_227" HPOS="242" VPOS="1445" WIDTH="272" HEIGHT="24" WC="0.91" CONTENT="etthundrafemtiotusen"/><SP WIDTH="15" VPOS="1445" HPOS="514"/>
							<String ID="string_228" HPOS="529" VPOS="1446" WIDTH="118" HEIGHT="30" WC="0.91" CONTENT="kilogram."/>
						</TextLine>
					</TextBlock>
				</ComposedBlock>
			</PrintSpace>
		</Page>
	</Layout>
</alto>
