1098 1750
832 134 27 20 21

108 206 34 14 en
161 206 82 18 annan,
265 206 48 14 som
331 198 72 29 jämte
417 198 88 23 femton
525 198 72 22 andra
613 198 77 21 ärfver
706 205 29 14 en
751 204 111 15 samman-

112 234 56 28 lagd
187 234 178 29 kvarlåtenskap
385 241 37 15 om
440 236 93 23 160,000
550 234 71 26 mark,
638 234 36 21 för
690 233 36 21 sin
743 233 67 21 andel
826 240 37 14 om

114 272 80 24 10,000
210 270 64 22 mark
289 270 88 22 betalar
394 270 58 24 15/10
467 270 34 23 %.

185 307 109 22 Däremot
317 307 42 21 har
379 307 119 21 Utskottet
518 309 74 19 ansett
608 306 36 29 sig
658 306 56 22 böra
730 306 134 28 obetingadt

116 342 90 23 biträda
229 345 32 19 ett
284 345 70 19 annat
376 343 40 21 vid
432 342 92 28 frågans
540 342 146 29 preliminära
702 342 139 28 behandling
856 341 8 21 i

112 379 194 29 Borgareståndet
321 378 125 29 framlagdt
461 378 92 29 förslag,
570 378 88 29 gående
673 380 25 19 ut
713 377 30 30 på
754 377 109 29 beviljan-

109 415 44 21 det
176 415 26 21 af
224 414 165 30 stämpelfrihet
412 414 37 22 för
472 414 88 22 mindre
584 414 134 22 bemedlade
737 413 127 22 dödsbon
849 409 17 39 i

114 453 73 20 större
202 450 159 29 utsträckning
377 454 28 18 än
421 450 59 22 hvad
497 450 81 22 hittills
588 450 60 22 varit
658 450 72 21 fallet.
748 450 116 28 Förslags-

114 486 109 22 ställaren
245 486 41 22 har
309 486 35 22 till
360 486 51 22 stöd
427 486 36 22 för
479 486 40 22 sitt
533 486 103 29 yrkande
652 486 130 26 framhållit,
798 486 67 21 huru-

114 530 51 14 som
187 523 8 21 i
219 525 32 19 ett
274 522 120 22 medellöst
413 522 52 22 hem
481 534 29 4 —
526 522 43 22 och
584 529 49 15 som
650 524 32 19 ett
698 522 81 21 sådant
795 521 70 22 borde

113 558 46 22 den
182 558 71 29 familj
278 566 72 18 anses,
367 559 67 21 hvars
450 558 159 29 förmögenhet
624 558 50 21 icke
691 558 126 28 öfverstege
833 559 33 19 ett

114 595 57 21 eller
187 597 33 19 ett
235 602 42 21 par
292 598 67 18 tusen
374 595 64 21 mark
454 606 30 3 —
499 594 137 22 husfaderns
652 594 54 21 eller
716 594 149 22 husmoderns

113 631 49 21 död
178 631 76 21 städse
275 630 148 22 förorsakade
439 638 29 13 en
484 630 114 29 rubbning
614 630 26 21 af
653 629 114 28 familjens
784 629 82 22 ekono-

114 667 75 21 miska
204 666 165 22 förhållanden.
385 666 46 21 Det
447 673 55 15 vore
512 666 150 25 fördenskull,
678 665 71 29 enligt
759 665 106 28 förslags-

113 702 121 22 ställarens
249 702 100 28 mening,
365 701 90 29 obilligt
471 704 33 19 att
519 705 74 19 staten
609 702 7 21 i
632 702 85 21 sådana
733 701 40 22 fall
788 701 79 28 lägger

114 740 53 19 sten
178 740 30 27 på
218 738 72 21 börda
306 738 41 21 och
365 739 55 20 ökar
435 738 125 28 bekymren
575 745 82 21 genom
669 740 33 19 att
712 737 37 22 för
759 737 45 21 den
815 737 51 21 obe-

115 774 90 28 tydliga
215 774 205 29 kvarlåtenskapen
430 774 134 28 ytterligare
574 773 104 30 uppbära
688 774 67 21 skatt.
778 773 37 21 En
823 772 43 21 för-

116 809 98 29 höjning
222 810 25 21 af
253 809 175 29 ifrågavarande
439 810 225 28 skattefrihetsgräns
672 817 55 14 vore
738 809 35 22 för
781 811 86 19 statens

117 845 100 22 finanser
239 845 50 22 icke
306 845 26 22 af
345 848 47 19 stor
415 845 126 29 betydelse,
557 853 52 14 men
626 845 72 22 skulle
721 845 102 28 aflägsna
839 851 28 14 en

118 881 80 28 obillig
206 881 42 22 och
256 881 36 22 för
301 881 44 21 den
353 881 89 22 mindre
451 881 134 22 bemedlade
594 881 163 28 befolkningen
765 880 103 22 kännbar

118 920 78 25 tunga.

188 952 13 21 I
217 952 44 21 allo
278 952 137 22 anslutande
431 952 36 28 sig
483 952 35 21 till
533 952 69 21 dessa
617 952 144 28 synpunkter
775 951 42 22 har
828 950 41 22 Ut-

118 988 86 21 skottet
222 988 36 21 för
274 988 36 22 sin
327 989 37 20 del
380 991 76 18 ansett
479 988 96 22 rättvisa
598 988 43 21 och
664 987 104 29 billighet
790 987 79 21 fordra

119 1031 29 15 en
163 1023 142 29 utvidgning
316 1024 23 21 af
350 1024 206 29 stämpelfriheten,
569 1024 42 21 och
625 1024 41 21 har
676 1023 130 22 Utskottets
817 1022 52 22 fler-

118 1059 33 22 tal
167 1062 65 19 enats
248 1067 37 14 om
297 1062 32 19 att
340 1060 76 21 denna
426 1060 77 26 frihet,
515 1067 49 14 som
575 1059 81 22 hittills
666 1059 134 28 medgifvits
811 1058 59 21 blott

118 1095 37 22 för
164 1095 38 22 det
211 1095 40 22 fall
263 1098 32 19 att
305 1095 66 22 boets
382 1095 135 29 behållning
525 1096 50 21 icke
583 1098 90 26 uppgår
681 1095 34 22 till
725 1098 64 24 1,000
798 1094 71 26 mark,

117 1131 73 22 borde
201 1131 129 22 utsträckas
341 1131 34 22 till
387 1131 44 22 alla
445 1131 113 26 dödsbon,
575 1131 89 22 hvilkas
675 1131 72 22 värde
757 1130 113 22 understi-

120 1174 41 21 ger
169 1170 66 23 3,000
244 1167 71 26 mark,
325 1167 63 22 detta
396 1167 71 22 likväl
476 1168 74 21 under
558 1167 172 28 förutsättning,
739 1170 33 18 att
781 1166 90 22 arflåta-

119 1210 43 14 ren
178 1203 145 22 efterlemnat
338 1204 67 21 make
421 1203 56 22 eller
493 1204 67 21 maka
574 1203 55 22 eller
640 1203 42 21 ock
692 1202 178 28 bröstarfvinge.

120 1234 114 33 Öfvergår
251 1239 75 22 arfvet
341 1240 104 21 däremot
460 1239 36 21 till
507 1239 129 29 aflägsnare
648 1239 117 28 arfvingar
777 1241 94 25 antager

120 1274 329 30 förmögenhetstillökningen
467 1276 37 21 för
523 1276 54 21 dem
592 1275 136 21 karaktären
745 1275 22 21 af
783 1282 29 14 en
827 1273 44 22 till-

119 1310 67 28 fällig
206 1310 69 27 vinst,
293 1318 49 14 som
359 1311 72 28 enligt
446 1311 130 22 Utskottets
593 1310 60 29 åsigt
668 1310 41 22 bör
720 1310 151 22 underkastas

120 1345 156 29 beskattning.
303 1342 79 26 Äfven
398 1347 41 21 där
455 1347 66 21 boets
535 1346 135 29 behållning
677 1346 50 22 icke
737 1348 90 26 uppgår
838 1345 35 21 till

123 1384 64 24 1,000
199 1382 45 26 mk,
260 1382 64 22 inom
339 1382 95 22 hvilken
451 1386 69 25 gräns
536 1382 81 22 hittills
634 1382 145 22 skattefrihet
794 1381 79 22 obero-

121 1417 60 22 ende
205 1418 23 21 af
251 1418 286 29 skyldskapsförhållande
563 1418 141 28 medgifvits,
723 1418 72 21 skulle
807 1417 67 22 alltså

120 1453 74 28 enligt
212 1453 131 22 Utskottets
359 1454 89 28 förslag
464 1454 167 28 stämpelafgift
650 1454 36 21 för
705 1454 108 28 fjärmare
829 1453 44 21 arf-

121 1488 83 29 vingar
220 1496 44 22 ega
279 1497 58 14 rum.
368 1490 34 21 På
418 1490 98 22 anförda
531 1490 109 28 grunder,
656 1490 43 21 och
714 1489 53 22 med
781 1490 93 28 hänsyn
