1103 1756
243 147 27 21 18
434 147 84 23 Ständ.
535 147 38 23 Sv.
589 161 28 3 —
633 148 72 28 Prop.
724 149 40 22 N:o
780 149 21 21 7.

312 218 11 22 I
346 219 110 29 enlighet
484 219 56 22 med
561 219 105 22 anförda
686 219 171 30 beräkningar
877 221 45 21 och
942 227 56 22 syn-

240 253 111 27 punkter
371 253 77 22 hafva
470 253 142 23 Ständerna
631 254 103 22 beslutit

518 323 37 22 att
583 322 40 22 för
653 322 62 23 åren
747 323 74 22 1906
849 323 46 22 och
927 323 73 23 1907

449 357 69 22 skall
537 357 106 22 anvisas
662 357 45 22 och
727 357 80 22 bland
820 357 177 23 kommunika-

450 391 176 22 tionsfondens
645 392 104 28 utgifter
767 393 142 28 upptagas:

518 426 26 28 a)
564 427 32 21 ett
611 426 92 29 anslag
717 426 29 22 af
752 426 160 26 4,900,000
923 427 74 21 mark

449 461 42 21 till
520 461 275 28 nybyggnadsarbeten
823 461 45 22 vid
896 461 30 22 de
946 461 50 22 fär-

448 495 63 28 diga
531 495 191 28 järnvägarna,
744 497 36 20 att
799 495 61 22 efter
878 495 118 29 Regerin-

448 536 60 22 gens
523 529 126 29 pröfning
667 530 137 22 användas
817 530 10 22 i
840 530 156 22 hufvudsak-

448 564 37 29 lig
504 564 259 23 öfverensstämmelse
782 565 57 22 med
859 565 48 22 den
924 565 10 22 i
947 565 49 22 den

449 598 98 29 nådiga
562 599 195 28 proposilionen
770 599 109 28 intagna
894 599 102 22 förteck-

448 633 95 29 ningen
563 633 70 22 öfver
651 633 91 28 dylika
761 633 118 27 arbeten;

518 667 23 30 b)
561 669 33 21 ett
607 668 92 29 anslag
711 668 32 22 af
751 668 159 26 6,300,000
922 668 73 22 mark

449 702 41 22 till
514 703 95 29 ökning
635 703 31 21 af
679 703 198 28 järnvägarnas
895 702 100 29 rörliga

447 737 128 27 materiel;
595 737 131 22 ätvensom

516 772 21 27 e)
557 773 32 21 ett
605 772 93 28 anslag
711 772 32 22 af
757 772 153 25 6,801,000
921 771 74 23 mark

448 806 41 22 för
522 806 182 22 fullbordande
732 806 31 22 af
787 806 208 22 Elisenvaara-—

447 840 101 28 Nyslott
562 841 123 28 järnväg.

310 908 45 22 Till
383 909 182 29 ofvanangifna
591 909 64 22 brist
679 909 47 22 bör
751 910 68 21 ännu
844 909 90 29 läggas
952 909 43 22 det

240 943 100 28 belopp,
370 950 53 15 som
452 943 142 23 Ständerna
622 944 42 22 vid
688 943 189 29 behandlingen
902 943 26 22 af
946 943 48 22 den

239 977 95 29 nädiga
366 978 188 28 propositionen
584 978 132 29 angäende
746 978 86 22 vidare
862 978 132 28 järnvägs-

239 1011 153 29 byggnader
419 1012 38 22 för
488 1012 143 22 ändamälet
659 1012 113 29 anslagit.
809 1012 87 28 Enligt
920 1012 74 22 dessa

239 1046 84 22 beslut
345 1046 89 29 uppgä
454 1047 121 29 anslagen
594 1047 39 21 för
651 1053 50 22 nya
720 1046 274 29 järnvägsanläggnin-

239 1086 47 22 gar
315 1081 130 22 äfvensom
472 1081 88 29 anslag
588 1081 35 22 till
648 1081 346 29 järnvägsundersökningar

239 1114 38 22 till
296 1115 187 29 sammanlagdt
501 1115 140 27 5,100,000
660 1116 79 26 mark,
759 1116 104 21 hvadan
882 1115 112 29 utgifter-

238 1156 47 14 nas
313 1149 159 23 totalsumma
503 1150 48 22 blir
581 1150 156 26 36,116,720
765 1150 79 22 mark.
881 1149 49 22 För
954 1149 40 23 be-

238 1183 125 23 täckande
393 1184 25 22 af
440 1184 73 22 dessa
533 1184 339 22 kommunikationsfondens
890 1184 104 28 utgifter

239 1218 128 22 erfordras
382 1218 106 22 sälunda
501 1220 34 20 ett
549 1219 104 21 tillskott
667 1218 25 22 af
704 1218 63 22 Fmk
783 1218 162 26 13,374,278:
956 1218 38 22 19.

308 1252 11 22 I
345 1252 49 23 den
413 1253 93 29 nädiga
524 1253 189 28 propositionen
732 1252 113 27 föresläs,
867 1254 35 21 att
922 1252 72 23 Stän-

238 1286 80 23 derna
343 1287 40 22 för
408 1287 126 30 reglering
554 1287 25 22 af
597 1288 127 29 budgeten
744 1287 76 22 mätte
840 1287 153 29 bemyndiga

238 1321 163 29 Regeringen
412 1325 35 19 att
457 1323 80 21 under
546 1322 127 29 perioden,
683 1323 46 20 när
739 1328 125 22 gynnsam
875 1321 119 28 tidpunkt

238 1355 88 22 härför
352 1356 124 26 inträffar,
505 1358 112 27 upptaga
646 1359 34 20 ett
706 1357 51 25 län,
785 1363 53 15 som
857 1356 64 22 dock
940 1356 53 22 icke

237 1389 81 23 borde
347 1391 26 21 af
393 1391 141 22 Ständerna
553 1391 36 22 till
608 1391 92 28 belopp
720 1391 59 22 eller
798 1391 74 21 ränta
890 1390 102 26 fixeras,

239 1427 61 19 utan
329 1425 80 22 skulle
438 1425 89 22 endast
555 1425 238 29 amorteringstiden
813 1425 46 22 och
879 1425 115 28 anslaget

240 1459 35 21 till
296 1460 113 22 annuitet
434 1460 144 25 fastställas,
599 1460 148 28 hvarjämte,
766 1459 81 22 under
865 1459 128 22 förutsätt-
