1100 1753
236 133 28 21 26
449 133 83 23 Ständ.
549 134 38 22 Sv.
603 147 27 2 —
646 133 74 28 Prop.
735 133 45 22 N:o
795 133 22 22 3.

209 283 2 18 ;
231 276 63 22 Pass:
827 275 2 30 |

67 304 117 33 Stämpelaf-
210 303 1 23 |
300 318 51 20 pass
368 310 35 21 för
412 318 50 14 resa
472 314 64 18 utom
547 310 100 22 Finland
710 324 60 2 Ad
800 307 56 18 AA
900 310 46 20 4]
970 322 59 2 ——

59 333 38 22 gift
105 332 31 18 för
142 332 54 18 dom-
210 333 1 16 |
384 346 52 5 MON

59 361 77 22 stolars,
156 367 40 12 em-
321 355 8 8 »
347 341 14 37 —
372 345 36 21 för
423 345 60 22 finsk
498 345 148 28 medborgare

76 390 102 18 betsverks
300 379 36 21 till
368 382 60 19 orter
457 380 63 21 inom
548 379 99 21 Finland

59 420 51 16 samt
115 418 80 23 tjänste-
597 413 51 27 fritt

59 449 55 16 mäns
138 453 58 17 expe-
300 448 176 29 Vistelsebiljett
486 448 33 21 för
525 448 122 28 utlänning
855 460 3 3 J
900 448 11 20 1
971 460 26 2 v

83 476 89 18 ditioner.
302 483 216 28 Tullkammarpass:

210 507 1 15 |
262 519 21 26 a)
299 517 34 22 för
357 517 87 22 utrikes
460 517 88 28 gäende
564 517 83 55 fartyg:

301 551 99 22 däckadt
433 569 3 4 .
469 569 3 3 .
502 569 4 4 .
537 569 4 4 .
756 544 21 36 EN
885 564 31 8 N
986 550 13 21 3

302 587 112 21 odäckadt
433 604 3 3 .
468 604 3 3 .
503 604 3 3 .
747 599 26 2 ==
834 599 26 2 s
987 581 50 25 1

262 621 20 28 0)
298 621 35 22 för
348 621 63 21 inom
426 621 99 21 Finland
538 599 58 54 eller
607 603 40 39 till

302 655 115 29 Ryssland
432 655 88 55 gående
536 655 83 55 fartyg:
915 681 2 5 |

301 689 99 22 däckadt
432 707 4 3 .
468 707 4 3 .
642 706 3 4 .
712 702 60 2 —|—]
800 702 59 3 ——-|
886 696 60 8 ---|
988 689 45 20 1]/—

302 724 136 21 odäekadt
430 720 17 36 .
470 742 2 3 .
504 742 4 3 so
539 741 37 4 soc
608 741 38 3 cc
712 736 61 3 —|—]|
800 736 60 3 ——

211 761 1 3 |
233 758 149 27 Patentbref
376 754 13 37 &
401 759 138 28 uppfinning
574 776 3 3 .
608 775 4 4 .
885 758 29 21 20

211 811 1 3 |
233 793 154 27 Pensionsbref
404 794 12 20 &
432 794 96 27 pension
544 794 54 20 eller
614 794 33 20 är-

211 811 1 41 |
263 828 44 28 ligt
335 827 125 22 understöd
485 828 23 20 af
533 828 130 22 allmänna
650 823 16 37 i

263 862 78 21 medel:

265 897 31 21 1:0
313 897 12 20 &
350 896 112 22 ordinarie
482 896 89 28 pension
594 896 54 21 eller

303 931 96 28 pension
429 931 23 21 ät
478 931 50 27 den,
554 930 94 22 hvilken

303 965 225 28 författningsenligt
558 968 24 18 är
612 965 37 21 till

303 1000 125 28 pensionen
453 999 135 28 berättigad,
609 1002 41 18 när

303 1034 125 28 pensionen
452 1034 136 27 öfverstiger
607 1034 43 21 200

304 1068 63 21 mark
388 1075 37 14 om
441 1069 55 26 året,
513 1068 27 28 1/,
555 1070 95 26 procent

305 1103 25 21 af
343 1102 51 21 dess
409 1102 91 29 belopp.

264 1137 35 21 2:0
315 1137 12 21 &
350 1139 62 20 extra
434 1137 110 21 ordinarie
560 1137 90 28 pension
917 1132 2 5 |
1005 1146 2 17 |

305 1171 55 20 eller
385 1171 70 28 årligt
479 1171 126 21 understöd
628 1171 23 21 ät

213 1225 1 17 |
305 1205 50 27 den,
378 1205 95 21 hvilken
496 1205 50 21 icke
561 1205 90 21 författ-

213 1245 1 30 |
305 1239 143 29 ningsenligt
471 1242 25 18 är
511 1240 35 20 till
561 1239 90 28 pensio-
665 1255 2 14 ;

213 1286 1 13 |

213 1311 1 12 i

305 1282 44 12 nen
365 1274 136 28 berättigad:
665 1273 2 34 |

267 1309 21 26 a)
305 1308 28 21 dä
355 1308 125 28 pensionen
503 1309 53 21 eller
571 1308 81 21 under-

308 1342 76 22 stödet
400 1342 134 28 öfverstiger
548 1342 44 22 200
606 1342 45 28 mk,

214 1396 1 4 |
306 1384 53 14 men
373 1377 51 21 icke
438 1378 91 27 uppgär
542 1377 36 21 till
588 1377 65 27 2,000

214 1414 1 24 |
307 1411 65 21 mark
395 1419 36 13 om
458 1412 52 25 året,
529 1411 15 20 4
558 1414 94 25 procent
1042 1418 1 11 |

214 1465 1 8 |
308 1445 23 21 af
345 1445 52 21 dess
413 1445 89 28 belopp;
