1103 1753
312 146 29 23 U.
357 147 28 21 B.
401 159 26 3 —
443 146 75 29 Prop.
533 147 41 22 N:o
589 147 22 21 6.
821 145 26 23 15

91 216 43 24 och
153 216 43 24 hos
209 216 161 24 innevarande
389 216 100 32 riksdag
507 216 47 24 har
568 216 145 24 hemställan
723 218 76 30 gjorts
809 223 37 17 om

90 250 142 32 ytterligare
250 251 138 31 förhöjning
416 252 25 22 af
460 251 110 31 anslaget
594 251 36 23 för
660 252 27 22 år
713 251 65 23 1907
806 250 41 24 till

93 284 108 31 180,000
220 284 92 25 kronor.
348 285 45 24 För
412 285 139 24 erhållande
570 285 26 24 af
614 285 147 32 statsbidrag
779 284 68 33 gälla

91 319 105 31 följande
214 319 25 24 af
256 320 141 31 regeringen
416 320 129 24 faststälda
562 320 94 23 vilkor:

165 355 48 22 »att
231 353 231 32 understödsbelopp,
480 361 49 16 som
559 354 109 31 utgifvas
695 353 40 24 till
761 353 85 32 hvarje

93 387 91 24 anstalt
209 387 58 24 eller
292 388 116 32 förening,
435 388 84 24 endast
546 388 38 24 får
602 388 50 24 afse
670 388 175 31 föreläsnings-

93 421 86 24 kurser
199 422 35 23 för
252 422 180 25 arbetsklassen
451 423 44 23 och
513 423 52 23 icke
584 423 39 24 får
632 423 132 32 öfverstiga
771 422 74 31 3,000

93 456 94 30 kronor,
206 456 36 24 för
260 458 27 22 är
306 457 119 30 räknadt
414 452 13 39 ;

163 493 35 21 att
216 491 140 24 kommuner
380 491 58 24 eller
462 491 111 24 enskilda
595 491 36 24 för
650 491 153 24 anordnande
821 490 25 24 af

94 525 92 24 sädana
205 525 248 32 föreläsningskurser
471 526 124 31 tillskjuta
605 525 74 24 minst
690 525 53 24 lika
752 525 97 31 mycket

94 567 50 16 som
163 562 93 28 staten;

165 596 35 21 att
219 593 134 25 anstaltens
380 594 201 32 angelägenheter
600 594 87 24 värdas
706 594 25 24 af
749 602 28 16 en
797 596 51 28 sty-

95 628 68 30 relse,
183 636 49 16 som
250 631 99 28 antager
368 628 161 24 föreståndare
548 628 42 24 och
608 628 91 31 lärare;

166 665 35 21 att
219 662 211 32 föreläsningarna
442 663 86 24 ordnas
539 663 159 32 regelbundet,
709 662 62 24 visst
781 662 68 24 antal

95 697 98 23 timmar
212 697 8 23 i
238 697 92 24 veckan
354 698 75 23 under
453 698 45 23 fem
518 698 39 23 till
576 699 50 22 ätta
648 697 113 24 mänader
780 696 43 24 och
841 696 9 23 i

96 731 41 24 väl
157 731 127 31 afpassade
311 731 92 31 kurser,
425 732 58 23 dock
496 734 41 28 att,
549 731 65 24 hvad
628 731 113 24 beträffar
750 730 99 30 anstalt,

97 773 49 16 som
171 765 46 24 har
244 765 37 24 sin
307 765 155 25 värksamhet
480 768 14 22 &
512 766 165 31 landsbygden
697 766 58 23 eller
773 765 50 24 dels
842 765 9 23 i

97 800 51 24 stad
177 800 49 23 dels
246 801 14 22 å
278 800 86 31 landet,
391 801 142 32 regeringen
560 808 56 24 eger
642 803 35 21 att
700 800 151 23 härutinnan

95 836 59 30 göra
171 834 29 24 de
228 835 138 31 eftergifter,
384 842 49 17 som
453 835 235 32 omständigheterna
706 835 84 23 kunna
808 835 43 30 pä-

96 869 81 30 kalla;

167 905 35 22 att
220 903 121 24 anstalten
360 903 105 32 förfogar
483 903 66 24 öfver
567 903 111 32 kunniga
691 903 42 24 och
745 902 107 33 dugliga,

97 937 36 24 för
151 937 79 24 denna
256 937 177 32 undervisning
458 938 118 31 lämpliga
600 937 171 24 lärarekrafter
790 938 63 23 samt

99 971 138 32 tillräcklig
255 972 43 23 och
317 973 118 30 passande
454 972 311 32 undervisningsmateriel
754 967 15 41 ;

168 1009 36 21 att
227 1006 50 24 alla
296 1007 115 31 politiska
429 1007 43 24 och
491 1007 114 31 religiösa
623 1007 86 24 strider
727 1006 59 24 eller
804 1005 49 24 för-

98 1040 148 31 handlingar
271 1040 41 23 vid
335 1041 212 31 föreläsningarna
571 1041 58 23 eller
647 1040 207 31 undervisningen

99 1074 78 24 blifva
195 1074 140 31 förbjudna;
356 1077 62 21 samt

169 1111 35 21 att
222 1109 120 24 anstalten
361 1109 58 24 eller
437 1109 141 32 föreningen
596 1109 65 24 skall
680 1117 61 16 vara
755 1107 100 32 skyldig

100 1145 36 22 att
154 1143 148 24 underkasta
321 1144 38 31 sig
377 1144 27 23 de
423 1143 79 24 vilkor
520 1143 44 24 och
576 1143 138 31 kontroller,
727 1151 49 16 som
790 1143 64 31 pröf-

99 1185 45 16 vas
163 1178 87 31 nödiga
268 1178 43 23 och
329 1178 131 32 lämpliga»

170 1212 100 23 Antalet
294 1212 25 24 af
343 1212 84 31 dylika
451 1212 303 32 föreläsningsföreningar
778 1211 45 24 har
847 1211 9 22 i

101 1245 100 33 Sverige
219 1247 65 23 varit
302 1247 8 22 i
328 1247 196 32 utomordentligt
542 1247 75 24 snabb
636 1247 105 30 tillväxt,
759 1246 43 23 och
821 1245 36 23 för

100 1281 87 30 hvarje
211 1282 26 22 år
261 1281 45 24 har
329 1281 147 24 hemställan
500 1281 75 32 gjorts
594 1289 37 16 om
650 1281 148 29 statsbidrag
817 1279 37 24 till

100 1315 71 31 långt
195 1315 72 31 högre
292 1315 81 32 belopp
397 1318 32 21 än
452 1323 49 16 som
521 1315 95 24 kunnat
634 1315 24 24 af
676 1315 27 24 de
722 1313 137 33 disponibla

102 1349 92 24 medlen
215 1349 108 32 beviljas.
347 1349 86 24 Medan
452 1350 41 23 till
512 1351 26 22 år
553 1350 65 24 1890
631 1350 84 23 endast
730 1349 30 24 13
772 1348 87 31 dylika

103 1383 118 24 anstalter
246 1384 86 23 bildats
352 1384 53 30 (den
425 1384 64 24 älsta
508 1384 129 27 anstalten,
649 1383 150 25 Stockholms
819 1390 38 16 ar-

102 1418 186 27 betareinstitut,
308 1420 27 21 är
353 1418 55 24 från
436 1420 27 22 år
492 1418 83 31 1880),
599 1418 43 32 tog!
660 1418 104 24 rörelsen
783 1416 76 24 under

103 1459 84 17 senare
207 1452 66 24 delen
292 1452 25 24 af
336 1452 138 24 1890-talet
493 1452 35 24 alt
546 1455 75 21 större
640 1452 48 24 fart
701 1452 42 24 och
753 1450 106 25 sträckte

174 1496 141 17 Statsutskottets
328 1496 109 17 betänkande
448 1496 39 17 N:o
500 1497 18 16 5.
