1100 1750
351 128 26 22 U.
393 129 25 21 B.
433 141 29 3 —
478 130 65 26 Prop.
559 130 41 22 N:o
617 131 20 20 3.

389 468 258 28 Bevillningsutskottets
662 469 85 28 förslag
762 470 33 21 till
811 475 57 16 sam-

334 505 165 27 manjämkning
522 505 22 21 af
560 505 28 21 de
603 505 70 22 delvis
689 506 126 27 skiljaktiga
830 506 39 21 be-

334 541 52 24 slut,
405 541 60 21 hvari
487 541 98 21 Stånden
606 543 89 20 stannat
712 541 36 22 vid
772 541 98 22 behand-

334 577 75 27 lingen
432 577 23 21 af
481 577 126 22 Utskottets
630 577 142 22 betänkande
795 583 37 16 n:o
848 578 22 24 3,

333 613 7 20 i
356 613 119 27 anledning
498 614 22 20 af
541 614 60 20 Hans
617 614 123 26 Kejserliga
755 614 115 26 Majestäts

333 648 79 27 nådiga
427 650 140 25 proposition
588 655 37 15 n:o
642 650 13 20 3
672 649 114 27 angående
802 650 68 20 stäm-

332 685 164 27 pelbevillning.

191 810 79 28 Enligt
294 809 117 23 Utskottet
434 810 197 22 tillhandakomna
658 810 212 29 protokollsutdrag

120 846 72 22 hafva
208 845 103 23 Stånden
326 846 40 22 vid
389 846 174 28 behandlingen
585 846 24 22 af
624 846 152 22 förevarande
792 846 78 22 betän-

119 881 76 22 kande
211 884 93 19 stannat
318 881 42 22 vid
375 881 109 29 följande,
501 882 74 22 delvis
592 882 131 28 skiljaktiga
738 882 82 22 beslut.

470 966 14 28 8
500 969 20 19 3.

190 1019 197 28 Borgareständet
409 1020 42 21 har
474 1020 83 22 önskat
580 1020 190 28 omformulering
792 1020 24 21 af
832 1019 39 21 det

119 1055 74 22 under
216 1055 109 22 rubriken
353 1055 144 29 ,Fastebref*
526 1056 115 28 ingående
669 1063 80 14 senare
773 1055 97 29 stycket,

120 1091 54 21 med
190 1091 127 29 anledning
332 1091 66 21 däraf
413 1094 34 18 att
461 1092 113 21 fastebref
595 1092 72 28 enligt
681 1092 39 28 lag
735 1092 50 21 icke
800 1091 71 21 utfär-

121 1127 41 21 das
178 1127 42 21 vid
235 1127 85 28 lagfart
335 1129 13 19 &
363 1127 92 29 parcell.
488 1123 80 33 Öfriga
593 1127 72 22 Ständ
686 1127 71 22 hafva
771 1127 9 21 i
795 1127 77 21 denna

119 1163 38 22 del
173 1163 103 29 godkänt
291 1163 130 22 Utskottets
437 1163 153 22 betänkande.

193 1199 63 21 Enär
272 1199 209 28 Borgareständets
497 1199 135 22 förberörda
647 1199 76 22 beslut
738 1199 50 22 icke
800 1199 72 28 gäller

122 1235 134 28 grunderna
278 1235 36 22 för
337 1238 78 25 någon
437 1235 137 29 bevillning,
598 1238 69 19 sättet
689 1235 36 22 för
746 1235 67 22 deras
828 1235 44 21 till-

118 1271 121 28 lämpning
255 1271 55 22 eller
325 1271 171 28 bevillningens
512 1271 139 28 fördelning,
671 1279 67 14 anser
753 1271 119 22 Utskottet

120 1307 172 21 ständerbeslut
314 1307 113 28 föreligga
450 1308 7 20 i
481 1308 77 21 denna
583 1308 72 27 fräga,
682 1307 92 22 hvadan
790 1307 82 28 ätgärd

119 1342 140 22 härutinnan
276 1342 18 29 ej
312 1342 24 22 af
350 1342 120 22 Utskottet
485 1343 110 28 päkallas.

190 1378 169 28 Föreliggande
386 1381 102 19 moment
503 1378 60 22 hade
579 1378 86 22 saklöst
680 1378 88 22 kunnat
784 1386 27 13 ur
827 1378 45 21 för-

119 1414 227 28 fattningsförslaget
361 1416 62 26 utgå,
448 1417 55 19 enär
520 1414 106 28 gällande
643 1414 145 28 stadganden
804 1415 68 27 angä-

119 1450 59 21 ende
194 1450 86 28 lagfart
296 1450 23 21 af
331 1449 54 29 jord
401 1450 117 22 innehälla
533 1450 90 28 tydliga
633 1450 145 21 föreskrifter
788 1449 8 21 i
806 1449 66 28 fräga

119 1492 38 15 om
180 1486 150 21 utfärdandet
353 1486 24 21 af
400 1486 119 21 fastebref.
551 1486 76 28 Något
649 1485 162 21 missförstånd
832 1484 40 22 vid
