1100 1753
116 333 116 23 Stämpelaf-

110 361 37 24 gift
161 362 32 18 för
205 362 27 18 af-

112 390 117 24 handlingar

102 418 86 19 emellan
206 426 33 12 en-

136 448 68 19 skilda.

342 1025 34 21 4:0

456 123 82 23 Ständ.
554 123 38 23 Sv.
608 136 27 3 —
650 123 74 29 Prop.
739 123 44 23 N:o
799 124 22 22 3.

409 336 109 28 belägges
534 336 126 21 detsamma
674 336 53 20 med
737 336 97 27 stämpel
844 335 47 21 lika

409 370 52 21 med
476 369 158 29 förskrifning.

478 404 83 22 Därest
576 404 7 22 i
598 404 109 22 kontrakt
718 404 118 29 angäende
846 406 46 20 rätt

408 439 36 21 till
455 439 207 28 skogsafverkning
671 439 132 28 vederlaget
813 438 36 22 för
860 438 31 22 af-

408 473 201 29 verkningsrätten
626 473 50 21 icke
691 473 78 21 blifvit
783 473 36 21 till
834 473 57 21 visst

408 508 84 28 belopp
515 508 120 28 bestämdt,
658 507 71 22 förses
751 508 139 28 kontraktet,

408 542 30 21 då
460 542 39 22 det
520 542 37 22 för
578 542 114 22 vinnande
716 542 25 22 af
756 542 134 28 inteckning

408 577 35 21 till
464 577 105 21 säkerhet
590 580 48 18 mot
660 576 107 22 framtida
785 584 67 21 egare
868 576 25 22 af

408 611 139 29 fastigheten
562 612 42 21 hos
620 611 99 23 domstol
733 614 89 26 upptes,
838 611 53 22 med

408 647 98 27 stämpel
530 646 51 22 från
603 646 13 21 2
638 646 37 22 till
697 646 44 22 200
762 646 70 28 mark,
850 646 40 22 allt

408 680 58 22 efter
488 688 48 14 som
555 680 114 28 domaren,
688 680 52 22 med
756 680 106 22 afseende
878 681 12 21 å

408 715 234 28 afverkningsrättens
677 715 141 28 omfattning
848 714 42 22 och

407 749 75 28 värde,
498 749 92 28 pröfvar
606 749 91 29 skäligt.

408 784 118 29 angående
548 785 46 28 köp
610 785 42 21 och
666 785 55 28 byte
737 784 23 22 af
771 784 60 29 jord,
847 784 43 21 hus

407 826 29 14 m.
458 826 34 21 m.
517 819 35 28 då,
575 819 100 22 förutom
697 818 117 29 köpebref,
834 819 55 21 kon-

407 853 63 22 trakt
484 853 78 22 därom
576 856 126 26 upprättas,
713 853 36 22 för
759 853 79 28 hvarje
850 852 39 21 ark

408 887 118 30 angäende
555 888 69 27 bolag
654 888 8 21 i
689 887 90 28 handel,
805 887 83 28 fartyg,

408 922 151 28 manufaktur,
575 923 65 27 bruk,
656 921 75 22 fabrik
747 922 54 21 eller
814 929 76 14 annan

407 957 70 21 sädan
502 957 90 27 rörelse,
618 956 137 29 handtering
781 957 55 21 eller
850 959 39 18 nä-

406 991 58 28 ring,
479 991 37 22 för
530 991 78 28 hvarje
623 991 58 22 ark
670 987 13 37 .
746 1008 39 4 0.

408 1026 44 21 alla
474 1025 74 29 öfriga
567 1026 95 21 emellan
678 1026 103 21 enskilda
796 1008 93 45 upprät-

406 1060 53 21 tade
481 1059 241 22 öfverenskommelser
745 1060 42 21 och
802 1059 86 22 förbin-

406 1094 74 22 delser
498 1094 25 22 af
535 1094 193 28 kontraktsnatur,
744 1094 79 22 hvilka
838 1093 50 22 icke

405 1128 79 22 kunna
498 1128 72 22 under
586 1128 188 29 ofvanupptagna
785 1128 103 22 rubriker

405 1162 113 29 hänföras,
534 1163 78 28 hvarje
629 1163 50 21 ark.
780 1180 73 4 N

267 1230 69 28 Köpe-
355 1231 54 21 eller
426 1231 56 22 salu-
498 1234 58 19 samt
569 1231 71 29 gäfvo-
657 1232 42 21 och
714 1231 108 28 bytesbref
834 1231 54 21 eller

325 1272 74 14 annan
416 1265 283 29 öfverlätelsehandling
684 1261 14 37 &
714 1266 45 21 fast
775 1266 112 28 egendom

324 1299 9 21 i
355 1300 52 21 stad
430 1300 54 22 eller
506 1301 30 27 pä
553 1300 83 28 landet,
652 1300 65 28 bruk,
733 1300 154 28 manufaktur,

324 1333 76 22 fabrik
424 1334 53 22 med
501 1334 53 22 flere
579 1318 57 38 verk
659 1334 43 22 och
722 1314 165 53 inrättningar,

324 1375 49 15 som
396 1368 138 30 fastigheten
558 1369 79 28 åtfölja
655 1372 59 18 samt
731 1369 73 21 under
819 1376 69 21 egan-

324 1402 76 22 derätt
417 1403 115 28 föryttras,
548 1404 70 27 skola,
634 1403 29 21 då
678 1403 28 22 de
721 1403 36 22 för
772 1403 116 22 vinnande

323 1436 24 22 af
361 1437 85 28 lagfart
460 1437 40 22 vid
515 1438 97 21 domstol
627 1437 90 28 företes,
734 1437 71 29 draga
820 1441 68 18 stäm-

943 990 27 21 10
