1100 1745
106 302 116 23 Stämpelaf-

102 331 38 23 gift
151 331 31 18 för
195 332 27 17 af-

105 359 117 25 handlingar

93 388 85 18 emellan
196 395 33 12 en-

126 417 68 19 skilda.

237 122 34 38 44
444 128 83 23 Ständ.
543 129 37 22 Sv.
598 141 25 3 —
639 129 73 28 Prop.
728 129 44 23 N:o
788 129 21 22 3.

317 307 103 27 stämpel,
443 313 50 14 som
515 307 35 21 för
572 307 39 21 det
633 308 129 21 resterande
783 307 97 28 kapital-

316 340 108 29 beloppet
440 341 117 22 erfordras.

397 375 166 29 Förskrifning,
587 383 49 14 som
658 377 40 21 vid
720 377 132 27 bevakning
873 377 7 20 i

316 409 101 22 konkurs
441 410 55 21 eller
519 411 154 27 ärsproklama
691 411 55 22 eller
761 411 69 21 ocksä
845 411 35 21 för

316 446 71 19 annat
416 444 41 21 här
483 444 67 22 ofvan
575 445 50 21 icke
649 445 103 28 angifvet
775 445 105 21 ändamäl

316 477 83 22 företes
424 479 41 21 hos
489 479 97 22 domstol
610 480 54 21 eller
687 479 105 28 offentlig
815 487 65 20 myn-

316 512 86 29 dighet,
420 513 81 28 drager
517 515 97 27 stämpel
629 515 74 20 såsom
719 515 82 27 bilaga.

258 547 196 28 Försäkringsbref,
480 549 170 28 assuranspolis,
673 549 64 21 bevis
756 548 64 22 öfver
835 548 45 21 för-

315 582 63 28 nyad
403 583 55 21 eller
483 583 115 22 öfverförd
622 583 136 28 försäkring,
784 590 48 14 som
858 583 22 21 af

315 616 232 29 försäkringsgifvare
575 620 64 19 utom
669 617 99 22 Finland
796 625 84 20 genom

316 651 51 21 dess
391 653 69 27 agent
483 652 55 21 eller
560 652 84 21 ombud
666 652 41 21 här
729 652 8 21 i
752 651 78 22 landet
845 654 35 19 ut-

316 686 77 21 ställes
415 686 54 21 eller
484 687 119 27 utlemnas,
621 686 80 29 drager
716 687 97 28 stämpel
828 686 52 21 med

316 754 52 22 med
383 754 123 29 Köpebref.

259 789 174 27 Hyreskontrakt,
449 797 24 14 se
488 790 121 21 Kontrakt.

259 823 169 23 Konnossement
451 825 54 20 eller
522 824 124 22 fraktsedel
661 825 12 20 å
688 825 64 28 gods,
770 824 110 28 afgående

316 858 52 20 med
383 858 79 28 fartyg
476 859 36 21 till
528 861 34 19 ort
577 861 64 19 utom
656 859 100 21 Finland
772 875 4 4 .

258 926 115 28 Kontrakt,
387 926 117 28 skriftligt:

316 961 33 22 1:o
374 962 118 27 angående
514 962 167 29 nyttjanderätt
699 962 37 21 till
750 962 47 21 fast
813 969 67 20 egen-

397 996 53 21 dom
462 997 53 20 eller
525 997 77 28 någon
612 997 37 21 till
657 996 111 29 fastighet
779 996 101 21 hörande

397 1030 95 28 förmån,
518 1031 29 20 då
571 1031 35 21 för
631 1031 75 21 denna
730 1033 47 19 rätt
800 1030 80 21 endast

397 1065 46 22 viss
468 1065 78 28 afgäld
568 1066 53 21 eller
639 1066 52 27 lega
706 1065 79 22 blifvit
799 1064 80 28 utfäst,

397 1099 82 29 drager
501 1101 103 27 stämpel,
628 1100 115 21 beräknad
762 1099 58 22 efter
836 1099 44 22 den

397 1133 79 28 afgäld
491 1135 54 20 eller
560 1135 57 28 lega,
634 1142 48 14 som
693 1135 94 28 belöper
798 1134 36 27 sig
844 1133 36 22 för

395 1168 48 21 helt
467 1169 29 27 år,
521 1169 59 27 eller,
599 1168 40 21 där
658 1168 80 22 aftalet
753 1168 60 21 afser
828 1168 51 21 kor-

395 1205 48 18 tare
459 1203 40 27 tid,
515 1202 35 22 för
565 1203 121 29 legotiden:

396 1237 29 20 dä
441 1237 106 28 afgälden
563 1238 55 21 eller
632 1238 68 27 legan
710 1240 70 25 utgör
791 1237 35 21 till
837 1237 43 21 och

465 1271 49 22 med
533 1267 39 37 100
589 1267 79 37 mark.
733 1289 145 4 PENS

396 1308 59 19 samt
475 1305 130 22 därutöfver
620 1306 35 21 för
669 1306 79 28 hvarje
764 1305 58 21 fulla
838 1306 42 21 100

465 1336 75 35 Märk:
562 1358 4 3 >
597 1336 38 35 sous
665 1357 4 4 a
700 1336 38 35 kom
770 1357 4 3 a
805 1336 38 35 wow
874 1357 4 3 2

465 1369 32 27 Är
523 1374 78 29 afgäld
625 1375 54 21 eller
701 1375 53 27 lega
773 1374 107 22 bestämd

395 1408 36 22 för
453 1409 74 21 skilda
546 1410 24 20 är
585 1409 36 21 till
636 1409 60 21 olika
711 1409 92 27 belopp,
820 1408 60 22 skall

395 1443 195 28 stämpelafgiften
605 1444 110 20 beräknas
727 1443 59 21 efter
796 1443 83 21 medel-

261 719 117 28 Gåfvobref
401 721 13 20 &
439 720 46 21 fast
510 721 109 28 egendom
646 721 53 21 eller
724 721 83 28 fartyg,
833 721 74 21 lika|:

237 175 76 32 mm
375 175 106 32 —
513 175 42 32 HT
241 189 760 13 nnnnnaonwsmmnmeessxba]b<==

909 223 33 21 Fig

974 227 16 17 fi.
