1086 1770
797 181 28 22 15

458 249 23 18 33
493 250 15 22 8.

174 286 42 22 Om
240 285 154 30 landtdagens
418 286 143 29 befogenhet
587 288 37 19 att
647 285 82 29 pröfva
747 284 113 30 laglighe-

105 323 40 19 ten
158 320 24 22 af
194 320 266 29 styrelseledamöternes
474 319 200 30 ämbetsätgärder
686 319 42 22 och
741 327 36 14 om
788 319 72 22 hand-

105 355 144 29 läggningen
268 355 23 22 af
308 354 88 23 sådana
414 355 102 22 ärenden
536 354 94 30 stadgas
649 354 7 22 i
675 353 100 23 särskild
794 353 50 30 lag.

443 458 15 21 4
478 458 53 28 kap.

313 514 41 22 Om
374 514 129 23 ärendenas
521 514 136 29 beredning.

462 570 23 17 34
497 570 15 22 &.

176 606 155 29 Landtdagen
355 606 61 22 skall
434 607 62 21 inom
516 609 35 19 tre
570 606 73 29 dagar
661 607 58 21 efter
736 606 53 22 dess
808 610 55 25 öpp-

111 641 76 22 nande
205 641 63 29 välja
286 641 120 28 elektorer,
425 641 37 22 till
481 643 35 20 ett
534 641 64 22 antal
611 641 23 22 af
647 641 70 22 minst
729 641 135 28 trettiofem,

109 676 70 29 jämte
206 675 84 29 nödigt
317 675 65 22 antal
406 676 157 29 suppleanter,
581 676 36 21 för
635 678 36 19 att
688 678 50 19 utse
757 675 107 22 medlem-

109 717 49 15 mar
176 711 8 20 i
202 710 155 29 landtdagens
374 711 98 21 utskott.

178 745 149 21 Elektorerne
355 745 43 21 och
425 744 68 23 deras
520 745 149 28 suppleanter
695 747 62 19 utses
781 751 84 22 genom

110 779 180 29 proportionella
314 779 45 22 val.
394 779 114 22 Närmare
534 779 146 22 föreskrifter
701 787 35 14 om
755 779 111 22 valsättet

111 816 97 26 antagas
228 813 22 22 af
268 813 141 29 landtdagen
430 816 36 19 att
484 814 63 29 gälla
565 813 39 22 till
623 813 51 22 dess
690 813 79 22 därom
782 820 82 15 annor-

110 847 72 22 lunda
200 848 106 21 beslutes.

465 902 22 18 35
500 903 15 22 &.

179 939 46 21 Vid
244 939 97 29 lagtima
358 939 116 29 landtdag
492 939 66 22 skola
576 939 63 21 inom
657 939 46 21 fem
721 939 72 29 dagar
810 939 52 21 frän

111 974 52 21 dess
187 973 123 29 öppnande
334 973 110 22 tillsättas
467 976 35 19 ett
520 974 225 28 grundlagsutskott,
764 976 34 19 ett
815 973 48 29 lag-

111 1008 97 28 utskott,
232 1010 34 19 ett
284 1008 199 22 ekonomiutskott
502 1008 43 22 och
563 1010 34 19 ett
615 1008 156 28 statsutskott,
791 1008 74 22 bestä-

111 1042 59 22 ende
188 1042 80 30 hvarje
288 1042 22 22 af
328 1043 71 21 minst
411 1045 83 19 sexton
508 1042 154 28 medlemmar,
675 1044 59 20 samt
746 1045 34 19 ett
793 1042 72 22 bank-

111 1077 92 21 utskott
229 1076 53 22 med
308 1077 70 21 minst
396 1076 44 23 tolf
458 1077 155 22 medlemmar.
648 1077 34 21 Pä
701 1084 85 14 samma
804 1077 63 29 gäng

112 1111 74 29 väljas
213 1112 148 28 suppleanter
387 1111 37 22 till
452 1112 73 21 minst
542 1119 28 14 er
589 1111 113 29 fjärdedel
720 1112 23 21 af
761 1111 108 22 medlem-

112 1153 90 15 marnes
220 1146 70 22 antal.

181 1180 155 29 Landtdagen
354 1188 53 21 eger
426 1180 51 28 ock,
496 1184 43 18 när
556 1180 70 23 behof
644 1180 67 22 däraf
727 1187 81 22 yppas,
822 1180 48 21 till-

113 1217 62 19 sätta
202 1214 73 23 andra
300 1214 100 28 utskott;
429 1214 44 22 och
501 1216 37 20 mä
559 1215 38 21 till
615 1214 83 22 sädant
715 1215 97 27 utskott,
832 1222 36 14 om

114 1249 40 21 det
177 1249 79 22 bestär
280 1249 23 22 af
320 1249 70 21 minst
409 1249 43 22 tolf
471 1249 156 28 medlemmar,
645 1249 137 29 hänskjutas
800 1248 69 23 äfven

115 1284 91 27 ärende,
230 1283 70 22 hvars
323 1283 130 29 beredning
472 1284 57 29 oljes
547 1284 75 28 enligt
639 1283 52 22 dess
710 1282 161 23 beskaffenhet

114 1318 75 21 skulle
208 1318 122 21 ankomma
348 1318 14 21 å
379 1318 161 28 lagbestämdt
556 1318 97 21 utskott.

183 1352 99 22 Utskott
306 1359 53 15 vare
383 1352 112 29 obetaget
517 1354 41 26 att,
577 1352 42 22 där
636 1351 133 30 göromälen
788 1351 84 22 sädant

115 1387 90 27 kräfva,
224 1386 88 23 fördela
329 1387 36 29 sig
383 1387 30 29 pä
432 1386 156 30 afdelningar,
607 1386 80 22 hvilka
705 1387 58 21 hvar
780 1386 36 22 för
835 1386 37 28 sig

115 1422 90 28 afgifva
229 1421 122 22 utlätande
368 1421 8 21 i
394 1421 129 22 utskottets
545 1429 76 14 namn.
657 1422 86 21 Finnes
760 1421 9 21 i
787 1420 85 23 sädant

115 1456 43 21 fall
180 1455 89 29 nödigt,
289 1458 35 20 att
341 1456 171 21 ledamöternes
532 1456 63 22 antal
614 1456 131 27 förstärkes,
763 1455 109 22 hemstäl-

115 1490 34 22 les
168 1490 72 22 saken
258 1490 38 22 till
314 1490 150 28 landtdagen.
