1081 1761
291 236 49 18 Hans
352 236 50 23 Kejs.
414 237 40 18 M:ts
468 238 62 22 nådiga
543 238 105 22 proposition
658 238 39 19 N:o
706 239 22 18 18
737 238 5 18 i
752 238 62 23 frågan
822 243 28 13 om
862 238 116 22 tjänstemän,

220 264 60 18 hvilka
293 264 57 18 blifvit
362 265 39 18 från
414 266 37 18 sina
463 266 119 23 befattningar
594 267 96 22 afskedade
702 267 43 18 eller
754 266 27 18 till
791 267 74 22 tjänster
873 266 105 18 utnämnda

220 293 42 17 med
273 293 85 22 afvikelse
370 294 45 21 från
425 295 153 22 grundlagarnas
590 295 119 23 stadganden.

289 321 193 24 Grundlagsutskottets
494 323 82 18 däröfver
588 324 67 22 afgifna
667 324 110 18 betänkande
790 323 33 19 N:o
835 325 17 16 4.

290 350 135 19 Reservationer
436 352 27 17 till
476 352 53 23 sagda
543 352 115 18 betänkande.

289 379 192 24 Grundlagsutskottets
493 381 65 22 förslag
570 381 26 17 till
608 381 176 23 sammanjämkning.

289 408 83 18 Finlands
384 409 83 18 Ständers
479 410 120 23 underdåniga
612 415 46 13 svar.

289 512 129 23 Lagutskottets
436 513 109 18 betänkande
562 513 32 18 N:o
614 515 7 16 1
641 514 89 22 angående
748 513 84 18 särskilda
844 513 46 18 inom
904 513 72 18 Ridder-

218 540 63 23 skapet
292 541 32 18 och
338 542 55 17 Adeln
406 544 46 16 samt
467 543 132 18 Bondeståndet
611 543 61 17 väckta
685 543 65 22 förslag
762 543 40 16 med
814 542 94 23 anledning
920 542 19 18 af
950 542 27 17 till

218 569 100 19 Ständerna
336 571 87 18 ankomna
438 571 105 23 skrifvelser
558 571 12 18 å
582 571 56 23 ryska
650 571 71 23 språket
733 571 32 18 och
778 571 98 18 Ständerna
887 570 89 23 förelagda

218 598 64 22 nådiga
296 599 141 22 propositioner,
450 600 163 22 kontrasignerade
629 600 23 21 af
664 600 38 17 icke
714 599 49 23 finsk
776 605 50 14 man,
838 599 54 23 jämte
904 599 54 17 andra
970 600 6 16 i

218 627 127 23 sammanhang
360 628 71 18 därmed
448 628 72 18 stående
539 628 173 22 missförhållanden;
730 628 54 22 jämte
801 628 127 17 reservationer
944 628 31 17 och

218 655 73 23 bilagor.

288 714 82 18 Finlands
383 715 82 18 Ständers
480 714 92 19 skrifvelse
588 715 26 17 till
627 715 49 18 Haus
689 715 49 23 Kejs.
751 714 33 18 M:t
796 715 4 17 i
813 714 49 23 fråga
874 720 28 12 om
914 720 61 17 repre-

216 738 202 31 sentationsreformen.
823 754 2 2 ä

287 799 83 18 Finlands
388 800 82 18 Ständers
486 801 70 22 Beslut,
568 801 63 17 fattadt
643 801 32 17 och
687 801 56 22 gifvet
755 800 11 17 ä
778 801 64 16 urtima
853 800 104 23 landtdagen
970 800 6 17 i

218 827 116 24 Helsingfors,
346 829 34 17 den
394 829 20 18 18
427 829 100 23 september
540 829 50 18 1906.

287 885 85 23 Register.
