1086 1767
96 239 114 18 Transsumt.

371 474 119 19 Transsumt
511 480 24 13 ur
550 473 125 26 protokollet,
692 473 52 20 fördt
759 473 31 19 uti
805 473 48 25 Kej-

304 503 70 25 serliga
390 503 96 19 Senatens
502 502 90 24 Plenum,
609 502 33 19 vid
657 502 140 25 föredragning
808 501 44 20 från

302 531 223 25 Justitieexpeditionen
541 531 39 19 den
598 531 27 19 29
640 530 42 26 Maj
697 531 55 19 1891.

166 590 118 24 Föredrogs:
314 589 38 20 Till
368 589 67 19 vidare
450 588 70 25 åtgärd
535 588 44 19 från
595 588 38 19 den
651 589 24 19 13
687 588 93 20 sistlidne
790 589 64 24 April,

98 618 220 25 Generalguvernörens
339 618 41 19 bref
403 617 45 20 med
464 617 205 20 Statssekretariatets
685 617 111 25 skrifvelse,
810 617 42 19 däri

98 647 111 26 Kejserliga
234 647 86 19 Senaten
341 646 101 20 meddelas
465 646 55 19 Hans
536 645 111 26 Kejserliga
662 645 102 26 Majestäts
781 645 71 26 nådiga

98 676 99 19 föreskrift
212 677 29 18 att
256 675 31 20 till
302 675 55 19 Hans
374 675 92 24 Majestät
480 675 101 18 inkomma
597 674 44 19 med
657 673 124 26 underdånig
792 675 60 19 fram-

99 705 95 24 ställning
209 703 103 26 angående
327 703 95 20 särskilda
438 703 170 24 omständigheter
623 703 121 19 beträffande
755 703 54 20 vissa
820 702 32 20 så-

99 733 51 19 dana
165 733 93 23 ärenden,
274 738 44 13 som
331 733 37 18 hos
384 732 55 19 Hans
454 731 113 26 Kejserliga
583 731 92 25 Majestät
689 732 119 25 föredragas.

169 761 105 26 Upplästes
290 761 36 19 och
340 761 133 19 antecknades
488 762 30 17 att
532 760 93 19 ärendets
636 760 139 19 förberedande
789 760 64 19 hand-

99 790 52 25 lagts
167 791 20 18 af
202 791 28 18 ett
245 790 53 19 inom
314 789 110 26 Kejserliga
440 789 86 19 Senaten
541 789 80 18 nedsatt
636 789 89 25 utskott;
740 788 58 20 hvarå
808 789 44 25 Kej-

99 819 73 24 serliga
186 818 86 20 Senaten
288 819 63 18 beslöt
365 817 48 26 ingå
428 817 30 20 till
474 817 55 19 Hans
544 817 110 25 Kejserliga
669 817 92 25 Majestät
771 817 45 20 med
827 823 25 14 en

99 847 110 25 sålydande
223 847 126 25 underdånig
364 846 129 19 hemställan:

168 875 62 20 Eders
245 875 109 25 Kejserliga
368 875 94 25 Majestät
478 875 42 23 har,
536 874 62 25 enligt
609 874 203 20 Statssekretariatets
822 875 32 19 för

99 904 83 19 Finland
197 904 29 19 till
242 903 209 26 Generalguvernören
467 903 7 19 i
486 903 68 19 landet
569 903 75 19 aflåtna
659 903 37 19 och
711 903 86 20 Senaten
810 903 42 20 del-

98 933 54 25 gifna
176 933 104 19 skrifvelse
300 933 20 18 af
340 933 38 18 den
394 933 26 19 25
436 932 53 19 Mars
507 932 19 24 (6
542 931 63 26 April)
620 932 134 19 innevarande
769 931 28 25 år,
813 931 40 20 N:o

99 961 48 24 242,
163 961 6 20 i
184 961 66 20 Nåder
265 961 86 20 anbefalt
366 961 85 19 Senaten
466 962 29 17 att
512 960 30 19 till
557 960 63 19 Eders
636 960 108 25 Kejserliga
759 960 93 25 Majestät

97 990 101 19 inkomma
219 990 45 19 med
285 989 124 25 underdänig
423 989 150 24 framställning
587 989 102 25 angående
705 989 24 19 de
744 989 6 19 i
765 989 89 25 följande

98 1019 45 24 fyra
158 1019 86 24 punkter
259 1020 102 24 upptagna
376 1018 72 25 regler:

168 1075 20 24 4)
218 1075 37 20 Till
270 1076 120 25 tjenstemän
402 1075 33 20 vid
446 1075 194 20 Statssekretariatet
652 1075 29 19 för
694 1075 159 19 Storfurstendö-

99 1106 40 17 met
157 1104 83 19 Finland
256 1105 38 19 och
309 1103 280 26 Generalguvernörskansliet
604 1103 55 20 skola
674 1103 105 20 framdeles
795 1105 57 18 utses

98 1139 96 19 personer
216 1133 58 19 bland
298 1133 60 24 ryska
373 1133 128 25 tjenstemän,
517 1138 41 13 som
575 1132 81 19 afslutat
671 1132 183 19 universitetskurs

99 1161 37 20 och
151 1161 97 20 inhemtat
263 1161 94 25 grundlig
371 1161 63 20 insikt
448 1161 6 19 i
470 1161 24 20 de
506 1161 65 19 lokala
583 1161 64 19 finska
655 1160 86 25 lagarne,
749 1161 103 19 äfvensom

99 1189 58 20 bland
180 1190 64 19 finnar
266 1190 44 19 med
332 1190 60 25 högre
415 1190 97 25 bildning,
538 1196 44 13 men
604 1189 71 20 endast
691 1189 79 26 sädane,
784 1189 69 19 hvilka

98 1218 119 25 grundligen
233 1219 65 18 känna
313 1219 61 24 ryska
389 1218 88 25 spräket.

167 1247 37 19 Till
227 1247 46 25 följä
294 1247 20 19 af
327 1247 64 19 Eders
407 1247 111 25 Kejserliga
533 1247 103 25 Majestäts
653 1246 76 25 Nädiga
744 1246 109 25 befallning

98 1275 36 25 gär
155 1274 86 21 Senaten
264 1281 28 14 nu
307 1277 29 18 att
351 1276 74 24 afgifva
440 1275 124 25 underdänig
579 1275 146 24 framställning
741 1275 55 19 öfver
811 1281 42 13 om-

98 1303 94 21 förmälda
208 1304 43 24 fyra
267 1304 94 24 punkter:

167 1360 10 20 I
200 1360 46 20 4:de
267 1361 90 25 punkten
374 1361 133 19 förekommer
522 1360 59 20 bland
597 1362 62 18 annat
674 1360 38 19 den
727 1360 127 24 bestämning

98 1391 29 17 att
150 1389 30 19 till
202 1389 119 25 tjenstemän
343 1389 32 19 vid
396 1389 195 19 Statssekretariatet
607 1389 29 19 för
651 1388 82 20 Finland
748 1388 104 20 äfvensom

99 1417 33 19 vid
148 1417 278 25 Generalguvernörskansliet
441 1418 108 19 framdeles
565 1417 65 20 skulle
645 1419 62 22 utses,
716 1418 55 18 utom
782 1417 72 23 finnar,

98 1446 58 20 äfven
171 1452 95 19 personer
281 1446 59 19 bland
352 1446 60 25 ryska
428 1446 126 25 tjänstemän,
567 1452 42 13 som
621 1446 82 19 afslutat
714 1445 140 19 universitets-

98 1474 49 20 kurs
162 1474 38 20 och
214 1475 98 19 inhemtat
326 1474 95 26 grundlig
436 1474 111 20 kännedom
563 1474 6 19 i
585 1474 24 19 de
625 1474 66 19 finska
705 1474 86 24 lagarne.
