1081 1761
344 157 28 23 U.
389 157 26 22 B.
433 170 27 4 —
476 157 74 29 Prop.
567 158 41 22 N:o
626 157 36 22 15.
846 157 29 21 45

114 226 92 28 ningar,
228 225 42 23 och
292 225 97 23 sålunda
411 225 46 23 kan
477 226 47 22 lika
541 225 92 29 mycket
649 225 107 22 befordra
771 233 49 14 som
837 225 33 22 af-

114 264 66 25 styra
194 259 120 23 våldsdåd.

183 294 61 22 Lika
268 294 74 28 foglös
360 301 69 21 synes
445 301 36 14 oss
496 294 176 28 invändningen
688 296 34 19 att
737 294 109 21 förbudet
862 293 8 21 i

115 328 67 29 fråga
206 335 55 15 vore
277 328 104 29 omöjligt
397 331 35 19 att
445 328 165 29 upprätthålla,
626 332 56 18 enär
697 336 28 14 en
741 328 37 22 del
794 336 76 21 vapen

115 363 81 21 kunna
211 363 66 21 bäras
293 363 25 21 så
333 365 35 19 att
383 362 28 22 de
426 363 51 21 icke
493 366 38 18 äro
548 363 97 29 synliga.
662 363 80 21 Såsom
755 362 45 22 alla
812 362 60 29 poli-

116 396 165 30 tistadganden
304 397 74 22 skulle
403 396 70 22 äfven
499 398 64 21 detta
589 398 87 21 erhålla
699 398 35 20 sin
750 397 121 29 betydelse

116 432 50 21 däri
183 435 40 22 att,
239 431 29 22 då
284 431 197 29 omständigheter
496 432 120 29 föreligga,
633 440 49 14 som
690 432 64 29 gifva
762 431 41 22 vid
813 432 57 21 han-

117 466 51 27 den,
191 469 35 19 att
245 466 127 22 detsamma
396 466 79 21 blifvit
492 467 133 26 öfverträdt,
642 467 34 26 de,
692 474 48 14 som
756 466 62 29 gjort
834 466 37 28 sig

118 501 107 28 skyldige
245 501 84 26 därtill,
350 501 79 22 kunna
448 501 116 22 befordras
580 501 36 22 till
631 501 72 26 straff,
719 501 151 29 hvarigenom

117 535 140 28 stadgandet
280 535 68 22 äfven
368 535 91 22 komme
479 539 35 18 att
535 536 71 21 verka
628 536 133 29 preventivt
776 535 43 22 och
835 535 36 21 sä-

118 570 72 21 lunda
205 573 115 18 motsvara
335 570 62 21 hvad
413 570 94 22 därmed
523 571 87 21 afsetts.

175 604 47 22 För
229 604 28 22 de
264 604 126 28 ändringar
396 604 113 22 utskottet
515 605 8 21 i
530 605 42 21 här
579 604 103 29 antydda
691 604 123 22 afseenden
822 603 50 21 vid-

118 639 60 28 tagit
192 639 8 21 i
208 639 45 21 den
262 638 84 29 nådiga
358 639 174 28 propositionen
544 639 42 21 har
596 639 88 21 således
698 639 40 21 det
745 638 127 29 afgörande

119 673 75 21 skälet
209 674 67 26 varit,
293 676 35 18 att
343 674 23 20 vi
382 674 84 21 hittills
478 674 90 22 kunnat
583 674 92 21 komma
690 674 37 20 till
742 676 61 18 rätta
816 676 57 18 utän

119 708 87 21 sådana
231 708 178 28 bestämningar,
435 716 49 14 som
510 708 28 22 de
556 708 124 26 uteslutna,
697 708 42 21 och
755 710 35 18 att
805 707 67 21 dessa

119 742 51 21 icke
186 742 74 21 skulle
276 742 114 29 uppbäras
406 742 24 22 af
445 742 44 22 den
506 743 118 21 allmänna
631 742 242 28 rättsuppfattuingen

120 776 8 21 i
143 777 85 21 landet.
259 777 30 21 Vi
305 777 123 28 medgifva,
444 781 34 17 att
494 778 97 21 känslan
607 777 35 21 för
657 776 216 29 upprätthållandet

120 811 25 21 af
169 814 34 18 ett
227 812 30 27 pä
278 811 38 29 lag
332 811 116 29 grundadt
464 811 215 22 samhällstillständ
696 810 25 22 af
734 811 64 21 älder
813 810 63 21 varit

121 848 35 18 ett
170 846 152 21 utmärkande
338 846 57 28 drag
411 846 35 21 för
461 846 91 22 landets
567 846 143 28 befolkning.
740 845 85 21 Därför
833 844 43 22 har

121 880 43 21 ock
176 880 43 21 den
236 880 116 21 allmänna
366 880 130 29 ordningen
512 881 89 20 kunnat
617 880 101 27 bevaras,
730 882 58 19 trots
800 887 28 13 en
839 880 35 20 ät-

120 914 116 22 minstone
264 915 29 28 pä
318 915 162 28 landsbygden
505 915 55 28 föga
590 915 69 21 talrik
690 913 183 29 ordningsmakt.

120 949 138 21 Emellertid
273 949 69 21 hafva
359 949 73 22 under
448 949 27 22 de
488 953 90 19 senaste
587 949 90 22 tiderna
685 949 123 21 framträdt
816 949 60 20 före-

121 984 83 20 teelser
220 984 25 21 af
258 984 146 28 väsentligen
417 988 71 18 annat
504 984 56 29 slag.
590 985 54 21 Man
661 984 59 21 erfar
735 984 51 21 icke
801 983 75 21 sällan

122 1025 37 14 om
176 1018 212 26 sammankomster,
405 1018 110 22 särskildt
530 1019 8 21 i
554 1018 39 22 det
607 1018 50 26 fria,
669 1018 90 22 hvilkas
768 1017 107 29 loflighet

122 1052 61 22 varit
197 1052 157 22 underkastad
369 1053 134 28 synnerliga
518 1053 90 27 tvifvel,
624 1053 98 21 likasom
738 1052 43 22 ock
792 1055 34 18 att
833 1052 42 20 vid

121 1086 101 29 fredliga
236 1087 207 21 sammankomster
454 1087 147 22 förekommit
614 1087 136 29 öfvergrepp
764 1086 44 22 och
829 1089 47 18 stö-

121 1121 73 21 rande
209 1122 136 28 uppträden,
354 1129 49 14 som
419 1122 19 28 ej
455 1122 62 22 varit
532 1122 114 28 förenliga
662 1122 51 21 med
724 1129 28 13 en
761 1120 115 28 tillbörlig

121 1156 227 28 församlingsfrihet.
378 1156 47 21 Vid
452 1156 83 21 sädant
557 1156 144 21 förhällande
724 1156 72 21 mäste
822 1162 54 13 man

122 1189 69 27 tillse,
208 1193 34 18 att
257 1189 45 22 den
317 1190 156 29 lagstiftning,
489 1197 48 15 som
554 1197 30 14 nu
592 1190 58 21 skall
660 1190 92 27 bringas
762 1189 36 22 till
807 1188 69 22 stånd

121 1224 9 21 i
146 1224 61 28 syfte
224 1227 34 18 att
273 1228 84 25 trygga
373 1233 27 13 en
418 1225 26 21 af
457 1225 28 21 de
501 1228 58 18 mest
575 1225 131 28 betydande
731 1224 147 28 medborger-

121 1258 49 28 liga
182 1259 144 28 rättigheter,
342 1259 19 28 ej
378 1259 38 21 mä
430 1260 50 21 visa
496 1260 36 28 sig
547 1259 142 28 vanmäktig,
705 1259 29 21 dä
749 1259 39 21 det
804 1258 74 29 gäller

122 1296 35 18 att
172 1293 128 29 förebygga
316 1293 125 29 obehöriga
455 1294 98 28 ingrepp
568 1293 8 22 i
592 1293 55 22 eller
660 1293 114 22 missbruk
790 1293 26 21 af
822 1292 56 21 den-

122 1335 94 19 samma,
233 1328 7 21 i
256 1328 95 21 hvilken
367 1328 107 29 riktning
489 1328 28 21 de
533 1332 29 17 än
578 1329 37 20 mä
630 1328 36 28 gå.

191 1362 29 21 Vi
238 1362 75 21 tilläta
329 1369 36 14 oss
382 1362 144 22 fördenskull
542 1362 116 21 vördsamt
674 1362 89 27 föreslä,

398 1427 32 20 att
458 1426 143 21 betänkandet
626 1426 68 27 blefve
717 1426 35 21 till
774 1425 104 22 utskottet

328 1460 185 21 äterremitteradt
534 1460 36 27 för
592 1460 182 27 omformulering
790 1459 28 27 af
832 1461 14 19 3
861 1459 17 28 $

192 1505 131 24 Lagutskottets
335 1506 111 18 betänkande
458 1507 37 17 N:o
508 1507 18 17 3.
