1086 1767
335 142 22 22 U.
374 142 22 21 B.
414 154 28 2 —
459 142 61 27 Prop.
538 142 35 21 N:o
589 142 30 20 18.
847 141 13 19 3

111 208 62 20 kelse
189 207 51 21 från
257 207 186 27 grundlagsenlig
459 206 99 27 ordning
575 207 140 20 verkställda
727 207 133 20 utnämnin-

111 250 40 20 gar
181 244 51 20 icke
264 243 80 21 kunna
371 242 152 21 tillerkännas
555 242 97 26 rättsligt
679 242 104 26 bestånd,
815 242 45 27 gäl-

111 279 68 21 lande
207 280 36 26 lag
267 278 50 22 icke
340 278 129 21 innehåller
493 278 149 27 stadganden,
661 285 50 14 som
724 285 55 14 vore
800 285 61 14 ome-

111 315 89 21 delbart
224 314 137 28 tillämpliga
385 314 29 28 på
433 314 169 26 förhållanden,
619 314 93 20 hvilkas
729 314 132 27 reglerande

111 357 32 15 nu
160 352 25 19 är
200 350 7 21 i
225 350 68 27 fråga.
327 351 73 20 Dessa
424 350 169 26 förhållanden,
610 350 81 20 hvilka
709 350 103 27 uppstått
828 350 33 20 till

111 386 56 28 följd
184 387 26 20 af
223 386 74 21 under
316 386 110 27 perioden
440 386 145 21 1902—1905
597 386 119 26 företagna
727 386 134 26 grundlags-

112 422 87 27 vidriga
216 422 151 27 förfoganden
384 422 53 21 med
455 422 54 20 eller
526 424 55 19 utan
599 421 147 28 tillämpning
763 422 24 20 af
801 422 60 26 olag-

113 459 45 27 liga
186 459 167 26 författningar,
380 459 69 20 hafva
474 459 70 20 bland
569 460 72 19 annat
662 458 46 21 ledt
724 458 89 21 därhän
831 460 31 19 att

112 495 144 20 rättsvården
281 495 6 20 i
312 495 85 26 landet,
422 494 34 21 till
472 495 45 20 den
538 495 37 20 del
599 494 45 21 den
668 493 71 22 borde
760 495 102 26 upprätt-

112 531 74 20 hållas
210 531 26 20 af
258 525 49 26 Åbo
324 530 92 25 hofrätt,
436 531 68 20 hotar
518 532 33 19 att
568 530 56 21 råka
641 530 6 21 i
665 530 128 27 stockning.
826 530 37 20 Ett

115 567 163 20 återställande
293 567 25 20 af
328 567 185 20 rättstillståndet
524 567 45 20 kan
582 567 60 26 förty
654 566 51 21 icke
717 566 78 27 längre
806 573 56 20 upp-

113 602 95 27 skjutas.
241 603 53 20 Men
319 602 60 21 detta
405 602 133 21 förutsätter
560 605 33 18 att
617 603 36 20 för
669 603 38 20 det
723 602 139 25 förfarande,

113 645 51 14 som
181 638 82 21 härvid
281 639 57 20 skall
355 639 120 26 iakttagas,
489 639 71 26 tydlig
572 639 94 26 ledning
677 638 92 21 lämnas
780 644 82 21 genom

114 681 28 14 en
157 675 93 27 jämlikt
267 676 26 19 57
311 675 12 26 $
341 674 6 21 i
364 675 215 26 Regeringsformen
596 674 25 21 af
635 675 25 20 är
678 675 56 20 1772
753 675 44 20 och
810 675 25 19 71
849 674 13 25 $

113 711 24 20 af
152 711 262 26 Landtdagsordningen
431 711 25 20 af
472 711 26 20 är
511 711 55 20 1869
579 710 109 27 vidtagen
700 710 162 27 lagstiftnings-

113 747 87 26 ätgärd,
225 747 73 20 tillika
315 747 159 20 innefattande
492 746 133 27 förklaring,
643 746 35 21 för
694 747 67 20 dessa
777 746 47 26 fall,
841 746 25 20 af

113 783 106 26 gällande
239 783 142 26 stadganden
393 783 120 27 angäende
524 783 153 26 tjänstemäns
689 782 101 27 rättsliga
802 782 61 21 ställ-

114 818 61 27 ning.

186 854 33 21 Dä
236 854 70 27 enligt
322 854 43 21 den
387 854 155 28 uppfattning,
559 861 50 14 som
622 854 68 27 hyses
702 854 24 21 af
737 854 126 21 Utskottets

114 890 79 26 flertal,
218 891 44 20 den
289 891 52 20 näd.
369 891 175 26 propositionen
568 890 51 21 icke
645 890 61 21 inför
732 891 70 26 nägra
829 889 35 21 för

114 926 106 26 gällande
237 928 44 19 rätt
297 927 145 20 främmande
462 927 44 20 och
523 927 94 20 därmed
638 926 125 27 oförenliga
780 925 83 28 grund-

115 964 78 24 satser,
217 962 35 21 får
269 962 120 26 Utskottet,
407 969 50 14 som
475 962 77 21 funnit
568 962 145 27 lagförslaget
729 962 135 27 möjliggöra

114 998 196 21 rättstillståndets
327 998 162 21 återställande
506 999 63 20 inom
586 998 86 27 viktiga
683 1003 82 22 grenar
781 998 24 20 af
820 997 43 20 för-

114 1034 141 27 valtningen,
272 1034 6 21 i
296 1034 132 21 hufvudsak
445 1034 93 21 förorda
555 1035 52 20 dess
627 1034 176 27 godkännande.

187 1141 8 20 I
213 1141 70 21 första
301 1142 104 27 punkten
422 1142 24 20 af
460 1142 145 27 lagförslaget
622 1141 93 27 stadgas
731 1143 33 19 att
775 1141 89 27 tjänste-

115 1178 62 25 män,
202 1184 51 14 som
277 1179 56 19 utan
357 1177 144 28 ransakning
528 1178 44 20 och
593 1177 55 21 dom
675 1177 115 20 beröfvats
815 1177 50 20 sina

115 1213 102 26 tjänster,
235 1214 65 20 skola
319 1215 41 25 äga
377 1215 44 19 rätt
440 1216 32 18 att
492 1214 69 20 varda
579 1213 133 21 äterinsatta
724 1213 6 20 i
742 1213 50 20 sina
804 1213 61 20 förra

115 1249 161 27 befattningar,
293 1249 96 21 säframt
405 1250 28 20 de
450 1250 83 21 härom
553 1249 94 21 anmäla
666 1249 62 21 inom
742 1251 33 18 tre
786 1249 79 20 mäna-

115 1285 40 20 der
172 1285 50 20 frän
240 1285 77 27 lagens
334 1285 143 21 utfärdande.

188 1321 115 21 Utskottet
324 1321 42 21 har
390 1323 56 19 utan
463 1321 266 27 meningsskiljaktighet
745 1321 60 20 velat
821 1320 44 20 till-

116 1356 78 28 styrka
216 1357 65 21 bifall
298 1357 33 21 till
349 1358 61 20 detta
427 1358 135 26 stadgande,
578 1363 83 21 genom
682 1357 88 20 hvilket
786 1356 81 20 främst

116 1393 135 21 samhällets
271 1393 54 20 kraf
339 1393 29 27 pä
385 1393 151 27 laglighetens
552 1393 162 21 återställande
733 1392 133 27 tillgodoses

116 1430 60 18 samt
198 1429 75 20 tillika
299 1430 140 26 upprättelse
464 1429 95 21 beredes
582 1430 119 26 lagtrogna
720 1428 146 27 tjänstemän,

115 1464 80 21 hvilka
212 1464 113 28 olagligen
345 1465 124 26 aflägsnats
482 1465 50 21 frän
545 1465 49 20 sina
606 1465 95 26 tjänster
712 1464 43 20 och
768 1464 99 20 sälunda
