1086 1756
225 162 14 20 8
413 161 85 23 Ständ.
515 161 38 23 Sv.
569 175 28 3 —
612 162 74 29 Prop.
702 162 45 23 N:o
762 162 36 22 17.

579 234 15 22 4
608 219 29 49 8.

300 289 86 23 Såsom
405 290 106 23 medlem
531 291 39 22 må
590 291 7 22 i
616 291 116 29 förening
750 290 59 30 ingå
829 292 22 28 ej
871 290 63 23 blott
944 297 40 16 en-

229 323 67 23 skild
323 330 100 23 person,
452 327 61 21 utan
541 326 46 22 ock
606 325 84 30 bolag,
710 325 105 23 stiftelse
835 326 46 22 och
901 332 83 16 annan

227 358 125 30 förening.

580 418 15 21 5
610 401 28 50 8.

298 473 12 23 I
329 474 125 29 förening,
474 481 52 16 som
552 474 157 29 väsentligen
733 474 120 29 fullföljer
872 473 113 30 politiskt

229 507 74 30 syfte,
329 509 40 22 må
393 509 55 22 icke
473 515 83 16 annan
576 515 62 16 vara
656 509 105 22 medlem
781 509 32 22 än
832 508 66 23 finsk
926 515 57 15 man

229 542 61 23 eller
308 543 95 22 kvinna
423 543 60 23 eller
501 542 124 31 förening,
645 543 137 23 bestående
801 543 90 22 endast
909 543 25 22 af
947 542 37 23 så-

230 577 68 22 dana
317 578 167 22 medlemmar.

562 698 13 17 2
589 697 63 22 kap.

459 753 36 23 Om
511 753 102 23 inskrifna
626 753 129 28 föreningar.

579 819 15 23 6
614 819 23 30 8.

299 876 38 22 Då
361 876 125 29 förening,
513 883 52 16 som
590 877 28 22 är
643 877 86 22 afsedd
757 877 35 22 att
816 873 168 25 inskrifvas
970 869 18 40 i

229 911 247 28 föreningsregister,
496 911 89 26 bildas,
605 911 47 22 bör
668 912 87 22 därom
773 911 133 28 upprättas
924 910 61 29 dag-

231 945 108 22 tecknad
361 945 110 29 skriftlig
499 945 156 29 afhandling,
674 945 179 23 innehållande
881 945 104 29 stadgar

228 979 42 22 för
296 979 157 29 föreningen,
483 980 45 22 och
548 980 179 29 afhandlingen
755 979 185 22 undertecknas
959 978 26 22 af

228 1014 78 22 minst
324 1015 36 21 tre
380 1020 129 22 personer,
529 1014 86 22 hvilka
634 1015 59 29 ingå
713 1014 82 22 såsom
823 1013 162 23 medlemmar

228 1048 8 22 i
255 1048 158 29 föreningen.

582 1106 13 22 7
611 1106 29 28 8.

299 1162 11 22 I
330 1162 138 29 stadgarna
487 1162 63 23 skall
568 1164 140 27 upptagas:

302 1196 24 28 1)
346 1196 162 30 föreningens
527 1204 87 20 namn;

301 1230 25 29 2)
345 1231 49 22 den
413 1233 40 21 ort
471 1232 8 21 i
497 1232 93 26 landet,
610 1238 53 16 som
682 1231 64 22 skall
759 1230 67 30 gälla
840 1230 82 22 såsom
937 1230 49 22 för-

229 1265 123 29 eningens
371 1266 109 26 hemort;

299 1299 25 29 3)
345 1300 42 22 det
415 1300 125 26 ändamål,
568 1300 96 22 hvilket
691 1300 149 28 föreningen
866 1298 65 23 afser
951 1300 36 20 att

226 1333 121 29 fullfölja;

299 1368 25 28 4)
344 1368 126 23 villkoren
497 1369 39 22 för
562 1368 99 23 inträde
686 1368 83 22 såsom
788 1368 106 22 medlem
912 1368 7 21 i
938 1368 49 22 för-

230 1402 110 29 eningen
359 1403 46 22 och
423 1403 40 22 för
482 1403 118 23 medlems
618 1402 161 23 uteslutande
789 1403 65 21 samt
866 1402 33 28 på
911 1402 75 22 hvem

230 1437 145 28 antagande
395 1438 26 21 af
439 1444 34 22 ny
499 1438 104 22 medlem
623 1438 45 22 och
688 1437 119 23 medlems
827 1436 159 22 uteslutande

230 1472 157 26 ankommer;
