1084 1761
331 144 22 22 U.
371 144 21 22 B.
410 156 28 2 —
456 144 61 27 Prop.
535 144 36 22 N:o
587 144 31 21 16.
839 144 13 19 3

101 217 90 14 samma
215 211 43 19 har
273 212 44 19 rätt
333 212 33 18 att
383 210 66 20 ställa
466 209 175 21 vederbörande
658 210 106 20 minister
780 210 74 20 under

100 246 74 21 tilltal.
207 246 128 21 Enahanda
362 246 69 26 tjänst
455 246 53 20 med
533 246 108 20 afseende
665 246 13 20 å
702 246 39 20 det
757 245 96 21 anförda

102 282 133 20 ändamålet
259 283 40 26 gör
323 284 30 18 ett
378 281 236 20 misstroendevotum
632 294 28 2 —
678 281 102 26 formligt
800 281 54 20 eller

102 318 138 20 annorledes
262 317 161 27 inneliggande
439 317 7 20 i
464 319 31 18 ett
510 317 77 20 beslut
604 329 28 2 —
649 318 43 19 när
708 317 28 20 de
752 317 102 20 faktiska

102 353 178 21 förhällandena
305 355 40 19 äro
362 353 95 26 sädana,
475 355 32 18 att
523 355 31 18 ett
571 353 75 26 dylikt
662 355 81 18 votum
760 354 40 26 gör
816 353 38 20 det

102 389 35 20 till
164 395 29 14 en
220 389 172 27 nödvändighet
418 389 36 20 för
478 395 28 14 en
531 389 107 20 ministär
667 389 54 20 eller
748 389 106 20 enskilda

103 425 153 20 medlemmar
271 425 25 20 af
309 425 138 20 densamma
464 427 32 18 att
513 425 79 20 lämna
609 425 51 20 sina
677 425 91 26 platser.

176 461 48 20 Den
247 461 201 20 konstitutionella
473 461 177 26 ansvarigheten
667 461 47 20 kan
734 461 59 26 gälla
810 463 46 24 sty-

103 497 206 26 relseätgärdernas
332 497 139 26 lagenlighet
494 497 55 20 eller
570 497 67 20 deras
662 496 193 27 ändamälsenlig-

104 533 44 20 het.
182 533 29 20 M.
237 539 19 14 a.
273 539 32 14 o.:
324 533 111 26 styrelsen
453 533 56 20 eller
525 532 136 21 ministären
679 533 55 20 eller
750 532 106 21 enskilda

104 569 152 20 medlemmar
272 569 25 20 af
311 575 27 14 en
356 569 72 20 sädan
446 569 82 20 kunna
544 575 55 14 vara
616 568 62 21 inför
689 568 167 27 folkrepresen-

104 604 103 21 tationen
234 604 121 27 ansvariga
381 603 34 21 för
439 606 34 18 att
497 604 38 20 det
559 604 29 27 pä
606 604 112 27 styrelsen
735 604 54 20 eller
805 604 52 20 dess

104 640 154 21 medlemmar
274 640 175 21 ankommande
466 640 192 21 handhafvandet
675 639 25 21 af
717 640 89 20 landets
817 646 40 14 an-

104 676 160 27 gelägenheter
288 677 25 19 är
334 675 104 28 lagenligt
454 676 55 20 eller
525 676 44 20 ock
585 676 37 20 för
638 678 32 18 att
686 676 130 20 detsamma
833 677 26 19 är

106 712 191 27 ändamålsenligt.
326 712 8 20 I
354 712 146 20 sistnämnda
525 712 40 20 fall
589 712 80 27 plägar
685 718 55 14 man
756 712 47 20 tala
819 718 38 14 om

106 754 28 14 en
151 748 95 27 politisk
269 748 154 26 ansvarighet,
448 748 74 20 ehuru
543 748 126 20 anmärkas
694 748 49 25 bör,
760 750 33 18 att
815 750 43 17 ter-

107 783 128 27 minologin
259 783 50 21 icke
333 784 46 19 kan
404 785 66 25 sägas
492 790 55 13 vara
563 783 53 21 fullt
632 783 94 21 fixerad.
749 783 8 20 I
775 783 85 21 sakens

107 821 69 19 natur
202 819 75 27 ligger,
302 821 33 18 att
358 819 98 26 rättsligt
480 819 45 20 åtal
550 819 35 21 för
601 819 120 27 lagenliga,
738 825 53 15 men
808 819 50 20 icke

108 855 193 27 ändamälsenligt
323 855 109 26 vidtagna
449 855 107 27 ätgärder
572 855 114 26 svärligen
703 855 46 20 kan
766 855 95 20 komma

108 890 7 21 i
129 890 75 27 fräga;
221 891 60 20 dock
298 890 85 21 saknas
399 890 52 21 icke
469 891 105 27 exempel
590 890 30 27 pä
636 890 162 27 författningar
806 890 56 20 eller

108 926 30 28 pä
154 926 127 27 yrkanden,
299 926 70 27 enligt
385 926 80 21 hvilka
483 926 84 21 sädant
582 926 47 21 kan
645 933 68 14 anses
724 926 56 21 eller
790 926 72 21 borde

108 969 55 14 vara
183 962 94 27 möjligt.

182 1142 32 21 Pä
231 1144 45 19 sätt
291 1143 96 26 tidigare
403 1143 141 21 framhällits
561 1143 73 20 mäste
646 1143 183 20 medlemmarna
841 1143 23 19 af

110 1178 113 21 Finlands
249 1179 94 26 styrelse
362 1179 35 20 för
414 1179 146 20 närvarande
577 1185 68 14 anses
661 1185 55 14 vara
734 1178 129 21 Monarken

110 1213 76 20 allena
202 1214 122 27 ansvariga
340 1214 36 21 för
392 1214 35 20 sin
445 1214 241 27 ämbetsförvaltning.
719 1214 49 20 Den
780 1213 84 26 nädiga

111 1249 175 27 propositionen
313 1249 60 21 afser
398 1252 33 18 att
455 1251 56 26 göra
535 1250 52 20 dem
605 1249 121 28 ansvariga
746 1249 67 21 äfven
830 1249 37 20 för

111 1285 269 27 folkrepresentationen,
397 1292 54 14 men
469 1285 77 21 denna
565 1285 148 27 ansvarigbhet
726 1285 94 21 komme
831 1286 33 19 att

111 1321 60 26 gälla
188 1321 82 20 endast
286 1321 148 27 ätgärdernas
451 1321 147 27 lagenlighet.

187 1357 66 20 Inom
270 1357 116 21 Utskottet
401 1357 44 20 har
461 1357 39 21 väl
516 1357 53 20 med
582 1357 125 26 anledning
718 1357 70 20 häraf
797 1357 69 20 fram-

112 1392 86 26 hällits,
215 1393 113 20 hurusom
346 1393 129 20 önskvärdt
492 1393 60 20 hade
568 1393 66 26 varit,
652 1395 32 18 att
703 1393 44 20 den
759 1393 43 26 lag,
815 1398 50 15 som

112 1428 38 20 det
167 1434 32 14 nu
216 1428 70 26 gäller
302 1430 33 18 att
351 1428 69 26 stifta,
437 1428 80 27 gjorde
534 1429 197 26 styrelseorganen
746 1427 120 27 ansvariga

116 1463 61 20 inför
200 1464 139 26 landtdagen
364 1464 51 20 icke
432 1464 61 20 blott
509 1464 35 20 för
560 1464 245 27 styrelseätgärdernas
821 1464 45 25 lag-
