1086 1764
826 154 29 21 49

96 225 109 27 tillvaro,
224 225 175 30 organisation
418 225 60 23 eller
498 225 65 29 syfte
583 225 64 22 skall
665 225 82 22 hållas
761 225 93 30 hemlig

96 260 40 23 för
161 260 221 29 statsregeringen,
407 259 60 23 eller
492 260 85 22 därest
605 259 164 30 föreningens
788 259 66 23 med-

96 295 104 22 lemmar
218 295 79 22 måste
316 294 118 23 förbinda
448 294 39 29 sig
500 294 37 23 till
549 294 96 29 lydnad
658 296 52 21 mot
722 301 31 16 en
769 294 85 23 okänd

97 329 180 26 öfverordnad,
303 329 60 22 eller
382 328 118 30 slutligen
526 328 86 23 därest
630 328 43 23 det
691 328 37 23 till
746 329 109 22 förenin-

97 369 63 23 gens
180 363 117 22 ändamål
315 363 47 22 och
380 363 164 22 värksamhet
562 363 47 22 hör
628 364 36 21 att
681 369 92 23 genom
786 364 68 28 olag-

97 397 52 30 liga
167 397 82 23 medel
266 397 132 23 förhindra
418 397 60 23 eller
496 397 167 23 neutralisera
675 397 179 30 förvaltnings-

98 432 120 29 åtgärder
237 432 59 22 eller
315 432 211 29 genomförandet
545 432 25 22 af
588 432 80 29 lagar.

167 467 231 28 Riksmilitärlagen
427 467 25 22 af
478 467 68 22 1874
574 466 131 29 förbjuder
733 473 122 22 personer

98 501 152 22 tillhörande
269 501 48 22 den
337 501 87 22 aktiva
442 501 126 22 militären
587 502 36 21 att
642 501 101 29 deltaga
756 501 37 22 uti
813 507 42 22 po-

97 535 85 23 litiska
200 535 147 30 föreningar
365 536 46 22 och
430 535 186 29 församlingar.
645 535 73 23 Vissa
737 535 117 30 religiösa

99 569 117 23 samfund
235 569 191 30 (jesuiterorden
439 577 32 16 m.
490 570 39 29 fl.)
548 570 25 22 få
587 570 54 22 icke
660 570 108 23 existera
787 571 68 21 inom

99 604 74 29 tyska
192 605 78 22 rikets
289 605 110 22 område.

168 639 46 22 Till
236 639 143 29 tryggande
399 639 25 22 af
443 639 151 22 valfriheten
613 638 43 22 vid
676 638 42 22 val
738 638 36 23 till
794 638 62 23 riks-

99 673 83 29 dagen
210 673 139 23 innehåller
375 673 79 23 rikets
482 673 85 29 vallag
596 674 35 21 ett
655 673 141 29 stadgande
815 680 40 15 om

99 708 50 22 rätt
176 708 39 22 för
239 708 32 22 de
295 708 203 29 valberättigade
517 709 36 21 att
571 708 39 22 för
629 707 226 30 valangelägenhe-

99 743 51 21 ters
170 742 65 23 skull
254 742 68 22 bilda
341 742 155 30 föreningar.
534 742 93 23 Likaså
646 742 47 22 har
712 748 89 23 genom
815 749 41 23 ge-

99 782 112 17 mensam
230 777 96 29 rikslag
345 773 264 35 (Gewerbeordnung)
624 777 120 29 stadgats,
758 778 35 21 att
807 777 48 22 alla

99 810 93 23 förbud
212 811 46 22 och
277 812 272 28 straffbestämningar,
568 818 53 16 som
641 811 79 29 enligt
738 811 118 29 gällande

99 845 72 29 lagar
189 846 8 22 i
216 846 31 22 de
266 846 124 22 särskilda
409 847 113 21 staterna
541 846 97 22 kunnat
651 846 98 22 drabba
763 846 94 22 arbets-

99 880 99 28 gifvare
217 880 45 22 och
283 880 116 22 arbetare
418 880 41 22 för
478 880 137 30 ingåendet
635 880 26 22 af
679 880 60 22 aftal
753 880 46 22 och
812 880 44 22 bil-

100 914 94 22 dandet
214 915 25 21 af
257 915 147 29 föreningar
423 915 7 21 i
450 915 66 28 syfte
536 917 35 20 att
597 915 60 22 ernå
679 921 177 23 gynsammare

99 948 66 22 löne-
179 949 45 22 och
239 949 175 27 arbetsvilkor,
429 949 73 23 skola
518 956 62 16 vara
593 949 139 29 upphäfda.
761 949 95 23 Genom

100 983 69 22 detta
188 984 142 29 stadgande
349 984 46 22 har
414 984 160 29 lagstiftaren
595 984 90 22 erkänt
712 984 145 22 koalitions-

99 1017 122 23 frihetens
247 1018 97 28 princip
368 1018 24 22 d.
418 1025 23 15 v.
462 1025 20 15 s.
504 1018 230 30 arbetsgifvarenes
753 1018 47 22 och
820 1025 37 15 ar-

100 1052 133 22 betarenes
260 1054 51 21 rätt
338 1055 35 20 att
397 1053 70 22 bilda
492 1053 148 29 föreningar
658 1053 39 22 för
716 1053 95 22 vården
832 1052 25 23 af

100 1086 55 22 sina
183 1087 300 29 yrkesangelägenheter.
530 1088 147 22 Emellertid
706 1094 59 22 eger
793 1088 64 22 före-

100 1120 138 30 ningsaftal
267 1122 25 22 af
318 1122 109 22 berörda
456 1124 39 20 art
522 1122 55 22 icke
600 1122 110 29 rättsligt
727 1122 130 22 bindande

100 1155 76 27 kraft,
204 1156 103 22 hvadan
331 1156 85 29 någon
440 1156 70 22 talan
536 1156 131 29 angående
686 1156 171 29 fullgörandet

101 1190 26 21 af
154 1190 170 28 förpliktelser
349 1191 77 29 enligt
450 1191 141 22 detsamma
609 1191 53 22 icke
682 1191 50 22 kan
750 1191 105 22 utföras.

100 1224 49 22 För
169 1224 76 30 öfrigt
263 1225 47 22 har
328 1225 245 23 koalitionsfriheten
593 1226 54 22 icke
665 1225 136 23 utsträckts
820 1225 37 22 till

100 1258 148 29 tjänstefolk
276 1260 46 22 och
349 1260 120 28 legohjon
496 1260 32 28 på
553 1260 92 26 landet,
666 1260 85 22 hvilka
772 1260 85 22 åtmin-

101 1295 72 20 stone
197 1294 36 22 uti
257 1294 123 22 Preussen
402 1294 43 22 vid
465 1294 173 29 straffpåföljd
658 1295 43 21 äro
720 1294 138 29 förbjudna

101 1328 36 21 att
165 1327 68 23 bilda
261 1328 146 29 föreningar
432 1329 57 22 med
510 1329 65 29 syfte
603 1331 36 20 att
666 1328 25 22 af
719 1329 54 22 sina
801 1328 57 22 hus-

101 1361 98 23 bönder
218 1362 59 23 eller
296 1363 148 22 öfverheten
463 1363 127 29 tilltvinga
609 1364 38 28 sig
661 1370 31 15 en
705 1363 153 28 förbättring

101 1396 35 21 uti
156 1397 38 21 sin
214 1397 127 29 ställning.

172 1430 122 30 Slutligen
313 1431 46 22 har
378 1437 91 23 genom
489 1431 50 22 den
557 1431 40 22 för
613 1431 56 22 hela
681 1431 65 22 riket
759 1437 98 23 gemen-

101 1471 95 16 samma
215 1465 74 29 lagen
310 1465 25 22 af
353 1465 48 23 den
423 1466 29 22 11
474 1465 133 23 december
619 1465 66 23 1899
700 1465 47 22 alla
762 1465 96 22 därtills

779 1510 10 16 4
