1084 1767
231 172 12 19 6
452 172 29 22 U.
497 172 27 22 B.
542 185 25 2 —
584 172 74 28 Prop.
676 173 40 21 N:o
733 172 34 22 17.

300 242 33 23 Af
351 242 226 30 offentligträttslig
595 245 75 21 natur
689 244 29 21 är
730 243 89 22 vidare
836 243 152 29 stadgandet

231 277 7 21 i
257 283 74 16 mom.
351 277 14 22 2
386 277 25 22 af
430 278 14 28 $
464 278 24 26 5,
502 278 97 22 hvilket
618 278 106 22 innebär
744 279 36 21 att
795 277 118 29 politiska
925 278 64 22 före-

230 312 93 28 ningar
349 312 54 22 icke
428 312 25 22 få
479 312 105 29 tillägna
603 312 39 30 sig
660 312 157 30 rättigheter,
838 312 87 22 hvilka
943 312 46 22 till-

231 346 100 22 komma
343 346 115 30 offentlig
472 347 155 29 myndighet,
639 346 130 23 äfvensom
784 346 60 22 sista
855 347 134 22 momentet

231 380 26 22 af
276 380 14 29 $
312 381 39 26 11,
372 381 25 22 af
415 381 111 23 innehåll
547 383 35 20 att
600 381 262 29 icke-inregistrerade
881 381 107 22 förenin-

230 421 48 23 gar
297 416 22 28 ej
339 415 24 23 få
383 416 96 28 åtnjuta
498 416 31 22 de
548 416 156 28 rättigheter,
722 422 53 16 som
794 415 75 29 lagen
888 422 40 16 om
948 416 40 22 all-

230 450 93 22 männa
342 451 225 21 sammankomster
586 450 117 30 tillägger
724 450 124 28 förening.

303 484 122 29 Slutligen
444 485 73 29 ingår
535 485 37 21 uti
591 485 15 29 &
628 485 31 22 13
680 492 30 15 en
730 484 135 26 föreskrift,
879 486 35 20 att
926 484 63 22 före-

231 518 74 29 nings
333 519 105 28 styrelse
467 520 63 21 skall
558 520 68 21 hålla
650 519 160 29 förteckning
834 518 72 22 öfver
924 519 63 22 före-

231 553 107 29 ningens
358 554 168 26 medlemmar,
540 554 103 22 hvilken
661 553 131 23 föreskrift
810 554 94 28 jämväl
922 554 28 21 är
963 553 26 22 af

230 587 226 30 offentligträttslig
481 588 184 22 beskaffenhet.
693 588 178 29 Lagförslaget
884 588 104 28 stadgar

231 622 138 23 emellertid
387 623 53 22 icke
459 623 78 29 något
557 630 92 15 ansvar
668 623 39 22 för
726 623 49 22 den
792 622 120 22 händelse
925 622 62 22 före-

231 656 76 30 nings
326 657 105 29 styrelse
450 658 145 22 underlåter
615 660 36 20 att
669 657 73 23 ställa
762 657 38 29 sig
816 657 84 21 denna
912 657 8 21 i
933 657 55 21 ord-

230 691 108 29 ningens
364 692 106 22 intresse
495 692 128 22 tillkomna
642 692 161 28 bestämning
822 691 36 22 till
877 691 112 22 efterrät-

230 725 69 27 telse,
317 726 22 29 ej
360 726 77 22 heller
456 726 165 22 föreskrifver
639 727 48 25 det,
702 726 82 22 under
797 726 87 22 hvilka
897 726 90 21 villkor

230 760 47 22 och
298 760 39 22 för
359 760 85 23 hvilka
471 761 117 22 ändamål
613 761 105 29 styrelse
743 760 50 22 kan
820 760 104 29 åläggas
953 761 35 21 att

230 794 71 29 gifva
324 795 114 29 offentlig
457 795 148 29 myndighet
624 796 40 22 del
684 796 25 22 af
728 794 109 23 berörda
860 794 127 22 medlems-

229 829 168 29 förteckning.

300 864 46 22 Till
370 864 181 28 privaträttens
570 864 103 22 område
696 864 64 23 höra
779 864 31 22 de
829 863 158 29 stadganden

230 898 36 22 uti
285 898 171 30 lagförslaget,
474 898 86 22 hvilka
579 898 103 30 angifva
702 898 186 29 betingelserna
900 898 40 22 för
953 899 35 21 att

230 932 118 29 förening
373 933 64 22 skall
462 933 86 22 kunna
570 934 77 21 vinna
665 933 199 28 rättskapacitet.
902 932 85 22 Under

230 966 85 22 denna
337 967 153 29 benämning
509 968 190 22 sammanfattas
718 967 215 29 befogenheterna
953 968 35 20 att

229 1001 133 23 förvärfva
390 1002 148 29 rättigheter
563 1002 46 22 och
636 1002 85 22 ikläda
750 1002 39 28 sig
809 1001 178 29 skyldigheter,

230 1035 67 23 sluta
325 1036 60 22 aftal
412 1038 64 20 samt
496 1038 34 20 att
550 1036 42 22 vid
611 1036 107 23 domstol
737 1036 61 22 eller
817 1042 83 16 annan
919 1042 68 22 myn-

231 1069 88 30 dighet
355 1071 69 27 söka,
460 1071 62 21 kära
553 1071 45 22 och
626 1078 83 15 svara.
756 1070 57 22 Med
842 1070 145 28 anslutning

230 1104 37 22 till
293 1104 30 22 de
347 1105 133 28 principer,
507 1112 53 15 som
584 1105 160 23 beträffande
770 1104 144 29 aktiebolag
942 1104 44 22 och

231 1139 132 29 andelslag
399 1140 43 22 äro
478 1140 45 22 hos
560 1146 41 16 oss
638 1140 118 28 gällande
786 1139 47 22 och
863 1138 86 22 hvilka
979 1138 8 22 i

230 1179 81 22 nyare
336 1174 119 22 utländsk
477 1174 158 29 lagstiftning
654 1174 126 28 tillämpas
799 1173 95 29 jämväl
913 1173 74 29 angå-

231 1208 64 22 ende
314 1208 147 29 föreningar
479 1208 56 22 med
549 1208 89 22 ideella
655 1208 125 26 ändamål,
796 1208 80 22 skulle
889 1207 98 22 inskrif-

230 1242 63 29 ning
320 1242 46 22 hos
393 1242 115 29 offentlig
535 1243 147 29 myndighet
700 1243 8 21 i
728 1244 35 20 ett
787 1242 39 22 för
846 1242 141 22 ändamålet

229 1276 70 22 fördt
326 1277 108 28 register
461 1278 91 28 utgöra
579 1279 35 20 ett
641 1276 161 29 nödvändigt
832 1276 90 22 villkor
948 1276 40 22 för

230 1316 32 16 en
282 1312 163 22 associations
462 1312 196 28 rättskapacitet,
673 1311 110 23 hvarvid
802 1310 184 29 inskrifningen

230 1344 81 23 tillika
339 1346 119 22 bestämts
487 1346 82 22 såsom
598 1346 118 28 tidpunkt
741 1345 40 22 för
810 1345 96 22 dennas
926 1351 61 22 upp-

230 1379 91 23 komst.
346 1380 50 22 För
421 1382 35 20 att
480 1380 148 28 föreningen
656 1380 40 22 må
726 1380 88 22 kunna
839 1380 7 21 i
870 1379 117 29 registret

229 1413 106 27 införas,
363 1414 79 22 måste
467 1414 135 22 emellertid
627 1414 58 22 dess
704 1414 106 28 stadgar
834 1420 63 15 vara
916 1413 71 22 affat-

230 1448 59 22 tade
309 1448 62 22 efter
391 1449 67 22 vissa
477 1449 7 21 i
502 1449 43 29 lag
563 1448 152 23 föreskrifna
737 1454 109 16 normer.
883 1448 53 22 Där
958 1448 28 22 så

301 1526 129 22 Lagutskottets
443 1526 109 18 betänkande
565 1526 36 18 N:o
614 1527 17 17 4.
