1086 1770
107 154 87 34 Afskrift.
727 177 3 4 N

723 177 144 28 Ötversättning.

136 307 282 32 Generalguvernören

256 347 51 18 öfver

239 381 87 21 Finland

217 441 129 20 Helsingfors

153 476 35 17 den
200 475 45 23 2/15
257 474 83 18 Januari
352 474 54 17 1906.

236 509 37 17 N:o
285 509 41 18 315.

384 601 36 18 Till
439 601 50 18 Herr
508 601 127 19 Prokuratorn
654 602 4 17 i
676 601 99 23 Kejserliga
788 601 78 19 Senaten

316 624 29 19 för
357 624 85 19 Finland.

178 701 46 20 Med
246 700 107 25 anledning
374 701 20 18 af
414 700 40 20 den
475 701 7 18 i
504 701 50 19 Herr
575 701 147 19 Prokuratorns
737 700 96 20 handbref
848 700 20 19 af

109 730 40 19 den
173 730 24 19 11
220 729 135 20 innevarande
376 729 82 19 Januari
474 729 69 26 gjorda
559 729 149 25 framställning
722 729 35 19 har
771 729 34 25 jag
819 730 48 18 äran

109 758 98 24 meddela,
222 760 29 18 att
266 757 33 26 jag
317 757 43 20 icke
376 758 95 19 omfattar
486 758 120 25 riktigheten
622 758 20 19 af
656 757 52 20 Herr
723 757 144 20 Prokuratorns

110 787 103 20 utlåtande
236 787 74 22 därom,
333 788 29 18 att
384 786 146 20 öfverträdelse
551 787 20 18 af
592 787 46 24 laga
653 786 86 24 ordning
753 785 66 20 skulle
834 787 35 24 ägt

110 822 45 13 rum
172 815 34 20 vid
221 815 141 20 förordnandet
378 815 19 19 af
412 814 132 21 Guvernören
557 815 57 20 öfver
625 815 52 20 Vasa
693 815 32 19 län
735 814 133 26 Knipovitsch

110 844 33 19 till
159 843 185 26 tjänstförrättande
360 843 92 20 Direktor
468 844 30 19 för
513 843 289 26 Generalguvernörskansliet.

180 872 77 26 Frägan
279 879 32 12 om
326 872 61 24 ryske
402 872 126 25 infödingars
542 874 40 18 rätt
597 874 29 18 att
641 872 82 20 bekläda
739 872 82 25 tjenster
837 871 33 19 vid

110 900 284 26 Generalguvernörskansliet
424 900 42 20 blef
489 901 58 19 väckt
570 900 61 20 redan
660 901 6 19 i
689 900 66 26 början
779 900 19 19 af
822 900 47 19 sist-

110 930 93 19 förflutna
225 929 60 23 sekel,
308 929 37 19 och
366 929 40 19 blef
429 928 27 20 dä
479 929 5 19 i
506 929 73 25 nädiga
602 929 141 25 förordningen
764 929 19 19 af
802 928 39 20 den
857 928 12 19 2

112 958 38 25 Maj
168 958 53 20 1827
244 958 97 25 stadgadt,
356 960 29 17 att
396 958 73 25 »sagda
485 958 74 24 Kansli,
575 957 67 20 säsom
659 958 86 19 hörande
760 957 30 19 till
805 956 66 20 Gene-

113 987 165 25 ralguvernörens
293 987 75 19 embete
383 986 6 20 i
405 986 51 20 hans
476 987 101 25 egenskap
592 986 20 20 af
627 986 41 20 Vår
684 985 165 21 ställföreträdare
865 985 5 19 i

111 1015 75 25 landet,
208 1016 79 24 intager
306 1021 25 13 en
355 1014 87 20 särskild
466 1015 101 25 ställning,
591 1015 5 19 i
612 1014 101 20 anseende
728 1014 80 20 hvartill
823 1014 25 19 de
864 1014 6 18 i

112 1044 84 20 Finland
219 1044 92 26 gällande
333 1044 37 19 och
392 1044 41 19 före
456 1043 123 20 inrättandet
594 1044 20 19 af
628 1043 82 20 berörda
725 1042 68 21 Kansli
809 1042 63 20 utfär-

111 1072 52 20 dade
184 1072 101 20 allmänna
311 1072 123 26 stadganden
464 1072 84 20 rörande
570 1072 96 26 tjänsters
689 1072 116 20 besättande
828 1071 43 19 icke

113 1104 68 16 kunna
196 1101 46 20 med
257 1101 94 20 afseende
366 1100 12 20 &
393 1100 93 20 Kansliet
502 1101 117 25 tillämpas».

181 1130 32 19 En
235 1132 56 17 ännu
313 1135 42 14 mer
377 1129 118 25 kategorisk
517 1130 81 25 lösning
615 1129 41 20 fick
671 1128 128 20 förevarande
816 1128 55 25 fräga

112 1164 73 20 genom
207 1158 78 26 Nädiga
307 1158 141 25 förordningen
472 1158 20 19 af
514 1158 38 20 den
576 1160 10 18 1
610 1158 87 25 Augusti
715 1158 59 23 1891,
790 1157 5 19 i
811 1157 60 19 hvars

112 1187 55 25 3:dje
188 1187 65 25 punkt
275 1186 137 26 uttryckligen
435 1188 65 24 säges,
523 1188 30 18 att
573 1186 30 20 till
622 1186 120 26 tjänstemän
758 1186 34 19 vid
807 1185 64 20 Gene-

113 1216 226 24 ralguvernörskansliet
361 1216 5 18 i
390 1215 70 19 landet
490 1215 56 20 skola
568 1215 106 20 framdeles
704 1217 55 17 utses
778 1220 95 20 personer

113 1244 61 20 bland
195 1244 61 25 ryske
279 1244 126 25 tjänstemän,
429 1250 45 13 som
496 1244 82 20 afslutat
595 1243 180 20 universitetskurs
790 1243 37 20 och
842 1242 31 20 in-

113 1272 77 20 hämtat
212 1272 94 26 grundlig
328 1272 62 20 insikt
412 1272 6 19 i
440 1272 26 20 de
488 1272 65 20 lokala
575 1272 65 20 finska
662 1272 86 25 lagarna,
769 1272 103 19 äfvensom

114 1301 60 19 bland
195 1301 67 19 finnar
285 1301 45 19 med
353 1301 61 25 högre
437 1300 98 26 bildning,
556 1307 46 14 men
624 1300 70 20 endast
710 1300 81 24 sädana,
806 1299 68 20 hvilka

113 1329 122 26 grundligen
248 1329 65 20 känna
328 1329 60 25 ryska
404 1329 89 25 spräket.

183 1357 72 20 Likasä
277 1358 39 19 kan
337 1357 33 26 jag
392 1357 45 20 icke
452 1357 64 20 heller
530 1358 57 19 finna
601 1357 62 20 Edert
678 1357 103 20 uttalande
797 1356 76 23 därom,

114 1388 30 18 att
166 1386 141 26 förordningen
330 1386 19 20 af
368 1386 40 20 den
433 1387 11 19 1
469 1386 86 26 Augusti
579 1386 54 20 1891
656 1385 64 21 skulle
735 1385 52 26 gälla
801 1385 73 20 endast

115 1415 161 25 tjänstemännen
299 1415 34 19 vid
351 1414 98 25 Kansliet,
466 1421 46 13 men
527 1415 42 19 icke
587 1415 47 19 dess
649 1414 92 24 direktor,
755 1414 59 19 hafva
829 1413 45 20 skäl

115 1444 31 19 för
171 1444 37 24 sig,
230 1443 25 20 dä
277 1444 21 25 ju
320 1444 10 23 $
349 1444 9 18 1
376 1443 29 19 uti
421 1443 150 20 instruktionen
587 1444 30 19 för
632 1442 243 26 Generalguvernörskan-

116 1472 46 20 sliet
185 1472 19 19 af
220 1472 38 20 den
275 1473 10 19 7
302 1472 56 25 April
375 1472 56 20 1884
447 1472 62 19 bland
524 1472 128 25 tjänstemän,
667 1471 90 20 anstälda
774 1471 33 19 vid
822 1470 53 20 Kan-
