1086 1770
210 152 27 20 32
440 152 21 22 U.
479 152 22 21 B.
518 164 28 3 —
564 152 61 27 Prop.
643 152 35 22 N:o
693 152 31 22 18.

282 217 20 28 2)
326 217 158 28 Tjänsteman,
508 218 69 20 hvars
601 218 139 27 utnämning
764 217 34 20 till
814 217 146 21 såbeskaffad

210 253 77 26 tjänst,
311 260 50 14 som
385 254 7 20 i
418 255 9 19 1
455 254 104 27 punkten
583 254 67 25 afses,
675 256 36 25 egt
734 261 51 14 rum
808 253 6 20 i
836 260 77 14 annan
930 255 30 19 än

210 289 185 28 grundlagsenlig
419 290 106 27 ordning,
549 290 60 21 skall
633 290 50 21 från
707 290 99 27 tjänsten
823 289 50 27 afgå
891 290 12 20 å
920 289 40 26 tid,

210 325 95 20 hvilken
322 325 25 20 af
361 327 94 19 senaten
472 325 141 22 bestämmes
629 326 45 21 och
691 325 42 22 bör
749 325 80 21 infalla
846 325 64 21 inom
931 327 31 18 ett

211 361 25 20 år
253 361 117 20 härefter.»

283 397 101 21 Formelt
395 398 79 27 skiljer
486 398 40 27 sig,
538 405 50 14 som
605 399 69 20 häraf
689 405 75 20 synes,
781 398 61 20 detta
854 399 107 19 senatens

211 433 121 26 lagförslag
355 433 34 21 till
410 434 45 20 och
478 435 51 19 med
546 435 45 19 rätt
608 434 120 20 märkbart
744 434 50 20 från
811 433 126 21 innehållet
954 433 7 20 i

211 468 44 21 den
280 468 82 28 nådiga
387 470 181 26 propositionen.
601 470 92 27 Sakliga
711 469 182 27 skiljaktigheter
909 470 53 20 sak-

211 511 42 14 nas
278 505 123 27 ingalunda
431 506 77 20 heller.
542 506 7 20 1
575 506 62 21 vissa
661 506 125 21 afseenden
810 507 26 19 är
860 505 48 21 åter
929 505 32 21 af-

211 540 127 28 fattningen
370 542 24 20 af
423 542 145 26 regeringens
603 542 92 27 slutliga
726 542 124 26 lagförslag
881 541 78 27 betyd-

211 576 40 27 ligt
278 583 62 15 mera
364 578 37 20 vid
426 579 29 19 än
482 578 37 20 det
542 578 25 20 af
592 580 94 18 senaten
714 577 134 28 uppgjorda.
889 577 7 21 I
923 577 38 21 det

212 612 145 22 sistnämnda
374 614 96 20 berörde
492 614 137 27 stadgandet
647 620 39 14 om
703 614 93 27 olagligt
812 613 80 21 tillsatt
905 613 56 27 tjän-

212 651 102 18 stemans
334 649 58 28 plikt
414 652 32 18 att
462 650 51 27 afgå
529 651 82 20 endast
627 651 147 26 tjänsteman,
792 656 50 14 som
860 649 52 21 med
929 649 31 20 af-

212 685 86 20 vikelse
320 685 50 21 från
392 686 113 27 grundlag
521 687 120 20 utnämnts
657 686 34 21 till
709 686 71 21 sådan
798 685 77 27 tjänst,
892 685 69 20 hvars

211 720 151 22 innehafvare
386 722 18 26 ej
429 722 46 20 kan
500 722 95 21 afsättas
619 724 56 19 utan
692 722 50 27 laga
758 721 143 27 ransakning
917 721 43 20 och

212 757 61 20 dom.
307 757 48 20 Den
380 758 84 27 nådiga
485 758 176 27 propositionen
683 758 47 21 åter
747 757 129 21 utsträcker
892 757 69 26 sagda

212 792 65 27 plikt,
302 795 55 19 utan
374 795 31 19 att
422 793 52 21 med
492 796 30 19 ett
538 794 41 21 ord
597 794 6 20 i
620 794 76 21 denna
714 794 76 27 punkt
806 793 80 21 beröra
903 793 57 27 tjän-

212 830 102 19 stemäns
330 829 184 27 inamovibilitet,
531 830 33 20 till
582 830 45 20 alla
644 842 26 2 —
689 829 117 21 amovibla
823 829 25 20 så
862 829 36 20 väl
910 835 50 14 som

211 864 144 21 inamovibla
370 877 29 2 —
416 865 78 21 hvilka
512 866 29 26 på
557 866 74 26 grund
649 866 24 20 af
687 866 28 20 de
732 871 83 21 genom
829 865 133 21 november-

212 900 131 20 manifestet
366 901 119 27 upphäfda
515 901 193 27 förordningarna
732 901 77 21 blifvit
833 901 128 21 utnämnda

211 936 33 20 till
269 936 70 27 tjänst
362 937 52 20 med
432 937 110 21 afvikelse
566 937 50 21 från
641 937 119 27 grundlag.
793 936 78 22 Också
895 937 65 20 dessa

212 972 138 21 sistanförda
372 973 40 20 ord
433 973 80 21 kunna
530 973 162 21 åstadkomma
715 980 27 14 en
768 972 107 21 kännbar
899 972 62 27 skilj-

209 1008 120 27 jaktighet.
362 1008 87 21 Genom
475 1011 33 19 att
531 1010 107 20 använda
663 1009 115 27 uttrycket
802 1008 19 20 »i
838 1015 77 14 annan
932 1010 29 18 än

211 1044 186 28 grundlagsenlig
426 1045 111 27 ordning»
570 1045 63 21 torde
661 1048 93 18 senaten
782 1044 69 20 hafva
878 1044 84 27 åsyftat

212 1080 171 27 utnämningar,
408 1080 78 21 hvilka
511 1081 116 27 företagits
643 1081 25 20 af
689 1088 78 13 annan
793 1082 29 18 än
847 1080 33 20 till
904 1080 58 27 tjän-

212 1117 63 19 stens
298 1116 134 21 besättande
456 1116 127 27 berättigad
604 1117 135 27 myndighet
756 1116 55 21 eller
826 1116 40 20 vid
883 1116 78 20 hvilka

211 1152 124 20 tvärtemot
358 1152 154 27 grundlagens
533 1152 47 21 bud
597 1153 85 26 förslag
698 1152 50 21 icke
768 1152 120 27 uppgjorts
908 1152 55 20 eller

212 1187 38 20 vid
276 1188 79 20 hvilka
378 1188 100 26 tjänsten
502 1188 42 20 alls
569 1188 50 21 icke
641 1188 178 27 lediganslagits.
852 1188 110 20 Däremot

212 1223 152 27 omintetgöra
381 1224 44 21 den
442 1224 84 26 nådiga
542 1224 186 27 propositionens
743 1224 96 26 ordalag
853 1224 64 20 »med
929 1223 32 21 af-

213 1259 87 21 vikelse
324 1259 50 21 från
399 1260 154 26 grundlagen»
578 1260 68 21 äfven
671 1260 27 20 de
722 1260 7 20 i
750 1259 62 21 kraft
832 1260 26 20 af
871 1259 28 21 de
915 1259 47 21 ofta

211 1295 104 20 nämnda
324 1296 193 26 förordningarna
527 1296 87 20 skedda
624 1296 204 26 utnämningarna,
835 1295 39 20 vid
882 1295 79 20 hvilka

212 1330 29 27 på
266 1331 69 26 något
359 1333 70 18 annat
454 1333 44 18 sätt
522 1331 109 21 afvikelse
654 1332 51 20 från
722 1331 113 27 grundlag
852 1332 35 25 egt
903 1337 59 16 rum,

211 1367 141 26 exempelvis
368 1373 83 20 genom
468 1367 172 21 åsidosättande
657 1367 24 20 af
699 1367 205 26 bestämningarna
925 1367 35 20 rö-

212 1402 72 20 rande
300 1403 137 27 kompetens
454 1404 44 20 och
514 1406 157 18 avancement.
705 1404 42 20 Det
764 1404 26 20 är
806 1402 98 21 sålunda
919 1402 43 21 alls

211 1438 51 20 icke
288 1438 179 22 öfverraskande
491 1441 32 19 att
546 1440 81 20 chefen
651 1440 36 20 för
709 1438 253 28 justitieexpeditionen

211 1474 83 26 vägrar
318 1476 31 18 att
370 1474 116 27 uppgifva,
508 1475 79 20 hvilka
604 1475 273 27 tjänstemannagrupper
892 1486 29 2 —
937 1474 25 20 så
