1078 1756
316 148 30 22 U.
363 149 27 21 B.
406 161 27 3 —
449 148 74 28 Prop.
539 149 40 22 N:o
596 149 36 22 14.
821 148 28 23 59

96 216 38 22 vit
155 217 42 27 sig,
220 218 38 21 må
282 216 118 29 utgifvare
422 217 57 22 eller
491 217 204 26 hufvudredaktör
708 218 85 26 kunna,
808 217 45 23 där

99 250 132 29 synnerliga
247 251 55 22 skäl
315 254 49 24 äro,
376 251 58 29 från
448 251 76 29 straff
530 252 120 28 frikallas.

442 355 28 22 33
485 356 21 26 &.

168 416 74 29 Begås
258 417 59 22 brott
332 423 85 22 genom
440 418 123 21 innehållet
578 418 6 21 i
601 418 101 28 utgifven
718 418 133 28 tryckskrift,

101 450 68 22 hvarå
191 451 135 26 författaren,
350 451 125 28 utgifvaren
499 452 81 27 eller,
577 446 13 39 i
603 451 63 29 fråga
682 458 37 15 om
736 451 116 29 periodisk

99 485 70 26 skrift,
187 485 220 22 hufvudredaktören
424 486 19 28 ej
459 486 75 22 finnes
545 487 106 28 angifven
664 486 53 22 eller
727 488 23 20 är
761 487 91 27 oriktigt

97 519 118 28 angifven,
237 520 44 22 och
304 520 66 29 gitter
386 520 144 29 förläggaren
547 522 19 27 ej
582 518 49 25 visa
642 520 44 29 för
698 520 98 29 skriften
811 527 40 15 an-

99 555 87 27 svarig
205 554 120 27 författare,
341 554 110 29 utgifvare
467 555 53 22 eller
535 555 197 26 hufvudredaktör,
748 561 51 16 som
815 555 36 22 be-

94 587 84 29 finner
197 589 39 27 sig
256 588 56 22 eller
332 589 39 22 vid
387 589 44 22 den
447 589 32 22 tid
495 589 92 22 skriften
603 589 75 28 utgafs
694 589 83 22 befann
794 589 35 29 sig
844 589 7 22 i

97 622 86 27 landet,
199 623 88 22 straffes
304 623 151 28 förläggaren,
472 623 39 23 där
528 624 43 21 han
587 624 20 28 ej
624 623 29 29 på
668 624 74 28 grund
758 624 22 22 af
794 624 29 22 30
837 624 14 27 &

95 659 25 20 är
134 657 152 22 underkastad
298 657 61 22 straff
374 658 34 21 för
423 657 89 28 brottet,
529 658 51 22 med
596 658 65 22 böter
675 658 48 22 från
739 659 44 21 och
799 658 52 22 med

95 691 34 22 tio
144 691 33 22 till
193 691 44 22 och
254 691 51 22 med
327 693 88 20 ettusen
432 693 63 21 mark
511 692 53 22 eller
578 692 103 29 fängelse
697 693 19 28 ej
733 693 63 22 öfver
811 699 39 16 sex

94 725 114 22 månader.

167 765 88 23 Saknas
279 766 12 22 å
314 766 179 29 icke-periodisk
514 767 133 28 tryckskrift,
663 767 66 22 hvars
752 767 99 22 innehåll

95 801 24 21 är
142 800 118 27 straffbart,
276 800 82 29 jämväl
378 801 147 22 föreskrifven
541 802 91 28 uppgift
646 807 39 16 om
700 801 150 29 förläggaren,

96 834 54 22 eller
165 834 13 22 å
195 834 106 29 brottslig
315 835 117 28 periodisk
447 835 63 22 skrift
526 836 90 28 uppgift
631 842 37 15 om
685 835 164 23 hufvudredak-

96 869 73 26 tören,
185 869 53 22 eller
254 871 24 20 är
292 869 144 28 förläggaren
453 870 53 21 eller
523 870 220 22 hufvudredaktören
760 870 91 28 oriktigt

97 903 125 28 uppgifven
238 903 44 22 och
298 903 82 22 förmår
396 903 163 30 boktryckaren
576 905 19 28 ej
606 905 49 22 visa
662 905 127 28 förläggare
798 904 53 22 eller

96 937 203 27 hufvudredaktör,
316 938 19 28 ej
359 938 69 22 heller
443 945 75 15 annan
535 939 20 22 af
571 939 28 22 de
615 939 6 22 i
645 939 3 22 I
666 945 68 16 mom.
751 939 99 22 nämnda

97 977 116 23 personer,
236 978 50 16 som
309 974 29 20 är
351 972 35 22 för
406 972 92 22 skriften
515 973 112 28 ansvarig,
643 973 87 22 straffes
745 973 104 28 boktryc-

96 1006 55 22 kare
166 1006 77 22 såsom
259 1012 38 16 om
313 1006 128 28 förläggare
457 1008 23 20 är
495 1007 74 28 sagdt.

167 1046 92 22 Samma
283 1047 37 28 lag
335 1053 53 15 vare
408 1053 37 15 om
462 1047 156 22 bokhandlare
634 1048 52 21 eller
702 1054 80 20 annan,
799 1053 50 16 som

97 1080 90 29 sprider
206 1081 119 28 förgriplig
340 1081 132 28 tryckskrift,
489 1081 68 22 hvarä
573 1082 28 21 de
617 1082 6 21 i
641 1082 25 22 10
681 1082 14 27 $
718 1082 132 22 föreskrifna

97 1115 116 28 uppgifter
228 1121 38 16 om
283 1115 177 29 boktryckarens
477 1122 69 16 namn
564 1116 53 22 eller
626 1116 70 26 firma,
709 1116 141 28 trycknings-

96 1150 65 21 orten
184 1149 44 22 och
251 1149 78 23 ärtalet
344 1150 41 22 alls
401 1150 49 22 icke
466 1150 75 22 finnas
557 1151 53 21 eller
625 1151 85 21 honom
726 1151 123 27 veterligen

97 1185 39 20 äro
160 1184 103 28 oriktiga,
287 1184 39 22 där
346 1184 44 22 han
407 1185 19 27 ej
443 1184 44 22 kan
503 1186 83 20 nämna
602 1184 76 29 nägon
695 1184 21 22 af
731 1185 67 21 oivan
815 1185 6 21 i
839 1184 8 22 1

97 1224 70 16 mom.
191 1218 151 22 omiförmälda
365 1225 114 22 personer.
511 1219 66 22 Hvad
597 1226 30 15 nu
644 1221 23 20 är
682 1220 51 27 sagt
748 1225 42 23 ege
807 1219 43 22 ock

96 1252 147 29 tillämpning
259 1252 12 23 å
288 1253 143 23 innehafvare
448 1254 21 22 af
485 1254 56 22 läse-
558 1254 43 22 och
617 1254 168 22 länebibliotek.

441 1356 28 22 34
485 1357 20 27 &.

167 1417 65 22 Hvad
256 1418 6 21 i
286 1418 74 22 denna
381 1418 37 28 lag
434 1418 94 29 stadgas
545 1425 37 16 om
598 1419 118 27 författare,
732 1419 58 28 gälle
807 1419 43 22 ock

96 1457 37 16 om
153 1452 145 22 öifversättare
314 1452 22 22 af
350 1459 88 15 annans
454 1453 69 22 skrift.

164 1486 134 22 Lagutskottets
310 1486 111 18 betänkande
433 1487 37 17 N:o
482 1487 19 17 2.
