1084 1764
439 183 93 27 Bilaga.

130 617 149 33 Öfversikt
296 624 29 26 af
342 624 222 34 lagstiftningen
582 632 45 18 om
646 624 166 34 föreningar
829 624 10 26 i

351 664 144 26 särskilda
513 664 108 27 länder.

177 769 91 30 Sverge
286 770 93 22 saknar
404 770 139 23 tillsvidare
569 770 234 30 lagbestämningar
825 770 39 22 rö-

108 804 79 23 rande
215 804 154 30 föreningar,
394 804 87 23 hvilka
508 805 55 22 icke
593 804 84 30 åsyfta
704 804 160 23 ekonomiskt

108 838 106 23 förvärf.
258 839 39 22 En
324 839 99 29 rättslig
450 840 127 29 reglering
600 839 25 22 af
643 839 221 29 föreningsväsen-

109 873 42 23 det
181 874 47 22 har
258 873 64 23 dock
353 875 95 21 ansetts
478 874 79 29 nödig
586 874 46 22 och
663 880 31 16 en
724 873 40 23 för
788 873 76 23 ända-

109 908 76 22 målet
209 908 100 22 nedsatt
333 908 91 22 komitö
449 908 48 22 har
520 908 129 22 utarbetat
673 909 35 21 ett
725 908 139 29 lagförslag

110 948 39 16 om
177 942 147 29 föreningar
347 942 40 22 för
412 949 84 16 annan
520 943 33 22 än
572 942 147 23 ekonomisk
737 942 127 22 verksam-

110 976 47 27 het,
186 976 96 23 hvilket
310 977 73 29 ingär
409 977 36 22 uti
470 977 125 23 komitöns
620 977 28 22 är
674 977 66 22 1908
765 976 99 30 utgifna

110 1011 169 23 betänkande.
328 1011 89 23 Ehuru
448 1011 68 23 detta
550 1011 139 30 lagförslag
724 1011 140 23 innehåller

110 1046 160 28 stadganden
288 1046 95 28 jämväl
402 1046 26 22 af
445 1046 227 29 offentligträttslig
690 1047 82 25 natur,
793 1045 72 23 torde

110 1080 138 22 detsamma
273 1080 79 22 likväl
370 1080 53 22 icke
442 1080 78 23 hafva
538 1080 183 29 framsprungit
738 1087 30 15 ur
787 1080 79 28 något

110 1114 77 22 behof
224 1114 25 23 af
283 1114 158 23 föreskrifter
477 1122 61 15 vare
575 1115 39 29 sig
649 1115 37 22 till
721 1114 144 29 tryggande

110 1149 62 22 eller
190 1149 189 23 inskränkande
399 1150 25 22 af
441 1149 247 29 föreningsfriheten.
721 1149 63 22 Dess
803 1155 63 22 upp-

110 1183 84 23 komst
221 1184 52 22 står
300 1184 119 22 fastmera
448 1186 36 20 att
511 1184 62 22 söka
601 1184 8 22 i
636 1184 48 22 den
712 1183 154 29 omständig-

110 1218 84 27 heten,
218 1219 35 22 att
271 1218 94 23 tvekan
384 1218 109 23 rörande
513 1225 19 16 s.
553 1218 24 23 k.
597 1218 89 23 ideella
705 1218 161 29 föreningars

111 1253 191 28 rättskapacitet
326 1253 96 29 begynt
446 1254 63 28 göra
534 1253 39 29 sig
592 1253 118 29 gällande
728 1253 72 22 såväl
818 1252 48 22 hos

111 1287 138 22 domstolar
277 1294 52 16 som
354 1288 47 22 hos
426 1287 177 26 allmänheten,
629 1287 78 22 sedan
731 1287 75 29 lagen
826 1292 40 17 om

111 1321 148 30 föreningar
276 1322 40 22 för
335 1322 147 22 ekonomisk
503 1321 162 23 verksamhet
678 1321 152 29 (andelslag)
842 1321 25 22 af

112 1355 28 22 år
170 1356 66 23 1895
265 1357 68 28 gjort
351 1356 127 29 sistsagda
498 1356 159 29 föreningars
676 1355 191 29 rättskapacitet

112 1389 127 24 beroende
259 1391 25 22 af
301 1391 173 29 registrering.

181 1425 177 29 Lagförslaget
377 1425 26 22 af
423 1425 68 22 1903
512 1425 116 28 angifver
641 1431 52 16 som
706 1424 106 22 föremål
828 1423 40 23 för

112 1459 88 29 lagens
229 1459 189 30 bestämningar
446 1459 155 29 föreningar,
631 1465 52 16 som
705 1458 108 29 fullfölja
833 1459 35 21 ett
