<?xml version="1.0" encoding="UTF-8"?>
<alto xmlns="http://www.loc.gov/standards/alto/ns-v3#" xmlns:xlink="http://www.w3.org/1999/xlink" xmlns:xsi="http://www.w3.org/2001/XMLSchema-instance" xsi:schemaLocation="http://www.loc.gov/standards/alto/ns-v3# http://www.loc.gov/alto/v3/alto-3-0.xsd">
	<Description>
		<MeasurementUnit>pixel</MeasurementUnit>
		<sourceImageInformation>
			<fileName>/tmp/tess_h3_ayxbe_input.PNG</fileName>
		</sourceImageInformation>
		<OCRProcessing ID="OCR_0">
			<ocrProcessingStep>
				<processingSoftware>
					<softwareName>tesseract 5.3.4</softwareName>
				</processingSoftware>
			</ocrProcessingStep>
		</OCRProcessing>
	</Description>
	<Layout>
		<Page WIDTH="1089" HEIGHT="1773" PHYSICAL_IMG_NR="0" ID="page_0">
			<PrintSpace HPOS="0" VPOS="0" WIDTH="1089" HEIGHT="1773">
				<ComposedBlock ID="cblock_0" HPOS="263" VPOS="175" WIDTH="17" HEIGHT="22">
					<TextBlock ID="block_0" HPOS="263" VPOS="175" WIDTH="17" HEIGHT="22">
						<TextLine ID="line_0" HPOS="263" VPOS="175" WIDTH="17" HEIGHT="22">
							<String ID="string_0" HPOS="263" VPOS="175" WIDTH="17" HEIGHT="22" WC="0.97" CONTENT="4"/>
						</TextLine>
					</TextBlock>
				</ComposedBlock>
				<ComposedBlock ID="cblock_1" HPOS="226" VPOS="243" WIDTH="764" HEIGHT="369">
					<TextBlock ID="block_1" HPOS="226" VPOS="243" WIDTH="764" HEIGHT="369">
						<TextLine ID="line_1" HPOS="228" VPOS="243" WIDTH="761" HEIGHT="31">
							<String ID="string_1" HPOS="228" VPOS="244" WIDTH="78" HEIGHT="23" WC="0.90" CONTENT="sation"/><SP WIDTH="16" VPOS="244" HPOS="306"/>
							<String ID="string_2" HPOS="322" VPOS="244" WIDTH="43" HEIGHT="23" WC="0.96" CONTENT="och"/><SP WIDTH="19" VPOS="244" HPOS="365"/>
							<String ID="string_3" HPOS="384" VPOS="245" WIDTH="101" HEIGHT="22" WC="0.96" CONTENT="därefter"/><SP WIDTH="19" VPOS="245" HPOS="485"/>
							<String ID="string_4" HPOS="504" VPOS="245" WIDTH="53" HEIGHT="22" WC="0.95" CONTENT="låtit"/><SP WIDTH="19" VPOS="245" HPOS="557"/>
							<String ID="string_5" HPOS="576" VPOS="245" WIDTH="37" HEIGHT="22" WC="0.93" CONTENT="till"/><SP WIDTH="18" VPOS="245" HPOS="613"/>
							<String ID="string_6" HPOS="631" VPOS="245" WIDTH="195" HEIGHT="29" WC="0.91" CONTENT="grundlagsenlig"/><SP WIDTH="18" VPOS="245" HPOS="826"/>
							<String ID="string_7" HPOS="844" VPOS="243" WIDTH="145" HEIGHT="30" WC="0.96" CONTENT="behandling"/>
						</TextLine>
						<TextLine ID="line_2" HPOS="228" VPOS="278" WIDTH="761" HEIGHT="31">
							<String ID="string_8" HPOS="228" VPOS="279" WIDTH="123" HEIGHT="29" WC="0.96" CONTENT="förelägga"/><SP WIDTH="27" VPOS="279" HPOS="351"/>
							<String ID="string_9" HPOS="378" VPOS="279" WIDTH="42" HEIGHT="22" WC="0.96" CONTENT="Oss"/><SP WIDTH="23" VPOS="279" HPOS="420"/>
							<String ID="string_10" HPOS="443" VPOS="279" WIDTH="74" HEIGHT="29" WC="0.95" CONTENT="nådig"/><SP WIDTH="24" VPOS="279" HPOS="517"/>
							<String ID="string_11" HPOS="541" VPOS="280" WIDTH="146" HEIGHT="29" WC="0.96" CONTENT="proposition"/><SP WIDTH="25" VPOS="280" HPOS="687"/>
							<String ID="string_12" HPOS="712" VPOS="278" WIDTH="121" HEIGHT="30" WC="0.95" CONTENT="angående"/><SP WIDTH="25" VPOS="278" HPOS="833"/>
							<String ID="string_13" HPOS="858" VPOS="286" WIDTH="32" HEIGHT="21" WC="0.91" CONTENT="ny"/><SP WIDTH="23" VPOS="286" HPOS="890"/>
							<String ID="string_14" HPOS="913" VPOS="278" WIDTH="76" HEIGHT="23" WC="0.91" CONTENT="landt-"/>
						</TextLine>
						<TextLine ID="line_3" HPOS="227" VPOS="313" WIDTH="762" HEIGHT="30">
							<String ID="string_15" HPOS="227" VPOS="313" WIDTH="162" HEIGHT="30" WC="0.91" CONTENT="dagsordning"/><SP WIDTH="24" VPOS="313" HPOS="389"/>
							<String ID="string_16" HPOS="413" VPOS="314" WIDTH="43" HEIGHT="22" WC="0.93" CONTENT="och"/><SP WIDTH="24" VPOS="314" HPOS="456"/>
							<String ID="string_17" HPOS="480" VPOS="314" WIDTH="79" HEIGHT="29" WC="0.92" CONTENT="vallag"/><SP WIDTH="25" VPOS="314" HPOS="559"/>
							<String ID="string_18" HPOS="584" VPOS="315" WIDTH="35" HEIGHT="21" WC="0.96" CONTENT="för"/><SP WIDTH="24" VPOS="315" HPOS="619"/>
							<String ID="string_19" HPOS="643" VPOS="313" WIDTH="225" HEIGHT="23" WC="0.84" CONTENT="Storfurstendömet"/><SP WIDTH="18" VPOS="313" HPOS="868"/>
							<String ID="string_20" HPOS="886" VPOS="313" WIDTH="103" HEIGHT="22" WC="0.96" CONTENT="Finland"/>
						</TextLine>
						<TextLine ID="line_4" HPOS="229" VPOS="347" WIDTH="759" HEIGHT="30">
							<String ID="string_21" HPOS="229" VPOS="348" WIDTH="121" HEIGHT="22" WC="0.92" CONTENT="äfvensom"/><SP WIDTH="28" VPOS="348" HPOS="350"/>
							<String ID="string_22" HPOS="378" VPOS="348" WIDTH="45" HEIGHT="29" WC="0.93" CONTENT="lag,"/><SP WIDTH="25" VPOS="348" HPOS="423"/>
							<String ID="string_23" HPOS="448" VPOS="349" WIDTH="163" HEIGHT="22" WC="0.91" CONTENT="innefattande"/><SP WIDTH="27" VPOS="349" HPOS="611"/>
							<String ID="string_24" HPOS="638" VPOS="348" WIDTH="117" HEIGHT="22" WC="0.90" CONTENT="särskilda"/><SP WIDTH="26" VPOS="348" HPOS="755"/>
							<String ID="string_25" HPOS="781" VPOS="347" WIDTH="207" HEIGHT="30" WC="0.90" CONTENT="öfvergängsstad-"/>
						</TextLine>
						<TextLine ID="line_5" HPOS="226" VPOS="382" WIDTH="762" HEIGHT="31">
							<String ID="string_26" HPOS="226" VPOS="382" WIDTH="103" HEIGHT="29" WC="0.91" CONTENT="ganden,"/><SP WIDTH="24" VPOS="382" HPOS="329"/>
							<String ID="string_27" HPOS="353" VPOS="383" WIDTH="72" HEIGHT="22" WC="0.91" CONTENT="hafva"/><SP WIDTH="18" VPOS="383" HPOS="425"/>
							<String ID="string_28" HPOS="443" VPOS="383" WIDTH="37" HEIGHT="28" WC="0.96" CONTENT="Vi,"/><SP WIDTH="19" VPOS="383" HPOS="480"/>
							<String ID="string_29" HPOS="499" VPOS="384" WIDTH="30" HEIGHT="29" WC="0.96" CONTENT="pä"/><SP WIDTH="24" VPOS="384" HPOS="529"/>
							<String ID="string_30" HPOS="553" VPOS="386" WIDTH="47" HEIGHT="19" WC="0.93" CONTENT="sätt"/><SP WIDTH="24" VPOS="386" HPOS="600"/>
							<String ID="string_31" HPOS="624" VPOS="383" WIDTH="102" HEIGHT="29" WC="0.88" CONTENT="framgär"/><SP WIDTH="23" VPOS="383" HPOS="726"/>
							<String ID="string_32" HPOS="749" VPOS="391" WIDTH="28" HEIGHT="14" WC="0.93" CONTENT="ur"/><SP WIDTH="18" VPOS="391" HPOS="777"/>
							<String ID="string_33" HPOS="795" VPOS="383" WIDTH="49" HEIGHT="21" WC="0.91" CONTENT="Vär"/><SP WIDTH="22" VPOS="383" HPOS="844"/>
							<String ID="string_34" HPOS="866" VPOS="382" WIDTH="38" HEIGHT="22" WC="0.96" CONTENT="till"/><SP WIDTH="18" VPOS="382" HPOS="904"/>
							<String ID="string_35" HPOS="922" VPOS="382" WIDTH="66" HEIGHT="22" WC="0.96" CONTENT="Hans"/>
						</TextLine>
						<TextLine ID="line_6" HPOS="228" VPOS="416" WIDTH="762" HEIGHT="31">
							<String ID="string_36" HPOS="228" VPOS="417" WIDTH="133" HEIGHT="29" WC="0.95" CONTENT="Kejserliga"/><SP WIDTH="24" VPOS="417" HPOS="361"/>
							<String ID="string_37" HPOS="385" VPOS="417" WIDTH="111" HEIGHT="30" WC="0.93" CONTENT="Majestät"/><SP WIDTH="24" VPOS="417" HPOS="496"/>
							<String ID="string_38" HPOS="520" VPOS="417" WIDTH="87" HEIGHT="23" WC="0.92" CONTENT="aflätna"/><SP WIDTH="24" VPOS="417" HPOS="607"/>
							<String ID="string_39" HPOS="631" VPOS="417" WIDTH="164" HEIGHT="29" WC="0.92" CONTENT="underdäniga"/><SP WIDTH="24" VPOS="417" HPOS="795"/>
							<String ID="string_40" HPOS="819" VPOS="417" WIDTH="122" HEIGHT="22" WC="0.95" CONTENT="skrifvelse"/><SP WIDTH="25" VPOS="417" HPOS="941"/>
							<String ID="string_41" HPOS="966" VPOS="416" WIDTH="24" HEIGHT="23" WC="0.97" CONTENT="af"/>
						</TextLine>
						<TextLine ID="line_7" HPOS="228" VPOS="451" WIDTH="761" HEIGHT="30">
							<String ID="string_42" HPOS="228" VPOS="451" WIDTH="47" HEIGHT="22" WC="0.96" CONTENT="den"/><SP WIDTH="21" VPOS="451" HPOS="275"/>
							<String ID="string_43" HPOS="296" VPOS="453" WIDTH="10" HEIGHT="20" WC="0.89" CONTENT="1"/><SP WIDTH="22" VPOS="453" HPOS="306"/>
							<String ID="string_44" HPOS="328" VPOS="452" WIDTH="106" HEIGHT="22" WC="0.84" CONTENT="sistlidne"/><SP WIDTH="33" VPOS="452" HPOS="434"/>
							<String ID="string_45" HPOS="467" VPOS="453" WIDTH="57" HEIGHT="28" WC="0.93" CONTENT="juni,"/><SP WIDTH="24" VPOS="453" HPOS="524"/>
							<String ID="string_46" HPOS="548" VPOS="453" WIDTH="71" HEIGHT="28" WC="0.96" CONTENT="jämte"/><SP WIDTH="28" VPOS="453" HPOS="619"/>
							<String ID="string_47" HPOS="647" VPOS="452" WIDTH="40" HEIGHT="22" WC="0.96" CONTENT="det"/><SP WIDTH="26" VPOS="452" HPOS="687"/>
							<String ID="string_48" HPOS="713" VPOS="452" WIDTH="57" HEIGHT="21" WC="0.91" CONTENT="Vii"/><SP WIDTH="20" VPOS="452" HPOS="770"/>
							<String ID="string_49" HPOS="790" VPOS="451" WIDTH="43" HEIGHT="23" WC="0.92" CONTENT="allt"/><SP WIDTH="27" VPOS="451" HPOS="833"/>
							<String ID="string_50" HPOS="860" VPOS="451" WIDTH="129" HEIGHT="29" WC="0.96" CONTENT="väsentligt"/>
						</TextLine>
						<TextLine ID="line_8" HPOS="229" VPOS="486" WIDTH="760" HEIGHT="30">
							<String ID="string_51" HPOS="229" VPOS="486" WIDTH="154" HEIGHT="22" WC="0.91" CONTENT="oförändrade"/><SP WIDTH="18" VPOS="486" HPOS="383"/>
							<String ID="string_52" HPOS="401" VPOS="487" WIDTH="106" HEIGHT="28" WC="0.92" CONTENT="godkänt"/><SP WIDTH="18" VPOS="487" HPOS="507"/>
							<String ID="string_53" HPOS="525" VPOS="487" WIDTH="118" HEIGHT="29" WC="0.92" CONTENT="förslagen"/><SP WIDTH="18" VPOS="487" HPOS="643"/>
							<String ID="string_54" HPOS="661" VPOS="487" WIDTH="37" HEIGHT="21" WC="0.93" CONTENT="till"/><SP WIDTH="19" VPOS="487" HPOS="698"/>
							<String ID="string_55" HPOS="717" VPOS="487" WIDTH="78" HEIGHT="28" WC="0.93" CONTENT="vallag"/><SP WIDTH="13" VPOS="487" HPOS="795"/>
							<String ID="string_56" HPOS="808" VPOS="486" WIDTH="44" HEIGHT="22" WC="0.96" CONTENT="och"/><SP WIDTH="13" VPOS="486" HPOS="852"/>
							<String ID="string_57" HPOS="865" VPOS="486" WIDTH="46" HEIGHT="29" WC="0.93" CONTENT="lag,"/><SP WIDTH="13" VPOS="486" HPOS="911"/>
							<String ID="string_58" HPOS="924" VPOS="486" WIDTH="65" HEIGHT="22" WC="0.92" CONTENT="inne-"/>
						</TextLine>
						<TextLine ID="line_9" HPOS="228" VPOS="520" WIDTH="760" HEIGHT="30">
							<String ID="string_59" HPOS="228" VPOS="521" WIDTH="107" HEIGHT="22" WC="0.90" CONTENT="fattande"/><SP WIDTH="28" VPOS="521" HPOS="335"/>
							<String ID="string_60" HPOS="363" VPOS="521" WIDTH="116" HEIGHT="22" WC="0.93" CONTENT="särskilda"/><SP WIDTH="26" VPOS="521" HPOS="479"/>
							<String ID="string_61" HPOS="505" VPOS="521" WIDTH="297" HEIGHT="29" WC="0.92" CONTENT="öfvergängsstadganden,"/><SP WIDTH="23" VPOS="521" HPOS="802"/>
							<String ID="string_62" HPOS="825" VPOS="521" WIDTH="36" HEIGHT="22" WC="0.96" CONTENT="för"/><SP WIDTH="23" VPOS="521" HPOS="861"/>
							<String ID="string_63" HPOS="884" VPOS="521" WIDTH="43" HEIGHT="22" WC="0.96" CONTENT="vär"/><SP WIDTH="24" VPOS="521" HPOS="927"/>
							<String ID="string_64" HPOS="951" VPOS="520" WIDTH="37" HEIGHT="22" WC="0.96" CONTENT="del"/>
						</TextLine>
						<TextLine ID="line_10" HPOS="229" VPOS="555" WIDTH="759" HEIGHT="30">
							<String ID="string_65" HPOS="229" VPOS="556" WIDTH="93" HEIGHT="29" WC="0.92" CONTENT="antagit"/><SP WIDTH="17" VPOS="556" HPOS="322"/>
							<String ID="string_66" HPOS="339" VPOS="555" WIDTH="103" HEIGHT="30" WC="0.93" CONTENT="följande"/><SP WIDTH="19" VPOS="555" HPOS="442"/>
							<String ID="string_67" HPOS="461" VPOS="555" WIDTH="230" HEIGHT="30" WC="0.91" CONTENT="landtdagsordning"/><SP WIDTH="17" VPOS="555" HPOS="691"/>
							<String ID="string_68" HPOS="708" VPOS="556" WIDTH="36" HEIGHT="22" WC="0.93" CONTENT="för"/><SP WIDTH="19" VPOS="556" HPOS="744"/>
							<String ID="string_69" HPOS="763" VPOS="555" WIDTH="225" HEIGHT="22" WC="0.92" CONTENT="Storfurstendömet"/>
						</TextLine>
						<TextLine ID="line_11" HPOS="228" VPOS="590" WIDTH="115" HEIGHT="22">
							<String ID="string_70" HPOS="228" VPOS="590" WIDTH="115" HEIGHT="22" WC="0.96" CONTENT="Finland:"/>
						</TextLine>
					</TextBlock>
				</ComposedBlock>
				<ComposedBlock ID="cblock_2" HPOS="568" VPOS="659" WIDTH="84" HEIGHT="30">
					<TextBlock ID="block_2" HPOS="568" VPOS="659" WIDTH="84" HEIGHT="30">
						<TextLine ID="line_12" HPOS="568" VPOS="659" WIDTH="84" HEIGHT="30">
							<String ID="string_71" HPOS="568" VPOS="661" WIDTH="10" HEIGHT="20" WC="0.96" CONTENT="1"/><SP WIDTH="21" VPOS="661" HPOS="578"/>
							<String ID="string_72" HPOS="599" VPOS="659" WIDTH="53" HEIGHT="30" WC="0.96" CONTENT="kap."/>
						</TextLine>
					</TextBlock>
				</ComposedBlock>
				<ComposedBlock ID="cblock_3" HPOS="482" VPOS="729" WIDTH="251" HEIGHT="28">
					<TextBlock ID="block_3" HPOS="482" VPOS="729" WIDTH="251" HEIGHT="28">
						<TextLine ID="line_13" HPOS="482" VPOS="729" WIDTH="251" HEIGHT="28">
							<String ID="string_73" HPOS="482" VPOS="729" WIDTH="126" HEIGHT="22" WC="0.95" CONTENT="Allmänna"/><SP WIDTH="17" VPOS="729" HPOS="608"/>
							<String ID="string_74" HPOS="625" VPOS="729" WIDTH="108" HEIGHT="28" WC="0.96" CONTENT="grunder."/>
						</TextLine>
					</TextBlock>
				</ComposedBlock>
				<ComposedBlock ID="cblock_4" HPOS="590" VPOS="814" WIDTH="37" HEIGHT="22">
					<TextBlock ID="block_4" HPOS="590" VPOS="814" WIDTH="37" HEIGHT="22">
						<TextLine ID="line_14" HPOS="590" VPOS="814" WIDTH="37" HEIGHT="22">
							<String ID="string_75" HPOS="590" VPOS="814" WIDTH="37" HEIGHT="22" WC="0.85" CONTENT="18."/>
						</TextLine>
					</TextBlock>
				</ComposedBlock>
				<ComposedBlock ID="cblock_5" HPOS="229" VPOS="872" WIDTH="760" HEIGHT="57">
					<TextBlock ID="block_5" HPOS="229" VPOS="872" WIDTH="760" HEIGHT="57">
						<TextLine ID="line_15" HPOS="299" VPOS="872" WIDTH="690" HEIGHT="29">
							<String ID="string_76" HPOS="299" VPOS="873" WIDTH="223" HEIGHT="22" WC="0.95" CONTENT="Storfurstendömet"/><SP WIDTH="23" VPOS="873" HPOS="522"/>
							<String ID="string_77" HPOS="545" VPOS="873" WIDTH="114" HEIGHT="22" WC="0.93" CONTENT="Finlands"/><SP WIDTH="24" VPOS="873" HPOS="659"/>
							<String ID="string_78" HPOS="683" VPOS="872" WIDTH="116" HEIGHT="29" WC="0.91" CONTENT="landtdag"/><SP WIDTH="18" VPOS="872" HPOS="799"/>
							<String ID="string_79" HPOS="817" VPOS="874" WIDTH="172" HEIGHT="27" WC="0.95" CONTENT="representerar"/>
						</TextLine>
						<TextLine ID="line_16" HPOS="229" VPOS="907" WIDTH="232" HEIGHT="22">
							<String ID="string_80" HPOS="229" VPOS="907" WIDTH="40" HEIGHT="22" WC="0.96" CONTENT="det"/><SP WIDTH="18" VPOS="907" HPOS="269"/>
							<String ID="string_81" HPOS="287" VPOS="908" WIDTH="76" HEIGHT="21" WC="0.96" CONTENT="finska"/><SP WIDTH="18" VPOS="908" HPOS="363"/>
							<String ID="string_82" HPOS="381" VPOS="908" WIDTH="80" HEIGHT="21" WC="0.96" CONTENT="folket."/>
						</TextLine>
					</TextBlock>
				</ComposedBlock>
				<ComposedBlock ID="cblock_6" HPOS="589" VPOS="962" WIDTH="38" HEIGHT="24">
					<TextBlock ID="block_6" HPOS="589" VPOS="962" WIDTH="38" HEIGHT="24">
						<TextLine ID="line_17" HPOS="589" VPOS="962" WIDTH="38" HEIGHT="24">
							<String ID="string_83" HPOS="589" VPOS="962" WIDTH="38" HEIGHT="24" WC="0.83" CONTENT="28"/>
						</TextLine>
					</TextBlock>
				</ComposedBlock>
				<ComposedBlock ID="cblock_7" HPOS="229" VPOS="1017" WIDTH="761" HEIGHT="63">
					<TextBlock ID="block_7" HPOS="229" VPOS="1017" WIDTH="761" HEIGHT="63">
						<TextLine ID="line_18" HPOS="298" VPOS="1017" WIDTH="692" HEIGHT="29">
							<String ID="string_84" HPOS="298" VPOS="1017" WIDTH="155" HEIGHT="29" WC="0.90" CONTENT="Landtdagen"/><SP WIDTH="20" VPOS="1017" HPOS="453"/>
							<String ID="string_85" HPOS="473" VPOS="1017" WIDTH="75" HEIGHT="22" WC="0.96" CONTENT="bildar"/><SP WIDTH="18" VPOS="1017" HPOS="548"/>
							<String ID="string_86" HPOS="566" VPOS="1025" WIDTH="28" HEIGHT="14" WC="0.96" CONTENT="en"/><SP WIDTH="19" VPOS="1025" HPOS="594"/>
							<String ID="string_87" HPOS="613" VPOS="1017" WIDTH="124" HEIGHT="28" WC="0.95" CONTENT="kammare,"/><SP WIDTH="15" VPOS="1017" HPOS="737"/>
							<String ID="string_88" HPOS="752" VPOS="1017" WIDTH="127" HEIGHT="22" WC="0.96" CONTENT="bestående"/><SP WIDTH="20" VPOS="1017" HPOS="879"/>
							<String ID="string_89" HPOS="899" VPOS="1017" WIDTH="23" HEIGHT="22" WC="0.93" CONTENT="af"/><SP WIDTH="18" VPOS="1017" HPOS="922"/>
							<String ID="string_90" HPOS="940" VPOS="1017" WIDTH="50" HEIGHT="22" WC="0.92" CONTENT="två-"/>
						</TextLine>
						<TextLine ID="line_19" HPOS="229" VPOS="1050" WIDTH="298" HEIGHT="30">
							<String ID="string_91" HPOS="229" VPOS="1050" WIDTH="91" HEIGHT="23" WC="0.93" CONTENT="hundra"/><SP WIDTH="19" VPOS="1050" HPOS="320"/>
							<String ID="string_92" HPOS="339" VPOS="1051" WIDTH="188" HEIGHT="29" WC="0.90" CONTENT="landtdagsmän."/>
						</TextLine>
					</TextBlock>
				</ComposedBlock>
				<ComposedBlock ID="cblock_8" HPOS="585" VPOS="1119" WIDTH="38" HEIGHT="22">
					<TextBlock ID="block_8" HPOS="585" VPOS="1119" WIDTH="38" HEIGHT="22">
						<TextLine ID="line_20" HPOS="585" VPOS="1119" WIDTH="38" HEIGHT="22">
							<String ID="string_93" HPOS="585" VPOS="1119" WIDTH="10" HEIGHT="17" WC="0.90" CONTENT="3"/><SP WIDTH="13" VPOS="1119" HPOS="595"/>
							<String ID="string_94" HPOS="608" VPOS="1119" WIDTH="15" HEIGHT="22" WC="0.67" CONTENT="&amp;."/>
						</TextLine>
					</TextBlock>
				</ComposedBlock>
				<ComposedBlock ID="cblock_9" HPOS="227" VPOS="1172" WIDTH="763" HEIGHT="332">
					<TextBlock ID="block_9" HPOS="227" VPOS="1172" WIDTH="763" HEIGHT="127">
						<TextLine ID="line_21" HPOS="298" VPOS="1172" WIDTH="691" HEIGHT="29">
							<String ID="string_95" HPOS="298" VPOS="1172" WIDTH="263" HEIGHT="29" WC="0.91" CONTENT="Landtdagsmannaval"/><SP WIDTH="21" VPOS="1172" HPOS="561"/>
							<String ID="string_96" HPOS="582" VPOS="1173" WIDTH="109" HEIGHT="22" WC="0.91" CONTENT="förrättas"/><SP WIDTH="18" VPOS="1173" HPOS="691"/>
							<String ID="string_97" HPOS="709" VPOS="1173" WIDTH="72" HEIGHT="22" WC="0.92" CONTENT="hvart"/><SP WIDTH="18" VPOS="1173" HPOS="781"/>
							<String ID="string_98" HPOS="799" VPOS="1173" WIDTH="75" HEIGHT="28" WC="0.93" CONTENT="tredje"/><SP WIDTH="20" VPOS="1173" HPOS="874"/>
							<String ID="string_99" HPOS="894" VPOS="1174" WIDTH="24" HEIGHT="20" WC="0.93" CONTENT="är"/><SP WIDTH="13" VPOS="1174" HPOS="918"/>
							<String ID="string_100" HPOS="931" VPOS="1180" WIDTH="58" HEIGHT="15" WC="0.92" CONTENT="sam-"/>
						</TextLine>
						<TextLine ID="line_22" HPOS="228" VPOS="1206" WIDTH="762" HEIGHT="31">
							<String ID="string_101" HPOS="228" VPOS="1207" WIDTH="73" HEIGHT="28" WC="0.92" CONTENT="tidigt"/><SP WIDTH="18" VPOS="1207" HPOS="301"/>
							<String ID="string_102" HPOS="319" VPOS="1207" WIDTH="8" HEIGHT="21" WC="0.96" CONTENT="i"/><SP WIDTH="18" VPOS="1207" HPOS="327"/>
							<String ID="string_103" HPOS="345" VPOS="1206" WIDTH="54" HEIGHT="23" WC="0.96" CONTENT="hela"/><SP WIDTH="17" VPOS="1206" HPOS="399"/>
							<String ID="string_104" HPOS="416" VPOS="1207" WIDTH="87" HEIGHT="22" WC="0.92" CONTENT="landet."/><SP WIDTH="28" VPOS="1207" HPOS="503"/>
							<String ID="string_105" HPOS="531" VPOS="1207" WIDTH="204" HEIGHT="30" WC="0.91" CONTENT="Landtdagsmans"/><SP WIDTH="19" VPOS="1207" HPOS="735"/>
							<String ID="string_106" HPOS="754" VPOS="1207" WIDTH="109" HEIGHT="29" WC="0.92" CONTENT="uppdrag"/><SP WIDTH="19" VPOS="1207" HPOS="863"/>
							<String ID="string_107" HPOS="882" VPOS="1207" WIDTH="108" HEIGHT="29" WC="0.92" CONTENT="vidtager"/>
						</TextLine>
						<TextLine ID="line_23" HPOS="229" VPOS="1241" WIDTH="760" HEIGHT="23">
							<String ID="string_108" HPOS="229" VPOS="1242" WIDTH="26" HEIGHT="21" WC="0.96" CONTENT="sä"/><SP WIDTH="19" VPOS="1242" HPOS="255"/>
							<String ID="string_109" HPOS="274" VPOS="1243" WIDTH="64" HEIGHT="20" WC="0.95" CONTENT="snart"/><SP WIDTH="24" VPOS="1243" HPOS="338"/>
							<String ID="string_110" HPOS="362" VPOS="1241" WIDTH="47" HEIGHT="22" WC="0.92" CONTENT="han"/><SP WIDTH="28" VPOS="1241" HPOS="409"/>
							<String ID="string_111" HPOS="437" VPOS="1241" WIDTH="122" HEIGHT="23" WC="0.91" CONTENT="förklarats"/><SP WIDTH="28" VPOS="1241" HPOS="559"/>
							<String ID="string_112" HPOS="587" VPOS="1241" WIDTH="54" HEIGHT="22" WC="0.96" CONTENT="vald"/><SP WIDTH="28" VPOS="1241" HPOS="641"/>
							<String ID="string_113" HPOS="669" VPOS="1242" WIDTH="43" HEIGHT="22" WC="0.93" CONTENT="och"/><SP WIDTH="25" VPOS="1242" HPOS="712"/>
							<String ID="string_114" HPOS="737" VPOS="1242" WIDTH="85" HEIGHT="21" WC="0.92" CONTENT="fortfar"/><SP WIDTH="24" VPOS="1242" HPOS="822"/>
							<String ID="string_115" HPOS="846" VPOS="1241" WIDTH="63" HEIGHT="22" WC="0.92" CONTENT="intill"/><SP WIDTH="29" VPOS="1241" HPOS="909"/>
							<String ID="string_116" HPOS="938" VPOS="1241" WIDTH="51" HEIGHT="22" WC="0.96" CONTENT="dess"/>
						</TextLine>
						<TextLine ID="line_24" HPOS="227" VPOS="1275" WIDTH="258" HEIGHT="24">
							<String ID="string_117" HPOS="227" VPOS="1278" WIDTH="70" HEIGHT="19" WC="0.90" CONTENT="nästa"/><SP WIDTH="17" VPOS="1278" HPOS="297"/>
							<String ID="string_118" HPOS="314" VPOS="1275" WIDTH="39" HEIGHT="22" WC="0.93" CONTENT="val"/><SP WIDTH="19" VPOS="1275" HPOS="353"/>
							<String ID="string_119" HPOS="372" VPOS="1276" WIDTH="113" HEIGHT="23" WC="0.91" CONTENT="slutförts."/>
						</TextLine>
					</TextBlock>
					<TextBlock ID="block_10" HPOS="227" VPOS="1310" WIDTH="762" HEIGHT="194">
						<TextLine ID="line_25" HPOS="298" VPOS="1310" WIDTH="691" HEIGHT="29">
							<String ID="string_120" HPOS="298" VPOS="1310" WIDTH="115" HEIGHT="29" WC="0.92" CONTENT="Kejsaren"/><SP WIDTH="25" VPOS="1310" HPOS="413"/>
							<String ID="string_121" HPOS="438" VPOS="1310" WIDTH="42" HEIGHT="21" WC="0.93" CONTENT="och"/><SP WIDTH="25" VPOS="1310" HPOS="480"/>
							<String ID="string_122" HPOS="505" VPOS="1311" WIDTH="143" HEIGHT="22" WC="0.92" CONTENT="Storfursten"/><SP WIDTH="23" VPOS="1311" HPOS="648"/>
							<String ID="string_123" HPOS="671" VPOS="1319" WIDTH="54" HEIGHT="20" WC="0.90" CONTENT="eger"/><SP WIDTH="19" VPOS="1319" HPOS="725"/>
							<String ID="string_124" HPOS="744" VPOS="1311" WIDTH="62" HEIGHT="21" WC="0.96" CONTENT="dock"/><SP WIDTH="18" VPOS="1311" HPOS="806"/>
							<String ID="string_125" HPOS="824" VPOS="1313" WIDTH="48" HEIGHT="19" WC="0.96" CONTENT="rätt"/><SP WIDTH="18" VPOS="1313" HPOS="872"/>
							<String ID="string_126" HPOS="890" VPOS="1313" WIDTH="42" HEIGHT="25" WC="0.96" CONTENT="att,"/><SP WIDTH="20" VPOS="1313" HPOS="932"/>
							<String ID="string_127" HPOS="952" VPOS="1317" WIDTH="37" HEIGHT="16" WC="0.96" CONTENT="om"/>
						</TextLine>
						<TextLine ID="line_26" HPOS="227" VPOS="1343" WIDTH="761" HEIGHT="31">
							<String ID="string_128" HPOS="227" VPOS="1343" WIDTH="47" HEIGHT="23" WC="0.93" CONTENT="han"/><SP WIDTH="24" VPOS="1343" HPOS="274"/>
							<String ID="string_129" HPOS="298" VPOS="1345" WIDTH="75" HEIGHT="21" WC="0.90" CONTENT="finner"/><SP WIDTH="26" VPOS="1345" HPOS="373"/>
							<String ID="string_130" HPOS="399" VPOS="1345" WIDTH="40" HEIGHT="21" WC="0.93" CONTENT="det"/><SP WIDTH="23" VPOS="1345" HPOS="439"/>
							<String ID="string_131" HPOS="462" VPOS="1345" WIDTH="88" HEIGHT="29" WC="0.88" CONTENT="nödigt,"/><SP WIDTH="25" VPOS="1345" HPOS="550"/>
							<String ID="string_132" HPOS="575" VPOS="1345" WIDTH="110" HEIGHT="22" WC="0.92" CONTENT="förordna"/><SP WIDTH="21" VPOS="1345" HPOS="685"/>
							<String ID="string_133" HPOS="706" VPOS="1353" WIDTH="38" HEIGHT="14" WC="0.96" CONTENT="om"/><SP WIDTH="19" VPOS="1353" HPOS="744"/>
							<String ID="string_134" HPOS="763" VPOS="1353" WIDTH="48" HEIGHT="20" WC="0.95" CONTENT="nya"/><SP WIDTH="18" VPOS="1353" HPOS="811"/>
							<String ID="string_135" HPOS="829" VPOS="1345" WIDTH="39" HEIGHT="22" WC="0.96" CONTENT="val"/><SP WIDTH="18" VPOS="1345" HPOS="868"/>
							<String ID="string_136" HPOS="886" VPOS="1345" WIDTH="48" HEIGHT="22" WC="0.93" CONTENT="före"/><SP WIDTH="18" VPOS="1345" HPOS="934"/>
							<String ID="string_137" HPOS="952" VPOS="1348" WIDTH="36" HEIGHT="19" WC="0.93" CONTENT="ut-"/>
						</TextLine>
						<TextLine ID="line_27" HPOS="227" VPOS="1379" WIDTH="762" HEIGHT="29">
							<String ID="string_138" HPOS="227" VPOS="1379" WIDTH="94" HEIGHT="28" WC="0.95" CONTENT="gången"/><SP WIDTH="19" VPOS="1379" HPOS="321"/>
							<String ID="string_139" HPOS="340" VPOS="1379" WIDTH="24" HEIGHT="22" WC="0.96" CONTENT="af"/><SP WIDTH="18" VPOS="1379" HPOS="364"/>
							<String ID="string_140" HPOS="382" VPOS="1379" WIDTH="45" HEIGHT="22" WC="0.96" CONTENT="den"/><SP WIDTH="18" VPOS="1379" HPOS="427"/>
							<String ID="string_141" HPOS="445" VPOS="1379" WIDTH="8" HEIGHT="22" WC="0.95" CONTENT="i"/><SP WIDTH="22" VPOS="1379" HPOS="453"/>
							<String ID="string_142" HPOS="475" VPOS="1380" WIDTH="10" HEIGHT="20" WC="0.95" CONTENT="1"/><SP WIDTH="21" VPOS="1380" HPOS="485"/>
							<String ID="string_143" HPOS="506" VPOS="1387" WIDTH="66" HEIGHT="14" WC="0.96" CONTENT="mom."/><SP WIDTH="19" VPOS="1387" HPOS="572"/>
							<String ID="string_144" HPOS="591" VPOS="1380" WIDTH="102" HEIGHT="22" WC="0.93" CONTENT="nämnda"/><SP WIDTH="18" VPOS="1380" HPOS="693"/>
							<String ID="string_145" HPOS="711" VPOS="1379" WIDTH="193" HEIGHT="29" WC="0.92" CONTENT="treärsperioden."/><SP WIDTH="25" VPOS="1379" HPOS="904"/>
							<String ID="string_146" HPOS="929" VPOS="1379" WIDTH="12" HEIGHT="22" WC="0.92" CONTENT="I"/><SP WIDTH="13" VPOS="1379" HPOS="941"/>
							<String ID="string_147" HPOS="954" VPOS="1380" WIDTH="35" HEIGHT="21" WC="0.90" CONTENT="sä-"/>
						</TextLine>
						<TextLine ID="line_28" HPOS="228" VPOS="1413" WIDTH="761" HEIGHT="31">
							<String ID="string_148" HPOS="228" VPOS="1413" WIDTH="47" HEIGHT="22" WC="0.93" CONTENT="dan"/><SP WIDTH="18" VPOS="1413" HPOS="275"/>
							<String ID="string_149" HPOS="293" VPOS="1413" WIDTH="112" HEIGHT="22" WC="0.96" CONTENT="händelse"/><SP WIDTH="18" VPOS="1413" HPOS="405"/>
							<String ID="string_150" HPOS="423" VPOS="1414" WIDTH="72" HEIGHT="28" WC="0.93" CONTENT="skola,"/><SP WIDTH="18" VPOS="1414" HPOS="495"/>
							<String ID="string_151" HPOS="513" VPOS="1415" WIDTH="96" HEIGHT="22" WC="0.96" CONTENT="såframt"/><SP WIDTH="19" VPOS="1415" HPOS="609"/>
							<String ID="string_152" HPOS="628" VPOS="1415" WIDTH="20" HEIGHT="29" WC="0.96" CONTENT="ej"/><SP WIDTH="21" VPOS="1415" HPOS="648"/>
							<String ID="string_153" HPOS="669" VPOS="1423" WIDTH="32" HEIGHT="21" WC="0.93" CONTENT="ny"/><SP WIDTH="18" VPOS="1423" HPOS="701"/>
							<String ID="string_154" HPOS="719" VPOS="1414" WIDTH="145" HEIGHT="30" WC="0.96" CONTENT="upplösning"/><SP WIDTH="13" VPOS="1414" HPOS="864"/>
							<String ID="string_155" HPOS="877" VPOS="1414" WIDTH="23" HEIGHT="22" WC="0.92" CONTENT="af"/><SP WIDTH="13" VPOS="1414" HPOS="900"/>
							<String ID="string_156" HPOS="913" VPOS="1414" WIDTH="76" HEIGHT="22" WC="0.92" CONTENT="landt-"/>
						</TextLine>
						<TextLine ID="line_29" HPOS="227" VPOS="1447" WIDTH="762" HEIGHT="31">
							<String ID="string_157" HPOS="227" VPOS="1447" WIDTH="78" HEIGHT="29" WC="0.90" CONTENT="dagen"/><SP WIDTH="28" VPOS="1447" HPOS="305"/>
							<String ID="string_158" HPOS="333" VPOS="1456" WIDTH="54" HEIGHT="21" WC="0.90" CONTENT="eger"/><SP WIDTH="27" VPOS="1456" HPOS="387"/>
							<String ID="string_159" HPOS="414" VPOS="1456" WIDTH="57" HEIGHT="20" WC="0.93" CONTENT="rum,"/><SP WIDTH="24" VPOS="1456" HPOS="471"/>
							<String ID="string_160" HPOS="495" VPOS="1449" WIDTH="239" HEIGHT="29" WC="0.91" CONTENT="landtdagsmännens"/><SP WIDTH="29" VPOS="1449" HPOS="734"/>
							<String ID="string_161" HPOS="763" VPOS="1448" WIDTH="137" HEIGHT="22" WC="0.91" CONTENT="fullmakter"/><SP WIDTH="26" VPOS="1448" HPOS="900"/>
							<String ID="string_162" HPOS="926" VPOS="1449" WIDTH="63" HEIGHT="29" WC="0.92" CONTENT="gälla"/>
						</TextLine>
						<TextLine ID="line_30" HPOS="227" VPOS="1483" WIDTH="87" HEIGHT="21">
							<String ID="string_163" HPOS="227" VPOS="1485" WIDTH="37" HEIGHT="19" WC="0.96" CONTENT="tre"/><SP WIDTH="19" VPOS="1485" HPOS="264"/>
							<String ID="string_164" HPOS="283" VPOS="1483" WIDTH="31" HEIGHT="21" WC="0.93" CONTENT="år."/>
						</TextLine>
					</TextBlock>
				</ComposedBlock>
			</PrintSpace>
		</Page>
	</Layout>
</alto>
