1086 1767
425 172 29 22 U.
471 171 27 22 B.
837 172 12 20 3

91 243 95 22 härmed
203 243 184 29 uppenbarligen
408 243 89 28 åsyftas
517 243 88 22 sådana
624 243 170 28 lagstiftnings-
807 242 42 21 och

92 277 85 30 jämväl
195 277 267 29 förvaltningsärenden,
483 285 48 14 som
560 277 75 28 enligt
662 276 188 29 Landtdagsord-

91 313 88 27 ningen
198 312 8 21 i
223 311 127 22 allmänhet
368 314 85 26 utgöra
472 312 96 22 föremål
588 312 35 21 för
642 311 143 22 Ständernas
813 311 37 22 be-

92 346 120 29 handling.

162 380 135 22 Emellertid
316 381 79 21 kunna
408 380 40 22 vid
461 380 116 29 landtdag
587 380 109 22 stundom
709 380 142 22 förekomma

92 416 86 28 frägor,
205 423 49 14 som
281 415 52 22 icke
351 415 57 22 falla
425 415 64 22 inom
508 423 55 20 nyss
583 415 104 28 antydda
705 415 92 22 omräde
816 415 35 21 för

94 449 141 23 Ständernas
254 449 154 28 värksamhet,
428 450 76 21 säsom
523 452 16 19 t.
558 457 35 14 ex.
612 453 43 18 när
673 450 72 28 nägot
769 449 82 22 hinder

93 485 108 28 uppstätt
219 485 35 21 för
272 483 43 22 den
334 484 45 22 fria
399 484 141 29 utöfningen
559 484 24 22 af
605 483 144 23 Ständernas
763 483 88 30 lagliga

93 522 48 18 rätt
159 519 43 21 och
220 518 67 22 deras
309 518 150 22 värksamhet
482 519 75 29 enligt
575 518 276 29 Landtdagsordningen.

94 553 91 22 Hinder
213 553 23 22 af
263 553 64 22 detta
353 553 51 28 slag
422 556 70 25 utgör
511 553 30 22 dä
559 561 28 14 en
606 553 91 22 formell
722 553 76 28 grund
817 553 35 21 för

95 587 132 22 Ständerna
254 590 35 19 att
316 587 94 22 anhälla
434 595 38 14 om
497 588 94 21 rättelse
614 588 8 21 i
641 590 34 19 ett
702 587 83 22 sädant
803 587 48 29 lag-

95 622 95 29 stridigt
225 621 151 24 förhållande.
412 622 54 21 Men
496 622 128 29 anledning
648 622 37 21 till
710 625 35 18 att
771 621 81 29 dylika

95 656 108 28 ärenden,
219 656 81 22 hvilka
327 657 74 27 enligt
428 657 86 21 sakens
542 659 69 19 natur
630 657 8 21 i
656 656 127 22 allmänhet
800 656 52 21 icke

95 695 39 17 äro
153 690 56 22 eller
227 691 80 21 kunna
324 698 56 14 vara
398 691 8 21 i
424 690 270 30 Landtdagsordningen
712 690 140 27 förutsedda,

95 726 74 21 mäste
189 728 122 26 upptagas,
340 726 45 21 kan
415 725 71 22 äfven
512 726 66 28 ligga
605 725 57 28 däri,
690 728 35 19 att
749 724 102 23 företeel-

96 767 36 14 ser
157 760 62 21 inom
248 762 68 19 stats-
343 759 43 22 och
405 760 180 22 samhällslifvet
602 760 66 28 gifva
688 759 41 22 vid
753 759 99 27 handen,

97 797 35 19 att
148 794 228 28 statsförfattningen
396 794 43 22 och
453 794 136 29 därigenom
603 794 69 22 äfven
685 794 168 28 folkrepreser:-

96 828 118 22 tationens
233 831 47 19 rätt
298 828 78 22 blifvit
394 828 70 22 trädd
483 829 36 22 för
537 832 57 18 nära
612 828 57 22 eller
686 828 167 29 folkrepresen-

97 863 117 21 tationens
242 863 166 28 befogenheter
435 864 111 21 förnekas
573 864 30 28 pä
622 866 34 18 ett
674 866 53 24 sätt,
745 870 47 14 som
811 866 43 25 gör

96 897 40 22 det
155 897 35 22 för
209 898 214 28 representationen
442 897 84 29 nödigt
545 900 41 25 att,
605 898 8 21 i
629 897 45 22 den
687 898 52 21 män
753 897 40 21 det
805 898 48 20 stär

97 932 7 21 i
123 932 52 21 dess
193 932 72 28 makt,
283 932 56 22 söka
356 932 24 22 fä
398 932 46 22 den
463 932 102 22 kränkta
587 932 190 28 rättsordningen
796 932 57 21 äter-

97 966 70 22 ställd
184 966 43 22 och
240 966 88 29 lagliga
338 966 163 22 förhållanden
512 966 196 29 återupprättade.
736 966 49 22 Och
797 966 57 22 nöd-

96 1000 158 29 vändigheten
283 1001 141 22 härutinnan
454 1005 26 18 är
508 1005 63 18 ännu
593 1004 80 24 större,
692 1001 29 21 då
739 1001 115 28 ifrågava-

97 1035 71 21 rande
187 1035 83 21 hinder
294 1036 51 21 haft
363 1036 41 21 sitt
421 1036 91 28 upphof
530 1036 8 21 i
557 1035 109 29 åtgärder
684 1036 51 21 från
753 1035 101 29 regerin-

96 1077 58 21 gens
183 1070 58 22 sida.
277 1070 35 28 Ty
340 1073 34 18 att
400 1070 141 29 regeringen
559 1070 8 22 i
586 1070 81 22 landet
684 1069 171 30 upprätthåller

97 1103 190 30 rättsordningen
314 1107 69 26 utgör
410 1112 28 14 en
458 1104 141 29 oeftergiflig
626 1104 169 28 förutsättning
819 1103 36 22 för

97 1138 156 28 landtdagens
273 1138 91 22 ostörda
382 1138 43 22 och
444 1138 209 29 grundlagsenliga
671 1138 154 22 värksamhet.

166 1172 153 29 Möjligheten
338 1175 35 20 att
385 1173 81 22 skrida
479 1173 37 22 till
529 1173 76 22 beslut
618 1173 44 21 och
674 1172 115 29 åtgärder,
805 1179 50 15 som

97 1207 23 21 af
139 1209 34 20 ett
185 1207 78 28 dylikt
275 1207 95 29 sakläge
382 1207 114 29 påkallas,
510 1207 45 22 kan
569 1208 51 21 icke
633 1207 73 22 häller
718 1207 40 22 vid
769 1207 86 21 urtima

98 1241 115 29 landtdag
237 1249 56 14 vara
317 1241 132 23 Ständerna
468 1242 108 29 betagen.
613 1242 36 28 Ty
668 1242 69 21 också
756 1241 40 22 vid
819 1248 36 14 ur-

99 1276 57 21 tima
174 1276 116 29 landtdag
308 1276 55 22 böra
383 1276 134 22 Ständerna
536 1276 69 27 tillse,
625 1279 36 19 att
673 1275 28 22 de
714 1277 91 28 ätnjuta
818 1276 37 21 sin

98 1312 48 19 rätt
164 1311 75 28 enligt
257 1311 92 22 landets
366 1311 158 21 konstitution
544 1311 43 21 och
606 1311 148 28 följaktligen
773 1313 36 19 att
827 1309 28 22 de

98 1345 80 21 kunna
197 1346 20 28 ej
237 1345 100 22 allenast
354 1345 123 22 efterlefva
496 1345 279 28 Landtdagsordningens
798 1345 57 21 före-

99 1379 101 28 skrifter,
226 1382 55 19 utan
299 1379 43 22 ock
360 1380 8 21 i
386 1380 74 28 öfrigt
478 1379 99 29 fungera
596 1380 7 21 i
622 1379 104 29 enlighet
743 1379 52 21 med
820 1379 35 21 sin

99 1413 99 29 uppgift.
227 1414 72 21 Detta
317 1418 25 17 är
360 1414 35 21 för
414 1414 133 22 Ständerna
565 1414 20 28 ej
608 1413 62 22 blott
687 1421 28 14 en
734 1416 47 19 rätt
798 1416 57 19 utan

99 1447 69 22 äfven
187 1456 28 14 en
235 1449 67 28 plikt,
321 1451 26 26 ty
373 1449 29 28 pä
430 1456 89 14 samma
546 1449 63 28 gäng
634 1455 47 14 som
706 1447 27 22 de
752 1447 104 22 tillvara-

99 1484 56 27 taga
168 1483 51 21 sina
232 1483 208 28 grundlagsenliga
464 1482 174 29 befogenheter,
660 1482 149 28 tillvarataga
827 1481 29 22 de

100 1516 69 21 också
182 1517 92 22 landets
293 1519 46 19 rätt
356 1517 41 21 och
410 1517 163 28 upprätthålla
585 1517 51 21 dess
650 1516 206 28 statsförfattning.

169 1560 131 22 Lagutskottets
313 1560 108 17 betänkande
433 1560 38 17 N:o
484 1560 16 17 1.
