1084 1767
782 183 29 22 19

157 250 35 24 Är
215 252 98 22 medlem
338 252 23 22 af
379 252 93 22 utskott
495 252 101 23 hindrad
615 254 35 20 att
668 252 7 22 i
694 252 97 22 ärendes
808 252 39 22 be-

88 286 115 30 handling
230 286 101 30 deltaga,
358 287 103 22 inkallas
488 287 132 29 suppleant.
655 287 100 22 Utskott
782 290 26 18 är
825 287 20 29 ej

89 321 131 28 beslutfört,
244 322 96 22 såframt
363 321 52 22 icke
439 322 73 22 minst
529 322 53 28 fyra
600 321 136 23 femtedelar
754 322 24 22 af
796 321 51 22 dess

90 356 148 22 medlemmar
256 360 39 18 äro
313 356 123 22 tillstädes.

158 390 106 28 Medlem,
283 398 49 14 som
356 390 52 22 icke
427 391 98 21 instämt
543 391 7 21 i
568 390 128 22 utskottets
719 391 84 27 beslut,
822 394 25 18 är

90 425 110 28 obetaget
218 427 35 19 att
276 425 37 21 till
337 425 128 22 utskottets
488 424 150 23 betänkande
656 425 54 28 foga
728 426 35 21 sin
782 425 65 29 skilj-

90 459 87 28 aktiga,
196 459 132 28 skriftligen
348 459 112 22 affattade
479 459 102 29 mening,
600 459 60 22 dock
678 461 58 20 utan
755 462 35 19 att
808 459 39 22 be-

91 493 130 22 tänkandet
239 493 136 29 därigenom
393 493 142 29 uppehålles.

159 528 46 21 Vid
223 529 132 21 utskottens
379 529 189 21 sammanträden
590 535 42 22 ega
651 528 134 22 talmannen
804 528 43 22 och

90 562 187 22 vicetalmännen
296 567 105 18 närvara.

159 597 69 22 Hvad
241 597 8 22 i
263 597 13 22 2
290 605 67 14 mom.
371 601 26 18 är
412 597 111 29 stadgadt
540 598 62 29 gälle
621 597 51 22 icke
690 597 157 30 landtdagens

90 634 62 19 stora
170 631 98 22 utskott.

443 681 24 18 46
479 682 14 21 8.

160 729 88 22 Finner
270 730 92 21 utskott
385 730 36 29 sig
444 730 100 22 behöfva
567 730 101 29 tillgång
685 730 37 21 till
740 729 107 22 handlin-

90 772 49 21 gar,
164 771 47 15 som
236 764 41 22 hos
300 765 78 28 någon
403 765 144 22 ämbetsman
573 765 56 21 eller
654 765 102 27 allmänt,
774 763 74 23 under

90 798 156 29 landtdagens
270 799 144 28 förvaltning
435 799 52 22 icke
512 799 100 29 lydande
631 799 57 22 verk
706 799 141 27 tillkommit,

90 833 57 22 eller
165 833 104 22 inhämta
290 833 116 29 muntliga
423 833 57 22 eller
498 834 120 29 skriftliga
635 833 171 30 upplysningar
825 833 23 22 af

92 868 143 22 ämbetsman
254 868 55 21 eller
333 867 85 23 sådant
435 868 64 28 verk,
518 868 57 22 eller
594 868 87 21 erhålla
699 867 148 30 handlingar,

92 909 48 15 som
170 902 42 22 hos
242 903 148 21 kommunala
419 902 165 29 myndigheter
620 903 142 27 tillkommit,
792 902 57 21 eller

92 937 74 22 andra
188 937 169 29 upplysningar
382 945 37 14 om
443 937 151 22 kommunala
611 937 169 27 förhållanden,
799 936 50 22 vid-

91 974 55 26 tage
165 974 108 19 senatens
291 971 146 28 ordförande,
453 972 33 31 på
503 972 128 21 utskottets
650 971 110 29 begäran,
776 971 70 22 sådan

91 1005 90 29 åtgärd,
206 1009 36 18 att
265 1006 28 21 de
318 1006 86 22 äskade
429 1006 173 29 handlingarna
629 1006 56 22 eller
711 1006 137 29 upplysnin-

91 1048 74 21 garna
183 1041 78 21 såvidt
279 1041 91 28 möjligt
387 1040 73 23 varda
478 1041 116 22 utskottet
612 1040 140 23 meddelade.

429 1151 13 21 5
462 1150 53 29 kap.

109 1224 137 24 Ärendenas
258 1209 151 50 behandling
427 1226 8 21 i
453 1225 95 29 plenum
568 1225 43 22 och
629 1228 63 19 stora
709 1225 121 22 utskottet.

446 1303 22 17 47
482 1304 15 21 8.

162 1352 143 22 Talmannen
332 1352 91 28 äligger
450 1354 36 19 att
512 1351 94 22 utfärda
633 1351 96 22 kallelse
747 1351 36 21 till
802 1351 47 29 ple-

92 1394 62 20 num,
174 1389 36 19 att
233 1386 42 22 där
298 1386 123 28 föredraga
445 1386 118 22 ärendena
587 1386 43 21 och
648 1386 52 21 leda
718 1386 131 28 öfverlägg-

92 1422 124 27 ningarna,
230 1423 35 19 att
282 1421 129 21 framställa
429 1420 145 29 proposition
587 1420 35 22 för
634 1420 88 22 besluts
735 1420 114 26 fattande,

93 1458 35 19 att
146 1455 170 22 vidmakthälla
334 1454 101 29 ordning
453 1454 40 23 vid
512 1454 202 22 sammanträdena
732 1454 43 22 och
793 1455 56 28 jäm-

93 1489 38 23 väl
150 1490 8 21 i
177 1490 73 28 öfrigt
267 1489 60 23 vaka
345 1489 114 27 däröfver,
479 1492 36 18 att
533 1488 90 28 sådant,
634 1496 47 14 som
699 1488 85 22 strider
801 1491 48 19 mot
