1081 1761
238 155 28 22 22
425 155 85 23 Ständ.
526 155 39 23 Sv.
583 169 25 2 —
625 155 74 29 Prop.
714 155 41 23 N:o
772 155 36 22 14.

307 224 126 29 Angående
454 225 121 28 förslaget
598 224 38 23 till
659 225 42 28 lag
724 224 162 28 innefattande
912 224 85 29 tillägg

238 258 38 22 till
299 258 28 23 16
348 259 99 28 kapitlet
467 259 148 28 Strafflagen
638 259 65 22 hafva
726 259 110 28 försports
852 259 141 28 väsentligen

237 293 61 21 olika
314 293 125 29 meningar.
461 287 20 28 Å
495 300 42 15 ena
551 294 65 21 sidan
630 294 39 21 har
682 293 128 29 ifrågasatts
822 293 170 28 behöfligheten

237 327 151 22 öfverhufvud
408 328 22 22 af
453 328 86 22 sådana
555 328 265 28 tilläggsbestämningar
835 328 6 21 i
858 328 135 28 strafflagen,

238 368 51 15 som
312 362 108 28 förslaget
443 363 118 28 upptager,
585 364 54 20 enär
661 368 84 22 genom
768 362 126 28 tryckskrift
914 362 80 28 gjorda

237 396 119 28 brottsliga
379 397 139 27 uttalanden,
541 397 76 21 hvilka
639 397 115 28 verkligen
778 396 77 22 kunna
874 397 60 21 störa
950 396 43 22 den

237 430 114 23 allmänna
375 431 136 29 ordningen,
535 431 78 22 såsom
635 431 144 29 uppmaning
793 431 32 22 till
842 437 84 22 uppror
942 431 52 22 eller

238 465 119 28 begående
381 466 21 22 af
425 467 69 21 annat
515 466 66 26 brott,
600 466 77 22 kunna
692 466 82 22 beifras
790 466 69 21 redan
876 465 29 29 på
921 466 71 33 grund

237 500 22 21 af
282 506 30 16 nu
335 500 105 28 gällande
465 500 143 29 stadganden
627 501 6 21 i
659 501 25 21 16
699 500 93 29 kapitlet
808 500 136 28 strafflagen.
974 501 19 21 A

237 534 70 22 andra
330 535 66 21 sidan
413 535 38 22 har
466 535 131 22 framhållits
614 536 30 21 att
660 536 129 27 strafflagen
805 541 55 16 vore
875 534 119 28 bristfällig

237 569 56 26 däri,
309 570 31 21 att
356 570 133 21 densamma
506 570 45 21 helt
567 570 44 21 och
628 570 67 22 hållet
711 570 101 21 saknade
823 570 171 27 bestämningar

237 609 38 16 om
300 604 61 21 straff
383 604 34 22 för
433 605 51 26 den,
501 610 49 17 som
568 604 132 29 offentligen
716 604 126 29 upphetsar
857 604 60 22 olika
933 604 61 22 delar

237 638 22 21 af
275 638 88 22 landets
379 639 135 28 befolkning
530 640 61 21 emot
607 639 131 22 hvarandra.
770 638 162 29 Stadgandena
948 639 6 21 i
968 639 25 21 16

237 672 93 29 kapitlet
346 673 130 29 strafflagen
492 673 59 29 egde
573 673 49 22 icke
640 673 39 22 full
696 673 162 28 tillämplighet
873 673 29 28 på
918 673 74 28 dylika

237 707 142 29 handlingar,
403 711 54 19 enär
479 708 117 22 desamma
619 708 79 29 afsåge
720 708 59 22 blott
801 707 115 22 bestämdt
934 708 59 21 brott

237 741 54 22 eller
305 742 100 28 olydnad
417 743 48 22 mot
475 743 39 28 lag
525 743 43 22 och
581 743 133 28 därigenom
726 742 94 29 erbjöde
831 742 119 29 möjlighet
962 743 31 21 att

237 776 78 28 undgå
332 777 62 22 straff
411 777 35 22 för
463 777 137 27 uttalanden,
619 783 50 16 som
687 777 77 22 kunde
783 777 66 22 hafva
865 783 28 16 en
915 777 78 28 ytterst

236 810 93 29 skadlig
344 811 107 22 inverkan
468 811 29 29 på
513 811 298 23 samfundsförhållandena.

305 845 76 23 Dessa
403 846 116 29 yrkanden
544 853 38 15 om
603 847 80 28 tillägg
698 846 31 23 till
746 846 131 28 strafflagen
893 846 6 21 i
916 845 77 28 antydt

235 879 60 27 syfte
319 880 66 22 hafva
409 881 60 21 dock
485 881 50 21 icke
551 881 22 21 af
588 881 125 22 Ständerna
729 880 123 22 omfattats.
883 880 109 22 Handlin-

235 919 43 22 gar
301 914 22 22 af
346 914 38 22 det
407 914 56 29 slag,
487 915 93 22 hvarom
605 915 39 21 här
660 917 23 20 är
698 914 70 29 fråga,
785 916 39 20 äro
840 914 115 28 nämligen
972 914 21 22 af

235 947 26 22 så
283 948 114 23 skiftande
413 950 44 21 och
473 949 60 22 svårt
549 950 136 22 definierbar
699 949 166 27 beskaffenhet,
881 950 31 20 att
928 949 64 21 deras

235 982 118 23 beifrande
376 984 7 21 i
406 984 86 22 sådana
515 984 44 26 fall,
583 990 50 16 som
657 984 49 22 icke
722 984 69 22 redan
808 990 30 15 nu
854 983 52 23 falla
922 983 71 22 under

235 1017 140 29 strafflagen,
399 1018 72 22 skulle
495 1018 94 28 erbjuda
612 1019 61 21 stora
694 1018 171 28 vanskligheter
886 1018 43 21 och
946 1018 46 21 ofta

235 1050 70 24 blifva
327 1053 53 21 utan
399 1053 99 21 resultat.
528 1053 43 21 Vid
588 1052 81 22 sådant
684 1052 142 23 förhållande
842 1052 40 22 har
898 1052 43 22 den
953 1052 39 22 nå-

235 1085 54 29 diga
306 1087 175 28 propositionen
498 1087 6 21 i
522 1087 128 22 hufvudsak
665 1087 122 28 godkänts.
810 1086 68 22 Dock
894 1086 37 22 har
948 1087 44 21 den

235 1121 201 28 omständigheten
453 1123 31 21 att
500 1122 109 22 särskilda
625 1121 143 29 stadganden
785 1121 22 22 af
822 1121 67 22 ofvan
902 1121 90 22 berördt

235 1155 100 22 innehåll
351 1157 64 27 synts
427 1157 76 21 kunna
519 1156 105 22 umbäras
640 1156 140 22 beträffande
797 1155 122 23 invånarne
935 1156 56 22 här
979 1151 15 38 i

235 1189 83 27 landet,
341 1190 113 22 föranledt
470 1191 31 21 att
516 1196 25 16 ur
556 1190 28 22 25
595 1191 14 27 &
622 1190 112 22 uteslutits
751 1190 70 22 orden
840 1207 7 9 ,
853 1190 53 22 eller
920 1190 71 22 väcka

234 1224 39 22 hat
295 1224 44 22 och
363 1224 111 29 missnöje
497 1225 82 22 mellan
601 1224 180 29 kejsaredömets
797 1224 134 28 befolkning
947 1225 43 22 och

234 1257 90 23 landets
341 1258 147 29 inbyggare".
