1086 1767
222 148 13 21 8
558 148 29 23 U.
603 148 25 22 B.

222 219 84 29 frägan
323 227 36 14 om
371 220 231 28 utnämningsrätten
619 219 44 22 och
678 227 38 15 om
728 221 71 20 sättet
811 219 36 21 för
859 219 121 21 ämbetens

222 254 45 22 och
286 255 109 29 tjänsters
407 254 145 28 besättande,
566 254 125 22 återfinnes
703 254 35 22 uti
751 253 163 29 nyssnämnda.
924 253 30 21 10
967 253 13 26 $

222 288 28 22 R.
270 288 26 22 F.
332 288 81 29 Enligt
437 288 66 23 detta
526 289 90 29 lagrum
636 288 75 22 skulle
729 288 46 22 alla
793 288 72 29 högre
883 288 98 28 tjänster

223 323 52 21 från
303 323 204 29 öfverstelöjtnant
533 323 37 22 till
598 323 42 22 och
664 323 52 21 med
740 322 163 22 fältmarskalk
921 324 60 19 samt

224 357 78 22 dessas
326 357 131 23 vederlikar
481 358 104 22 besättas
604 358 24 22 af
645 358 128 21 Monarken
792 357 8 21 i
818 356 102 22 sittande
939 356 41 22 råd

224 392 44 22 och
295 392 30 29 pä
352 392 51 22 dess
426 392 115 22 anmälan.
577 392 47 22 Till
648 392 75 29 öfriga
747 392 98 29 tjänster
863 391 75 21 skulle
957 390 23 22 af

224 426 143 29 kollegierna
395 426 42 22 och
465 426 73 22 andra
564 426 175 22 vederbörande
768 426 97 21 föresläs
895 425 86 28 Kongl.

224 461 68 28 Maj:t
310 463 34 19 tre
364 461 28 21 de
410 461 188 28 förständigaste,
617 461 134 28 värdigaste
769 461 42 21 och
831 460 38 21 till
887 459 45 22 den
951 459 31 22 le-

224 495 56 28 diga
298 495 172 29 beställningen
488 495 136 30 tjänligaste
642 503 116 22 personer,
777 502 49 14 som
845 495 83 21 funnes
947 495 35 20 att

224 529 75 29 tillgå.
344 530 53 21 Men
411 530 46 22 alla
469 530 64 29 lägre
552 531 104 28 tjänster,
669 530 81 21 hvilka
762 529 150 28 kollegierna,
926 529 56 21 kon-

224 565 111 27 sistorier,
362 565 113 21 öfverstar
501 564 40 22 vid
560 568 164 25 regementena
742 567 60 18 samt
820 563 72 22 andra
910 566 72 19 stater

223 599 50 21 före
292 599 26 22 år
338 599 64 22 1680
421 599 62 22 varit
500 607 59 14 vane
578 601 36 20 att
628 598 135 30 ,förgifva,*
778 598 75 22 blefve
867 598 37 21 till
916 597 66 22 deras

226 633 116 29 nenskilta
360 633 146 23 utdelande.*
544 633 127 29 Angående
693 632 159 23 utnämnande
871 633 23 22 af
915 632 67 28 borg-

224 670 102 19 mästare
350 667 43 23 och
411 668 97 22 rådmän
526 668 78 29 gällde
623 668 112 29 därjämte
755 668 14 21 3
789 669 13 26 &
821 667 8 22 i
847 667 136 29 borgerska-

224 705 52 26 pets
301 703 134 28 privilegier
457 703 23 21 af
507 702 43 22 den
579 703 31 21 23
629 703 102 22 februari
755 702 72 26 1789,
847 701 67 22 hvari
933 701 50 22 bor-

224 737 128 28 gerskapet
367 737 184 22 tillförsäkrades
564 740 48 19 rätt
622 740 35 19 att
669 737 84 22 föreslä
764 737 158 28 borgmästare
940 735 43 22 och

225 771 65 30 välja
308 771 103 28 rådmän;
430 771 44 22 och
491 772 142 21 utsträcktes
652 771 77 22 denna
746 773 48 20 rätt
811 778 84 21 genom
914 771 30 20 K.
957 769 26 22 F.

224 806 26 21 af
278 805 45 22 den
348 807 15 20 8
382 806 121 22 december
529 807 65 21 1873
614 806 37 21 till
670 806 186 22 stadskommuns
875 805 107 28 samtliga

226 840 41 22 vid
286 840 185 22 rädhusstämma
488 841 196 28 röstberättigade
703 840 156 22 medlemmar.

295 875 150 22 Beträffande
471 875 139 29 utnämning
637 875 37 22 till
698 875 70 22 civila
793 875 99 28 tjänster
909 873 74 29 gäller

225 909 64 28 förty
315 909 150 28 fortfarande,
490 912 35 19 att
548 909 76 22 denna
643 912 47 19 rätt
708 910 8 21 i
735 909 128 22 allmänhet
881 908 102 21 tillkom-

225 951 49 14 mer
301 944 134 27 Monarken,
459 946 65 20 utom
551 944 77 21 sävidt
652 945 73 28 angär
749 943 28 22 de
796 943 64 28 lägre
878 943 105 28 tjänster,

224 985 50 14 som
303 978 144 29 kollegierna
475 981 59 19 samt
558 978 72 22 andra
650 977 98 30 ,stater*
769 985 44 22 ega
831 978 91 21 besätta
940 976 43 22 och

224 1012 102 22 hvarvid
354 1013 101 21 Senaten
480 1021 94 14 numera
595 1013 91 22 atöfvar
704 1013 27 22 de
750 1013 68 21 forna
837 1011 146 22 administra-

224 1047 52 22 tiva
304 1047 154 29 kollegiernas
485 1047 172 29 befogenheter.
693 1047 176 28 Utnämningen
889 1046 42 21 bör
949 1045 33 22 vi-

226 1081 58 22 dare
303 1081 41 22 ske
362 1083 30 28 pä
409 1082 76 29 grund
505 1082 23 21 af
545 1081 138 29 upprättadt
701 1081 88 28 förslag
807 1081 44 21 och
869 1081 59 20 efter
944 1079 40 22 det

227 1116 103 29 tjänsten
354 1117 62 21 varit
440 1123 28 14 en
492 1116 47 22 viss
558 1116 34 21 tid
612 1117 111 27 anslagen
741 1115 65 29 ledig
825 1118 35 19 att
878 1115 105 21 ansökas.

226 1150 130 29 Undantag
374 1154 67 25 göres
460 1150 141 22 härutinnan
620 1151 60 22 blott
699 1151 35 21 för
753 1150 28 21 de
800 1157 17 14 s.
830 1150 23 21 k.
872 1152 112 19 tromans-

226 1185 131 28 tjänsterna
385 1185 56 22 eller
467 1185 28 22 de
523 1185 51 21 med
602 1185 215 29 ötfverstelöjtnants
840 1184 56 21 eller
913 1183 71 28 högre

225 1227 71 20 rang;
315 1219 129 29 hvarjämte
463 1219 154 29 upprättande
636 1219 23 22 af
671 1219 87 28 förslag
771 1219 52 21 icke
835 1218 74 22 häller
922 1218 62 21 kom-

226 1261 50 14 mer
302 1254 8 21 i
328 1254 67 28 fråga
422 1253 145 22 heträffande
594 1254 104 29 tjänster,
725 1253 82 22 hvilka
826 1253 98 22 ansökas
942 1252 42 21 hos

226 1295 89 14 samma
333 1288 144 29 myndighet,
496 1295 47 14 som
554 1288 102 22 besätter
669 1288 58 22 dem.
755 1288 84 21 Denna
849 1287 35 21 sin
894 1289 90 19 utnäm-

225 1322 119 29 ningsrätt
355 1330 54 21 eger
415 1322 128 22 Monarken
553 1322 107 29 delegera
667 1323 25 21 ät
701 1322 98 28 behörig
807 1321 62 21 finsk
879 1321 105 28 myndig-

225 1356 51 28 het;
287 1364 51 14 men
349 1356 180 22 vidkommande
541 1357 199 29 förslagstjänster
750 1356 90 22 märkes
850 1355 82 22 härvid
943 1358 41 24 att,

225 1390 86 22 medan
330 1391 128 22 Monarken
477 1391 46 21 kan
542 1394 112 19 utnämna
672 1399 27 13 en
719 1390 105 22 sökande
840 1390 67 21 äfven
921 1392 63 19 utom

225 1425 122 29 förslaget,
366 1430 25 17 är
409 1425 143 29 myndighet,
566 1426 24 21 ät
602 1426 96 21 hvilken
714 1425 202 27 utnämningsrätt
927 1431 57 21 upp-

227 1459 98 29 dragits,
351 1460 93 22 bunden
471 1460 22 22 af
523 1460 117 28 förslaget,
666 1468 36 14 om
730 1460 45 21 ock
802 1459 127 21 detsamma
956 1459 29 27 pä

297 1503 131 23 Lagutskotteis
441 1504 109 17 betänkande
564 1503 36 17 N:o
612 1504 14 16 1.
