1081 1759
321 152 28 22 U.
366 154 28 21 B.
410 165 26 3 —
453 153 73 29 Prop.
542 153 46 23 N:o
604 153 36 23 15.

377 422 272 28 Lagutskottets
664 423 139 28 förslag
818 423 40 22 till

309 457 237 28 sammanjämkning
568 457 28 22 af
615 458 31 21 de
660 457 144 29 skiljaktiga
819 458 40 21 be-

309 491 58 28 slut,
383 491 71 23 hvari
470 491 107 24 Stånden
590 493 100 21 stannat
701 492 41 22 vid
753 491 106 23 behand-

308 525 84 28 lingen
415 525 27 23 af
462 526 134 23 utskottets
616 526 154 23 betänkande
787 527 42 21 N:o
845 527 14 21 3

309 560 9 22 i
343 560 135 28 anledning
500 561 28 22 af
547 561 66 22 Hans
637 561 136 28 Kejserliga
789 561 70 28 Maje-

309 595 61 22 stäts
392 595 90 27 nådiga
497 595 154 28 propositlon
668 595 125 28 angående
809 595 50 27 Lag

310 635 40 16 om
365 629 126 22 allmänna
506 629 226 23 sammankomster.

171 726 77 27 Enligt
278 727 109 21 utskottet
416 727 202 21 tillhandakomna
648 727 212 28 protokollsutdrag

102 760 70 21 hafva
189 760 107 27 Stånden,
317 761 72 27 jämte
405 761 37 21 det
457 761 157 22 betänkandet
630 761 7 21 i
650 762 67 27 öfrigt
735 762 122 27 godkänts,

102 795 142 21 beträffande
267 795 181 21 nedannämnda
472 796 99 27 punkter
595 798 93 19 stannat
704 796 6 21 i
726 795 131 28 skiljaktiga

102 829 87 21 beslut:

456 870 51 25 18.

170 910 158 28 Ridderskapet
349 911 40 20 och
413 911 68 21 Adeln
506 913 59 19 samt
589 911 106 27 Borgare-
717 911 40 20 och
774 911 83 21 Bonde-

102 945 91 21 stånden
217 945 70 21 hafva
311 945 102 27 godkänt
435 946 77 21 denna
531 946 109 27 paragraf
652 946 69 27 enligt
737 946 122 21 utskottets

102 979 153 26 betänkande,
274 979 156 28 Ridderskapet
444 980 41 20 och
501 980 68 20 Adeln
585 980 60 21 dock
661 980 52 21 med
729 980 37 21 det
782 980 77 27 tillägg

102 1016 32 18 att
150 1013 7 21 i
173 1020 80 15 senare
269 1016 126 19 momentet
410 1014 56 21 efter
482 1015 64 20 ordet
561 1015 105 26 förening
682 1015 73 20 skulle
772 1015 87 20 införas

102 1049 71 20 orden
200 1048 66 21 »eller
287 1048 169 27 korporation,»
474 1048 7 21 i
497 1049 88 21 hvilket
600 1049 107 21 afseende
723 1049 135 28 paragrafen

101 1083 34 20 till
152 1083 109 20 utskottet
277 1083 193 21 återremitterats.

170 1117 158 20 Presteständet
357 1117 42 20 har
425 1117 100 24 beslutit,
552 1119 32 19 att
610 1117 71 21 orden
709 1118 66 20 >eller
801 1117 57 21 höra

101 1151 34 20 till
152 1151 111 26 förening,
279 1151 95 20 hvilken
397 1151 77 21 såsom
491 1151 71 22 sådan
578 1152 125 27 inbjudits»
721 1152 71 21 borde
808 1152 50 21 från

102 1191 90 15 samma
209 1188 103 18 moment
327 1185 119 21 uteslutas.

171 1219 62 20 Enär
256 1219 97 27 lagenlig
376 1219 117 28 pluralitet
515 1220 35 21 för
572 1221 121 20 utskottets
713 1220 146 21 betänkande

102 1253 143 21 beträffande
259 1253 77 21 denna
352 1254 108 27 paragraf
474 1254 124 27 föreligger,
610 1255 68 20 hafva
691 1254 168 27 Ridderskapet

102 1287 43 21 och
169 1287 85 21 Adelns
277 1290 61 18 samt
361 1288 180 21 Presteståndets
564 1288 146 21 sinsemellan
727 1288 132 27 skiljaktiga

101 1321 76 22 beslut
193 1322 50 21 icke
258 1321 115 22 föranledt
387 1322 81 27 åtgärd
484 1323 50 21 från
550 1323 121 21 utskottets
687 1323 56 21 sida.

453 1385 55 29 38.

171 1425 156 28 Ridderskapet
337 1425 40 21 och
388 1425 68 21 Adeln
465 1427 61 20 samt
532 1426 78 21 Preste-
619 1426 41 21 och
669 1426 190 27 Borgareständen

102 1459 70 21 hafva
195 1459 174 21 äterremitterat
385 1460 137 26 paragrafen
538 1461 33 19 till
588 1461 109 20 utskottet
713 1460 35 21 för
764 1463 33 18 att
812 1466 47 14 om-

170 1504 134 23 Lagutskottets
316 1504 111 18 betänkande
438 1504 39 18 N:o
490 1505 18 17 3.
