1086 1770
227 150 12 20 6
569 150 26 22 U.
612 151 28 21 B.

227 220 187 30 förvaltningens
442 221 76 29 språk.
555 222 83 21 Denna
664 222 127 28 grundsats
810 221 42 22 har
876 221 50 21 från
952 228 36 14 ur-

228 256 90 21 minnes
340 256 59 22 tider
417 256 90 22 funnits
526 256 91 22 uttalad
637 256 8 21 i
664 256 42 22 vår
723 259 55 24 rätt,
797 256 7 21 i
823 258 27 26 ty
869 258 35 18 att
916 255 70 21 redan

227 289 149 30 Landslagen
405 290 120 29 stadgade,
551 293 36 19 att
614 290 145 22 främmande
787 293 48 19 rätt
856 290 51 21 icke
925 290 61 28 finge

227 324 85 29 dragas
337 326 24 20 in
379 326 7 20 i
413 325 87 27 landet,
520 325 116 29 allmogen
655 326 37 20 till
712 328 81 26 tunga,
813 324 120 22 äfvensom
953 327 34 19 att

228 360 13 20 å
261 359 46 22 alla
332 359 78 22 domar
437 360 51 21 bref
515 359 75 22 skulle
617 360 77 28 gifvas
720 360 27 28 jä
765 358 122 23 svensko*.
923 359 64 21 Härä

227 393 104 29 grundar
350 394 36 29 sig
404 394 39 22 det
461 394 7 22 i
488 394 67 21 24:3
574 394 27 22 R.
622 395 26 21 B.
662 394 23 22 af
700 394 66 22 1734
779 394 38 22 ärs
830 394 40 28 lag
882 392 104 23 uttalade

227 428 110 21 förbudet
355 432 47 18 mot
420 431 35 19 att
473 429 9 20 i
500 428 53 21 dom
572 428 75 22 bruka
665 428 113 21 utländsk
797 428 39 28 lag
849 428 57 21 eller
919 428 67 21 främ-

228 462 84 22 mande
331 463 75 28 spräk,
426 465 34 19 ett
480 462 138 29 stadgande,
648 470 49 14 som
723 462 123 29 uttrycker
873 469 30 14 en
924 462 63 21 inom

228 497 233 29 statsförvaltningen
481 497 98 22 allmänt
597 497 128 29 tillämplig
743 497 132 28 rättsregel.

297 532 43 21 Att
358 532 8 21 i
384 531 102 22 Finland
510 532 124 21 nationens
661 532 71 28 spräk
756 531 68 22 skola
842 539 57 14 vara
917 533 68 19 stats-

228 566 188 29 förvaltningens
442 566 71 29 spräk
540 570 25 18 är
585 566 65 28 förty
668 574 28 14 en
716 566 23 22 af
757 566 85 21 sakens
862 568 68 19 natur
959 565 25 21 sä

228 600 138 29 oafvisligen
392 600 112 29 betingad
528 600 107 29 ordning,
660 603 41 25 att,
721 600 70 22 äfven
810 608 36 14 om
865 599 65 22 detta
949 602 35 18 ut-

227 635 119 29 tryckliga
370 635 129 29 stadgande
523 635 51 22 icke
592 635 91 27 funnes,
702 642 28 14 en
750 634 113 22 afvikelse
883 634 103 21 därifrån

227 669 52 21 icke
298 669 78 22 kunde
394 670 124 28 rättsligen
536 677 43 21 ega
597 677 71 20 rum.
689 670 42 21 Ett
750 669 101 29 kraftigt
869 668 116 22 häfdande

229 704 24 22 af
272 704 85 22 folkets
372 707 48 19 rätt
435 706 35 20 att
486 704 82 22 endast
591 704 53 22 dess
664 712 60 21 egna
737 704 71 28 språk
821 703 66 22 skola
901 706 85 18 använ-

229 738 41 22 das
289 739 74 21 såsom
382 738 213 30 rättsskipningens
615 738 43 22 och
672 738 232 22 administrationens
917 737 69 29 språk

228 773 134 29 inneligger
380 774 68 21 äfven
467 774 8 20 i
493 773 28 21 de
540 773 176 29 bestämningar
728 773 7 21 i
748 773 43 21 vår
809 774 114 25 statsrätt,
938 779 48 14 som

228 807 81 28 förmå,
329 810 34 19 att
381 808 28 21 de
428 815 80 21 organ,
526 808 81 22 hvilka
626 807 93 23 biträda
737 807 130 21 Monarken
886 806 40 22 vid
939 806 48 22 lan-

229 841 51 22 dets
307 842 103 28 styrelse,
438 842 66 22 skola
528 850 56 14 vara
608 842 76 22 finska
702 841 173 29 myndigheter.
912 840 75 22 Också

228 876 78 21 denna
330 876 132 29 grundsats,
486 884 36 14 om
541 877 69 22 hvars
630 876 121 29 betydelse
769 876 139 28 ytterligare
926 874 60 22 skall

229 911 75 21 blifva
322 911 66 28 fråga
406 911 8 21 i
433 913 73 20 annat
524 911 174 28 sammanhang,
726 910 76 21 finnes
820 909 92 22 uttalad
931 909 55 22 alla-

229 945 72 22 redan
320 946 8 21 i
346 945 156 29 Landslagen,
529 945 94 22 hvarest
640 946 8 21 i
667 946 15 21 4
701 946 13 26 $
733 945 34 21 IV
787 945 53 28 kap.
860 944 126 28 Konunga-

229 979 86 22 balken
335 979 101 29 stadgas,
456 982 35 19 att
508 980 133 29 Konungen
661 987 55 21 eger
733 981 67 26 styra
818 979 62 21 riket
889 977 51 22 med
953 979 33 20 in-

228 1013 71 22 födde
317 1015 98 20 svenske
434 1018 59 18 män.
530 1014 48 22 Och
597 1022 88 14 samma
707 1016 111 19 rättssats
840 1013 74 21 finnes
940 1012 47 21 lika

229 1048 90 28 tydligt
344 1048 92 22 uttalad
454 1048 8 22 i
480 1048 28 22 de
536 1048 149 29 grundlagar,
714 1055 49 14 som
791 1046 41 22 vid
859 1046 64 22 tiden
951 1046 37 22 för

229 1082 114 22 Finlands
361 1083 107 29 förening
478 1082 51 22 med
540 1082 177 30 Kejsaredömet
729 1082 116 22 förblefvo
859 1081 6 21 i
879 1080 108 29 gällande

229 1116 70 22 kraft.
329 1118 12 20 I
355 1118 30 21 10
398 1118 13 26 &
424 1117 218 29 Regeringsformen
657 1117 23 22 af
695 1117 65 21 1772
774 1119 95 25 utsäges
882 1115 104 28 sålunda,

229 1154 36 18 att
283 1152 143 22 främmande
444 1151 124 22 utländske
587 1156 53 17 män
659 1152 20 28 ej
694 1152 37 21 mä
744 1150 88 22 brukas
845 1150 56 21 eller
915 1152 72 19 sättas

229 1186 38 21 till
286 1187 72 27 nägra
383 1186 167 28 beställningar
575 1186 104 22 hvarken
699 1186 5 21 i
725 1185 67 22 civil-
816 1184 57 22 eller
891 1184 97 21 militär-

229 1220 100 22 ståndet.
366 1220 129 22 Enahanda
519 1220 130 28 stadgande
676 1220 156 22 förekommer
859 1219 68 21 äfven
946 1218 8 22 i
974 1219 11 20 1

229 1256 106 27 punkten
355 1255 23 21 af
395 1255 138 29 Förenings-
545 1254 43 22 och
602 1254 200 22 Säkerhetsakten
816 1254 24 21 af
855 1253 71 27 1789,
940 1260 47 14 som

228 1288 73 22 bland
326 1292 72 19 annat
419 1289 135 27 innehäller,
573 1293 36 18 att
627 1289 72 21 rikets
719 1288 108 22 ämbeten
848 1288 56 21 böra
923 1287 64 29 ,med

228 1323 97 22 infödde
343 1324 98 21 svenske
460 1323 66 22 män"
545 1324 110 21 besättas.

299 1357 32 22 Af
340 1357 92 22 landets
442 1358 105 28 förening
558 1357 51 22 med
620 1358 178 29 Kejsaredömet
807 1356 44 22 har
865 1355 38 22 väl
915 1356 73 21 betin-

228 1394 61 26 gats,
309 1395 35 18 att
362 1392 39 21 det
420 1393 70 28 ryska
508 1392 94 29 språket
622 1393 97 21 kommit
729 1392 39 21 till
783 1390 153 28 användning
948 1390 40 21 vid

229 1425 29 22 de
277 1427 216 28 förvaltningsvärk
511 1427 8 21 i
537 1427 109 26 Finland,
666 1427 81 21 hvilka
767 1426 71 21 hafva
857 1427 36 20 att
910 1425 78 20 skrift-

228 1461 71 21 växla
327 1461 51 22 med
407 1461 188 28 myndigheter
589 1455 16 39 i
620 1461 185 29 Kejsaredömet,
833 1463 60 18 samt
912 1462 34 19 att
965 1459 23 22 af

296 1504 131 22 Lagutskottets
440 1505 109 17 betänkande
561 1504 36 17 N:o
610 1505 16 17 1.
