1081 1759
140 283 26 21 14
182 283 24 28 8.

131 1182 27 22 16
175 1183 24 28 $.

218 143 33 37 30
443 148 29 23 U.
489 149 28 21 B.
533 161 25 4 —
575 149 74 28 Prop.
665 150 41 22 N:o
723 149 35 22 14.

222 215 129 23 Utskottets
374 217 69 22 flertal
467 217 40 23 har
529 217 60 23 dock
612 219 75 21 ansett
708 218 62 22 vissa
793 218 110 22 särskilda
919 217 59 23 stad-

222 250 91 28 ganden
330 252 95 22 rörande
442 252 68 22 dessa
532 252 105 28 näringar
651 252 136 22 fortfarande
803 252 147 29 motiverade!

292 285 80 23 Denna
396 286 103 28 paragraf
521 286 59 22 afser
603 288 30 21 att
649 287 130 28 undantaga
795 287 132 27 författares,
944 287 33 21 ut-

221 318 99 28 gifvares
336 320 43 22 och
395 321 141 28 förläggares
552 322 42 21 rätt
609 322 32 22 att
656 322 90 28 försälja
763 321 53 22 eller
828 322 76 28 sprida
915 327 58 22 egen

220 354 128 27 tryckskrift
365 354 48 23 från
429 356 28 22 de
477 356 195 28 inskränkningar,
688 356 75 22 hvilka
779 356 6 22 i
804 356 25 22 15
845 356 43 22 och
907 356 25 22 16
947 356 30 27 $$

222 388 94 28 stadgas
339 389 34 22 för
393 390 43 22 den
451 390 170 28 yrkesmässiga
637 391 136 28 försäljning
788 391 53 21 eller
856 390 120 29 spridning

221 422 21 22 af
258 422 87 23 skrifter
360 424 7 21 i
383 424 69 22 andra
469 424 67 27 hand,
553 431 50 15 som
619 425 64 22 faller
693 425 72 22 under
775 425 133 28 begreppen
919 425 56 21 bok-

221 457 83 22 handel
320 458 44 22 och
381 459 281 28 kolportörsverksamhet.
693 460 35 22 Ett
743 459 161 23 motsvarande
915 459 61 22 stad-

220 491 76 28 gande
311 492 75 22 finnes
403 493 61 23 såväl
488 494 6 22 i
513 494 305 28 tryckfrihetsförordningen
840 494 21 22 af
882 494 23 22 år
923 493 54 23 1865

220 525 24 28 ($
260 526 36 28 25)
321 532 50 17 som
388 528 6 21 i
412 528 55 22 1867
482 528 35 22 års
533 528 134 29 förordning
682 528 120 29 angående
819 528 157 29 pressangelä-

218 561 141 27 genheterna
376 562 23 28 ($
409 562 44 29 25),
466 562 39 22 där
516 562 38 23 det
564 563 72 28 lyder:
655 580 8 9 ,
667 563 130 27 Författare,
809 563 110 28 utgifvare
930 563 43 21 och

219 594 129 29 förläggare
371 596 22 22 af
413 597 42 22 alla
471 597 62 28 slags
549 598 96 22 litterära
661 598 43 22 och
721 598 137 22 konstalster
873 604 43 22 ega
932 598 42 21 rät-

219 629 73 28 tighet
308 631 31 21 att
355 631 78 28 själfva
449 632 54 22 eller
518 638 85 22 genom
620 632 69 22 andra
704 632 52 22 dem
772 632 91 28 försälja
879 632 54 22 eller
943 631 31 22 el-

218 664 44 28 jest
278 665 121 27 utsprida.*
419 666 77 28 Enligt
511 667 121 21 utskottets
648 667 67 22 tanke
731 667 94 28 betager
841 667 48 21 icke
906 666 69 22 heller

221 698 25 22 14
262 699 14 27 $
292 699 6 21 i
311 699 34 22 sin
357 700 31 21 uti
400 701 174 28 propositionen
585 701 130 29 föreslagna
725 701 120 28 affattning
855 701 118 26 författare,

219 733 110 28 utgifvare
351 734 44 22 och
416 735 128 29 förläggare
560 736 41 22 rätt
617 737 30 21 att
670 736 68 22 anlita
754 736 87 22 biträde
862 735 38 22 vid
917 735 57 22 utöf-

218 767 84 23 vandet
324 768 22 22 af
368 769 35 21 sin
427 770 40 22 här
489 770 110 28 stadgade
623 770 111 28 rättighet.
768 770 34 22 De
826 776 25 16 ur
876 770 98 22 nämnda

217 801 158 29 författningar
397 804 94 22 anförda
512 804 70 22 orden
607 805 91 28 ,själiva
721 804 54 22 eller
790 810 84 22 genom
891 804 81 22 andra"

218 836 67 22 hafva
300 836 83 28 jämväl
399 839 86 21 ansetts
501 840 81 27 trygga
597 839 214 29 tidningsutgifvare
826 839 37 21 vid
886 840 41 20 rätt
943 840 32 21 att

217 876 86 22 genom
326 872 44 22 fast
393 872 53 23 eller
465 873 104 29 tillfälligt
591 874 110 22 anställda
724 873 48 23 bud
789 873 43 23 låta
853 873 121 29 kringbära

218 905 44 21 och
285 906 29 28 på
337 907 94 27 gatorna
454 908 94 28 utbjuda
564 909 34 21 sin
614 908 96 29 tidning,
727 909 54 22 utan
805 909 30 21 att
857 908 34 22 för
907 908 67 22 dessa

217 938 47 23 bud
280 940 99 22 behöfva
399 942 92 22 utverka
507 942 270 28 kolportörskoncession
799 942 54 22 eller
875 942 98 29 iakttaga

217 974 73 28 öfriga
310 975 151 23 formaliteter.
492 976 35 22 Då
548 983 28 16 en
591 977 140 29 "förändring
757 977 21 22 af
798 977 99 22 nämnda
913 977 60 21 stad-

216 1009 77 27 gande
308 1010 7 21 i
333 1010 54 22 1867
403 1010 35 22 års
463 1011 134 29 förordning
619 1012 76 22 kunde
718 1012 62 28 gifva
803 1011 124 29 anledning
942 1012 32 21 till

216 1042 45 22 den
285 1043 64 27 åsikt,
366 1045 31 21 att
419 1045 71 22 också
513 1052 28 15 en
565 1046 96 28 ändring
677 1046 5 22 i
702 1046 41 22 sak
758 1046 57 22 varit
830 1046 86 26 afsedd,
933 1046 40 22 har

216 1077 110 23 utskottet
335 1080 80 26 ansett,
429 1080 31 21 att
476 1080 25 22 14
514 1080 20 28 $,
550 1080 35 22 för
598 1080 115 22 vinnande
729 1080 22 22 af
767 1080 72 28 nödig
854 1080 118 28 tydlighet,

216 1111 71 23 borde
303 1112 162 29 kompletteras
481 1120 84 22 genom
583 1115 144 28 inskjutande
750 1115 23 21 af
787 1114 71 22 orden
881 1115 91 27 ,själfva

216 1145 54 22 eller
284 1152 85 22 genom
385 1148 82 22 andra"
483 1148 80 22 mellan
581 1149 70 22 orden
669 1150 56 24 ,att*
743 1149 44 22 och
806 1149 166 25 ,densamma".

284 1180 55 22 Med
355 1182 118 28 kolportör
483 1183 40 21 har
538 1183 6 21 i
560 1184 237 28 presslagstiftningen
814 1184 43 21 hos
873 1190 39 15 oss
923 1184 49 22 icke

216 1214 78 22 afsetts
311 1215 86 23 sådana
413 1216 54 28 bud,
484 1224 50 15 som
551 1218 6 21 i
573 1218 167 28 sammanhang
757 1218 51 22 med
827 1218 25 21 14
867 1218 14 27 $
897 1218 74 22 berör-

215 1248 49 27 des,
280 1250 53 21 utan
350 1250 77 22 idkare
443 1252 22 21 af
494 1252 130 22 vandrande
640 1252 139 22 bokhandel.
810 1252 121 28 Kolportör
949 1255 24 19 är

214 1282 91 24 således
326 1290 27 16 en
370 1291 92 21 person,
479 1292 50 16 som
545 1286 22 22 af
582 1286 61 22 olika
659 1287 110 27 utgifvare
785 1286 43 22 och
845 1286 127 29 förläggare

213 1317 130 23 tillhandlar
358 1319 36 28 sig
410 1320 53 22 eller
478 1321 63 27 tager
557 1321 29 28 på
602 1321 72 21 kredit
689 1321 158 29 tryckskrifter,
864 1320 51 22 dem
927 1321 44 22 han

214 1351 72 22 sedan
308 1352 35 22 för
365 1359 58 22 egen
440 1354 96 28 räkning
551 1355 43 21 och
611 1355 60 22 vinst
687 1355 73 22 under
775 1355 196 28 kringvandrande

213 1386 107 28 utbjuder
335 1386 22 22 åt
372 1387 159 23 allmänheten.
553 1389 34 21 En
602 1389 220 29 tidningsförsäljare
838 1392 23 19 är
871 1390 58 28 förty
941 1390 31 21 att

213 1426 56 16 anse
287 1420 77 23 såsom
387 1422 118 28 kolportör
526 1424 81 21 endast
623 1430 37 16 om
677 1424 44 22 han
739 1424 63 22 idkar
823 1424 147 28 tidningsför-

281 1500 132 24 Lagutskottets
425 1502 111 19 betänkande
547 1503 38 18 N:o
596 1504 19 18 2.
