<?xml version="1.0" encoding="UTF-8"?>
<alto xmlns="http://www.loc.gov/standards/alto/ns-v3#" xmlns:xlink="http://www.w3.org/1999/xlink" xmlns:xsi="http://www.w3.org/2001/XMLSchema-instance" xsi:schemaLocation="http://www.loc.gov/standards/alto/ns-v3# http://www.loc.gov/alto/v3/alto-3-0.xsd">
	<Description>
		<MeasurementUnit>pixel</MeasurementUnit>
		<sourceImageInformation>
			<fileName>/tmp/tess_h17zs5j7_input.PNG</fileName>
		</sourceImageInformation>
		<OCRProcessing ID="OCR_0">
			<ocrProcessingStep>
				<processingSoftware>
					<softwareName>tesseract 5.3.4</softwareName>
				</processingSoftware>
			</ocrProcessingStep>
		</OCRProcessing>
	</Description>
	<Layout>
		<Page WIDTH="1084" HEIGHT="1764" PHYSICAL_IMG_NR="0" ID="page_0">
			<PrintSpace HPOS="0" VPOS="0" WIDTH="1084" HEIGHT="1764">
				<ComposedBlock ID="cblock_0" HPOS="823" VPOS="142" WIDTH="28" HEIGHT="22">
					<TextBlock ID="block_0" HPOS="823" VPOS="142" WIDTH="28" HEIGHT="22">
						<TextLine ID="line_0" HPOS="823" VPOS="142" WIDTH="28" HEIGHT="22">
							<String ID="string_0" HPOS="823" VPOS="142" WIDTH="28" HEIGHT="22" WC="0.96" CONTENT="59"/>
						</TextLine>
					</TextBlock>
				</ComposedBlock>
				<ComposedBlock ID="cblock_1" HPOS="88" VPOS="214" WIDTH="767" HEIGHT="1269">
					<TextBlock ID="block_1" HPOS="88" VPOS="214" WIDTH="763" HEIGHT="443">
						<TextLine ID="line_1" HPOS="160" VPOS="214" WIDTH="687" HEIGHT="29">
							<String ID="string_1" HPOS="160" VPOS="214" WIDTH="38" HEIGHT="23" WC="0.96" CONTENT="Då"/><SP WIDTH="20" VPOS="214" HPOS="198"/>
							<String ID="string_2" HPOS="218" VPOS="221" WIDTH="30" HEIGHT="16" WC="0.96" CONTENT="en"/><SP WIDTH="18" VPOS="221" HPOS="248"/>
							<String ID="string_3" HPOS="266" VPOS="215" WIDTH="117" HEIGHT="28" WC="0.96" CONTENT="förening"/><SP WIDTH="18" VPOS="215" HPOS="383"/>
							<String ID="string_4" HPOS="401" VPOS="214" WIDTH="106" HEIGHT="23" WC="0.96" CONTENT="förlorat"/><SP WIDTH="19" VPOS="214" HPOS="507"/>
							<String ID="string_5" HPOS="526" VPOS="214" WIDTH="38" HEIGHT="22" WC="0.93" CONTENT="sin"/><SP WIDTH="11" VPOS="214" HPOS="564"/>
							<String ID="string_6" HPOS="575" VPOS="214" WIDTH="198" HEIGHT="28" WC="0.91" CONTENT="rättskapacitet,"/><SP WIDTH="10" VPOS="214" HPOS="773"/>
							<String ID="string_7" HPOS="783" VPOS="214" WIDTH="64" HEIGHT="22" WC="0.96" CONTENT="böra"/>
						</TextLine>
						<TextLine ID="line_2" HPOS="88" VPOS="248" WIDTH="758" HEIGHT="30">
							<String ID="string_8" HPOS="88" VPOS="250" WIDTH="60" HEIGHT="22" WC="0.95" CONTENT="dess"/><SP WIDTH="19" VPOS="250" HPOS="148"/>
							<String ID="string_9" HPOS="167" VPOS="249" WIDTH="135" HEIGHT="29" WC="0.96" CONTENT="tillgångar"/><SP WIDTH="20" VPOS="249" HPOS="302"/>
							<String ID="string_10" HPOS="322" VPOS="249" WIDTH="133" HEIGHT="22" WC="0.95" CONTENT="användas"/><SP WIDTH="18" VPOS="249" HPOS="455"/>
							<String ID="string_11" HPOS="473" VPOS="249" WIDTH="39" HEIGHT="22" WC="0.96" CONTENT="för"/><SP WIDTH="13" VPOS="249" HPOS="512"/>
							<String ID="string_12" HPOS="525" VPOS="249" WIDTH="42" HEIGHT="22" WC="0.96" CONTENT="det"/><SP WIDTH="11" VPOS="249" HPOS="567"/>
							<String ID="string_13" HPOS="578" VPOS="248" WIDTH="118" HEIGHT="23" WC="0.96" CONTENT="ändamål"/><SP WIDTH="11" VPOS="248" HPOS="696"/>
							<String ID="string_14" HPOS="707" VPOS="249" WIDTH="139" HEIGHT="28" WC="0.96" CONTENT="stadgarna"/>
						</TextLine>
						<TextLine ID="line_3" HPOS="91" VPOS="283" WIDTH="755" HEIGHT="26">
							<String ID="string_15" HPOS="91" VPOS="284" WIDTH="40" HEIGHT="22" WC="0.96" CONTENT="för"/><SP WIDTH="27" VPOS="284" HPOS="131"/>
							<String ID="string_16" HPOS="158" VPOS="283" WIDTH="79" HEIGHT="22" WC="0.96" CONTENT="sådan"/><SP WIDTH="27" VPOS="283" HPOS="237"/>
							<String ID="string_17" HPOS="264" VPOS="283" WIDTH="122" HEIGHT="22" WC="0.93" CONTENT="händelse"/><SP WIDTH="18" VPOS="283" HPOS="386"/>
							<String ID="string_18" HPOS="404" VPOS="283" WIDTH="161" HEIGHT="26" WC="0.91" CONTENT="föreskrifva,"/><SP WIDTH="21" VPOS="283" HPOS="565"/>
							<String ID="string_19" HPOS="586" VPOS="283" WIDTH="67" HEIGHT="26" WC="0.96" CONTENT="eller,"/><SP WIDTH="21" VPOS="283" HPOS="653"/>
							<String ID="string_20" HPOS="674" VPOS="283" WIDTH="46" HEIGHT="22" WC="0.93" CONTENT="där"/><SP WIDTH="19" VPOS="283" HPOS="720"/>
							<String ID="string_21" HPOS="739" VPOS="283" WIDTH="107" HEIGHT="22" WC="0.92" CONTENT="bestäm-"/>
						</TextLine>
						<TextLine ID="line_4" HPOS="91" VPOS="317" WIDTH="756" HEIGHT="30">
							<String ID="string_22" HPOS="91" VPOS="318" WIDTH="61" HEIGHT="29" WC="0.96" CONTENT="ning"/><SP WIDTH="18" VPOS="318" HPOS="152"/>
							<String ID="string_23" HPOS="170" VPOS="318" WIDTH="8" HEIGHT="22" WC="0.96" CONTENT="i"/><SP WIDTH="19" VPOS="318" HPOS="178"/>
							<String ID="string_24" HPOS="197" VPOS="317" WIDTH="137" HEIGHT="30" WC="0.96" CONTENT="stadgarna"/><SP WIDTH="20" VPOS="317" HPOS="334"/>
							<String ID="string_25" HPOS="354" VPOS="317" WIDTH="102" HEIGHT="27" WC="0.96" CONTENT="saknas,"/><SP WIDTH="19" VPOS="317" HPOS="456"/>
							<String ID="string_26" HPOS="475" VPOS="318" WIDTH="33" HEIGHT="28" WC="0.96" CONTENT="på"/><SP WIDTH="17" VPOS="318" HPOS="508"/>
							<String ID="string_27" HPOS="525" VPOS="318" WIDTH="49" HEIGHT="22" WC="0.93" CONTENT="sätt"/><SP WIDTH="12" VPOS="318" HPOS="574"/>
							<String ID="string_28" HPOS="586" VPOS="317" WIDTH="209" HEIGHT="29" WC="0.91" CONTENT="föreningsmötet"/><SP WIDTH="10" VPOS="317" HPOS="795"/>
							<String ID="string_29" HPOS="805" VPOS="317" WIDTH="42" HEIGHT="22" WC="0.92" CONTENT="be-"/>
						</TextLine>
						<TextLine ID="line_5" HPOS="91" VPOS="352" WIDTH="756" HEIGHT="29">
							<String ID="string_30" HPOS="91" VPOS="353" WIDTH="85" HEIGHT="22" WC="0.92" CONTENT="sluter."/><SP WIDTH="37" VPOS="353" HPOS="176"/>
							<String ID="string_31" HPOS="213" VPOS="352" WIDTH="219" HEIGHT="29" WC="0.92" CONTENT="Föreningsmötet"/><SP WIDTH="27" VPOS="352" HPOS="432"/>
							<String ID="string_32" HPOS="459" VPOS="352" WIDTH="51" HEIGHT="23" WC="0.96" CONTENT="kan"/><SP WIDTH="27" VPOS="352" HPOS="510"/>
							<String ID="string_33" HPOS="537" VPOS="352" WIDTH="78" HEIGHT="22" WC="0.96" CONTENT="likväl"/><SP WIDTH="29" VPOS="352" HPOS="615"/>
							<String ID="string_34" HPOS="644" VPOS="352" WIDTH="89" HEIGHT="22" WC="0.93" CONTENT="endast"/><SP WIDTH="27" VPOS="352" HPOS="733"/>
							<String ID="string_35" HPOS="760" VPOS="353" WIDTH="87" HEIGHT="21" WC="0.88" CONTENT="»testa-"/>
						</TextLine>
						<TextLine ID="line_6" HPOS="92" VPOS="386" WIDTH="755" HEIGHT="30">
							<String ID="string_36" HPOS="92" VPOS="388" WIDTH="126" HEIGHT="21" WC="0.90" CONTENT="mentera»"/><SP WIDTH="29" VPOS="388" HPOS="218"/>
							<String ID="string_37" HPOS="247" VPOS="387" WIDTH="169" HEIGHT="28" WC="0.96" CONTENT="tillgångarna"/><SP WIDTH="19" VPOS="387" HPOS="416"/>
							<String ID="string_38" HPOS="435" VPOS="386" WIDTH="39" HEIGHT="23" WC="0.96" CONTENT="för"/><SP WIDTH="19" VPOS="386" HPOS="474"/>
							<String ID="string_39" HPOS="493" VPOS="387" WIDTH="78" HEIGHT="29" WC="0.96" CONTENT="något"/><SP WIDTH="29" VPOS="387" HPOS="571"/>
							<String ID="string_40" HPOS="600" VPOS="386" WIDTH="186" HEIGHT="29" WC="0.93" CONTENT="allmännyttigt"/><SP WIDTH="19" VPOS="386" HPOS="786"/>
							<String ID="string_41" HPOS="805" VPOS="387" WIDTH="42" HEIGHT="21" WC="0.92" CONTENT="än-"/>
						</TextLine>
						<TextLine ID="line_7" HPOS="89" VPOS="421" WIDTH="758" HEIGHT="29">
							<String ID="string_42" HPOS="89" VPOS="421" WIDTH="93" HEIGHT="23" WC="0.89" CONTENT="damål."/><SP WIDTH="39" VPOS="421" HPOS="182"/>
							<String ID="string_43" HPOS="221" VPOS="421" WIDTH="53" HEIGHT="22" WC="0.94" CONTENT="Har"/><SP WIDTH="26" VPOS="421" HPOS="274"/>
							<String ID="string_44" HPOS="300" VPOS="421" WIDTH="150" HEIGHT="29" WC="0.94" CONTENT="föreningen"/><SP WIDTH="27" VPOS="421" HPOS="450"/>
							<String ID="string_45" HPOS="477" VPOS="421" WIDTH="94" HEIGHT="22" WC="0.96" CONTENT="bildats"/><SP WIDTH="22" VPOS="421" HPOS="571"/>
							<String ID="string_46" HPOS="593" VPOS="421" WIDTH="160" HEIGHT="22" WC="0.96" CONTENT="uteslutande"/><SP WIDTH="19" VPOS="421" HPOS="753"/>
							<String ID="string_47" HPOS="772" VPOS="421" WIDTH="8" HEIGHT="22" WC="0.93" CONTENT="i"/><SP WIDTH="19" VPOS="421" HPOS="780"/>
							<String ID="string_48" HPOS="799" VPOS="421" WIDTH="48" HEIGHT="22" WC="0.91" CONTENT="för-"/>
						</TextLine>
						<TextLine ID="line_8" HPOS="92" VPOS="455" WIDTH="755" HEIGHT="30">
							<String ID="string_49" HPOS="92" VPOS="455" WIDTH="299" HEIGHT="30" WC="0.91" CONTENT="eningsmedlemmarnas"/><SP WIDTH="19" VPOS="455" HPOS="391"/>
							<String ID="string_50" HPOS="410" VPOS="456" WIDTH="114" HEIGHT="26" WC="0.96" CONTENT="intresse,"/><SP WIDTH="21" VPOS="456" HPOS="524"/>
							<String ID="string_51" HPOS="545" VPOS="455" WIDTH="62" HEIGHT="23" WC="0.96" CONTENT="böra"/><SP WIDTH="12" VPOS="455" HPOS="607"/>
							<String ID="string_52" HPOS="619" VPOS="455" WIDTH="169" HEIGHT="29" WC="0.93" CONTENT="tillgångarna"/><SP WIDTH="11" VPOS="455" HPOS="788"/>
							<String ID="string_53" HPOS="799" VPOS="455" WIDTH="48" HEIGHT="22" WC="0.92" CONTENT="för-"/>
						</TextLine>
						<TextLine ID="line_9" HPOS="92" VPOS="489" WIDTH="757" HEIGHT="24">
							<String ID="string_54" HPOS="92" VPOS="490" WIDTH="70" HEIGHT="23" WC="0.96" CONTENT="delas"/><SP WIDTH="19" VPOS="490" HPOS="162"/>
							<String ID="string_55" HPOS="181" VPOS="490" WIDTH="90" HEIGHT="22" WC="0.95" CONTENT="mellan"/><SP WIDTH="19" VPOS="490" HPOS="271"/>
							<String ID="string_56" HPOS="290" VPOS="490" WIDTH="196" HEIGHT="22" WC="0.95" CONTENT="medlemmarna"/><SP WIDTH="20" VPOS="490" HPOS="486"/>
							<String ID="string_57" HPOS="506" VPOS="491" WIDTH="63" HEIGHT="22" WC="0.93" CONTENT="efter"/><SP WIDTH="18" VPOS="491" HPOS="569"/>
							<String ID="string_58" HPOS="587" VPOS="490" WIDTH="168" HEIGHT="22" WC="0.91" CONTENT="hufvudtalet."/><SP WIDTH="36" VPOS="490" HPOS="755"/>
							<String ID="string_59" HPOS="791" VPOS="489" WIDTH="58" HEIGHT="23" WC="0.95" CONTENT="Kan"/>
						</TextLine>
						<TextLine ID="line_10" HPOS="92" VPOS="524" WIDTH="759" HEIGHT="29">
							<String ID="string_60" HPOS="92" VPOS="525" WIDTH="62" HEIGHT="22" WC="0.96" CONTENT="intet"/><SP WIDTH="28" VPOS="525" HPOS="154"/>
							<String ID="string_61" HPOS="182" VPOS="525" WIDTH="81" HEIGHT="22" WC="0.96" CONTENT="beslut"/><SP WIDTH="28" VPOS="525" HPOS="263"/>
							<String ID="string_62" HPOS="291" VPOS="531" WIDTH="39" HEIGHT="16" WC="0.95" CONTENT="om"/><SP WIDTH="29" VPOS="531" HPOS="330"/>
							<String ID="string_63" HPOS="359" VPOS="525" WIDTH="182" HEIGHT="28" WC="0.89" CONTENT="dispositionen"/><SP WIDTH="26" VPOS="525" HPOS="541"/>
							<String ID="string_64" HPOS="567" VPOS="525" WIDTH="25" HEIGHT="22" WC="0.96" CONTENT="af"/><SP WIDTH="27" VPOS="525" HPOS="592"/>
							<String ID="string_65" HPOS="619" VPOS="525" WIDTH="164" HEIGHT="28" WC="0.91" CONTENT="föreningens"/><SP WIDTH="22" VPOS="525" HPOS="783"/>
							<String ID="string_66" HPOS="805" VPOS="524" WIDTH="46" HEIGHT="23" WC="0.87" CONTENT="till-"/>
						</TextLine>
						<TextLine ID="line_11" HPOS="94" VPOS="559" WIDTH="756" HEIGHT="29">
							<String ID="string_67" HPOS="94" VPOS="559" WIDTH="100" HEIGHT="29" WC="0.95" CONTENT="gångar"/><SP WIDTH="19" VPOS="559" HPOS="194"/>
							<String ID="string_68" HPOS="213" VPOS="559" WIDTH="97" HEIGHT="26" WC="0.95" CONTENT="träffas,"/><SP WIDTH="20" VPOS="559" HPOS="310"/>
							<String ID="string_69" HPOS="330" VPOS="559" WIDTH="98" HEIGHT="22" WC="0.96" CONTENT="tillfalla"/><SP WIDTH="19" VPOS="559" HPOS="428"/>
							<String ID="string_70" HPOS="447" VPOS="559" WIDTH="128" HEIGHT="22" WC="0.93" CONTENT="desamma"/><SP WIDTH="20" VPOS="559" HPOS="575"/>
							<String ID="string_71" HPOS="595" VPOS="559" WIDTH="81" HEIGHT="22" WC="0.92" CONTENT="fiskus"/><SP WIDTH="18" VPOS="559" HPOS="676"/>
							<String ID="string_72" HPOS="694" VPOS="559" WIDTH="8" HEIGHT="22" WC="0.96" CONTENT="i"/><SP WIDTH="19" VPOS="559" HPOS="702"/>
							<String ID="string_73" HPOS="721" VPOS="559" WIDTH="50" HEIGHT="22" WC="0.95" CONTENT="den"/><SP WIDTH="19" VPOS="559" HPOS="771"/>
							<String ID="string_74" HPOS="790" VPOS="560" WIDTH="60" HEIGHT="25" WC="0.96" CONTENT="stat,"/>
						</TextLine>
						<TextLine ID="line_12" HPOS="92" VPOS="593" WIDTH="759" HEIGHT="30">
							<String ID="string_75" HPOS="92" VPOS="594" WIDTH="47" HEIGHT="22" WC="0.95" CONTENT="där"/><SP WIDTH="27" VPOS="594" HPOS="139"/>
							<String ID="string_76" HPOS="166" VPOS="593" WIDTH="149" HEIGHT="30" WC="0.95" CONTENT="föreningen"/><SP WIDTH="19" VPOS="593" HPOS="315"/>
							<String ID="string_77" HPOS="334" VPOS="594" WIDTH="46" HEIGHT="21" WC="0.96" CONTENT="har"/><SP WIDTH="25" VPOS="594" HPOS="380"/>
							<String ID="string_78" HPOS="405" VPOS="594" WIDTH="38" HEIGHT="21" WC="0.96" CONTENT="sin"/><SP WIDTH="20" VPOS="594" HPOS="443"/>
							<String ID="string_79" HPOS="463" VPOS="594" WIDTH="104" HEIGHT="26" WC="0.96" CONTENT="hemort,"/><SP WIDTH="22" VPOS="594" HPOS="567"/>
							<String ID="string_80" HPOS="589" VPOS="595" WIDTH="64" HEIGHT="20" WC="0.96" CONTENT="samt"/><SP WIDTH="18" VPOS="595" HPOS="653"/>
							<String ID="string_81" HPOS="671" VPOS="593" WIDTH="62" HEIGHT="22" WC="0.93" CONTENT="böra"/><SP WIDTH="22" VPOS="593" HPOS="733"/>
							<String ID="string_82" HPOS="755" VPOS="594" WIDTH="96" HEIGHT="21" WC="0.92" CONTENT="använ-"/>
						</TextLine>
						<TextLine ID="line_13" HPOS="93" VPOS="628" WIDTH="756" HEIGHT="29">
							<String ID="string_83" HPOS="93" VPOS="628" WIDTH="45" HEIGHT="22" WC="0.95" CONTENT="das"/><SP WIDTH="19" VPOS="628" HPOS="138"/>
							<String ID="string_84" HPOS="157" VPOS="628" WIDTH="33" HEIGHT="28" WC="0.96" CONTENT="på"/><SP WIDTH="20" VPOS="628" HPOS="190"/>
							<String ID="string_85" HPOS="210" VPOS="630" WIDTH="34" HEIGHT="20" WC="0.96" CONTENT="ett"/><SP WIDTH="18" VPOS="630" HPOS="244"/>
							<String ID="string_86" HPOS="262" VPOS="628" WIDTH="162" HEIGHT="29" WC="0.96" CONTENT="föreningens"/><SP WIDTH="26" VPOS="628" HPOS="424"/>
							<String ID="string_87" HPOS="450" VPOS="628" WIDTH="118" HEIGHT="22" WC="0.95" CONTENT="ändamål"/><SP WIDTH="23" VPOS="628" HPOS="568"/>
							<String ID="string_88" HPOS="591" VPOS="628" WIDTH="179" HEIGHT="22" WC="0.95" CONTENT="motsvarande"/><SP WIDTH="21" VPOS="628" HPOS="770"/>
							<String ID="string_89" HPOS="791" VPOS="628" WIDTH="58" HEIGHT="22" WC="0.96" CONTENT="sätt."/>
						</TextLine>
					</TextBlock>
					<TextBlock ID="block_2" HPOS="93" VPOS="662" WIDTH="761" HEIGHT="408">
						<TextLine ID="line_14" HPOS="164" VPOS="662" WIDTH="687" HEIGHT="29">
							<String ID="string_90" HPOS="164" VPOS="662" WIDTH="72" HEIGHT="23" WC="0.96" CONTENT="Utom"/><SP WIDTH="25" VPOS="662" HPOS="236"/>
							<String ID="string_91" HPOS="261" VPOS="662" WIDTH="6" HEIGHT="22" WC="0.92" CONTENT="i"/><SP WIDTH="21" VPOS="662" HPOS="267"/>
							<String ID="string_92" HPOS="288" VPOS="662" WIDTH="154" HEIGHT="22" WC="0.92" CONTENT="sistberörda"/><SP WIDTH="28" VPOS="662" HPOS="442"/>
							<String ID="string_93" HPOS="470" VPOS="662" WIDTH="44" HEIGHT="22" WC="0.95" CONTENT="fall"/><SP WIDTH="27" VPOS="662" HPOS="514"/>
							<String ID="string_94" HPOS="541" VPOS="662" WIDTH="47" HEIGHT="22" WC="0.96" CONTENT="bör"/><SP WIDTH="27" VPOS="662" HPOS="588"/>
							<String ID="string_95" HPOS="615" VPOS="662" WIDTH="43" HEIGHT="22" WC="0.96" CONTENT="vid"/><SP WIDTH="28" VPOS="662" HPOS="658"/>
							<String ID="string_96" HPOS="686" VPOS="662" WIDTH="165" HEIGHT="29" WC="0.96" CONTENT="föreningens"/>
						</TextLine>
						<TextLine ID="line_15" HPOS="93" VPOS="697" WIDTH="758" HEIGHT="29">
							<String ID="string_97" HPOS="93" VPOS="697" WIDTH="155" HEIGHT="29" WC="0.96" CONTENT="upplösning"/><SP WIDTH="19" VPOS="697" HPOS="248"/>
							<String ID="string_98" HPOS="267" VPOS="703" WIDTH="30" HEIGHT="16" WC="0.96" CONTENT="en"/><SP WIDTH="18" VPOS="703" HPOS="297"/>
							<String ID="string_99" HPOS="315" VPOS="697" WIDTH="150" HEIGHT="22" WC="0.96" CONTENT="likvidation"/><SP WIDTH="20" VPOS="697" HPOS="465"/>
							<String ID="string_100" HPOS="485" VPOS="697" WIDTH="25" HEIGHT="22" WC="0.96" CONTENT="af"/><SP WIDTH="19" VPOS="697" HPOS="510"/>
							<String ID="string_101" HPOS="529" VPOS="697" WIDTH="162" HEIGHT="29" WC="0.93" CONTENT="föreningens"/><SP WIDTH="15" VPOS="697" HPOS="691"/>
							<String ID="string_102" HPOS="706" VPOS="697" WIDTH="145" HEIGHT="29" WC="0.91" CONTENT="förmögen-"/>
						</TextLine>
						<TextLine ID="line_16" HPOS="93" VPOS="731" WIDTH="759" HEIGHT="29">
							<String ID="string_103" HPOS="93" VPOS="731" WIDTH="43" HEIGHT="23" WC="0.96" CONTENT="het"/><SP WIDTH="19" VPOS="731" HPOS="136"/>
							<String ID="string_104" HPOS="155" VPOS="732" WIDTH="51" HEIGHT="22" WC="0.93" CONTENT="ske."/><SP WIDTH="38" VPOS="732" HPOS="206"/>
							<String ID="string_105" HPOS="244" VPOS="731" WIDTH="176" HEIGHT="23" WC="0.91" CONTENT="Likvidatorer"/><SP WIDTH="20" VPOS="731" HPOS="420"/>
							<String ID="string_106" HPOS="440" VPOS="732" WIDTH="44" HEIGHT="22" WC="0.96" CONTENT="äro"/><SP WIDTH="19" VPOS="732" HPOS="484"/>
							<String ID="string_107" HPOS="503" VPOS="732" WIDTH="164" HEIGHT="28" WC="0.96" CONTENT="föreningens"/><SP WIDTH="26" VPOS="732" HPOS="667"/>
							<String ID="string_108" HPOS="693" VPOS="732" WIDTH="104" HEIGHT="28" WC="0.93" CONTENT="styrelse"/><SP WIDTH="24" VPOS="732" HPOS="797"/>
							<String ID="string_109" HPOS="821" VPOS="731" WIDTH="31" HEIGHT="22" WC="0.92" CONTENT="el-"/>
						</TextLine>
						<TextLine ID="line_17" HPOS="93" VPOS="766" WIDTH="758" HEIGHT="28">
							<String ID="string_110" HPOS="93" VPOS="766" WIDTH="37" HEIGHT="22" WC="0.95" CONTENT="ler"/><SP WIDTH="28" VPOS="766" HPOS="130"/>
							<String ID="string_111" HPOS="158" VPOS="766" WIDTH="119" HEIGHT="22" WC="0.96" CONTENT="särskildt"/><SP WIDTH="27" VPOS="766" HPOS="277"/>
							<String ID="string_112" HPOS="304" VPOS="766" WIDTH="39" HEIGHT="22" WC="0.96" CONTENT="för"/><SP WIDTH="25" VPOS="766" HPOS="343"/>
							<String ID="string_113" HPOS="368" VPOS="766" WIDTH="68" HEIGHT="22" WC="0.96" CONTENT="detta"/><SP WIDTH="20" VPOS="766" HPOS="436"/>
							<String ID="string_114" HPOS="456" VPOS="766" WIDTH="117" HEIGHT="22" WC="0.96" CONTENT="ändamål"/><SP WIDTH="19" VPOS="766" HPOS="573"/>
							<String ID="string_115" HPOS="592" VPOS="766" WIDTH="108" HEIGHT="22" WC="0.96" CONTENT="utsedda"/><SP WIDTH="19" VPOS="766" HPOS="700"/>
							<String ID="string_116" HPOS="719" VPOS="772" WIDTH="132" HEIGHT="22" WC="0.95" CONTENT="personer."/>
						</TextLine>
						<TextLine ID="line_18" HPOS="94" VPOS="800" WIDTH="758" HEIGHT="30">
							<String ID="string_117" HPOS="94" VPOS="800" WIDTH="216" HEIGHT="26" WC="0.92" CONTENT="Likvidatorerna,"/><SP WIDTH="18" VPOS="800" HPOS="310"/>
							<String ID="string_118" HPOS="328" VPOS="800" WIDTH="88" HEIGHT="22" WC="0.96" CONTENT="hvilka"/><SP WIDTH="24" VPOS="800" HPOS="416"/>
							<String ID="string_119" HPOS="440" VPOS="801" WIDTH="87" HEIGHT="29" WC="0.96" CONTENT="intaga"/><SP WIDTH="29" VPOS="801" HPOS="527"/>
							<String ID="string_120" HPOS="556" VPOS="807" WIDTH="30" HEIGHT="15" WC="0.95" CONTENT="en"/><SP WIDTH="29" VPOS="807" HPOS="586"/>
							<String ID="string_121" HPOS="615" VPOS="800" WIDTH="118" HEIGHT="29" WC="0.96" CONTENT="ställning"/><SP WIDTH="20" VPOS="800" HPOS="733"/>
							<String ID="string_122" HPOS="753" VPOS="800" WIDTH="99" HEIGHT="22" WC="0.96" CONTENT="snarlik"/>
						</TextLine>
						<TextLine ID="line_19" HPOS="95" VPOS="835" WIDTH="758" HEIGHT="29">
							<String ID="string_123" HPOS="95" VPOS="835" WIDTH="145" HEIGHT="28" WC="0.96" CONTENT="styrelsens,"/><SP WIDTH="20" VPOS="835" HPOS="240"/>
							<String ID="string_124" HPOS="260" VPOS="835" WIDTH="61" HEIGHT="22" WC="0.96" CONTENT="böra"/><SP WIDTH="20" VPOS="835" HPOS="321"/>
							<String ID="string_125" HPOS="341" VPOS="835" WIDTH="96" HEIGHT="22" WC="0.96" CONTENT="ansöka"/><SP WIDTH="20" VPOS="835" HPOS="437"/>
							<String ID="string_126" HPOS="457" VPOS="842" WIDTH="39" HEIGHT="15" WC="0.93" CONTENT="om"/><SP WIDTH="24" VPOS="842" HPOS="496"/>
							<String ID="string_127" HPOS="520" VPOS="835" WIDTH="170" HEIGHT="29" WC="0.86" CONTENT="årsstämning"/><SP WIDTH="19" VPOS="835" HPOS="690"/>
							<String ID="string_128" HPOS="709" VPOS="835" WIDTH="14" HEIGHT="22" WC="0.92" CONTENT="ä"/><SP WIDTH="19" VPOS="835" HPOS="723"/>
							<String ID="string_129" HPOS="742" VPOS="835" WIDTH="111" HEIGHT="22" WC="0.92" CONTENT="förenin-"/>
						</TextLine>
						<TextLine ID="line_20" HPOS="95" VPOS="869" WIDTH="756" HEIGHT="29">
							<String ID="string_130" HPOS="95" VPOS="876" WIDTH="63" HEIGHT="22" WC="0.93" CONTENT="gens"/><SP WIDTH="18" VPOS="876" HPOS="158"/>
							<String ID="string_131" HPOS="176" VPOS="869" WIDTH="156" HEIGHT="29" WC="0.92" CONTENT="borgenärer"/><SP WIDTH="18" VPOS="869" HPOS="332"/>
							<String ID="string_132" HPOS="350" VPOS="871" WIDTH="65" HEIGHT="21" WC="0.93" CONTENT="samt"/><SP WIDTH="19" VPOS="871" HPOS="415"/>
							<String ID="string_133" HPOS="434" VPOS="870" WIDTH="92" HEIGHT="22" WC="0.92" CONTENT="afsluta"/><SP WIDTH="20" VPOS="870" HPOS="526"/>
							<String ID="string_134" HPOS="546" VPOS="870" WIDTH="48" HEIGHT="22" WC="0.93" CONTENT="alla"/><SP WIDTH="16" VPOS="870" HPOS="594"/>
							<String ID="string_135" HPOS="610" VPOS="870" WIDTH="109" HEIGHT="28" WC="0.92" CONTENT="löpande"/><SP WIDTH="11" VPOS="870" HPOS="719"/>
							<String ID="string_136" HPOS="730" VPOS="869" WIDTH="121" HEIGHT="22" WC="0.91" CONTENT="ärenden."/>
						</TextLine>
						<TextLine ID="line_21" HPOS="96" VPOS="903" WIDTH="758" HEIGHT="30">
							<String ID="string_137" HPOS="96" VPOS="903" WIDTH="56" HEIGHT="29" WC="0.92" CONTENT="Nya"/><SP WIDTH="29" VPOS="903" HPOS="152"/>
							<String ID="string_138" HPOS="181" VPOS="904" WIDTH="60" HEIGHT="22" WC="0.90" CONTENT="aftal"/><SP WIDTH="27" VPOS="904" HPOS="241"/>
							<String ID="string_139" HPOS="268" VPOS="904" WIDTH="86" HEIGHT="22" WC="0.96" CONTENT="kunna"/><SP WIDTH="21" VPOS="904" HPOS="354"/>
							<String ID="string_140" HPOS="375" VPOS="904" WIDTH="25" HEIGHT="22" WC="0.96" CONTENT="af"/><SP WIDTH="18" VPOS="904" HPOS="400"/>
							<String ID="string_141" HPOS="418" VPOS="904" WIDTH="57" HEIGHT="22" WC="0.93" CONTENT="dem"/><SP WIDTH="19" VPOS="904" HPOS="475"/>
							<String ID="string_142" HPOS="494" VPOS="904" WIDTH="73" HEIGHT="29" WC="0.91" CONTENT="ingäs"/><SP WIDTH="20" VPOS="904" HPOS="567"/>
							<String ID="string_143" HPOS="587" VPOS="904" WIDTH="90" HEIGHT="22" WC="0.96" CONTENT="endast"/><SP WIDTH="18" VPOS="904" HPOS="677"/>
							<String ID="string_144" HPOS="695" VPOS="910" WIDTH="40" HEIGHT="16" WC="0.96" CONTENT="om"/><SP WIDTH="20" VPOS="910" HPOS="735"/>
							<String ID="string_145" HPOS="755" VPOS="904" WIDTH="30" HEIGHT="22" WC="0.93" CONTENT="de"/><SP WIDTH="20" VPOS="904" HPOS="785"/>
							<String ID="string_146" HPOS="805" VPOS="904" WIDTH="49" HEIGHT="22" WC="0.92" CONTENT="äro"/>
						</TextLine>
						<TextLine ID="line_22" HPOS="96" VPOS="938" WIDTH="758" HEIGHT="30">
							<String ID="string_147" HPOS="96" VPOS="938" WIDTH="164" HEIGHT="29" WC="0.95" CONTENT="nödvändiga"/><SP WIDTH="27" VPOS="938" HPOS="260"/>
							<String ID="string_148" HPOS="287" VPOS="938" WIDTH="39" HEIGHT="22" WC="0.93" CONTENT="för"/><SP WIDTH="28" VPOS="938" HPOS="326"/>
							<String ID="string_149" HPOS="354" VPOS="938" WIDTH="176" HEIGHT="23" WC="0.91" CONTENT="afvecklandet"/><SP WIDTH="21" VPOS="938" HPOS="530"/>
							<String ID="string_150" HPOS="551" VPOS="938" WIDTH="24" HEIGHT="22" WC="0.96" CONTENT="af"/><SP WIDTH="18" VPOS="938" HPOS="575"/>
							<String ID="string_151" HPOS="593" VPOS="938" WIDTH="108" HEIGHT="30" WC="0.93" CONTENT="tidigare"/><SP WIDTH="19" VPOS="938" HPOS="701"/>
							<String ID="string_152" HPOS="720" VPOS="938" WIDTH="134" HEIGHT="29" WC="0.90" CONTENT="ingängna"/>
						</TextLine>
						<TextLine ID="line_23" HPOS="96" VPOS="972" WIDTH="758" HEIGHT="30">
							<String ID="string_153" HPOS="96" VPOS="973" WIDTH="194" HEIGHT="22" WC="0.93" CONTENT="transaktioner."/><SP WIDTH="44" VPOS="973" HPOS="290"/>
							<String ID="string_154" HPOS="334" VPOS="972" WIDTH="124" HEIGHT="30" WC="0.93" CONTENT="Slutligen"/><SP WIDTH="28" VPOS="972" HPOS="458"/>
							<String ID="string_155" HPOS="486" VPOS="974" WIDTH="44" HEIGHT="22" WC="0.85" CONTENT="äro"/><SP WIDTH="28" VPOS="974" HPOS="530"/>
							<String ID="string_156" HPOS="558" VPOS="973" WIDTH="198" HEIGHT="22" WC="0.91" CONTENT="likvidatorerna"/><SP WIDTH="29" VPOS="973" HPOS="756"/>
							<String ID="string_157" HPOS="785" VPOS="972" WIDTH="69" HEIGHT="29" WC="0.91" CONTENT="skyl-"/>
						</TextLine>
						<TextLine ID="line_24" HPOS="96" VPOS="1007" WIDTH="757" HEIGHT="29">
							<String ID="string_158" HPOS="96" VPOS="1007" WIDTH="60" HEIGHT="29" WC="0.92" CONTENT="diga"/><SP WIDTH="20" VPOS="1007" HPOS="156"/>
							<String ID="string_159" HPOS="176" VPOS="1009" WIDTH="35" HEIGHT="20" WC="0.96" CONTENT="att"/><SP WIDTH="19" VPOS="1009" HPOS="211"/>
							<String ID="string_160" HPOS="230" VPOS="1007" WIDTH="62" HEIGHT="22" WC="0.96" CONTENT="efter"/><SP WIDTH="19" VPOS="1007" HPOS="292"/>
							<String ID="string_161" HPOS="311" VPOS="1008" WIDTH="129" HEIGHT="28" WC="0.96" CONTENT="betalning"/><SP WIDTH="21" VPOS="1008" HPOS="440"/>
							<String ID="string_162" HPOS="461" VPOS="1008" WIDTH="25" HEIGHT="22" WC="0.60" CONTENT="af"/><SP WIDTH="9" VPOS="1008" HPOS="486"/>
							<String ID="string_163" HPOS="495" VPOS="1008" WIDTH="164" HEIGHT="28" WC="0.60" CONTENT="föreningens"/><SP WIDTH="14" VPOS="1008" HPOS="659"/>
							<String ID="string_164" HPOS="673" VPOS="1007" WIDTH="58" HEIGHT="29" WC="0.92" CONTENT="gäld"/><SP WIDTH="20" VPOS="1007" HPOS="731"/>
							<String ID="string_165" HPOS="751" VPOS="1007" WIDTH="102" HEIGHT="29" WC="0.92" CONTENT="utgifva"/>
						</TextLine>
						<TextLine ID="line_25" HPOS="96" VPOS="1041" WIDTH="515" HEIGHT="29">
							<String ID="string_166" HPOS="96" VPOS="1041" WIDTH="178" HEIGHT="29" WC="0.96" CONTENT="behållningen"/><SP WIDTH="20" VPOS="1041" HPOS="274"/>
							<String ID="string_167" HPOS="294" VPOS="1042" WIDTH="25" HEIGHT="22" WC="0.96" CONTENT="åt"/><SP WIDTH="18" VPOS="1042" HPOS="319"/>
							<String ID="string_168" HPOS="337" VPOS="1042" WIDTH="48" HEIGHT="22" WC="0.96" CONTENT="den"/><SP WIDTH="21" VPOS="1042" HPOS="385"/>
							<String ID="string_169" HPOS="406" VPOS="1048" WIDTH="52" HEIGHT="16" WC="0.93" CONTENT="som"/><SP WIDTH="20" VPOS="1048" HPOS="458"/>
							<String ID="string_170" HPOS="478" VPOS="1042" WIDTH="133" HEIGHT="22" WC="0.92" CONTENT="vederbör."/>
						</TextLine>
					</TextBlock>
					<TextBlock ID="block_3" HPOS="96" VPOS="1076" WIDTH="759" HEIGHT="160">
						<TextLine ID="line_26" HPOS="166" VPOS="1076" WIDTH="687" HEIGHT="30">
							<String ID="string_171" HPOS="166" VPOS="1076" WIDTH="38" HEIGHT="22" WC="0.96" CONTENT="En"/><SP WIDTH="27" VPOS="1076" HPOS="204"/>
							<String ID="string_172" HPOS="231" VPOS="1076" WIDTH="123" HEIGHT="30" WC="0.96" CONTENT="förening,"/><SP WIDTH="30" VPOS="1076" HPOS="354"/>
							<String ID="string_173" HPOS="384" VPOS="1083" WIDTH="53" HEIGHT="15" WC="0.96" CONTENT="som"/><SP WIDTH="27" VPOS="1083" HPOS="437"/>
							<String ID="string_174" HPOS="464" VPOS="1076" WIDTH="107" HEIGHT="24" WC="0.94" CONTENT="förlorat"/><SP WIDTH="27" VPOS="1076" HPOS="571"/>
							<String ID="string_175" HPOS="598" VPOS="1077" WIDTH="38" HEIGHT="22" WC="0.93" CONTENT="sin"/><SP WIDTH="19" VPOS="1077" HPOS="636"/>
							<String ID="string_176" HPOS="655" VPOS="1076" WIDTH="198" HEIGHT="28" WC="0.91" CONTENT="rättskapacitet,"/>
						</TextLine>
						<TextLine ID="line_27" HPOS="96" VPOS="1110" WIDTH="759" HEIGHT="30">
							<String ID="string_177" HPOS="96" VPOS="1110" WIDTH="52" HEIGHT="22" WC="0.92" CONTENT="kan"/><SP WIDTH="18" VPOS="1110" HPOS="148"/>
							<String ID="string_178" HPOS="166" VPOS="1110" WIDTH="169" HEIGHT="23" WC="0.92" CONTENT="obehindradt"/><SP WIDTH="17" VPOS="1110" HPOS="335"/>
							<String ID="string_179" HPOS="352" VPOS="1111" WIDTH="124" HEIGHT="22" WC="0.92" CONTENT="fortbestå"/><SP WIDTH="20" VPOS="1111" HPOS="476"/>
							<String ID="string_180" HPOS="496" VPOS="1118" WIDTH="54" HEIGHT="16" WC="0.95" CONTENT="som"/><SP WIDTH="19" VPOS="1118" HPOS="550"/>
							<String ID="string_181" HPOS="569" VPOS="1111" WIDTH="117" HEIGHT="29" WC="0.96" CONTENT="förening"/><SP WIDTH="18" VPOS="1111" HPOS="686"/>
							<String ID="string_182" HPOS="704" VPOS="1112" WIDTH="61" HEIGHT="21" WC="0.93" CONTENT="utan"/><SP WIDTH="13" VPOS="1112" HPOS="765"/>
							<String ID="string_183" HPOS="778" VPOS="1112" WIDTH="77" HEIGHT="21" WC="0.89" CONTENT="rätts-"/>
						</TextLine>
						<TextLine ID="line_28" HPOS="96" VPOS="1144" WIDTH="757" HEIGHT="30">
							<String ID="string_184" HPOS="96" VPOS="1144" WIDTH="134" HEIGHT="29" WC="0.96" CONTENT="kapacitet."/><SP WIDTH="37" VPOS="1144" HPOS="230"/>
							<String ID="string_185" HPOS="267" VPOS="1145" WIDTH="134" HEIGHT="29" WC="0.95" CONTENT="Förening,"/><SP WIDTH="29" VPOS="1145" HPOS="401"/>
							<String ID="string_186" HPOS="430" VPOS="1152" WIDTH="54" HEIGHT="16" WC="0.96" CONTENT="som"/><SP WIDTH="24" VPOS="1152" HPOS="484"/>
							<String ID="string_187" HPOS="508" VPOS="1146" WIDTH="33" HEIGHT="28" WC="0.96" CONTENT="på"/><SP WIDTH="26" VPOS="1146" HPOS="541"/>
							<String ID="string_188" HPOS="567" VPOS="1146" WIDTH="83" HEIGHT="28" WC="0.96" CONTENT="grund"/><SP WIDTH="23" VPOS="1146" HPOS="650"/>
							<String ID="string_189" HPOS="673" VPOS="1146" WIDTH="25" HEIGHT="22" WC="0.92" CONTENT="af"/><SP WIDTH="18" VPOS="1146" HPOS="698"/>
							<String ID="string_190" HPOS="716" VPOS="1145" WIDTH="137" HEIGHT="29" WC="0.91" CONTENT="offentligt-"/>
						</TextLine>
						<TextLine ID="line_29" HPOS="96" VPOS="1179" WIDTH="758" HEIGHT="29">
							<String ID="string_191" HPOS="96" VPOS="1179" WIDTH="116" HEIGHT="29" WC="0.96" CONTENT="rättsliga"/><SP WIDTH="19" VPOS="1179" HPOS="212"/>
							<String ID="string_192" HPOS="231" VPOS="1180" WIDTH="157" HEIGHT="22" WC="0.96" CONTENT="föreskrifter"/><SP WIDTH="20" VPOS="1180" HPOS="388"/>
							<String ID="string_193" HPOS="408" VPOS="1180" WIDTH="120" HEIGHT="28" WC="0.96" CONTENT="upplösts,"/><SP WIDTH="20" VPOS="1180" HPOS="528"/>
							<String ID="string_194" HPOS="548" VPOS="1180" WIDTH="46" HEIGHT="22" WC="0.96" CONTENT="har"/><SP WIDTH="19" VPOS="1180" HPOS="594"/>
							<String ID="string_195" HPOS="613" VPOS="1180" WIDTH="114" HEIGHT="22" WC="0.96" CONTENT="däremot"/><SP WIDTH="12" VPOS="1180" HPOS="727"/>
							<String ID="string_196" HPOS="739" VPOS="1180" WIDTH="115" HEIGHT="28" WC="0.95" CONTENT="upphört"/>
						</TextLine>
						<TextLine ID="line_30" HPOS="96" VPOS="1214" WIDTH="173" HEIGHT="22">
							<String ID="string_197" HPOS="96" VPOS="1215" WIDTH="39" HEIGHT="20" WC="0.95" CONTENT="att"/><SP WIDTH="18" VPOS="1215" HPOS="135"/>
							<String ID="string_198" HPOS="153" VPOS="1214" WIDTH="116" HEIGHT="22" WC="0.96" CONTENT="existera."/>
						</TextLine>
					</TextBlock>
					<TextBlock ID="block_4" HPOS="97" VPOS="1243" WIDTH="758" HEIGHT="240">
						<TextLine ID="line_31" HPOS="167" VPOS="1243" WIDTH="688" HEIGHT="35">
							<String ID="string_199" HPOS="167" VPOS="1248" WIDTH="56" HEIGHT="22" WC="0.96" CONTENT="Den"/><SP WIDTH="30" VPOS="1248" HPOS="223"/>
							<String ID="string_200" HPOS="253" VPOS="1243" WIDTH="171" HEIGHT="28" WC="0.95" CONTENT="Österrikiska"/><SP WIDTH="29" VPOS="1243" HPOS="424"/>
							<String ID="string_201" HPOS="453" VPOS="1249" WIDTH="160" HEIGHT="29" WC="0.95" CONTENT="grundlagen"/><SP WIDTH="20" VPOS="1249" HPOS="613"/>
							<String ID="string_202" HPOS="633" VPOS="1249" WIDTH="26" HEIGHT="22" WC="0.96" CONTENT="af"/><SP WIDTH="24" VPOS="1249" HPOS="659"/>
							<String ID="string_203" HPOS="683" VPOS="1249" WIDTH="28" HEIGHT="21" WC="0.96" CONTENT="år"/><SP WIDTH="20" VPOS="1249" HPOS="711"/>
							<String ID="string_204" HPOS="731" VPOS="1248" WIDTH="65" HEIGHT="23" WC="0.93" CONTENT="1867"/><SP WIDTH="21" VPOS="1248" HPOS="796"/>
							<String ID="string_205" HPOS="817" VPOS="1255" WIDTH="38" HEIGHT="15" WC="0.88" CONTENT="er-"/>
						</TextLine>
						<TextLine ID="line_32" HPOS="97" VPOS="1282" WIDTH="756" HEIGHT="30">
							<String ID="string_206" HPOS="97" VPOS="1282" WIDTH="99" HEIGHT="22" WC="0.92" CONTENT="känner"/><SP WIDTH="26" VPOS="1282" HPOS="196"/>
							<String ID="string_207" HPOS="222" VPOS="1283" WIDTH="213" HEIGHT="29" WC="0.92" CONTENT="medborgarenes"/><SP WIDTH="27" VPOS="1283" HPOS="435"/>
							<String ID="string_208" HPOS="462" VPOS="1284" WIDTH="52" HEIGHT="22" WC="0.94" CONTENT="rätt"/><SP WIDTH="19" VPOS="1284" HPOS="514"/>
							<String ID="string_209" HPOS="533" VPOS="1285" WIDTH="36" HEIGHT="21" WC="0.96" CONTENT="att"/><SP WIDTH="17" VPOS="1285" HPOS="569"/>
							<String ID="string_210" HPOS="586" VPOS="1283" WIDTH="53" HEIGHT="22" WC="0.96" CONTENT="fritt"/><SP WIDTH="19" VPOS="1283" HPOS="639"/>
							<String ID="string_211" HPOS="658" VPOS="1283" WIDTH="68" HEIGHT="22" WC="0.93" CONTENT="bilda"/><SP WIDTH="19" VPOS="1283" HPOS="726"/>
							<String ID="string_212" HPOS="745" VPOS="1283" WIDTH="108" HEIGHT="22" WC="0.92" CONTENT="förenin-"/>
						</TextLine>
						<TextLine ID="line_33" HPOS="97" VPOS="1317" WIDTH="756" HEIGHT="29">
							<String ID="string_213" HPOS="97" VPOS="1323" WIDTH="55" HEIGHT="22" WC="0.96" CONTENT="gar,"/><SP WIDTH="28" VPOS="1323" HPOS="152"/>
							<String ID="string_214" HPOS="180" VPOS="1317" WIDTH="78" HEIGHT="22" WC="0.96" CONTENT="likväl"/><SP WIDTH="28" VPOS="1317" HPOS="258"/>
							<String ID="string_215" HPOS="286" VPOS="1318" WIDTH="56" HEIGHT="22" WC="0.96" CONTENT="med"/><SP WIDTH="24" VPOS="1318" HPOS="342"/>
							<String ID="string_216" HPOS="366" VPOS="1317" WIDTH="126" HEIGHT="23" WC="0.96" CONTENT="förbehåll"/><SP WIDTH="28" VPOS="1317" HPOS="492"/>
							<String ID="string_217" HPOS="520" VPOS="1320" WIDTH="36" HEIGHT="20" WC="0.96" CONTENT="att"/><SP WIDTH="27" VPOS="1320" HPOS="556"/>
							<String ID="string_218" HPOS="583" VPOS="1318" WIDTH="84" HEIGHT="22" WC="0.96" CONTENT="denna"/><SP WIDTH="28" VPOS="1318" HPOS="667"/>
							<String ID="string_219" HPOS="695" VPOS="1318" WIDTH="49" HEIGHT="21" WC="0.96" CONTENT="rätt"/><SP WIDTH="18" VPOS="1318" HPOS="744"/>
							<String ID="string_220" HPOS="762" VPOS="1324" WIDTH="91" HEIGHT="22" WC="0.96" CONTENT="genom"/>
						</TextLine>
						<TextLine ID="line_34" HPOS="98" VPOS="1351" WIDTH="756" HEIGHT="29">
							<String ID="string_221" HPOS="98" VPOS="1351" WIDTH="109" HEIGHT="23" WC="0.96" CONTENT="särskild"/><SP WIDTH="18" VPOS="1351" HPOS="207"/>
							<String ID="string_222" HPOS="225" VPOS="1352" WIDTH="43" HEIGHT="28" WC="0.96" CONTENT="lag"/><SP WIDTH="18" VPOS="1352" HPOS="268"/>
							<String ID="string_223" HPOS="286" VPOS="1352" WIDTH="50" HEIGHT="22" WC="0.93" CONTENT="kan"/><SP WIDTH="20" VPOS="1352" HPOS="336"/>
							<String ID="string_224" HPOS="356" VPOS="1352" WIDTH="161" HEIGHT="22" WC="0.91" CONTENT="inskränkas."/><SP WIDTH="38" VPOS="1352" HPOS="517"/>
							<String ID="string_225" HPOS="555" VPOS="1352" WIDTH="87" HEIGHT="28" WC="0.94" CONTENT="Enligt"/><SP WIDTH="19" VPOS="1352" HPOS="642"/>
							<String ID="string_226" HPOS="661" VPOS="1358" WIDTH="30" HEIGHT="16" WC="0.96" CONTENT="en"/><SP WIDTH="20" VPOS="1358" HPOS="691"/>
							<String ID="string_227" HPOS="711" VPOS="1358" WIDTH="95" HEIGHT="16" WC="0.96" CONTENT="samma"/><SP WIDTH="21" VPOS="1358" HPOS="806"/>
							<String ID="string_228" HPOS="827" VPOS="1352" WIDTH="27" HEIGHT="21" WC="0.96" CONTENT="år"/>
						</TextLine>
						<TextLine ID="line_35" HPOS="98" VPOS="1385" WIDTH="757" HEIGHT="30">
							<String ID="string_229" HPOS="98" VPOS="1385" WIDTH="119" HEIGHT="22" WC="0.96" CONTENT="utfärdad"/><SP WIDTH="19" VPOS="1385" HPOS="217"/>
							<String ID="string_230" HPOS="236" VPOS="1385" WIDTH="42" HEIGHT="30" WC="0.96" CONTENT="lag"/><SP WIDTH="20" VPOS="1385" HPOS="278"/>
							<String ID="string_231" HPOS="298" VPOS="1386" WIDTH="49" HEIGHT="22" WC="0.96" CONTENT="kan"/><SP WIDTH="19" VPOS="1386" HPOS="347"/>
							<String ID="string_232" HPOS="366" VPOS="1385" WIDTH="126" HEIGHT="30" WC="0.96" CONTENT="förening,"/><SP WIDTH="20" VPOS="1385" HPOS="492"/>
							<String ID="string_233" HPOS="512" VPOS="1386" WIDTH="78" HEIGHT="22" WC="0.96" CONTENT="hvars"/><SP WIDTH="19" VPOS="1386" HPOS="590"/>
							<String ID="string_234" HPOS="609" VPOS="1386" WIDTH="66" HEIGHT="28" WC="0.96" CONTENT="syfte"/><SP WIDTH="19" VPOS="1386" HPOS="675"/>
							<String ID="string_235" HPOS="694" VPOS="1386" WIDTH="53" HEIGHT="22" WC="0.90" CONTENT="icke"/><SP WIDTH="16" VPOS="1386" HPOS="747"/>
							<String ID="string_236" HPOS="763" VPOS="1385" WIDTH="92" HEIGHT="23" WC="0.90" CONTENT="uteslu-"/>
						</TextLine>
						<TextLine ID="line_36" HPOS="98" VPOS="1419" WIDTH="756" HEIGHT="27">
							<String ID="string_237" HPOS="98" VPOS="1419" WIDTH="77" HEIGHT="22" WC="0.96" CONTENT="tande"/><SP WIDTH="19" VPOS="1419" HPOS="175"/>
							<String ID="string_238" HPOS="194" VPOS="1421" WIDTH="28" HEIGHT="21" WC="0.96" CONTENT="är"/><SP WIDTH="20" VPOS="1421" HPOS="222"/>
							<String ID="string_239" HPOS="242" VPOS="1420" WIDTH="146" HEIGHT="23" WC="0.96" CONTENT="ekonomisk"/><SP WIDTH="19" VPOS="1420" HPOS="388"/>
							<String ID="string_240" HPOS="407" VPOS="1421" WIDTH="170" HEIGHT="25" WC="0.95" CONTENT="verksamhet,"/><SP WIDTH="21" VPOS="1421" HPOS="577"/>
							<String ID="string_241" HPOS="598" VPOS="1420" WIDTH="81" HEIGHT="22" WC="0.96" CONTENT="bildas"/><SP WIDTH="14" VPOS="1420" HPOS="679"/>
							<String ID="string_242" HPOS="693" VPOS="1420" WIDTH="90" HEIGHT="22" WC="0.96" CONTENT="endast"/><SP WIDTH="15" VPOS="1420" HPOS="783"/>
							<String ID="string_243" HPOS="798" VPOS="1419" WIDTH="56" HEIGHT="23" WC="0.95" CONTENT="med"/>
						</TextLine>
						<TextLine ID="line_37" HPOS="98" VPOS="1453" WIDTH="757" HEIGHT="30">
							<String ID="string_244" HPOS="98" VPOS="1453" WIDTH="112" HEIGHT="23" WC="0.95" CONTENT="tillstånd"/><SP WIDTH="21" VPOS="1453" HPOS="210"/>
							<String ID="string_245" HPOS="231" VPOS="1454" WIDTH="25" HEIGHT="22" WC="0.93" CONTENT="af"/><SP WIDTH="18" VPOS="1454" HPOS="256"/>
							<String ID="string_246" HPOS="274" VPOS="1455" WIDTH="258" HEIGHT="22" WC="0.90" CONTENT="ståthållareämbetet"/><SP WIDTH="29" VPOS="1455" HPOS="532"/>
							<String ID="string_247" HPOS="561" VPOS="1455" WIDTH="58" HEIGHT="22" WC="0.96" CONTENT="eller"/><SP WIDTH="28" VPOS="1455" HPOS="619"/>
							<String ID="string_248" HPOS="647" VPOS="1455" WIDTH="153" HEIGHT="28" WC="0.96" CONTENT="regeringen"/><SP WIDTH="21" VPOS="1455" HPOS="800"/>
							<String ID="string_249" HPOS="821" VPOS="1454" WIDTH="34" HEIGHT="22" WC="0.96" CONTENT="uti"/>
						</TextLine>
					</TextBlock>
				</ComposedBlock>
			</PrintSpace>
		</Page>
	</Layout>
</alto>
