1078 1759
222 154 29 22 62
443 155 30 23 U.
489 156 27 21 B.
534 168 27 3 —
577 156 73 28 Prop.
669 156 41 22 N:o
726 156 37 22 14.

222 222 105 23 befinnes
351 223 54 23 dess
427 224 100 22 innehäll
551 224 70 28 enligt
641 224 81 22 allmän
738 224 39 28 lag
791 224 137 28 förgripligt,
944 223 36 23 mä

223 257 91 22 skriften
331 257 21 22 af
368 257 104 29 äklagare
487 258 112 29 beläggas
615 258 51 23 med
682 258 105 23 kvarstad
799 258 6 22 i
817 258 43 22 den
880 258 100 28 ordning

222 291 75 22 nedan
313 293 76 26 säges.

291 325 46 22 Där
359 326 81 22 brottet
463 327 20 28 ej
503 327 42 21 hör
560 327 72 21 under
647 327 91 22 allmänt
755 326 49 27 åtal,
821 326 36 22 mä
872 326 106 23 kvarstad

222 359 80 23 endast
319 360 54 22 efter
388 361 113 22 domstols
517 361 75 22 beslut
607 361 139 22 verkställas.

568 451 28 22 43
611 452 21 27 4.

290 503 110 24 Kvarstad
406 499 13 38 ä
439 504 126 28 tryckskrift
575 504 131 22 verkställes
717 509 86 23 genom
815 503 53 23 dess
879 503 99 29 tagande

221 537 5 22 i
246 537 73 22 förvar
342 538 59 26 eller,
425 538 39 22 där
487 538 80 22 sädant
590 538 19 29 ej
626 539 124 28 lämpligen
765 538 45 22 kan
826 538 49 27 ske,
891 544 85 23 genom

221 572 54 22 dess
298 573 147 22 utmärkande
467 573 52 22 med
539 573 133 28 äklagarens
688 573 88 28 insegel
793 573 53 22 eller
861 573 29 28 pä
906 573 70 22 annat

221 606 81 22 sädant
324 607 50 27 sätt,
398 608 31 21 att
451 607 128 28 uppenbart
603 613 69 23 synes
690 607 38 22 det
744 607 105 22 kvarstad
864 608 40 27 egt
920 613 55 16 rum.

219 641 111 24 Kvarstad
354 641 55 22 skall
432 641 93 22 omfatta
549 642 42 21 alla
607 642 6 21 i
629 642 132 26 författares,
785 641 121 29 utgifvares
923 642 54 21 eller

219 675 212 28 hufvudredaktörs,
446 676 147 28 förläggares,
609 676 161 29 boktryckares
786 677 59 21 samt
855 675 121 23 bokhand-

219 709 58 23 lares
300 710 52 22 eller
376 717 74 15 annan
473 710 113 29 spridares
610 711 62 28 värjo
688 711 117 28 befintliga
822 711 115 28 exemplar
955 710 22 22 af

218 745 133 27 tryckskrift,
376 745 59 22 dock
458 745 19 28 ej
501 745 31 22 till
555 746 71 21 större
649 745 36 22 del
704 747 28 20 än
749 745 28 22 de
793 745 60 26 blad,
869 751 106 15 nummer

219 779 54 21 eller
296 779 83 27 häften,
403 785 50 16 som
476 779 111 22 föranledt
607 780 141 22 kvarstaden.
779 779 140 25 Kvarstaden
938 778 36 23 mä

219 813 44 21 ock
285 813 77 22 kunna
385 814 124 21 utsträckas
532 813 32 22 till
587 813 70 29 plätar
680 814 43 22 och
745 814 89 26 formar,
851 819 50 16 som
920 813 56 22 varit

219 847 144 22 uteslutande
379 848 118 22 bestämda
513 848 34 22 för
562 848 218 29 mängfaldigandet.

287 881 96 29 (Utesl.)

566 940 27 21 44
609 940 20 27 S.

287 990 110 24 Kvarstad
409 991 56 22 skall
476 991 21 22 af
509 991 120 28 äklagaren
641 991 149 22 underställas
802 992 71 21 rätten
884 990 13 23 ä
908 992 65 21 nästa

217 1024 180 29 rättegängsdag
420 1025 58 27 eller,
501 1025 46 22 där
567 1025 44 22 den
631 1026 58 21 skett
705 1025 12 22 ä
734 1031 76 16 annan
831 1026 40 25 ort,
896 1026 78 21 senast

217 1058 63 22 inom
297 1058 44 23 ätta
357 1059 71 28 dagar
442 1059 61 28 efter
515 1059 41 22 det
566 1059 142 23 kvarstaden
724 1059 58 28 egde
797 1065 55 19 rum,
863 1060 28 21 sä
897 1059 78 28 framt

217 1092 45 22 den
277 1094 23 27 ej
314 1093 30 28 af
351 1094 158 27 prokuratorn
519 1094 153 28 därförinnan
682 1093 145 23 återkallats.
851 1094 46 22 Har
908 1094 65 21 kvar-

217 1127 81 22 staden
314 1128 19 28 ej
351 1128 136 22 understälts
503 1129 82 21 rättens
596 1129 108 28 pröfning
719 1129 62 21 inom
792 1128 39 27 tid,
843 1134 51 16 som
905 1128 67 22 ofvan

217 1163 97 26 nämnts,
334 1163 53 21 eller
403 1163 39 22 har
457 1164 70 21 rätten
544 1163 19 28 ej
580 1163 61 22 inom
657 1163 47 28 fyra
720 1163 71 28 dagar
807 1163 54 22 efter
876 1162 51 27 den,
944 1162 28 23 dä

217 1196 71 21 saken
305 1196 42 22 hos
363 1198 70 21 rätten
451 1197 116 26 anmältes,
583 1197 62 28 gillat
661 1197 53 22 eller
725 1197 95 28 upphäft
831 1197 142 27 kvarstaden,

216 1229 77 30 gänge
309 1231 133 22 kvarstaden
460 1231 52 22 äter.

563 1300 28 22 45
606 1300 21 27 $.

285 1351 60 22 Efter
368 1352 37 21 det
429 1352 43 22 åtal
494 1352 78 21 väckts
596 1351 35 22 mä
654 1351 105 22 kvarstad
776 1352 19 27 ej
812 1351 22 22 af
849 1351 122 28 åklagaren

215 1385 138 23 verkställas.
385 1386 99 29 Begäres
507 1386 104 22 kvarstad
635 1386 21 21 af
676 1385 149 28 mälsegande
842 1385 52 22 eller
910 1385 61 22 äkla-

215 1425 61 22 gare,
299 1420 56 22 skall
379 1421 129 22 domstolen
531 1421 78 21 därom
633 1420 61 22 inom
716 1420 48 28 fyra
780 1420 71 28 dagar
866 1420 105 21 meddela

214 1453 83 22 beslut.

284 1499 132 23 Lagutskottets
428 1500 110 18 betänkande
549 1500 38 18 N:o
599 1500 18 18 2.
