1081 1759
147 763 13 21 2
176 762 24 28 $.

217 148 27 22 24
440 150 29 22 U.
486 151 26 21 B.
531 163 26 3 —
574 150 74 28 Prop.
665 151 41 22 N:o
722 151 34 21 14.

217 218 86 28 gandet
318 219 68 27 utgör
401 224 27 16 en
445 219 119 22 kortfattad
581 219 120 23 definition
718 219 21 22 af
754 219 127 28 begreppet
900 219 72 28 tryck-

216 252 73 22 frihet.
320 252 144 23 Sistnämnda
488 253 188 29 äskädningssätt
699 254 39 22 har
760 254 114 22 omfattats
898 254 21 22 af
939 254 33 21 ut-

217 286 96 22 skottets
330 287 117 28 pluralitet.

286 321 63 22 Inom
371 322 109 22 utskottet
496 322 40 22 har
551 322 75 22 vidare
643 322 135 29 ifrägasatts,
796 322 110 22 huruvida
922 322 51 22 icke

217 355 150 23 afskaffandet
390 356 21 22 af
429 356 28 22 de
480 356 34 22 för
537 356 38 22 det
598 357 77 22 hittills
691 356 106 29 gällande
814 358 109 27 systemet
939 357 33 21 ut-

217 390 123 22 märkande
356 390 177 22 administrativa
544 391 203 29 bestraffningarna
768 391 71 22 också
851 391 39 22 här
900 391 73 22 borde

216 426 136 20 omnämnas
375 431 85 22 genom
484 426 30 21 ett
536 426 210 28 tilläggstadgande
770 432 37 16 om
828 426 41 22 rätt
884 426 34 22 för
934 432 39 15 en-

217 458 54 22 hvar
294 460 30 20 att
339 459 35 22 för
396 460 100 28 utgifven
520 460 128 28 tryckskrift
671 467 65 15 svara
752 460 82 22 endast
850 460 58 22 inför
920 460 53 28 laga

216 492 108 23 domstol.
355 493 115 23 Utskottet
493 494 39 22 har
548 494 59 22 dock
624 496 89 20 stannat
727 495 47 26 vid,
792 495 31 21 att
838 494 38 22 det
891 494 81 28 ifräga-

216 528 58 22 satta
289 528 103 28 tillägget
407 528 49 22 icke
476 530 23 20 är
514 529 149 29 nödvändigt,
680 529 146 22 alldenstund
838 529 71 28 sagda
924 529 48 21 vik-

215 562 47 28 tiga
287 563 122 27 grundsats
432 563 78 29 längre
530 564 56 21 fram
602 564 6 21 i
625 564 67 28 lagen
707 564 75 22 finnes
804 563 82 29 utsagd
902 563 70 22 bland

216 598 69 20 annat
300 603 85 22 genom
404 598 157 28 stadgandena
580 604 36 16 om
631 598 148 29 rättegången
797 598 6 22 i
819 598 153 28 tryckirihets-

216 630 51 28 mål,
283 632 32 21 till
331 632 74 22 hvilka
421 632 70 22 orden
510 632 84 26 ,under
605 633 145 28 iakttagande
767 633 22 22 af
806 633 60 21 hvad
878 633 6 21 i
896 632 77 22 denna

215 666 39 28 lag
270 666 114 28 stadgas”,
399 667 82 28 jämväl
498 667 102 22 hänvisa.

286 701 40 27 1$
342 701 6 21 i
364 701 148 23 förevarande
534 702 124 28 lagförslag
681 702 40 22 har
744 701 66 23 alltså
826 702 22 21 af
863 702 111 21 utskottet

215 734 115 28 godkänts
346 736 143 22 oförändrad.

286 770 13 21 2
315 770 14 28 $
345 770 5 22 i
367 771 173 28 propositionen
563 770 124 23 innehåller
702 777 28 16 en
746 770 119 22 definition
886 770 22 22 af
931 770 41 22 be-

215 805 97 27 greppet
324 805 133 27 tryckskrift,
469 805 91 22 affattad
576 805 6 22 i
599 805 129 22 hufvudsak
744 804 25 23 så
785 811 50 16 som
842 800 12 37 i
873 804 99 22 flertalet

215 838 70 22 andra
302 839 133 29 presslagar.

285 872 141 23 Beträffande
442 873 76 23 denna
534 873 118 23 definition
668 874 39 22 har
722 873 63 23 inom
802 873 108 22 utskottet
932 879 39 15 an-

215 907 91 27 märkts,
328 908 30 21 att
382 908 109 28 uttrycket
516 908 126 26 ,likartadt*
668 909 30 21 uti
724 908 8 22 1
751 914 69 16 mom.
837 908 38 22 lätt
891 907 80 22 kunde

214 941 117 22 föranleda
354 942 44 22 den
422 942 151 29 uppfattning,
590 944 30 20 att
643 942 81 22 endast
743 942 86 22 sädana
845 942 74 22 medel
936 942 36 21 för

214 975 212 29 mängfaldigandet
441 976 22 22 af
478 983 28 15 en
522 977 68 26 skrift,
607 977 75 21 hvilka
697 976 52 23 med
762 976 107 22 afseende
881 976 13 22 ä
904 976 67 22 verk-

214 1010 137 28 ningssättet
366 1016 54 17 vore
435 1011 127 28 jämförliga
576 1011 52 21 med
639 1012 165 28 tryckpressen,
817 1010 76 22 kunde
904 1010 68 28 gifva

214 1044 90 28 upphof
325 1044 21 22 ät
369 1051 28 16 en
418 1045 131 29 tryckskrift,
569 1045 89 22 hvarför
677 1046 44 21 och
745 1044 29 23 dä
790 1045 38 21 det
842 1051 54 15 vore
913 1044 58 28 möj-

214 1078 42 28 ligt
278 1080 31 20 att
332 1079 64 22 äfven
423 1080 28 28 pä
476 1081 69 21 annat
566 1080 43 22 sätt
630 1082 29 20 än
679 1086 86 22 genom
782 1079 150 22 användande
949 1079 23 22 af

214 1118 64 23 press
299 1113 155 29 mängfaldiga
476 1114 92 27 skrifter,
585 1114 72 28 sagda
673 1114 94 28 uttryck,
784 1120 50 16 som
850 1113 66 22 alltsä
938 1114 33 21 in-

214 1148 106 22 skränkte
340 1148 126 29 begreppet
488 1149 132 28 tryckskrift,
637 1149 71 22 borde
724 1148 119 22 uteslutas.
875 1148 95 22 Utskot-

213 1182 45 22 tets
271 1182 69 22 flertal
360 1183 40 21 har
415 1183 60 22 dock
491 1184 54 21 varit
560 1183 22 22 af
597 1183 45 22 den
658 1184 94 27 mening
768 1184 30 20 att
814 1183 44 27 det,
874 1183 96 21 oaktadt

214 1216 38 22 det
278 1217 49 21 icke
352 1217 48 22 fullt
425 1218 206 22 tillfredsställande
656 1218 111 28 uttrycket
790 1217 138 26 ,likartadt*,
950 1217 22 22 af

213 1252 192 28 sammanhanget
427 1252 127 28 tillräckligt
576 1252 82 28 tydligt
679 1252 136 28 framginge,
832 1252 30 22 att
878 1251 92 22 medlen

213 1285 66 22 skola
297 1292 52 16 vara
371 1286 127 28 jämförliga
521 1286 49 22 icke
594 1286 51 22 med
669 1286 109 22 afseende
801 1286 13 22 ä
835 1286 135 28 verknings-

214 1320 73 26 sättet,
299 1322 52 20 utan
363 1320 77 23 främst
454 1321 51 21 med
517 1321 107 22 afseende
635 1320 13 23 ä
659 1320 224 29 mängfaldigandets
899 1321 71 21 resul-

212 1354 39 26 tat,
268 1354 43 22 och
327 1355 59 28 förty
402 1356 73 21 ansett
490 1355 65 22 ordet
572 1355 127 25 ,likartadt*
717 1355 41 22 här
772 1355 77 21 kunna
864 1354 106 28 godkän-

213 1394 49 16 nas.
292 1388 109 23 Däremot
418 1390 39 21 har
472 1390 108 21 utskottet
595 1389 80 27 funnit,
691 1390 31 21 att
738 1389 71 22 orden
828 1388 143 26 ,mekaniskt

213 1422 55 22 eller
291 1423 111 22 kemiskt"
429 1424 76 21 kunde
532 1424 85 21 saklöst
634 1423 60 29 utgå,
713 1423 98 22 emedan
826 1423 75 21 vikten
920 1423 50 21 icke

212 1456 74 28 ligger
302 1457 75 28 därpå,
394 1458 22 21 af
432 1458 58 22 hvad
511 1458 50 28 slag
576 1458 83 22 medlet
675 1460 30 24 är,
721 1458 54 21 utan
792 1456 76 30 därpå,
884 1458 31 21 att
932 1457 39 21 det

281 1502 132 23 Lagutskottets
425 1504 109 17 betänkande
546 1504 37 17 N:o
595 1504 18 17 2.
