1081 1761
193 149 29 22 38
381 149 84 23 Ständ.
483 149 39 23 Sv.
539 163 24 2 —
581 149 74 28 Prop.
671 149 43 23 N:o
729 149 36 22 14.

198 218 106 22 befinnes
328 219 53 21 dess
404 218 99 23 innehåll
527 218 71 29 enligt
617 219 82 22 allmän
715 218 38 29 lag
767 217 134 29 förgripligt,
917 217 36 22 må

196 252 92 22 skriften
305 253 21 21 af
342 253 104 28 åklagare
462 253 111 28 beläggas
589 253 53 22 med
658 252 104 23 kvarstad
773 252 6 22 i
792 252 43 22 den
855 251 99 29 ordning

193 287 76 21 nedan
286 289 74 26 säges.

265 321 45 22 Där
333 321 82 22 brottet
437 322 20 28 ej
479 321 41 22 hör
536 321 72 22 under
623 320 92 23 allmänt
730 320 49 27 åtal,
796 320 36 22 må
848 320 105 22 kvarstad

197 355 82 22 endast
296 355 53 22 efter
365 356 113 22 domstols
494 355 75 22 beslut
583 355 139 23 verkställas.

541 446 28 22 43
585 447 20 26 &.

264 497 111 24 Kvarstad
391 498 12 22 å
414 498 126 29 tryckskrift
550 498 131 22 verkställes
692 503 85 23 genom
789 497 54 22 dess
853 497 100 28 tagande

193 532 7 22 i
223 532 74 22 förvar
320 533 59 26 eller,
403 533 40 22 där
465 532 81 23 sådant
569 533 19 28 ej
605 533 123 28 lämpligen
745 532 44 22 kan
805 532 46 27 ske,
868 538 84 22 genom

199 567 54 22 dess
277 567 147 22 utmärkande
446 567 52 22 med
519 567 134 28 åklagarens
669 567 87 28 insegel
772 567 53 22 eller
841 566 28 28 på
885 567 69 21 annat

200 601 82 22 sådant
304 602 50 26 sätt,
378 602 30 21 att
431 601 129 29 uppenbart
583 605 68 25 synes
671 601 37 22 det
723 600 104 23 kvarstad
844 602 38 27 egt
897 606 56 16 rum.

196 635 112 24 Kvarstad
332 636 55 22 skall
411 636 93 22 omfatta
527 636 42 22 alla
585 636 6 22 i
607 636 132 26 författares,
763 635 121 29 utgifvares
901 635 54 22 eller

198 670 212 27 hufvudredaktörs,
426 670 147 28 förläggares,
589 670 160 29 boktryckares
765 670 58 22 samt
834 669 119 23 bokhand-

197 704 58 22 lares
280 704 52 22 eller
355 711 74 15 annan
454 704 112 29 spridares
589 705 63 28 värjo
668 705 117 28 befintliga
801 704 114 28 exemplar
933 703 21 22 af

198 739 135 28 tryckskrift,
357 739 60 22 dock
440 740 19 28 ej
482 740 32 21 till
537 740 70 21 större
631 740 36 22 del
686 742 28 19 än
731 739 27 22 de
774 739 61 26 blad,
851 744 103 16 nummer

198 774 54 21 eller
277 774 83 26 häften,
384 780 50 16 som
457 774 111 22 föranledt
588 774 141 22 kvarstaden.
760 773 140 25 Kvarstaden
917 772 36 22 må

198 808 44 21 ock
265 808 77 22 kunna
365 808 124 22 utsträckas
512 808 32 22 till
567 808 71 28 plåtar
661 809 42 21 och
725 808 89 26 formar,
831 814 49 16 som
897 807 56 22 varit

194 842 146 22 uteslutande
356 842 118 22 bestämda
490 843 34 21 för
539 842 216 29 mångfaldigandet.

541 934 28 21 44
585 935 20 26 $.

265 985 110 24 Kvarstad
388 985 55 22 skall
456 986 21 21 af
489 985 120 29 åklagaren
622 986 148 22 underställas
782 986 71 21 rätten
864 985 12 22 å
887 986 65 21 nästa

198 1019 181 28 rättegångsdag
402 1020 58 26 eller,
484 1020 39 22 där
546 1020 43 22 den
613 1020 58 22 skett
687 1020 12 22 å
716 1026 75 16 annan
812 1021 39 25 ort,
875 1020 78 21 senast

200 1053 64 22 inom
281 1053 44 23 åtta
341 1054 71 28 dagar
427 1055 54 21 efter
497 1055 38 21 det
550 1055 133 22 kvarstaden
701 1055 58 28 egde
776 1061 55 20 rum,
847 1053 24 23 så
888 1054 65 22 framt

199 1087 45 22 den
261 1089 19 28 ej
298 1089 21 21 af
335 1089 147 28 prokuratorn
499 1089 144 22 därförinnan
660 1089 133 22 återkallats.
823 1089 46 22 Har
889 1089 62 21 kvar-

194 1122 82 22 staden
292 1123 20 28 ej
329 1123 144 22 underställts
487 1124 82 21 rättens
580 1123 107 28 pröfning
698 1123 62 22 inom
771 1123 40 26 tid,
822 1129 50 16 som
884 1123 67 22 ofvan

194 1158 99 25 nämnts,
313 1158 53 20 eller
382 1157 39 22 har
436 1159 70 20 rätten
523 1158 19 28 ej
559 1158 62 21 inom
637 1158 46 28 fyra
700 1158 70 28 dagar
786 1157 55 22 efter
856 1157 51 27 den,
923 1157 29 21 då

195 1191 72 21 saken
284 1191 43 22 hos
343 1192 70 21 rätten
430 1192 117 27 anmältes,
563 1192 62 28 gillat
641 1192 53 22 eller
704 1192 96 28 upphäft
810 1192 142 26 kvarstaden,

192 1224 78 29 gånge
286 1226 134 22 kvarstaden
437 1226 52 22 åter.

541 1295 27 22 45
583 1296 21 26 $.

265 1346 61 22 Efter
349 1347 37 21 det
409 1346 44 23 åtal
475 1347 78 21 väckts
577 1346 35 22 må
636 1347 104 22 kvarstad
757 1347 20 28 ej
794 1346 21 22 af
831 1346 121 28 åklagaren

192 1380 142 22 verkställas.
365 1381 99 29 Begäres
488 1381 103 22 kvarstad
616 1382 21 21 af
659 1381 148 28 målsegande
823 1381 53 22 eller
892 1380 59 23 åkla-

193 1420 62 22 gare,
280 1415 55 22 skall
359 1415 130 23 domstolen
512 1415 77 23 därom
613 1416 62 22 inom
697 1416 47 28 fyra
761 1415 70 29 dagar
847 1415 105 22 meddela

191 1448 83 22 beslut.
