1086 1770
228 155 28 19 22
457 153 21 22 U.
496 153 22 21 B.
536 165 26 2 —
580 153 60 27 Prop.
659 153 37 21 N:o
713 153 29 21 18.

229 214 158 20 skaffenheten
404 213 25 20 af
443 213 44 20 den
504 214 51 24 rätt,
572 219 51 14 som
641 212 90 21 formelt
747 212 136 27 grundlagts
895 220 82 21 genom

229 250 28 20 de
281 249 120 21 utfärdade
424 249 171 21 fullmakterna.
629 249 43 20 Det
697 249 72 21 måste
787 249 29 27 på
833 250 77 21 starka
928 250 49 21 skäl

229 286 113 25 betviflas,
358 285 116 21 huruvida
491 284 38 21 det
545 291 54 14 vore
615 286 44 19 rätt
670 285 25 20 af
704 285 44 20 den
760 286 217 26 meningsriktning,

228 328 52 14 som
296 322 94 20 komme
407 323 31 19 att
447 321 86 21 erhålla
547 320 123 28 pluralitet,
682 323 38 23 att,
733 320 29 21 då
774 320 68 28 ingen
853 322 125 26 tvingande

229 357 172 27 nödvändighet
412 357 127 27 föreligger,
554 358 54 25 göra
624 356 36 21 sin
672 356 207 28 rättsuppfattning
894 358 6 20 i
917 358 60 20 detta

228 393 107 21 afseende
359 393 105 27 gällande
488 394 116 26 gentemot
628 392 124 21 afvikande
777 393 83 27 åsigter
885 400 38 14 om
940 394 38 20 det

228 431 65 18 rätta.
316 429 8 20 I
342 429 87 20 sådana
445 429 77 26 frågor
537 430 25 19 är
578 435 28 14 en
624 429 231 26 ständerförsamling
871 430 51 19 icke
934 431 43 19 rätt

228 465 74 27 egnad
322 467 32 18 att
372 467 57 18 sätta
449 465 34 26 sig
506 465 34 20 till
564 465 75 20 doms.
671 458 146 27 Åtminstone
841 465 73 21 måste
932 465 45 20 den

229 501 65 20 faran
318 507 67 14 anses
403 501 114 26 föreligga,
535 503 31 18 att
590 500 91 21 enskild
707 502 45 19 rätt
772 501 108 26 möjligen
900 501 77 21 kunde

229 538 96 20 komma
348 539 32 19 att
403 537 138 26 förnärmas,
560 536 75 21 derest
652 537 67 26 ingen
736 537 128 26 ersättning
884 537 92 27 bevilja-

228 573 48 26 des,
293 574 120 20 hvaremot
427 573 68 27 ingen
508 574 59 19 orätt
591 573 74 20 skulle
682 573 40 20 ske
739 579 38 14 om
798 573 124 20 underhåll
934 573 41 20 till-

228 609 114 21 erkändes
360 609 59 26 dem,
439 615 50 14 som
509 609 117 27 förpligtat
642 611 32 18 att
690 609 77 20 lemna
785 609 49 20 sina
853 609 124 20 befattnin-

228 651 47 21 gar.
307 645 51 21 Och
374 645 7 20 i
397 645 46 26 fall,
469 645 86 20 sådana
580 651 49 14 som
646 645 69 26 detta,
732 645 58 20 böra
808 645 124 21 ständerna
951 645 27 26 gå

229 681 34 20 till
282 683 56 24 väga
352 681 50 20 med
421 681 29 20 all
467 680 77 27 möjlig
555 681 139 20 varsamhet.
727 681 89 20 Sådant
833 681 91 20 fordrar
941 681 37 20 det

228 718 66 24 rätta,
311 717 44 20 och
374 717 37 20 det
427 718 26 19 är
472 717 25 20 af
511 719 47 18 stor
574 717 124 26 betydelse,
715 719 32 18 att
763 723 28 14 en
809 717 168 26 folkpresenta-

229 753 48 20 tion
289 755 34 18 tar
334 753 146 27 omsorgsfull
500 753 92 26 hänsyn
608 753 34 20 till
659 753 91 20 enskild
768 754 50 19 rätt.
842 753 43 26 Jag
897 753 80 21 erkän-

229 795 42 14 ner
280 791 31 18 att
320 789 38 20 det
366 789 50 20 icke
425 790 25 19 är
459 789 92 20 absolut
560 789 143 26 nödvändigt
712 791 33 18 att
755 789 5 20 i
770 788 38 21 det
817 789 161 26 underdåniga

229 827 77 18 svaret
314 825 80 20 beröra
403 825 76 20 denna
489 825 68 26 fråga,
571 826 48 19 enär
629 827 101 22 senaten,
741 827 30 18 att
788 825 54 20 döma
859 825 25 20 af
891 825 27 20 de
928 825 6 20 i
944 831 34 14 sa-

230 861 45 20 ken
282 861 122 20 tillkomna
413 861 176 26 handlingarna,
596 867 68 20 synes
671 861 34 20 stå
711 861 30 26 på
747 860 77 21 denna
833 860 145 27 ståndpunkt

230 897 44 20 och
292 896 64 21 Hans
373 896 123 28 Kejserliga
509 896 104 27 Majestät
624 896 119 21 allaredan
755 896 116 20 meddelat
885 898 92 18 senaten

229 932 71 27 nådig
323 932 115 21 föreskrift
462 933 7 19 i
493 934 83 19 ämnet.
610 932 52 21 Men
686 933 71 20 saken
775 933 26 19 är
817 932 24 20 af
856 932 122 27 principiel

228 968 126 27 betydelse,
375 970 42 19 när
433 968 123 21 ständerna
572 968 27 27 gå
616 970 33 18 att
665 968 126 21 medverka
808 968 33 20 till
859 974 27 14 en
905 968 35 26 lag
956 968 26 20 af

229 1004 151 20 förevarande
404 1004 164 20 beskaffenhet.
601 1004 51 20 Och
676 1004 44 20 den
741 1004 145 20 närvarande
904 1003 75 21 tidens

228 1040 125 20 händelser
368 1040 111 20 innebära
496 1040 117 26 allvarliga
626 1040 122 27 maningar
761 1042 33 18 att
805 1039 104 27 behjerta
921 1039 58 26 helg-

228 1076 46 20 den
292 1076 43 20 och
352 1076 132 26 betydelsen
501 1076 25 20 af
535 1076 91 20 enskild
639 1077 49 19 rätt.
718 1076 38 20 Att
767 1075 149 27 tjensteman,
928 1081 50 14 som

229 1111 51 27 afgå
305 1112 29 26 på
358 1112 73 26 grund
448 1112 24 20 af
486 1112 44 20 den
547 1112 129 26 föreslagna
693 1112 73 26 lagen,
784 1112 25 19 är
826 1110 152 21 oförhindrad

228 1147 106 21 att-söka
352 1148 121 20 enahanda
490 1148 112 26 embeten,
620 1148 110 20 behöfver
747 1148 90 26 knappt
853 1148 73 25 sägas.

302 1183 8 20 I
328 1184 37 20 det
381 1183 95 21 anförda
494 1184 68 26 ligger
578 1184 44 20 ock
639 1186 75 18 svaret
729 1183 30 27 på
776 1183 44 20 den
839 1182 140 21 invändnin-

228 1224 52 21 gen,
304 1221 31 18 att
352 1220 82 25 många
451 1220 72 19 andra
540 1221 29 18 än
586 1219 187 26 tjänstemännen
791 1218 52 21 lidit
860 1218 7 20 i
884 1218 55 26 följd
958 1218 24 20 af

228 1254 136 27 åtgärderna
381 1255 74 20 under
471 1255 139 20 ofärdsären.
639 1255 66 20 Detta
722 1256 25 19 är
763 1260 46 21 nog
825 1261 28 14 en
871 1253 109 27 sanning;

229 1297 54 14 men
310 1291 28 20 de
362 1290 68 21 hafva
446 1291 51 20 icke
514 1291 49 20 lidit
578 1296 83 21 genom
678 1290 87 27 åtgärd,
783 1296 51 14 som
852 1289 127 21 Ständerna

228 1325 104 27 vidtagit,
356 1327 43 19 och
419 1333 31 13 nu
467 1327 70 25 gäller
552 1327 37 19 det
605 1327 35 19 för
657 1326 129 20 Ständerna
804 1327 40 24 att,
861 1325 30 20 då
903 1324 27 20 de
947 1325 32 19 bi-

228 1361 56 21 falla
300 1362 34 20 till
350 1368 27 14 en
402 1362 78 26 åtgärd
505 1362 25 20 af
548 1362 174 26 ifrågavarande
739 1360 171 23 beskaffenhet,
928 1360 51 20 med

228 1396 32 21 all
284 1403 92 21 omsorg
399 1398 25 20 så
456 1398 63 26 begå,
550 1400 33 18 att
615 1397 49 21 icke
687 1397 77 27 någon
799 1396 182 26 rättsgrundsats

229 1432 39 21 må
288 1433 78 21 trädas
389 1433 36 21 för
448 1435 49 25 när,
521 1433 25 21 så
564 1436 33 18 att
614 1433 128 21 Ständerna
759 1432 68 20 alltså
845 1432 38 20 må
901 1432 79 20 kunna

228 1468 60 26 hysa
304 1469 44 20 den
360 1469 153 26 tillförsikten,
531 1471 31 19 att
578 1469 28 20 de
623 1469 50 21 icke
690 1469 118 20 förnärma
821 1467 92 21 enskild
929 1468 50 20 rätt.
