1086 1770
276 185 13 21 2

240 252 156 30 landtdagens
414 253 112 30 fortgång
543 254 81 22 blifvit
642 254 37 21 till
697 254 48 22 Vår
763 253 145 28 behandling
924 253 76 22 öfver-

240 287 116 29 lämnade,
374 291 95 20 stannat
486 289 8 21 i
513 288 104 29 följande
635 288 87 22 beslut:

594 370 9 20 1
626 367 26 32 8;

310 425 53 22 Med
382 426 128 29 anledning
523 426 24 22 af
559 426 63 22 Ossi
638 426 72 22 näder
728 425 106 29 förelagd
852 425 145 29 proposition

242 460 120 28 angäende
381 460 115 22 särskilda
514 460 158 29 provisoriska
689 459 187 29 finansätgärder
888 460 35 22 för
935 460 64 22 förra

241 494 90 23 hälften
351 495 22 21 af
391 496 25 21 år
437 496 64 20 1906
520 495 71 22 hafva
615 495 30 22 Vi
664 498 77 18 ansett
764 494 83 30 nödigt
866 497 35 19 att
918 494 80 30 giltig-

241 529 72 23 heten
332 529 23 22 af
374 529 27 22 de
420 530 62 21 intill
498 530 64 21 1905
582 531 37 21 ärs
638 530 46 21 slut
702 530 8 22 i
729 532 78 20 ämnet
825 529 109 28 gällande
953 529 45 22 för-

241 564 169 28 fattningarna,
436 564 109 22 daterade
569 564 44 22 den
633 564 15 22 4
668 564 44 22 och
731 564 29 22 21
781 563 121 22 december
925 564 72 26 1900,

241 599 131 21 utsträekes
396 599 36 21 till
456 600 121 27 utgången
602 599 23 21 af
646 599 51 29 juni
715 598 84 22 månad
821 599 72 27 1906,
912 600 59 20 samt
989 598 8 22 i

241 632 85 23 sädant
345 633 107 22 afseende
470 634 92 28 antagit
580 641 29 13 en
627 633 138 29 förordning
783 633 8 21 i
811 636 78 18 ämnet
911 633 23 21 af
952 632 44 22 den

241 667 89 29 lydelse
354 667 48 23 Vår
427 668 44 22 den
497 668 32 22 28
548 668 121 22 december
693 668 102 21 sistlidet
819 668 25 20 är
868 667 36 22 till
931 668 67 21 Hans

241 701 132 30 Kejserliga
392 702 110 29 Majestät
520 702 87 22 aflätna
625 702 160 29 underdäniga
799 702 121 22 skrifvelse
933 702 64 22 inne-

239 736 80 22 häller.

591 801 12 21 2
624 802 20 26 8.

309 858 11 21 I
338 858 67 29 fräga
423 866 36 14 om
478 858 65 22 Hans
561 858 133 29 Kejserliga
712 859 121 28 Majestäts
846 858 87 29 nädiga
946 865 51 22 pro-

240 892 102 29 position
368 892 121 29 angäende
512 892 45 22 den
582 892 70 28 skatt,
675 900 47 14 som
745 893 36 22 för
800 892 154 29 tillverkning
973 892 23 22 af

240 926 100 22 bränvin
365 927 60 22 skall
450 927 113 28 erläggas,
582 929 61 19 samt
664 927 121 29 angäende
804 927 130 28 utgörande
953 927 43 22 och

240 961 155 22 användande
420 961 24 22 af
467 961 178 29 ifrägavarande
669 962 64 21 skatt
756 961 75 22 under
855 961 65 22 tiden
944 961 52 22 frän

240 994 45 23 den
307 996 10 21 1
337 995 43 29 juli
406 996 64 21 1906
496 995 36 22 till
556 996 120 28 utgången
702 997 24 21 af
747 997 26 20 år
794 996 64 21 1907
878 995 70 22 hafva
966 995 30 22 Vi

240 1030 74 21 säsom
339 1030 47 22 Vär
409 1029 159 30 underdäniga
591 1030 122 22 skrifvelse
731 1031 25 22 af
774 1030 45 22 den
841 1031 28 21 16
889 1029 107 22 sistlidne

239 1065 46 28 maj
311 1065 89 21 utvisar
424 1065 97 21 beslutit
543 1064 52 29 höja
614 1065 208 22 bränvinsskatten
841 1065 38 21 till
906 1065 4 20 1
931 1064 65 22 mark

241 1098 32 22 20
293 1099 69 28 penni
381 1099 76 22 litern.

590 1163 12 20 3
617 1163 27 26 8.

308 1213 11 22 I
339 1213 126 29 anledning
484 1214 23 21 af
526 1213 41 22 Oss
585 1213 106 29 förelagd
710 1213 73 29 nädig
801 1213 141 29 proposition
956 1220 40 15 an-

239 1247 90 29 gående
355 1248 81 29 anslag
454 1255 27 14 ur
506 1248 217 29 bevillningsmedel
745 1248 36 21 för
799 1247 197 22 folkskoleväsen-

241 1281 40 23 det
298 1282 75 22 under
391 1283 54 21 åren
466 1283 64 21 1906
549 1281 42 23 och
612 1283 64 21 1907
696 1282 71 22 hafva
785 1282 38 27 Vi,
835 1283 30 28 pä
883 1281 51 22 skäl
947 1289 49 14 som

239 1316 8 22 i
271 1316 147 29 underdänig
443 1317 120 21 skrifvelse
587 1317 25 21 af
636 1317 45 21 den
707 1317 31 21 22
759 1316 107 22 sistlidne
890 1316 46 28 maj
954 1315 42 22 hos

239 1350 67 22 Hans
324 1351 132 29 Kojserliga
468 1351 109 29 Majestät
589 1351 107 26 anmälts,
709 1351 80 21 funnit
801 1350 84 28 nödigt
897 1350 8 22 i
918 1351 77 27 nägon

211 1381 2 2 *
239 1386 54 20 män
318 1385 54 29 höja
394 1384 114 23 särskilda
532 1385 8 21 i
562 1384 44 23 den
631 1385 86 29 nådiga
741 1385 173 29 propositionen
938 1392 58 21 upp-

239 1421 73 27 tagna
331 1420 87 28 anslag,
438 1420 8 21 i
463 1419 57 29 följd
539 1420 81 22 hvaraf
638 1420 30 21 Vi
686 1419 54 22 med
759 1418 132 23 beaktande
910 1418 86 30 jämväl

239 1454 24 21 af
283 1454 72 22 andra
375 1454 68 22 behof
461 1454 96 22 beslutit
574 1454 36 22 för
628 1454 151 22 bestridande
798 1454 23 22 af
839 1453 157 23 kostnaderna

238 1488 37 22 för
297 1488 228 22 folkskoleväsendet
548 1488 8 22 i
580 1488 80 22 landet
684 1488 76 22 under
783 1488 55 22 åren
866 1488 64 22 1906
953 1486 43 24 och
