1086 1770
785 157 30 22 17

92 225 144 29 behandling
261 225 38 22 vid
326 225 155 29 landtdagens
505 226 93 29 plenum
618 225 56 22 eller
692 226 6 21 i
718 225 52 22 dess
788 228 63 19 stora

93 260 91 22 utskott
202 260 105 22 meddela
327 260 152 29 erforderliga
497 260 177 29 upplysningar.

443 324 25 43 40
483 339 14 22 8.

162 386 250 29 Grundlagsutskottet
441 387 79 22 tillhör
550 389 35 19 att
614 386 85 23 bereda
729 387 35 21 dit
792 386 57 22 hän-

93 421 94 29 skjutna
211 421 78 29 frågor
313 429 36 14 om
373 421 120 27 stiftande,
512 421 107 29 ändring,
638 421 130 29 förklaring
792 421 57 22 eller

93 455 164 29 upphäfvande
277 456 22 21 af
317 455 125 29 grundlag.

162 490 95 28 Frågor,
276 490 137 22 föranledda
432 490 23 22 af
473 490 155 28 landtdagens
640 492 48 19 rätt
700 492 35 19 att
746 489 103 29 granska

94 524 143 29 lagligheten
251 524 23 22 af
287 524 265 29 styrelseledamöternes
566 524 204 28 ämbetsåtgärder,
783 524 66 22 skola

94 558 45 22 ock
156 558 96 22 beredas
271 559 24 21 af
312 559 251 29 grundlagsutskottet.

449 632 21 17 41
484 632 15 22 8.

163 680 166 28 Lagutskottet
353 680 60 22 skall
437 680 105 22 meddela
566 680 148 22 betänkande
738 680 64 22 öfver
820 680 30 21 de

94 714 37 22 till
150 714 126 22 detsamma
295 714 172 22 öfverlämnade
486 715 88 29 förslag
592 714 120 30 angående
731 714 118 28 stiftande,

95 748 107 29 ändring,
222 749 129 29 förklaring
370 749 56 21 eller
443 749 166 29 upphäfvande
628 750 23 21 af
670 749 85 22 allmän
774 749 44 29 lag.

449 826 23 18 42
485 828 15 22 8.

165 875 231 22 Ekonomiutskottet
423 883 54 21 eger
507 876 83 21 bereda
617 876 35 21 dit
679 875 171 22 öfverlämnade

97 909 93 29 förslag,
218 917 48 14 som
290 910 60 28 angå
374 910 275 29 näringsverksamheten
678 910 55 21 eller
760 909 92 23 landets

97 944 117 21 allmänna
233 944 156 29 hushållning.

451 1000 22 17 43
486 1001 15 21 &.

168 1048 181 23 Statsutskottet
366 1048 59 22 skall
444 1048 75 22 undfå
537 1048 37 21 del
594 1049 22 20 af
634 1049 152 20 statsverkets
806 1047 47 22 till-

98 1082 68 22 stånd
191 1085 60 19 samt
275 1090 42 21 ega
342 1083 101 28 tillgång
467 1083 37 21 till
530 1083 45 21 alla
601 1083 150 21 statsverkets
770 1083 84 21 räken-

98 1117 83 28 skaper
200 1117 43 21 och
262 1117 146 29 handlingar.
441 1117 47 22 Det
507 1118 89 28 åligger
614 1117 114 22 utskottet
747 1119 34 19 att
794 1117 6 22 i
815 1117 39 22 be-

98 1151 118 22 tänkande
234 1151 80 22 härom
339 1151 110 22 särskildt
467 1152 76 21 uttala
561 1152 36 27 sig
616 1159 35 14 om
671 1151 183 29 användningen

99 1186 23 21 af
141 1185 27 22 de
187 1186 23 21 af
228 1186 114 29 landtdag
366 1187 36 20 för
420 1186 115 21 särskilda
554 1185 107 22 ändamål
680 1186 114 29 beviljade
815 1193 39 14 an-

99 1220 59 29 slag;
178 1220 43 22 och
239 1228 54 21 eger
312 1221 143 28 landtdagen
474 1221 37 21 till
529 1221 114 28 Kejsaren
654 1220 42 22 och
711 1221 143 21 Storfursten

99 1255 56 28 ingå
181 1254 52 22 med
251 1255 45 21 den
323 1255 181 29 framställning,
523 1255 96 22 hvartill
646 1255 126 28 anledning
796 1255 59 22 före-

99 1289 109 22 kommer.

168 1323 46 21 Till
242 1323 174 22 statsutskottet
443 1323 138 29 hänskjutas
607 1324 42 21 ock
674 1323 112 29 Kejsaren
812 1323 44 21 och

100 1357 156 22 Storfurstens
280 1358 8 21 i
314 1358 31 21 26
371 1359 13 25 $
409 1359 13 20 2
442 1365 68 14 mom.
535 1358 151 21 omförmälda
710 1358 146 28 proposition

100 1392 43 21 och
161 1392 171 29 propositioner
350 1400 35 14 om
405 1392 157 28 bevillningar
581 1395 59 19 samt
655 1392 111 22 likaledes
780 1392 76 28 öfriga

101 1427 169 28 propositioner
294 1426 43 22 och
361 1426 41 22 hos
426 1426 145 29 landtdagen
595 1427 85 21 väckta
706 1426 86 29 förslag
817 1434 41 14 an-

99 1460 90 28 gäende
213 1460 132 22 finansiella
369 1461 85 29 frägor,
473 1468 49 15 som
544 1461 138 29 underligga
701 1461 155 28 landtdagens

788 1504 11 18 2
