1081 1759
323 168 27 22 U.
368 168 27 22 B.
411 180 29 4 —
454 167 76 29 Prop.
546 168 41 22 N:o
603 167 37 23 15.
847 167 12 21 7

102 239 115 29 lagbrott;
235 241 37 20 att
289 239 86 22 bevara
393 239 26 22 ät
436 239 213 22 sammankomsten
661 238 53 22 dess
730 238 9 22 i
752 237 108 23 anmälan

102 273 97 29 angifna
209 273 110 22 karaktär
330 273 119 22 äfvensom
457 275 36 20 att
500 272 108 30 förbjuda
614 273 82 29 hvarje
703 272 158 29 andragande,

101 315 50 15 som
169 307 85 23 strider
271 310 49 19 mot
338 307 87 22 allmän
443 307 100 30 ordning
555 307 57 22 eller
623 307 48 29 god
681 306 40 23 sed
731 306 55 23 eller
795 307 66 21 inne-

102 343 74 22 fattar
198 342 145 29 uppmaning
368 342 37 22 till
428 341 70 23 brott.
534 342 36 21 En
588 344 162 27 representant
767 341 36 22 för
821 339 40 24 ad-

102 377 144 22 ministrativ
265 377 56 21 eller
338 376 106 30 judiciell
461 376 139 29 myndighet
618 377 47 21 kan
683 375 124 23 förordnas
825 377 36 20 att

103 411 175 23 tillstädesvara
301 411 41 22 vid
368 411 218 28 sammankomsten,
611 418 52 15 men
682 414 26 19 är
726 411 21 28 ej
766 409 95 23 berätti-

103 445 47 30 gad
177 448 36 19 att
239 445 98 30 upplösa
364 445 141 28 densamma,
529 445 52 22 med
608 445 90 22 mindre
716 445 47 22 han
782 443 79 23 därtill

103 479 140 30 uppfordras
267 480 23 22 af
313 480 152 29 bestyrelsen,
484 480 56 21 eller
558 480 143 29 oordningar
725 479 136 28 (collisions)

104 515 45 22 och
166 514 210 29 väldshandlingar
393 514 149 23 förekomma.

172 548 152 23 Beträffande
342 549 248 22 valsammankomster
608 548 75 30 gäller
702 548 20 29 ej
738 548 71 22 ofvan
822 555 40 14 an-

104 583 67 30 gifna
189 583 190 30 anmälningstid.

172 617 192 30 Lagstiftningen
391 625 37 15 om
454 617 229 30 församlingsrätten
710 617 43 22 har
774 617 9 22 i
801 617 61 28 tyska

103 653 54 22 riket
181 653 52 22 icke
257 652 90 29 dragits
372 652 74 23 under
464 652 231 29 rikslagstiftningen
714 651 44 22 och
775 651 87 22 företer

103 687 64 22 inom
185 687 29 22 de
232 687 63 22 olika
313 689 105 20 staterna
442 695 29 14 en
493 689 86 27 ytterst
597 687 85 28 brokig
699 685 121 30 mängfald
839 685 23 22 af

105 722 181 29 bestämningar.
322 721 12 22 I
351 722 108 21 Preussen
478 721 165 30 kompletteras
667 720 195 23 statsförfattnin-

103 763 58 22 gens
177 756 118 22 allmänna
309 755 147 30 stadganden
475 763 35 15 om
528 755 228 29 församlingsrätten
777 761 85 22 genom

106 798 29 15 en
159 790 138 29 förordning
321 791 23 22 af
361 790 46 23 den
428 791 30 22 11
480 798 60 14 mars
561 790 72 22 1850.
668 790 13 21 I
699 792 96 19 motsats
814 790 49 21 mot

104 824 63 23 hvad
191 825 67 22 fallet
284 829 25 18 är
327 825 9 22 i
355 824 44 23 den
427 825 95 22 franska
545 825 180 28 lagstiftningen
750 824 9 21 i
778 826 84 24 ämnet,

105 866 49 15 som
181 859 85 22 hänför
287 859 36 29 sig
351 859 60 22 blott
435 859 37 22 till
491 859 121 29 offentliga
630 859 207 22 sammankomster
854 857 8 22 i

105 893 134 28 allmänhet,
267 897 68 26 utgör
361 893 135 23 ändamålet
522 893 52 22 med
601 893 181 22 sammankomst
812 892 51 21 där-

104 929 73 28 jämte
201 931 34 19 ett
258 929 129 29 väsentligt
414 929 74 22 motiv
507 929 36 21 för
561 928 44 22 den
623 928 134 29 preussiska
775 925 88 24 förord-

104 963 101 29 ningens
223 962 151 23 föreskrifter.
402 963 220 28 Sammankomster,
634 962 41 22 vid
687 961 82 24 hvilka
781 961 82 22 offent-

106 997 50 29 liga
174 997 197 30 angelägenheter
395 997 68 22 skola
480 1005 56 14 vara
554 997 96 22 föremål
668 997 36 22 för
721 995 143 30 utläggning

105 1031 58 22 eller
181 1032 188 29 öfverläggning,
392 1032 24 22 få
436 1040 44 21 ega
497 1039 51 15 rum
566 1032 59 22 efter
643 1031 80 22 därom
741 1031 72 22 minst
831 1030 32 21 24

105 1067 94 21 timmar
226 1067 64 21 förut
316 1066 67 29 gjord
412 1066 115 23 anmälan.
562 1066 184 29 Bestämningen
770 1065 8 22 i
797 1065 66 28 fråga

106 1101 75 28 gäller
209 1101 129 22 oberoende
365 1100 67 23 däraf
460 1100 116 23 huruvida
608 1100 210 23 sammankomsten
838 1103 26 18 är

105 1135 110 29 offentlig
238 1135 56 22 eller
320 1135 58 22 icke.
416 1135 128 29 Offentliga
565 1135 208 22 sammankomster
791 1133 73 22 under

105 1169 43 22 bar
165 1169 95 23 himmel
279 1170 24 21 få
320 1173 57 19 utan
396 1170 108 22 afseende
514 1171 14 21 å
538 1169 132 23 ändamålet
682 1169 53 22 med
747 1168 116 23 desamma

105 1203 117 23 anordnas
249 1204 84 22 endast
357 1204 53 22 med
434 1204 141 29 begifvande
599 1204 24 22 af
651 1203 97 30 polisen,
767 1202 96 23 hvilken

106 1237 61 23 dock
187 1246 56 21 eger
266 1242 73 25 vägra
363 1239 110 22 tillstånd
496 1239 81 22 därtill
595 1238 83 23 endast
696 1245 36 15 om
751 1244 113 15 samman-

105 1273 119 22 komstens
243 1273 110 22 hållande
371 1273 92 22 medför
481 1274 50 21 fara
545 1273 37 22 för
594 1272 44 23 den
652 1272 123 29 offentliga
787 1271 77 22 säker-

106 1307 70 22 heten
201 1307 56 22 eller
282 1307 139 30 ordningen.
456 1307 47 22 Vid
528 1307 164 22 meddelandet
715 1307 23 22 af
756 1304 108 24 tillstånd

105 1341 38 23 till
162 1342 149 23 anordnande
330 1342 23 22 af
371 1342 208 22 sammankomster
596 1342 31 29 på
642 1341 123 28 offentliga
777 1340 88 29 platser

104 1375 59 23 eller
188 1380 74 25 vägar
289 1377 40 22 bör
357 1377 92 28 polisen
472 1376 85 29 jämväl
576 1376 61 22 fästa
654 1375 108 23 afseende
781 1373 84 23 därvid

106 1413 37 19 att
160 1411 100 22 trafiken
280 1411 30 29 på
328 1411 60 22 intet
406 1413 49 19 sätt
473 1414 96 26 störes.
588 1410 54 22 Med
669 1409 122 29 offentliga
818 1409 45 21 för-

104 1445 129 28 samlingar
259 1445 75 22 under
361 1445 42 22 bar
428 1445 95 22 himmel
544 1449 40 17 äro
602 1443 122 23 likställda
743 1443 122 29 offentliga

104 1479 48 28 tåg,
174 1479 54 22 med
254 1479 123 29 undantag
404 1479 25 22 af
456 1479 145 29 bröllopståg
624 1480 61 20 samt
703 1477 162 29 begrafnings-

173 1522 133 22 Lagutskottets
319 1522 111 17 betänkande
444 1522 37 17 N:o
494 1522 18 17 3.
