1084 1767
213 148 29 21 42
435 148 28 23 U.
481 148 26 22 B.
526 162 22 2 —
567 150 73 27 Prop.
657 149 42 22 N:o
716 150 33 21 17.

214 219 174 23 öfverdrifven
401 220 283 30 reglementeringslust.
713 220 49 23 För
772 220 77 30 öfrigt
863 221 27 22 är
904 220 66 30 själf-

214 253 77 27 fallet,
321 255 35 21 att
383 254 117 30 förening
526 255 28 21 är
579 255 166 23 oförhindrad
764 256 36 21 att
819 261 91 23 genom
929 255 42 23 det

214 288 145 29 föreslagna
379 288 60 23 eller
458 290 77 21 annat
554 289 88 30 tillägg
661 290 36 22 till
716 290 42 22 sitt
776 296 75 16 namn
865 290 104 29 angifva

216 324 36 20 att
271 322 48 23 den
339 323 28 22 är
385 323 147 23 inskrifven.

284 357 31 22 Vi
334 357 78 23 tilläta
431 364 42 16 oss
492 358 67 29 förty
578 358 46 22 och
643 358 56 23 med
712 358 144 23 beaktande
870 358 25 22 af
908 364 61 16 sam-

216 391 155 31 manhanget
395 392 106 22 emellan
525 392 32 23 de
577 393 25 22 af
620 393 122 23 utskottet
760 392 91 30 gjorda
871 392 99 23 ändrin-

215 432 80 22 garna
315 427 7 22 i
341 428 28 26 $$
387 428 16 21 7
422 427 46 23 och
487 427 33 23 28
539 427 131 23 vördsamt
688 427 106 23 föreslå:

492 480 44 25 att,
548 479 58 23 med
624 478 188 24 äterställande
824 479 32 23 af
867 480 13 21 1
888 479 82 29 punk-

421 514 41 22 ten
483 514 15 22 7
513 514 15 28 $
547 514 39 22 uti
605 514 57 22 dess
680 514 97 28 lydelse
790 514 80 29 enligt
878 520 92 22 propo-

421 548 118 26 sitionen,
558 548 65 23 sista
659 555 75 16 mom.
766 548 10 22 i
800 548 37 23 28
860 549 16 27 $
893 547 78 23 mätte

421 583 131 22 uteslutas.

283 633 167 30 Helsingfors,
470 634 48 22 den
538 634 34 22 29
591 634 100 30 augusti
712 634 75 23 1906.

284 682 55 23 Arne
355 682 130 24 Cederholm.
723 682 63 23 Arvid
803 682 97 23 Neovius.

287 742 41 23 Uti
357 743 158 23 förestäende
534 744 164 26 reservation,
718 743 85 23 sävidt
821 744 49 22 den
891 743 78 29 angär

207 776 23 32 5
251 778 24 26 5,
295 776 88 24 förena
402 778 39 29 sig

284 820 78 22 Arthur
379 820 96 23 Castrén.
546 820 89 28 Brynolf
648 820 70 23 Roiha.
800 821 21 21 P.
837 820 62 23 Siira.

286 880 46 22 Till
351 882 198 26 reservationen,
569 881 36 23 till
624 881 48 22 den
686 881 40 22 del
736 881 146 22 densamma
895 880 75 23 berör

218 914 33 29 88
274 915 32 21 14
325 916 47 22 och
393 916 39 26 17,
453 916 111 22 ansluter
582 916 36 29 sig

689 947 84 23 Teodor
788 953 19 15 v.
823 946 78 23 Pfaler.

286 1002 9 21 I
315 1001 183 24 ofvanstäende
517 1002 164 26 reservation,
696 1002 84 22 sävidt
799 1001 79 29 angår
899 1002 32 22 14
945 1001 24 29 8,

215 1035 146 23 instämmer

739 1067 51 27 Aug.
805 1067 95 23 luselius.

287 1133 193 23 Undertecknad
508 1134 102 21 förenar
637 1133 39 29 sig
703 1140 40 15 om
771 1133 196 27 reservationen,

218 1167 85 23 sävidt
321 1168 48 22 den
389 1168 80 28 angår
488 1168 32 28 88
541 1168 23 27 7,
584 1168 32 22 14
635 1168 45 22 och
700 1168 32 22 28
751 1168 6 21 i
772 1167 133 23 utskottets
918 1168 51 28 lag-

215 1202 105 29 förslag,
347 1204 64 20 samt
437 1208 74 16 anser
536 1203 36 21 att
599 1202 4 22 1
624 1208 72 16 mom.
719 1202 31 22 17
771 1202 15 28 &
805 1202 79 22 borde
904 1202 67 22 bibe-

215 1236 82 23 hällas
317 1237 78 29 enligt
413 1237 48 22 den
481 1236 94 29 nädiga
594 1236 196 28 propositionen.

692 1279 22 22 6.
729 1278 73 23 Viktor
818 1278 83 23 Eklund.

285 1340 47 22 Om
351 1339 182 23 ofvanstäende
557 1339 165 26 reservation,
749 1339 84 22 sävidt
855 1338 80 30 angår
954 1339 15 29 $

214 1374 41 30 28,
274 1374 101 23 förenar
394 1375 39 29 sig

762 1404 22 23 E.
800 1404 100 23 Thesleff.

285 1502 130 24 Lagutskottets
429 1502 107 19 betänkande
550 1502 36 18 N:o
596 1504 16 16 4.
