1084 1764
268 148 85 23 Ständ.
370 147 39 24 Sv.
424 161 28 2 —
468 148 74 28 Prop.
558 147 43 23 N:o
617 148 35 22 17.
812 147 26 22 13

150 220 122 22 Ledamot
299 220 26 22 af
351 220 122 29 styrelsen
503 219 47 28 må,
579 219 66 22 ändå
671 221 35 20 att
724 219 49 22 den
792 219 44 26 tid,

80 255 40 22 för
144 254 105 23 hvilken
276 255 50 22 han
355 254 82 23 blifvit
466 254 100 26 utsedd,
593 254 22 29 ej
635 253 55 30 gått
708 253 36 22 till
764 253 72 26 ända,

80 289 87 22 kunna
195 295 91 23 genom
315 289 84 22 beslut
426 288 26 23 af
478 288 198 30 föreningsmöte
701 288 57 22 från
776 294 62 22 upp-

82 323 91 29 draget
192 323 95 29 skiljas.

426 385 33 23 20
478 385 24 29 8.

152 443 122 22 Ledamot
301 443 25 22 af
355 443 122 28 styrelsen
505 450 74 15 svare
607 443 39 22 för
671 443 87 26 skada,
786 449 52 16 som

84 478 92 23 vållats
203 478 148 29 föreningen
380 484 90 23 genom
490 478 64 22 hans
578 477 174 23 försummelse
780 477 60 22 eller

83 514 52 21 mot
153 512 43 29 lag
215 512 59 23 eller
292 512 162 29 föreningens
474 512 104 29 stadgar
597 511 131 23 stridande
744 511 97 30 åtgärd.

85 542 52 27 Äro
156 547 31 22 de
206 547 69 26 flere,
295 553 53 16 som
368 547 97 22 skadan
490 547 85 26 vållat,
597 553 74 16 svare
684 553 30 16 en
734 546 38 22 för
792 545 48 23 alla

85 582 47 22 och
151 581 49 22 alla
219 581 40 22 för
277 588 38 15 en.

428 644 32 22 21
483 644 23 29 8.

156 701 36 22 På
211 701 114 28 yrkande
345 701 25 22 af
389 701 91 22 allmän
500 701 120 30 åklagare
633 701 59 22 eller
703 701 137 28 förenings-

87 736 106 22 medlem
213 735 50 22 kan
281 735 108 22 domstol
406 735 112 22 förklara
536 736 118 29 förening
672 735 108 29 upplöst,

157 776 40 16 om
216 769 149 30 föreningen
393 770 101 22 utöfvar
513 771 169 26 verksamhet,
703 776 53 16 som
775 770 67 21 inne-

89 804 46 23 bär
154 804 55 22 fara
228 804 39 22 för
285 805 50 22 den
354 805 126 21 allmänna
504 805 151 22 säkerheten
674 805 59 22 eller
752 804 91 22 strider

88 841 51 20 mot
156 839 43 28 lag
218 839 59 22 eller
295 839 51 29 god
365 839 44 22 sed
428 839 60 22 eller
506 841 52 20 mot
576 839 162 30 föreningens
757 839 7 22 i
784 839 58 22 dess

88 873 105 29 stadgar
212 873 103 29 angifna
334 873 78 29 syfte;
432 875 65 20 samt

157 914 40 15 om
218 914 128 21 personer,
366 908 86 22 hvilka
471 908 54 22 icke
544 908 67 22 varit
629 908 158 29 berättigade
807 909 36 20 att

88 942 61 29 ingå
169 943 7 21 i
195 942 157 29 föreningen,
373 942 91 23 tillåtas
483 943 62 22 höra
565 943 36 22 till
620 943 152 22 densamma.

158 976 55 23 Har
240 977 107 22 domstol
371 977 125 22 meddelat
520 977 172 22 förordnande
717 983 39 16 om
780 977 64 22 före-

89 1011 74 28 nings
195 1011 161 29 upplösning,
394 1011 63 22 skall
491 1012 162 29 föreningens
684 1011 161 22 verksamhet

92 1047 90 27 genast
200 1046 126 26 inställas;
355 1046 63 22 dock
443 1052 46 23 ege
512 1046 164 29 föreningens
698 1045 147 23 dåvarande

90 1080 113 28 styrelse,
229 1080 46 22 där
294 1081 21 28 ej
343 1080 139 22 domstolen
508 1081 150 22 annorledes
684 1081 159 25 bestämmer,

92 1114 35 22 till
147 1114 57 22 dess
232 1115 79 28 högre
335 1115 63 22 rätts
424 1115 85 29 utslag
536 1115 70 26 fallit,
626 1115 39 22 för
683 1115 163 28 föreningens

92 1148 109 29 räkning
220 1149 116 22 bedrifva
355 1149 97 29 näring,
472 1156 52 15 som
545 1149 25 22 af
588 1150 148 29 föreningen
755 1149 91 25 idkats,

91 1183 46 22 och
156 1183 8 22 i
183 1183 77 29 öfrigt
278 1183 80 23 vårda
377 1183 57 23 dess
454 1184 131 29 egendom.

436 1269 34 22 22
490 1269 23 30 8.

161 1327 38 22 Då
228 1327 107 22 domstol
365 1327 125 22 förklarar
520 1327 118 30 förening
665 1327 109 29 upplöst,
799 1327 49 22 för-

92 1361 79 22 ordne
191 1361 48 22 den
259 1361 78 22 tillika
357 1368 30 15 en
406 1362 60 22 eller
485 1362 61 22 flere
564 1368 122 22 personer
705 1363 35 21 att
758 1361 91 23 utreda

93 1395 163 29 föreningens
275 1396 40 22 bo.

163 1430 99 22 Varder
289 1430 117 29 förening
425 1431 150 22 annorledes
594 1431 107 28 upplöst,
720 1437 61 16 vare
800 1432 50 27 sty-

93 1464 96 22 relsens
217 1465 161 22 medlemmar
404 1465 217 29 utredningsmän,
651 1465 27 22 sä
702 1465 76 22 framt
796 1465 54 22 icke
