1081 1761
230 154 14 21 4
447 154 28 23 U.
492 154 29 23 B.
536 166 28 4 —
579 154 76 29 Prop.
671 154 41 23 N:o
728 155 35 22 1ö.

230 225 109 30 föredrag
363 225 56 22 eller
443 225 84 30 dylikt.
563 225 220 23 Kännetecknande
806 225 37 22 för
861 225 127 30 begreppet

230 260 183 22 sammankomst
431 264 26 19 är
476 261 51 26 ock,
547 263 36 20 att
600 260 129 23 detsamma
747 261 21 28 ej
787 260 137 22 förutsätter
942 259 47 23 till-

230 300 74 16 varan
322 294 23 22 af
357 295 72 28 något
441 295 85 22 sådant
538 295 114 22 samband
667 295 100 21 emellan
781 294 208 29 deltagarene,som

230 328 77 22 skulle
325 328 112 23 fortbestå
454 330 93 21 utöfver
565 329 66 23 tiden
644 329 36 23 för
692 328 219 29 sammankomsten,
924 331 64 25 utan,

230 363 26 21 så
274 365 65 20 snart
357 362 77 24 denna
451 364 79 22 blifvit
547 364 96 29 upplöst
661 363 43 23 och
717 363 151 29 deltagarene
888 363 100 28 åtskilts,

230 396 43 23 har
290 398 211 22 sammankomsten
519 398 102 30 upphört
639 400 36 20 att
693 398 76 22 finnas
787 398 45 22 till.
869 397 118 23 Samman-

230 431 107 23 komsten
355 435 71 26 utgör
443 432 70 22 alltså
531 433 20 29 ej
571 433 78 29 någon
667 432 95 28 rättslig
781 432 76 28 enhet,
882 436 30 19 än
930 433 58 21 min-

231 465 41 23 dre
290 468 35 20 ett
342 467 163 29 rättssubjekt;
534 466 29 23 de
587 467 78 22 beslut
688 467 57 22 eller
762 474 172 21 gemensamma
952 469 36 20 ut-

230 500 119 30 talanden,
368 509 49 15 som
435 501 84 23 därvid
537 502 137 28 tillkomma,
693 505 40 19 äro
746 500 84 23 endast
842 502 95 28 uttryck
952 501 36 22 för

230 536 174 29 samstämmiga
422 536 88 22 åsikter
527 536 43 22 hos
588 536 29 22 de
635 536 108 22 enskilda
761 535 159 30 deltagarene,
939 543 49 15 som

231 570 39 21 till
288 569 52 23 dem
358 570 110 29 bidragit.
495 571 35 21 De
543 578 116 22 personer,
673 571 24 21 åt
715 570 83 22 hvilka
816 570 41 22 vid
875 578 113 14 samman-

231 603 107 23 komsten
356 605 158 29 tilläfventyrs
537 605 133 29 uppdrages
695 607 35 20 att
747 607 112 26 uppsätta
877 605 56 22 eller
951 604 37 22 till

230 638 140 30 myndighet
393 639 56 22 eller
472 639 94 22 enskild
589 647 84 22 person
697 639 152 29 öfverbringa
875 639 112 28 besluten,

230 676 42 19 äro
296 674 21 29 ej
338 676 36 20 att
399 674 108 22 betrakta
530 675 76 21 såsom
625 681 72 22 organ
715 673 36 23 för
769 673 217 28 sammankomsten,

231 710 59 19 utan
308 708 61 22 blott
387 709 74 22 såsom
479 709 162 28 deltagarenes
659 708 161 22 ombudsmän.

301 742 35 22 De
362 743 67 28 lagar
455 743 98 22 rörande
580 742 259 29 församlingsfriheten,
863 749 48 16 som
930 743 58 22 före-

230 776 78 23 finnas
325 777 9 22 i
352 777 29 22 de
404 777 68 22 flesta
494 777 89 28 länder,
602 778 47 21 afse
667 777 22 29 ej
707 777 62 22 blott
787 779 35 20 att
841 780 85 26 trygga
944 776 44 22 den

231 811 90 29 lagliga
339 812 139 29 utöfningen
497 812 23 22 af
538 811 77 23 denna
627 811 115 30 rättighet
754 813 49 20 mot
816 811 116 29 godtycke
945 811 43 22 och

231 845 128 30 obehöriga
376 846 97 30 ingrepp
493 847 52 22 från
565 847 108 28 offentlig
691 845 150 30 myndighets
863 845 56 28 sida,
932 848 59 19 utan

231 880 46 22 ock
295 882 35 20 att
348 880 121 22 förhindra
487 880 40 22 det
544 881 181 28 medborgarnes
744 882 49 20 rätt
814 882 36 20 att
868 880 52 22 fritt
933 887 58 14 sam-

231 914 149 22 mankomma
403 916 37 21 må
464 915 143 22 missbrukas
631 915 9 21 i
666 914 138 30 lagstridigt
827 914 69 29 syfte,
923 914 67 22 hvar-

231 949 72 28 jämte
321 948 9 22 i
352 948 81 30 dylika
457 949 66 29 lagar
546 950 69 21 äfven
638 950 143 21 förekomma
809 948 181 29 bestämningar,

232 990 50 15 som
301 983 48 22 afse
367 987 36 19 att
420 984 129 29 förebygga
567 984 117 28 störingar
697 984 23 22 af
733 983 88 23 allmän
834 983 100 29 ordning
947 982 44 22 och

231 1017 116 23 säkerhet.
383 1018 192 29 Lagstiftningen
602 1018 8 22 i
637 1017 143 23 sistberörda
809 1017 126 23 afseenden
966 1021 25 17 är

232 1051 65 23 olika
316 1052 8 22 i
343 1052 64 22 olika
425 1052 86 28 länder,
530 1053 8 21 i
557 1052 39 22 det
615 1052 44 22 den
671 1052 8 22 i
692 1053 75 28 nägra
779 1055 26 19 är
817 1052 125 22 inskränkt
954 1051 38 22 till

232 1085 41 23 det
285 1086 193 30 nödvändigaste,
491 1087 84 22 medan
588 1087 45 22 den
646 1087 7 22 i
667 1086 73 23 andra
753 1090 26 18 är
791 1094 64 14 mera
867 1086 123 29 ingäende,

232 1121 109 22 stundom
369 1122 60 22 ända
453 1121 96 28 därhän,
569 1124 35 19 att
628 1121 45 22 den
692 1121 47 22 kan
758 1121 76 22 blifva
852 1128 29 15 en
899 1120 91 29 verklig

231 1155 63 22 väda
312 1156 37 21 för
366 1156 239 28 församlingsrättens
623 1155 106 23 beständ.
759 1155 177 22 Företrädesvis
949 1155 43 22 har

231 1188 183 30 lagstiftningen
441 1190 121 29 sysselsatt
588 1190 37 28 sig
651 1190 52 22 med
731 1189 120 23 allmänna
878 1196 113 15 samman-

232 1223 111 29 komster,
362 1224 21 22 d.
402 1232 21 14 v.
445 1232 18 14 s.
490 1224 94 28 sädana,
612 1224 37 22 till
676 1224 82 22 hvilka
777 1223 68 23 hvem
864 1232 48 14 som
930 1223 62 22 helst

232 1258 57 21 eller
307 1259 142 22 åtminstone
467 1258 52 23 hela
531 1266 102 22 grupper
645 1259 24 21 af
684 1258 154 28 medborgare
856 1258 70 22 hafva
945 1258 46 22 till-

232 1292 75 22 träde.
342 1293 111 23 Däremot
477 1301 66 14 anses
568 1293 40 22 det
626 1293 108 22 öfverallt
753 1293 77 21 säsom
848 1295 35 19 ett
901 1292 91 22 oberät-

232 1327 79 27 tigadt
323 1328 114 28 inträng
429 1322 11 39 i
452 1328 159 22 individernas
624 1328 115 28 rättssfär,
752 1334 38 15 om
803 1327 68 21 äfven
885 1326 106 22 enskilda

232 1362 121 22 samkväm
389 1362 23 22 af
440 1362 148 29 personligen
618 1361 114 29 inbjudna
769 1361 119 29 deltagare
924 1364 67 26 göras

232 1395 38 22 till
295 1396 95 22 föremål
409 1397 36 22 för
468 1397 196 28 reglementering
682 1396 43 22 och
745 1396 120 28 offentligt
889 1396 103 21 öfverva-

232 1430 86 22 kande.

304 1509 131 22 Lagutskottets
447 1509 109 18 betänkande
569 1508 38 18 N:o
619 1509 18 16 3.
