1081 1739
208 139 28 21 40
428 139 29 23 U.
473 139 27 23 B.
516 152 28 4 —
559 140 75 28 Prop.
650 140 44 24 N:o
709 141 36 22 15.

209 207 108 22 enskilda
339 215 116 21 personer.
485 208 67 22 Dock
574 216 54 15 vare
654 210 107 21 anmälan
787 209 20 28 ej
832 208 137 30 erforderlig

208 242 146 22 beträffande
370 243 180 29 uppvaktningar
566 244 37 22 och
620 244 137 28 sedvanliga
775 243 88 29 festtäg
888 244 80 28 (utesl).

527 308 25 21 10
570 308 44 27 (12)
631 308 17 28 8.

279 358 127 28 Angäende
427 359 185 22 föranstaltande
636 360 26 21 af
683 360 122 28 offentliga
819 359 70 29 nöjen
904 359 67 29 gälle

208 392 63 22 hvad
287 392 78 22 därom
381 397 26 17 är
422 393 55 22 eller
492 394 84 22 varder
591 394 118 29 stadgadt.

525 458 22 20 11
566 458 43 27 (23)
629 458 17 27 8.

277 501 48 22 Har
341 502 86 22 allmän
443 503 187 27 sammankomst,
639 504 88 21 hvarom
743 504 8 20 i
766 505 14 20 3
795 504 15 27 $
825 504 96 27 stadgas,
933 506 33 25 egt

206 543 49 14 rum
277 539 53 19 utan
352 537 141 28 iakttagande
508 538 30 26 af
549 538 41 20 där
604 539 75 27 gifven
691 538 124 28 föreskrift
831 537 135 29 beträfande

207 571 48 21 dess
271 571 109 28 hällande,
392 571 56 22 eller
459 572 41 21 har
511 572 211 22 sammankomsten
733 572 126 29 försiggätt
869 572 14 22 &
893 576 73 18 annat

207 605 68 21 ställe
291 606 56 21 eller
362 613 78 15 annan
456 606 34 22 tid
506 610 29 18 än
552 607 108 21 anmälan
676 608 52 21 eller
747 607 218 28 tillkännagifvande

206 640 77 21 därom
300 641 130 26 innehäller;
446 641 90 21 straffes
551 641 170 28 föranstaltare,
732 643 26 20 sä
768 642 39 20 ock
819 641 145 27 ordförande,

207 674 42 21 där
271 674 45 22 han
338 682 34 14 om
394 676 172 27 öfverträdelsen
588 676 50 28 haft
660 677 96 27 vetskap,
781 676 108 21 hvardera
911 675 53 22 med

206 708 67 22 böter
288 708 69 30 högst
372 710 126 21 trehundra
514 710 70 21 mark.
615 710 48 29 Lag
683 718 87 14 samma
792 717 54 15 vare
867 718 33 13 om
912 710 52 28 för-

207 744 128 25 anstaltare,
351 744 42 21 där
408 744 182 22 sammankomst
612 745 13 21 å
646 744 85 22 allmän
750 744 61 29 plats
831 744 74 22 under
922 744 42 21 bar

204 777 96 22 himmel
315 777 78 22 hållits
409 781 57 19 utan
487 779 151 28 iakttagande
661 779 26 22 af
706 779 127 27 föreskrift,
849 785 49 16 som
913 779 51 21 där-

204 813 37 20 för
256 812 134 22 meddelats.

274 846 140 23 Underläter
438 847 137 22 ordförande
598 847 56 22 eller
676 847 165 22 föranstaltare
865 850 36 19 att
922 847 40 22 vid

205 880 87 22 allmän
308 881 182 22 sammankomst
504 881 106 30 iakttaga
624 883 73 28 något
713 882 26 21 af
750 882 63 21 hvad
823 882 74 21 honom
903 881 59 30 jäm-

204 915 45 22 likt
267 917 14 20 6
295 916 12 27 $
323 916 98 29 åligger;
437 916 53 21 böte
506 916 69 29 högst
590 917 131 21 tvåhundra
737 917 72 21 mark.

523 981 26 20 12
564 981 48 26 (14)
628 981 19 26 8.

273 1025 71 26 Hvar,
365 1033 49 14 som
437 1027 79 25 (ufesl.)
542 1026 20 29 ej
587 1026 91 28 åtlyder
701 1025 108 29 behörigt
831 1025 77 29 påbud
924 1032 37 15 om

203 1059 143 30 upplösning
362 1060 26 21 af
401 1060 85 21 allmän
502 1060 187 28 sammankomst,
707 1060 92 21 straffes
821 1059 52 22 med
897 1059 65 22 böter

202 1093 70 29 högst
288 1095 132 21 tvåhundra
436 1095 71 21 mark.

522 1159 26 20 13
564 1159 48 26 (15)
628 1159 19 26 8.

272 1208 89 29 Vägras
384 1209 97 28 behörig
503 1209 137 28 myndighet
656 1209 56 21 eller
727 1209 134 21 densamma
877 1207 83 22 under-

200 1242 103 29 lydande
330 1243 140 29 tjänsteman
494 1243 55 22 eller
571 1243 103 29 betjänte
697 1243 105 22 tillträde
823 1242 36 21 till
875 1241 86 22 allmän

201 1277 192 28 sammankomst;
417 1277 53 22 böte
496 1279 81 27 f(utesl.)
599 1278 94 27 enhvar,
716 1285 50 14 som
788 1277 8 21 i
812 1277 45 21 den
872 1280 89 25 vägran

201 1311 57 21 eller
274 1311 76 22 beslut
365 1311 80 22 därom
461 1312 59 29 tagit
536 1312 44 27 del,
596 1312 69 29 högst
680 1311 128 23 trehundra
824 1311 71 22 mark.

520 1371 25 20 14
564 1371 46 27 (16)
627 1371 20 26 8.

270 1414 212 30 Bestämningarna
497 1415 8 21 i
520 1415 76 22 denna
610 1415 40 29 lag
665 1415 65 22 skola
746 1415 20 29 ej
784 1414 118 29 tillämpas
919 1414 22 22 å:

270 1450 19 25 1)
307 1450 213 25 sammankomster,
536 1457 48 14 som
600 1450 8 21 i
623 1450 40 28 lag
678 1450 55 21 eller
750 1449 142 29 författning
905 1449 57 21 eller

268 1495 133 23 Lagutskottets
414 1496 110 18 betänkande
535 1496 38 18 N:o
585 1497 17 17 3.
