1086 1770
221 144 29 20 40
453 145 22 21 U.
492 144 22 22 B.
531 156 27 2 —
576 145 61 26 Prop.
655 144 35 22 N:o
706 144 30 21 18.

221 215 53 14 men
299 209 147 21 kamreraren
470 216 41 14 var
527 210 6 20 i
550 210 45 20 alla
611 210 40 21 fall
669 209 112 22 utnämnd
798 209 44 21 och
859 209 109 21 kvarstod

221 245 7 20 i
253 245 35 20 sin
305 247 49 19 mot
374 245 36 27 lag
426 245 104 21 erhällna
546 245 134 28 befattning.
714 246 36 20 Ett
767 247 71 19 annat
854 245 47 26 fall,
918 252 49 14 som

218 281 39 26 jag
282 281 94 25 känner,
401 283 25 19 är
449 281 51 21 från
522 282 163 21 universitetet.
724 275 30 27 Är
776 281 56 21 1898
856 281 112 21 utnämde

222 317 109 20 kanslern
350 317 151 21 innehafvare
525 317 24 21 af
563 325 28 13 en
608 318 30 21 dä
654 318 98 21 inrättad
779 317 116 28 professur
911 319 56 18 utan

221 355 32 18 att
265 353 105 26 tjänsten,
380 353 77 21 säsom
469 354 28 20 de
508 353 25 21 af
542 354 65 20 Hans
617 353 59 28 Kejs.
690 353 104 28 Majestät
806 353 163 21 Universitetet

221 389 119 20 förlänade
364 391 96 19 statuter
483 389 84 27 fordra,
584 389 59 21 varit
662 389 170 28 lediganslagen
849 389 44 21 och
910 391 55 19 utan

221 427 33 18 att
271 425 167 20 konsistorium
465 425 106 27 uppgjort
588 425 90 27 förslag.
711 425 57 21 Sant
784 426 26 19 är
826 425 142 27 visserligen,

221 462 33 18 att
277 462 106 25 regenten
408 461 53 27 själf
482 461 95 27 tidigare
602 461 75 27 någon
700 461 58 27 gång
774 461 8 20 i
798 460 115 21 likartade
929 460 39 22 fall

221 496 97 20 handlat
334 496 29 27 på
380 503 90 14 samma
487 498 50 24 sätt,
554 504 54 14 men
624 498 62 20 detta
705 496 139 28 berättigade
856 497 112 27 klarligen

220 532 19 26 ej
265 532 93 20 kansler
374 534 33 19 att
423 532 77 21 afvika
517 532 50 21 från
584 533 7 20 i
608 533 87 21 allmän
712 532 133 27 författning
862 532 105 21 faststäld

221 568 100 27 ordning
334 568 35 21 för
379 569 173 21 utnämnandet.
573 569 172 21 Universitetets
754 568 167 21 konsistorium
932 571 35 18 ut-

220 604 77 20 talade
313 604 44 21 ock
374 605 6 20 i
398 605 125 27 anledning
546 605 25 20 af
589 605 61 21 detta
667 605 39 21 fall
723 612 27 14 en
770 604 146 28 påminnelse
933 604 34 21 till

221 640 145 26 protokollet,
383 647 54 14 men
453 640 113 28 förgäfves
583 641 68 21 söker
668 648 53 14 man
738 640 50 21 däri
804 642 32 19 ett
847 640 60 21 enda
918 640 50 26 ord,

221 682 51 14 som
299 676 74 21 skulle
400 676 82 26 utvisa,
509 679 32 18 att
564 677 134 21 konsistorii
723 676 151 22 medlemmar
890 677 75 20 skulle

221 714 75 18 ansett
315 712 37 21 det
371 712 89 28 möjligt
475 715 32 18 att
526 714 42 19 den
581 713 29 27 på
623 713 125 27 lagstridigt
760 714 44 19 sätt
816 712 87 27 utgifna
915 712 50 20 full-

221 748 94 20 makten
332 748 90 21 kunnat
438 748 130 21 återkallas.

294 784 65 21 Inom
384 785 235 26 grundlagsutskottet
643 785 43 21 har
702 784 125 21 framstälts
851 790 27 14 en
896 784 70 20 redan

220 819 97 27 tidigare
340 820 7 20 i
371 820 160 27 lagutskottets
547 821 38 20 vid
602 821 76 20 denna
695 820 110 27 landtdag
822 820 146 20 betänkande

221 855 44 21 N:o
291 856 9 20 1
329 856 87 21 uttalad
440 856 76 25 tanke,
541 859 32 18 att
589 856 45 21 den
650 856 76 27 afsikt,
743 856 7 21 i
767 856 94 21 hvilken
879 856 28 20 de
923 856 44 20 för-

221 891 133 27 ordningar,
376 891 7 21 i
407 892 61 20 kraft
493 892 25 20 af
539 893 80 20 hvilka
638 892 132 27 lagstridiga
786 891 181 28 tjänstemanna-

221 927 165 27 utnämningar
402 928 74 20 under
491 928 28 21 de
535 929 90 26 gångna
642 929 55 20 åren
713 929 67 23 skett,
796 927 83 27 gifvits,
892 927 76 21 ställer

220 963 68 20 dessa
312 963 164 27 utnämningar
491 964 7 20 i
515 970 28 14 en
560 963 247 28 undantagsställning,
824 969 50 15 som
892 963 75 21 skulle

220 998 112 27 berättiga
355 1001 33 18 att
411 999 7 20 i
442 1000 124 26 anledning
590 1001 22 19 at
636 1000 53 21 dem
710 1000 78 21 skrida
805 999 34 20 till
856 999 111 26 åtgärder,

219 1040 52 15 som
296 1035 47 20 helt
366 1035 45 20 och
430 1035 71 21 hållet
517 1035 77 21 afvika
610 1036 51 20 från
678 1035 38 21 det
732 1035 98 27 vanliga.
863 1035 104 20 Afsikten

220 1077 41 13 var
277 1073 33 18 att
325 1071 122 21 kullstörta
464 1071 50 21 vårt
530 1072 67 20 lands
613 1071 199 26 statsförfattning,
829 1071 78 20 därför
920 1071 46 20 kan

219 1106 78 21 denna
321 1107 191 27 statsförfattning
535 1108 19 26 ej
576 1107 90 27 skydda
682 1107 176 27 ifrågavarande
874 1107 92 26 tjänste-

219 1143 63 19 män.
314 1142 211 21 Viceordföranden
541 1143 36 21 för
593 1143 111 21 Senatens
717 1143 249 27 justitiedepartement

219 1177 44 20 har
285 1177 39 21 vid
341 1178 171 27 ridderskapets
529 1179 43 20 och
596 1179 80 20 adelns
693 1179 95 27 plenum
806 1178 44 21 den
867 1179 27 19 31
915 1178 52 21 sist-

218 1213 63 21 lidne
306 1214 45 27 maj
376 1215 86 20 månad
486 1215 59 20 klart
560 1215 45 20 och
622 1215 117 20 bindande
756 1214 121 27 ådagalagt
893 1214 73 27 omöj-

218 1249 100 26 ligheten
343 1250 25 20 af
389 1252 31 18 ett
436 1250 82 21 sådant
540 1250 194 27 åskådningssätt,
756 1250 45 20 och
818 1249 67 21 äfven
902 1249 64 21 inom

218 1285 237 27 grundlagsutskottet
479 1286 42 21 har
545 1286 29 27 på
598 1289 30 18 ett
648 1286 114 21 träffande
779 1287 44 19 sätt
840 1285 127 26 anmärkts,

218 1322 33 18 att
272 1321 30 20 all
324 1322 165 20 rättssäkerhet
505 1322 73 20 skulle
595 1322 127 26 försvinna,
739 1328 40 14 om
796 1321 133 27 giltigheten
945 1321 26 20 af

217 1356 146 27 regeringens
388 1356 104 27 åtgärder
515 1357 89 27 gjordes
629 1358 113 20 beroende
768 1356 24 21 af
807 1356 44 21 den
868 1356 99 26 afsikt,
957 1352 15 36 i

218 1391 96 21 hvilken
330 1392 29 20 de
374 1392 114 27 vidtagits.

290 1423 31 25 Är
343 1428 98 20 sålunda
462 1428 42 21 alls
520 1428 76 27 någon
612 1428 235 27 lagstiftningsätgärd
864 1427 36 21 för
916 1428 51 20 ord-
