1086 1770
224 169 27 21 14
567 171 27 22 U.
610 171 27 21 B.

222 240 146 28 efterlefnad,
392 241 85 22 saknat
501 242 43 21 och
572 242 74 22 sakna
672 242 63 22 kraft
760 242 24 22 af
810 241 41 29 lag
880 242 42 21 och
950 242 30 28 på

222 274 77 22 denna
317 275 76 29 grund
411 276 52 21 icke
482 276 91 22 kunnat
594 284 56 14 vara
675 277 37 21 för
732 276 165 29 myndigheter
924 276 56 22 eller

221 308 151 30 medborgare
390 310 124 22 bindande.
553 310 93 22 Samma
672 311 167 27 författningar
857 310 70 22 hafva
946 318 33 14 se-

222 343 103 23 dermera
351 344 49 22 dels
433 352 83 21 genom
546 345 149 29 förfogandet
729 345 24 22 af
783 344 44 22 den
859 345 31 21 29
918 353 61 14 mars

224 378 71 29 1905,
314 378 49 22 dels
380 386 84 22 genom
483 379 86 29 nådiga
585 380 134 22 manifestet
731 380 23 22 af
767 379 44 21 den
824 380 16 21 4
853 380 127 21 november

221 420 87 14 samma
318 414 26 20 år
358 414 110 28 antingen
478 414 162 28 suspenderats
652 414 56 22 eller
717 414 125 22 förklarats
853 414 126 29 upphäfda.

220 446 137 23 Emellertid
384 447 72 22 hafva
484 447 27 22 «de
538 449 226 26 missförhållanden,
788 455 48 14 som
854 449 30 28 på
901 448 77 29 grund

221 481 23 22 af
263 481 115 23 desamma
396 482 152 29 uppkommit,
577 486 62 19 ännu
666 483 52 22 icke
745 483 79 22 blifvit
846 483 75 28 enligt
939 483 39 28 lag

219 515 44 22 och
281 517 98 21 rättvisa
398 517 120 29 afhjälpta.

290 550 90 22 Genom
407 551 28 21 de
464 551 35 22 till
528 551 131 22 Ständerna
686 551 145 28 öfversända,
860 553 29 27 på
907 552 71 28 ryska

219 584 96 28 språket
333 585 111 22 affattade
464 586 166 22 skrifvelserna
648 586 69 22 hafva
743 586 132 22 Ständerna
893 586 85 29 själfva

219 618 46 22 fått
292 619 81 28 erfara,
400 620 109 22 hurusom
536 620 73 29 sagda
628 621 69 29 språk
721 620 40 23 vid
785 620 76 22 finska
880 620 97 22 admini-

219 654 99 22 strativa
342 654 148 23 ämbetsvärk
518 655 43 21 allt
586 654 145 23 fortfarande
759 654 118 23 användes
902 656 74 21 såsom

219 687 67 23 dessa
301 688 69 22 värks
387 689 110 22 officiella
513 690 76 28 språk.
626 689 36 22 Då
681 690 98 22 berörda
797 690 140 29 skrifvelser,
956 690 20 28 ej

218 722 91 22 mindre
336 727 29 18 än
384 724 44 21 den
447 724 52 22 dem
517 724 129 29 åtföljande
664 724 175 29 propositionen
858 724 118 22 äfvensom

217 760 87 18 tvenne
334 758 72 22 andra
436 759 171 28 propositioner
634 759 62 21 varit
720 758 208 29 kontrasignerade
953 759 23 21 af

217 791 137 23 icke-finske
364 796 60 24 män,
435 793 42 21 har
488 792 136 30 härigenom
634 793 132 22 äfvenledes
773 793 80 21 blifvit
862 793 36 22 för
908 793 68 21 Stän-

217 825 73 23 derna
306 826 107 29 kunnigt,
432 827 108 22 hurusom
562 827 78 22 finska
660 828 160 29 statstjänster
832 827 144 23 fortfarande

218 860 140 22 innehafvas
368 862 23 21 af
401 869 114 20 personer,
526 869 48 15 som
585 862 52 22 icke
647 866 39 18 äro
695 862 76 22 finska
781 862 159 28 medborgare,
952 862 24 22 af

218 893 93 23 hvilket
337 895 145 22 förhållande
510 896 176 22 skrifvelsernas
712 896 127 28 affattning
857 897 31 28 på
905 897 71 28 ryska

217 929 96 28 språket
331 930 86 28 jämväl
435 930 134 22 föranledts.
605 931 141 28 Visserligen
765 930 43 22 har
825 937 95 15 numera
939 931 36 21 till

217 963 413 24 ministerstatssekreterareämbetet
656 965 61 22 finsk
747 973 54 14 man
832 965 79 22 blifvit
940 968 35 18 ut-

217 997 94 22 nämnd.
352 999 53 21 Men
436 999 40 22 vid
506 999 328 29 generalguvernörskansliet
864 999 111 22 beklädas

216 1032 101 28 tjänster
338 1033 142 22 fortfarande
500 1034 23 21 af
541 1041 115 21 personer,
675 1041 47 14 som
741 1034 53 21 icke
813 1033 58 29 fylla
889 1033 85 29 grund-

216 1066 131 29 lagsenliga
362 1067 274 29 kompetensfordringar,
650 1070 34 19 ett
697 1067 154 28 förhållande,
861 1075 48 14 som
919 1068 56 28 jäm-

215 1101 40 21 väl
275 1108 54 21 eger
347 1108 49 15 rum
415 1102 40 22 vid
474 1102 228 27 statssekretariatet,
731 1103 120 21 äfvensom
869 1102 40 22 vid
928 1106 46 18 sär-

215 1134 78 23 skilda
314 1136 72 22 andra
404 1137 66 27 värk,
488 1137 71 28 jämte
577 1136 41 22 det
636 1139 35 19 att
689 1137 70 21 också
774 1137 8 21 i
796 1136 73 22 andra
887 1136 87 22 afseen-

215 1168 46 22 den
288 1170 160 22 förhållanden
476 1170 54 23 med
557 1171 110 29 tjänsters
689 1170 140 23 besättande
847 1171 44 21 och
909 1171 65 21 inne-

215 1203 118 23 hafvande
356 1205 121 28 fortbestä,
496 1205 27 22 de
542 1205 41 22 där
601 1205 71 23 hafva
691 1206 34 22 sin
745 1205 151 29 upprinnelse
914 1206 8 20 i
941 1206 32 21 of-

215 1245 47 14 van
289 1238 120 23 beskrifna
436 1240 150 22 sträfvanden
614 1242 36 20 att
675 1240 110 22 förändra
813 1240 106 28 grunden
938 1240 36 21 för

214 1272 115 22 Finlands
357 1274 127 22 statsskick
510 1274 43 22 och
580 1274 63 29 förty
666 1277 82 27 utgöra
773 1282 28 14 en
823 1274 150 22 fortvarande

214 1306 137 29 kränkning
363 1308 23 21 af
404 1308 92 22 landets
514 1308 163 23 konstitution.

284 1410 102 22 Härmed
406 1411 108 29 öfvergär
531 1411 122 22 Utskottet
672 1415 34 18 att
727 1416 106 18 närmare
852 1411 120 28 motivera,

213 1443 110 23 hurusom
342 1445 67 22 dessa
425 1445 159 23 förhällanden
597 1447 73 21 mäste
684 1454 65 14 anses
760 1445 141 29 lagstridiga
912 1449 59 18 samt

213 1478 95 29 päkalla
326 1479 199 30 undanrödjande.

283 1522 133 22 Lagutskottets
429 1523 110 18 betänkande
551 1523 37 18 N:o
600 1525 16 16 1.
