1081 1761
153 285 14 21 8
183 284 23 28 8.

140 319 27 27 (2
181 318 39 28 $i

138 354 78 27 prop.)

229 148 26 21 26
453 151 29 23 U.
501 153 26 21 B.
543 165 29 3 —
587 153 75 28 Prop.
679 153 39 22 N:o
735 153 35 22 15.

230 223 189 28 sammankomst,
444 224 42 21 har
511 226 89 20 ansetts
619 225 58 22 böra
695 225 33 22 för
747 224 158 30 tydlighetens
923 227 61 22 skull

231 260 8 21 i
258 258 64 22 detta
340 259 168 28 sammanhang
525 261 124 27 upptagas.

301 293 80 21 Såsom
399 293 8 21 i
425 293 44 21 den
494 293 117 22 allmänna
637 293 170 29 motiveringen
825 298 105 18 närmare
948 298 36 19 ut-

231 328 112 26 vecklats,
367 326 42 23 har
431 327 116 22 utskottet
565 327 84 23 ändrat
666 328 76 21 denna
760 329 111 29 paragraf
889 329 94 28 därhän,

232 365 35 19 att
292 361 283 29 anmälningsskyldighet
600 362 75 22 skulle
699 362 114 22 erfordras
840 363 83 22 endast
949 364 35 22 för

230 396 87 23 sådana
338 396 118 22 allmänna
468 397 207 22 sammankomster
686 397 8 21 i
707 396 59 28 stad,
784 404 48 15 som
850 398 102 29 försiggä
971 399 13 21 &

231 432 85 22 allmän
341 431 61 29 plats
424 430 74 22 under
521 431 42 22 bar
590 431 101 28 himmel,
718 435 60 18 samt
802 434 35 20 att
861 432 48 22 lika
932 432 50 23 med

231 466 108 22 anmälan
362 472 55 15 vore
441 468 36 19 att
501 473 54 14 anse
579 466 229 28 tillkännagifvande
826 474 83 21 genom
928 468 56 21 kun-

230 500 90 30 görelse
338 500 56 22 eller
412 500 81 28 anslag
511 500 57 22 eller
586 500 43 22 ock
648 508 88 14 annons
754 500 8 22 i
781 500 100 30 tidning.

299 535 12 21 I
334 535 65 28 fråga
423 542 36 14 om
482 534 63 22 tiden
565 535 35 22 för
617 535 106 22 anmälan
744 534 42 22 har
804 536 180 29 propositionen,

230 578 48 13 som
297 569 86 30 jämväl
402 568 51 23 haft
471 571 35 19 att
524 569 86 22 beakta
628 569 176 22 förhållandena
826 571 13 20 &
860 570 124 29 landsbyg-

231 604 52 28 den,
302 603 145 22 föreskrifvit
465 605 35 20 att
518 604 107 21 anmälan
644 604 43 22 bör
705 604 40 21 ske
763 604 45 21 tolf
825 605 93 22 timmar
935 605 49 22 före

231 639 222 22 sammankomstens
471 638 89 29 början.
579 638 84 23 Denna
681 639 35 22 tid
733 637 43 23 har
794 638 60 23 dock
872 642 66 26 synts
950 643 34 18 ut-

231 673 89 22 skottet
351 673 80 22 alltför
455 673 62 28 lång,
541 673 61 22 helst
625 673 115 22 utskottet
759 673 122 22 bibehållit
899 673 85 23 anmäl-

230 706 236 31 ningsskyldigheten
491 707 83 22 endast
597 707 36 22 för
655 708 62 22 vissa
744 708 206 22 sammankomster
977 709 7 21 i

230 742 59 22 stad.
323 742 50 21 Den
398 741 90 22 komme
512 742 117 29 nämligen
653 743 47 21 ofta
724 744 36 19 att
778 742 72 23 blifva
869 742 115 29 hinderlig

230 777 36 22 för
290 779 73 20 mötes
390 776 219 28 sammankallande,
628 776 83 23 medan
729 776 173 23 vederbörande
920 785 64 21 myn-

231 811 82 29 dighet
331 811 8 22 i
358 811 52 22 stad
428 811 31 28 på
476 811 93 28 mycket
581 811 92 22 kortare
692 811 34 22 tid
743 811 41 22 bör
797 811 79 22 kunna
888 811 97 30 vidtaga

230 846 29 21 de
284 846 59 21 mått
366 845 43 22 och
433 847 58 26 steg,
518 853 48 14 som
585 845 107 22 befinnas
711 845 86 29 nödiga
821 847 37 21 för
881 846 44 22 den
944 846 41 22 all-

230 884 86 18 männa
339 880 142 28 ordningens
505 880 211 28 upprätthållande.
752 880 72 22 Detta
847 880 42 22 har
916 881 69 21 också

230 914 104 22 indirekt
356 914 94 22 erkänts
474 921 83 21 genom
581 915 58 21 sista
662 915 124 28 meningen
811 915 7 21 i
844 916 11 20 1
876 922 66 14 mom.
962 915 23 21 af

230 948 277 30 propositionsförslaget.
528 948 123 22 Utskottet
669 948 41 23 har
728 949 36 21 för
782 949 36 21 sin
836 948 37 23 del
891 952 95 19 stannat

230 983 42 22 vid
290 986 36 18 att
343 983 93 22 förorda
454 982 39 22 det
511 983 314 29 anmälningsskyldigheten
843 984 42 22 bör
902 984 83 28 fullgö-

230 1025 38 15 ras
287 1018 70 21 minst
376 1018 40 22 två
434 1018 92 21 timmar
543 1018 48 21 före
610 1018 222 22 sammankomstens
851 1018 87 28 början.

300 1052 36 22 En
364 1052 121 22 minoritet
511 1052 62 22 inom
601 1052 116 22 utskottet
742 1052 44 22 har
812 1052 84 22 önskat
920 1052 64 22 tiden

231 1086 118 22 fastställd
368 1086 37 22 till
423 1094 41 14 sex
481 1086 99 22 timmar.

300 1121 150 22 Beträffande
462 1121 44 22 den
519 1121 192 29 myndighet,
677 1117 36 37 hos
722 1121 95 22 hvilken
825 1121 77 22 direkt
908 1125 77 18 anmä-

232 1155 41 22 lan
285 1156 42 21 bör
345 1159 76 25 göras,
439 1155 43 22 har
499 1156 115 21 utskottet
632 1159 76 18 ansett
721 1158 35 19 att
768 1155 72 22 orden
854 1173 8 11 ,
867 1155 40 22 hos
916 1156 70 28 polis-

230 1189 113 23 mästare"
363 1190 70 22 borde
452 1189 84 23 ändras
553 1190 38 21 till
610 1190 54 29 ,hos
682 1190 198 29 poliskammare*,
900 1190 85 22 allden-

230 1224 72 22 stund
325 1225 186 28 propositionens
529 1224 96 29 ordalag
644 1224 77 22 kunde
739 1224 53 22 leda
810 1224 38 22 till
866 1224 44 22 den
929 1232 56 21 upp-

230 1258 110 30 fattning,
359 1261 36 20 att
412 1259 175 29 polismästaren
606 1258 68 22 alltid
686 1258 71 22 borde
769 1259 149 29 personligen
929 1266 56 22 upp-

229 1293 77 22 sökas,
342 1294 12 20 I
371 1293 58 29 följd
448 1294 24 22 af
491 1296 34 19 att
543 1293 238 29 amnmälningsplikten
794 1293 51 21 icke
857 1294 128 21 utsträckts

230 1327 38 21 till
287 1328 169 28 landsbygden,
475 1328 70 22 hafva
562 1328 46 22 alla
626 1328 35 21 för
679 1327 85 23 sädant
782 1327 108 22 ändamäl
908 1328 7 20 i
934 1335 51 21 pro-

230 1362 132 28 positionen
381 1362 116 29 ingäende
516 1362 174 28 bestämningar
707 1362 127 21 uteslutits.

300 1396 41 22 Uti
367 1397 14 21 2
406 1404 67 14 mom.
498 1397 13 21 2
531 1398 13 25 $
564 1397 23 21 af
605 1396 269 29 propositionsförslaget
891 1396 94 28 stadgas

230 1430 73 22 bland
328 1434 72 19 annat
425 1434 34 19 att
483 1431 108 22 anmälan
613 1431 60 21 skall
696 1430 120 22 innehälla
836 1430 94 30 uppgift
948 1438 37 14 om

230 1464 135 23 ändamälet
383 1466 52 21 med
454 1466 217 21 sammankomsten.
696 1465 37 22 Dä
751 1465 96 21 härmed
865 1464 121 29 själffallet

301 1509 132 23 Lagutskottets
445 1509 110 18 betänkande
566 1509 36 17 N:o
614 1509 17 17 3.
