<?xml version="1.0" encoding="UTF-8"?>
<alto xmlns="http://www.loc.gov/standards/alto/ns-v3#" xmlns:xlink="http://www.w3.org/1999/xlink" xmlns:xsi="http://www.w3.org/2001/XMLSchema-instance" xsi:schemaLocation="http://www.loc.gov/standards/alto/ns-v3# http://www.loc.gov/alto/v3/alto-3-0.xsd">
	<Description>
		<MeasurementUnit>pixel</MeasurementUnit>
		<sourceImageInformation>
			<fileName>/tmp/tess_s_wqoiqt_input.PNG</fileName>
		</sourceImageInformation>
		<OCRProcessing ID="OCR_0">
			<ocrProcessingStep>
				<processingSoftware>
					<softwareName>tesseract 5.3.4</softwareName>
				</processingSoftware>
			</ocrProcessingStep>
		</OCRProcessing>
	</Description>
	<Layout>
		<Page WIDTH="1081" HEIGHT="1759" PHYSICAL_IMG_NR="0" ID="page_0">
			<PrintSpace HPOS="0" VPOS="0" WIDTH="1081" HEIGHT="1759">
				<ComposedBlock ID="cblock_0" HPOS="322" VPOS="141" WIDTH="530" HEIGHT="29">
					<TextBlock ID="block_0" HPOS="322" VPOS="141" WIDTH="530" HEIGHT="29">
						<TextLine ID="line_0" HPOS="322" VPOS="141" WIDTH="530" HEIGHT="29">
							<String ID="string_0" HPOS="322" VPOS="142" WIDTH="28" HEIGHT="22" WC="0.91" CONTENT="U."/><SP WIDTH="18" VPOS="142" HPOS="350"/>
							<String ID="string_1" HPOS="368" VPOS="142" WIDTH="27" HEIGHT="22" WC="0.91" CONTENT="B."/><SP WIDTH="18" VPOS="142" HPOS="395"/>
							<String ID="string_2" HPOS="413" VPOS="154" WIDTH="26" HEIGHT="3" WC="0.91" CONTENT="—"/><SP WIDTH="17" VPOS="154" HPOS="439"/>
							<String ID="string_3" HPOS="456" VPOS="141" WIDTH="73" HEIGHT="29" WC="0.95" CONTENT="Prop."/><SP WIDTH="18" VPOS="141" HPOS="529"/>
							<String ID="string_4" HPOS="547" VPOS="142" WIDTH="42" HEIGHT="22" WC="0.93" CONTENT="N:o"/><SP WIDTH="17" VPOS="142" HPOS="589"/>
							<String ID="string_5" HPOS="606" VPOS="142" WIDTH="35" HEIGHT="22" WC="0.96" CONTENT="15."/><SP WIDTH="185" VPOS="142" HPOS="641"/>
							<String ID="string_6" HPOS="826" VPOS="142" WIDTH="26" HEIGHT="20" WC="0.96" CONTENT="15"/>
						</TextLine>
					</TextBlock>
				</ComposedBlock>
				<ComposedBlock ID="cblock_1" HPOS="96" VPOS="211" WIDTH="761" HEIGHT="1237">
					<TextBlock ID="block_1" HPOS="96" VPOS="211" WIDTH="757" HEIGHT="135">
						<TextLine ID="line_1" HPOS="96" VPOS="211" WIDTH="757" HEIGHT="31">
							<String ID="string_7" HPOS="96" VPOS="213" WIDTH="89" HEIGHT="29" WC="0.96" CONTENT="gående"/><SP WIDTH="19" VPOS="213" HPOS="185"/>
							<String ID="string_8" HPOS="204" VPOS="213" WIDTH="99" HEIGHT="29" WC="0.96" CONTENT="ändring"/><SP WIDTH="18" VPOS="213" HPOS="303"/>
							<String ID="string_9" HPOS="321" VPOS="214" WIDTH="24" HEIGHT="21" WC="0.96" CONTENT="af"/><SP WIDTH="18" VPOS="214" HPOS="345"/>
							<String ID="string_10" HPOS="363" VPOS="212" WIDTH="123" HEIGHT="30" WC="0.96" CONTENT="grundlag."/><SP WIDTH="36" VPOS="212" HPOS="486"/>
							<String ID="string_11" HPOS="522" VPOS="213" WIDTH="47" HEIGHT="22" WC="0.96" CONTENT="Det"/><SP WIDTH="17" VPOS="213" HPOS="569"/>
							<String ID="string_12" HPOS="586" VPOS="211" WIDTH="134" HEIGHT="31" WC="0.96" CONTENT="lagförslag,"/><SP WIDTH="27" VPOS="211" HPOS="720"/>
							<String ID="string_13" HPOS="747" VPOS="220" WIDTH="49" HEIGHT="15" WC="0.93" CONTENT="som"/><SP WIDTH="18" VPOS="220" HPOS="796"/>
							<String ID="string_14" HPOS="814" VPOS="220" WIDTH="39" HEIGHT="22" WC="0.90" CONTENT="ge-"/>
						</TextLine>
						<TextLine ID="line_2" HPOS="96" VPOS="247" WIDTH="757" HEIGHT="29">
							<String ID="string_15" HPOS="96" VPOS="254" WIDTH="53" HEIGHT="16" WC="0.94" CONTENT="nom"/><SP WIDTH="19" VPOS="254" HPOS="149"/>
							<String ID="string_16" HPOS="168" VPOS="255" WIDTH="31" HEIGHT="15" WC="0.94" CONTENT="nu"/><SP WIDTH="13" VPOS="255" HPOS="199"/>
							<String ID="string_17" HPOS="212" VPOS="247" WIDTH="151" HEIGHT="23" WC="0.94" CONTENT="förevarande"/><SP WIDTH="18" VPOS="247" HPOS="363"/>
							<String ID="string_18" HPOS="381" VPOS="248" WIDTH="145" HEIGHT="28" WC="0.93" CONTENT="proposition"/><SP WIDTH="19" VPOS="248" HPOS="526"/>
							<String ID="string_19" HPOS="545" VPOS="248" WIDTH="165" HEIGHT="22" WC="0.91" CONTENT="öfverlämnats"/><SP WIDTH="18" VPOS="248" HPOS="710"/>
							<String ID="string_20" HPOS="728" VPOS="247" WIDTH="37" HEIGHT="23" WC="0.93" CONTENT="till"/><SP WIDTH="19" VPOS="247" HPOS="765"/>
							<String ID="string_21" HPOS="784" VPOS="247" WIDTH="69" HEIGHT="22" WC="0.91" CONTENT="Stän-"/>
						</TextLine>
						<TextLine ID="line_3" HPOS="96" VPOS="281" WIDTH="757" HEIGHT="30">
							<String ID="string_22" HPOS="96" VPOS="282" WIDTH="78" HEIGHT="28" WC="0.93" CONTENT="derna,"/><SP WIDTH="20" VPOS="282" HPOS="174"/>
							<String ID="string_23" HPOS="194" VPOS="282" WIDTH="75" HEIGHT="28" WC="0.91" CONTENT="gifver"/><SP WIDTH="24" VPOS="282" HPOS="269"/>
							<String ID="string_24" HPOS="293" VPOS="282" WIDTH="105" HEIGHT="22" WC="0.96" CONTENT="däremot"/><SP WIDTH="18" VPOS="282" HPOS="398"/>
							<String ID="string_25" HPOS="416" VPOS="285" WIDTH="105" HEIGHT="19" WC="0.96" CONTENT="närmare"/><SP WIDTH="18" VPOS="285" HPOS="521"/>
							<String ID="string_26" HPOS="539" VPOS="282" WIDTH="176" HEIGHT="29" WC="0.96" CONTENT="bestämningar"/><SP WIDTH="18" VPOS="282" HPOS="715"/>
							<String ID="string_27" HPOS="733" VPOS="281" WIDTH="120" HEIGHT="30" WC="0.96" CONTENT="angående"/>
						</TextLine>
						<TextLine ID="line_4" HPOS="96" VPOS="316" WIDTH="373" HEIGHT="30">
							<String ID="string_28" HPOS="96" VPOS="316" WIDTH="237" HEIGHT="29" WC="0.91" CONTENT="församlingsrättens"/><SP WIDTH="18" VPOS="316" HPOS="333"/>
							<String ID="string_29" HPOS="351" VPOS="316" WIDTH="118" HEIGHT="30" WC="0.91" CONTENT="utöfning."/>
						</TextLine>
					</TextBlock>
					<TextBlock ID="block_2" HPOS="97" VPOS="350" WIDTH="758" HEIGHT="609">
						<TextLine ID="line_5" HPOS="164" VPOS="350" WIDTH="688" HEIGHT="30">
							<String ID="string_30" HPOS="164" VPOS="350" WIDTH="164" HEIGHT="30" WC="0.94" CONTENT="Lagförslaget"/><SP WIDTH="17" VPOS="350" HPOS="328"/>
							<String ID="string_31" HPOS="345" VPOS="350" WIDTH="84" HEIGHT="22" WC="0.96" CONTENT="hänför"/><SP WIDTH="23" VPOS="350" HPOS="429"/>
							<String ID="string_32" HPOS="452" VPOS="351" WIDTH="37" HEIGHT="29" WC="0.96" CONTENT="sig"/><SP WIDTH="23" VPOS="351" HPOS="489"/>
							<String ID="string_33" HPOS="512" VPOS="350" WIDTH="61" HEIGHT="23" WC="0.96" CONTENT="blott"/><SP WIDTH="24" VPOS="350" HPOS="573"/>
							<String ID="string_34" HPOS="597" VPOS="351" WIDTH="37" HEIGHT="22" WC="0.96" CONTENT="till"/><SP WIDTH="24" VPOS="351" HPOS="634"/>
							<String ID="string_35" HPOS="658" VPOS="351" WIDTH="119" HEIGHT="22" WC="0.93" CONTENT="allmänna"/><SP WIDTH="16" VPOS="351" HPOS="777"/>
							<String ID="string_36" HPOS="793" VPOS="358" WIDTH="59" HEIGHT="15" WC="0.91" CONTENT="sam-"/>
						</TextLine>
						<TextLine ID="line_6" HPOS="97" VPOS="384" WIDTH="756" HEIGHT="30">
							<String ID="string_37" HPOS="97" VPOS="385" WIDTH="162" HEIGHT="22" WC="0.91" CONTENT="mankomster."/><SP WIDTH="27" VPOS="385" HPOS="259"/>
							<String ID="string_38" HPOS="286" VPOS="384" WIDTH="70" HEIGHT="23" WC="0.96" CONTENT="Hvad"/><SP WIDTH="13" VPOS="384" HPOS="356"/>
							<String ID="string_39" HPOS="369" VPOS="384" WIDTH="53" HEIGHT="23" WC="0.96" CONTENT="med"/><SP WIDTH="17" VPOS="384" HPOS="422"/>
							<String ID="string_40" HPOS="439" VPOS="385" WIDTH="122" HEIGHT="29" WC="0.95" CONTENT="uttrycket"/><SP WIDTH="12" VPOS="385" HPOS="561"/>
							<String ID="string_41" HPOS="573" VPOS="385" WIDTH="86" HEIGHT="22" WC="0.96" CONTENT="allmän"/><SP WIDTH="14" VPOS="385" HPOS="659"/>
							<String ID="string_42" HPOS="673" VPOS="386" WIDTH="180" HEIGHT="22" WC="0.95" CONTENT="sammankomst"/>
						</TextLine>
						<TextLine ID="line_7" HPOS="97" VPOS="419" WIDTH="757" HEIGHT="29">
							<String ID="string_43" HPOS="97" VPOS="419" WIDTH="60" HEIGHT="23" WC="0.96" CONTENT="skall"/><SP WIDTH="23" VPOS="419" HPOS="157"/>
							<String ID="string_44" HPOS="180" VPOS="420" WIDTH="90" HEIGHT="28" WC="0.96" CONTENT="förstås,"/><SP WIDTH="22" VPOS="420" HPOS="270"/>
							<String ID="string_45" HPOS="292" VPOS="419" WIDTH="43" HEIGHT="23" WC="0.96" CONTENT="har"/><SP WIDTH="15" VPOS="419" HPOS="335"/>
							<String ID="string_46" HPOS="350" VPOS="419" WIDTH="60" HEIGHT="23" WC="0.96" CONTENT="dock"/><SP WIDTH="18" VPOS="419" HPOS="410"/>
							<String ID="string_47" HPOS="428" VPOS="420" WIDTH="20" HEIGHT="28" WC="0.96" CONTENT="ej"/><SP WIDTH="21" VPOS="420" HPOS="448"/>
							<String ID="string_48" HPOS="469" VPOS="422" WIDTH="87" HEIGHT="20" WC="0.96" CONTENT="ansetts"/><SP WIDTH="18" VPOS="422" HPOS="556"/>
							<String ID="string_49" HPOS="574" VPOS="422" WIDTH="57" HEIGHT="20" WC="0.96" CONTENT="utan"/><SP WIDTH="18" VPOS="422" HPOS="631"/>
							<String ID="string_50" HPOS="649" VPOS="419" WIDTH="82" HEIGHT="23" WC="0.96" CONTENT="vidare"/><SP WIDTH="17" VPOS="419" HPOS="731"/>
							<String ID="string_51" HPOS="748" VPOS="420" WIDTH="25" HEIGHT="22" WC="0.96" CONTENT="så"/><SP WIDTH="18" VPOS="420" HPOS="773"/>
							<String ID="string_52" HPOS="791" VPOS="420" WIDTH="63" HEIGHT="21" WC="0.96" CONTENT="klart"/>
						</TextLine>
						<TextLine ID="line_8" HPOS="98" VPOS="454" WIDTH="755" HEIGHT="30">
							<String ID="string_53" HPOS="98" VPOS="456" WIDTH="41" HEIGHT="26" WC="0.96" CONTENT="att,"/><SP WIDTH="19" VPOS="456" HPOS="139"/>
							<String ID="string_54" HPOS="158" VPOS="454" WIDTH="30" HEIGHT="29" WC="0.96" CONTENT="på"/><SP WIDTH="18" VPOS="454" HPOS="188"/>
							<String ID="string_55" HPOS="206" VPOS="456" WIDTH="47" HEIGHT="20" WC="0.96" CONTENT="sätt"/><SP WIDTH="17" VPOS="456" HPOS="253"/>
							<String ID="string_56" HPOS="270" VPOS="454" WIDTH="8" HEIGHT="22" WC="0.96" CONTENT="i"/><SP WIDTH="18" VPOS="454" HPOS="278"/>
							<String ID="string_57" HPOS="296" VPOS="462" WIDTH="29" HEIGHT="14" WC="0.96" CONTENT="en"/><SP WIDTH="28" VPOS="462" HPOS="325"/>
							<String ID="string_58" HPOS="353" VPOS="454" WIDTH="38" HEIGHT="22" WC="0.95" CONTENT="del"/><SP WIDTH="26" VPOS="454" HPOS="391"/>
							<String ID="string_59" HPOS="417" VPOS="454" WIDTH="93" HEIGHT="22" WC="0.91" CONTENT="länders"/><SP WIDTH="27" VPOS="454" HPOS="510"/>
							<String ID="string_60" HPOS="537" VPOS="454" WIDTH="178" HEIGHT="30" WC="0.90" CONTENT="lagstiftningar"/><SP WIDTH="26" VPOS="454" HPOS="715"/>
							<String ID="string_61" HPOS="741" VPOS="454" WIDTH="69" HEIGHT="27" WC="0.96" CONTENT="skett,"/><SP WIDTH="18" VPOS="454" HPOS="810"/>
							<String ID="string_62" HPOS="828" VPOS="454" WIDTH="25" HEIGHT="22" WC="0.96" CONTENT="åt"/>
						</TextLine>
						<TextLine ID="line_9" HPOS="97" VPOS="488" WIDTH="756" HEIGHT="30">
							<String ID="string_63" HPOS="97" VPOS="488" WIDTH="219" HEIGHT="30" WC="0.91" CONTENT="lagtillämpningen"/><SP WIDTH="25" VPOS="488" HPOS="316"/>
							<String ID="string_64" HPOS="341" VPOS="496" WIDTH="79" HEIGHT="14" WC="0.96" CONTENT="ensam"/><SP WIDTH="27" VPOS="496" HPOS="420"/>
							<String ID="string_65" HPOS="447" VPOS="488" WIDTH="100" HEIGHT="23" WC="0.93" CONTENT="lämnats"/><SP WIDTH="28" VPOS="488" HPOS="547"/>
							<String ID="string_66" HPOS="575" VPOS="491" WIDTH="36" HEIGHT="20" WC="0.96" CONTENT="att"/><SP WIDTH="21" VPOS="491" HPOS="611"/>
							<String ID="string_67" HPOS="632" VPOS="489" WIDTH="83" HEIGHT="22" WC="0.96" CONTENT="utreda"/><SP WIDTH="18" VPOS="489" HPOS="715"/>
							<String ID="string_68" HPOS="733" VPOS="488" WIDTH="64" HEIGHT="22" WC="0.93" CONTENT="detta"/><SP WIDTH="18" VPOS="488" HPOS="797"/>
							<String ID="string_69" HPOS="815" VPOS="488" WIDTH="38" HEIGHT="22" WC="0.92" CONTENT="be-"/>
						</TextLine>
						<TextLine ID="line_10" HPOS="97" VPOS="523" WIDTH="756" HEIGHT="29">
							<String ID="string_70" HPOS="97" VPOS="530" WIDTH="79" HEIGHT="22" WC="0.95" CONTENT="grepp,"/><SP WIDTH="18" VPOS="530" HPOS="176"/>
							<String ID="string_71" HPOS="194" VPOS="526" WIDTH="57" HEIGHT="19" WC="0.96" CONTENT="utan"/><SP WIDTH="19" VPOS="526" HPOS="251"/>
							<String ID="string_72" HPOS="270" VPOS="523" WIDTH="42" HEIGHT="22" WC="0.96" CONTENT="har"/><SP WIDTH="17" VPOS="523" HPOS="312"/>
							<String ID="string_73" HPOS="329" VPOS="523" WIDTH="8" HEIGHT="22" WC="0.96" CONTENT="i"/><SP WIDTH="23" VPOS="523" HPOS="337"/>
							<String ID="string_74" HPOS="360" VPOS="524" WIDTH="10" HEIGHT="20" WC="0.95" CONTENT="1"/><SP WIDTH="21" VPOS="524" HPOS="370"/>
							<String ID="string_75" HPOS="391" VPOS="524" WIDTH="14" HEIGHT="26" WC="0.80" CONTENT="&amp;"/><SP WIDTH="19" VPOS="524" HPOS="405"/>
							<String ID="string_76" HPOS="424" VPOS="523" WIDTH="23" HEIGHT="22" WC="0.96" CONTENT="af"/><SP WIDTH="17" VPOS="523" HPOS="447"/>
							<String ID="string_77" HPOS="464" VPOS="524" WIDTH="113" HEIGHT="28" WC="0.93" CONTENT="förslaget"/><SP WIDTH="18" VPOS="524" HPOS="577"/>
							<String ID="string_78" HPOS="595" VPOS="523" WIDTH="112" HEIGHT="29" WC="0.91" CONTENT="stadgats,"/><SP WIDTH="19" VPOS="523" HPOS="707"/>
							<String ID="string_79" HPOS="726" VPOS="526" WIDTH="35" HEIGHT="19" WC="0.96" CONTENT="att"/><SP WIDTH="18" VPOS="526" HPOS="761"/>
							<String ID="string_80" HPOS="779" VPOS="524" WIDTH="74" HEIGHT="21" WC="0.96" CONTENT="såsom"/>
						</TextLine>
						<TextLine ID="line_11" HPOS="98" VPOS="557" WIDTH="755" HEIGHT="29">
							<String ID="string_81" HPOS="98" VPOS="558" WIDTH="84" HEIGHT="22" WC="0.96" CONTENT="allmän"/><SP WIDTH="20" VPOS="558" HPOS="182"/>
							<String ID="string_82" HPOS="202" VPOS="558" WIDTH="50" HEIGHT="22" WC="0.96" CONTENT="icke"/><SP WIDTH="16" VPOS="558" HPOS="252"/>
							<String ID="string_83" HPOS="268" VPOS="558" WIDTH="61" HEIGHT="22" WC="0.96" CONTENT="skall"/><SP WIDTH="19" VPOS="558" HPOS="329"/>
							<String ID="string_84" HPOS="348" VPOS="565" WIDTH="67" HEIGHT="15" WC="0.96" CONTENT="anses"/><SP WIDTH="18" VPOS="565" HPOS="415"/>
							<String ID="string_85" HPOS="433" VPOS="557" WIDTH="73" HEIGHT="23" WC="0.96" CONTENT="sådan"/><SP WIDTH="18" VPOS="557" HPOS="506"/>
							<String ID="string_86" HPOS="524" VPOS="558" WIDTH="188" HEIGHT="28" WC="0.95" CONTENT="sammankomst,"/><SP WIDTH="18" VPOS="558" HPOS="712"/>
							<String ID="string_87" HPOS="730" VPOS="558" WIDTH="37" HEIGHT="21" WC="0.93" CONTENT="till"/><SP WIDTH="28" VPOS="558" HPOS="767"/>
							<String ID="string_88" HPOS="795" VPOS="557" WIDTH="58" HEIGHT="22" WC="0.86" CONTENT="hvil-"/>
						</TextLine>
						<TextLine ID="line_12" HPOS="97" VPOS="591" WIDTH="756" HEIGHT="31">
							<String ID="string_89" HPOS="97" VPOS="592" WIDTH="45" HEIGHT="22" WC="0.96" CONTENT="ken"/><SP WIDTH="19" VPOS="592" HPOS="142"/>
							<String ID="string_90" HPOS="161" VPOS="592" WIDTH="83" HEIGHT="22" WC="0.96" CONTENT="endast"/><SP WIDTH="18" VPOS="592" HPOS="244"/>
							<String ID="string_91" HPOS="262" VPOS="592" WIDTH="147" HEIGHT="30" WC="0.96" CONTENT="personligen"/><SP WIDTH="20" VPOS="592" HPOS="409"/>
							<String ID="string_92" HPOS="429" VPOS="592" WIDTH="114" HEIGHT="30" WC="0.96" CONTENT="inbjudna"/><SP WIDTH="27" VPOS="592" HPOS="543"/>
							<String ID="string_93" HPOS="570" VPOS="592" WIDTH="120" HEIGHT="30" WC="0.96" CONTENT="deltagare"/><SP WIDTH="25" VPOS="592" HPOS="690"/>
							<String ID="string_94" HPOS="715" VPOS="592" WIDTH="69" HEIGHT="22" WC="0.92" CONTENT="hafva"/><SP WIDTH="24" VPOS="592" HPOS="784"/>
							<String ID="string_95" HPOS="808" VPOS="591" WIDTH="45" HEIGHT="23" WC="0.70" CONTENT="till-"/>
						</TextLine>
						<TextLine ID="line_13" HPOS="98" VPOS="626" WIDTH="756" HEIGHT="30">
							<String ID="string_96" HPOS="98" VPOS="626" WIDTH="72" HEIGHT="23" WC="0.95" CONTENT="träde."/><SP WIDTH="35" VPOS="626" HPOS="170"/>
							<String ID="string_97" HPOS="205" VPOS="626" WIDTH="43" HEIGHT="23" WC="0.93" CONTENT="Uti"/><SP WIDTH="18" VPOS="626" HPOS="248"/>
							<String ID="string_98" HPOS="266" VPOS="626" WIDTH="77" HEIGHT="23" WC="0.96" CONTENT="denna"/><SP WIDTH="26" VPOS="626" HPOS="343"/>
							<String ID="string_99" HPOS="369" VPOS="627" WIDTH="149" HEIGHT="29" WC="0.91" CONTENT="bestämning"/><SP WIDTH="26" VPOS="627" HPOS="518"/>
							<String ID="string_100" HPOS="544" VPOS="627" WIDTH="139" HEIGHT="29" WC="0.90" CONTENT="inneligger,"/><SP WIDTH="19" VPOS="627" HPOS="683"/>
							<String ID="string_101" HPOS="702" VPOS="629" WIDTH="35" HEIGHT="20" WC="0.96" CONTENT="att"/><SP WIDTH="22" VPOS="629" HPOS="737"/>
							<String ID="string_102" HPOS="759" VPOS="626" WIDTH="30" HEIGHT="22" WC="0.93" CONTENT="de"/><SP WIDTH="24" VPOS="626" HPOS="789"/>
							<String ID="string_103" HPOS="813" VPOS="626" WIDTH="41" HEIGHT="22" WC="0.92" CONTENT="all-"/>
						</TextLine>
						<TextLine ID="line_14" HPOS="98" VPOS="660" WIDTH="756" HEIGHT="30">
							<String ID="string_104" HPOS="98" VPOS="664" WIDTH="65" HEIGHT="19" WC="0.90" CONTENT="mänt"/><SP WIDTH="26" VPOS="664" HPOS="163"/>
							<String ID="string_105" HPOS="189" VPOS="661" WIDTH="151" HEIGHT="29" WC="0.92" CONTENT="tillgängliga"/><SP WIDTH="18" VPOS="661" HPOS="340"/>
							<String ID="string_106" HPOS="358" VPOS="661" WIDTH="238" HEIGHT="23" WC="0.90" CONTENT="sammankomsterna"/><SP WIDTH="23" VPOS="661" HPOS="596"/>
							<String ID="string_107" HPOS="619" VPOS="666" WIDTH="40" HEIGHT="18" WC="0.96" CONTENT="äro"/><SP WIDTH="18" VPOS="666" HPOS="659"/>
							<String ID="string_108" HPOS="677" VPOS="661" WIDTH="85" HEIGHT="22" WC="0.96" CONTENT="ställda"/><SP WIDTH="17" VPOS="661" HPOS="762"/>
							<String ID="string_109" HPOS="779" VPOS="660" WIDTH="75" HEIGHT="22" WC="0.96" CONTENT="under"/>
						</TextLine>
						<TextLine ID="line_15" HPOS="99" VPOS="696" WIDTH="756" HEIGHT="29">
							<String ID="string_110" HPOS="99" VPOS="696" WIDTH="108" HEIGHT="28" WC="0.96" CONTENT="offentlig"/><SP WIDTH="18" VPOS="696" HPOS="207"/>
							<String ID="string_111" HPOS="225" VPOS="696" WIDTH="108" HEIGHT="22" WC="0.95" CONTENT="kontroll."/><SP WIDTH="36" VPOS="696" HPOS="333"/>
							<String ID="string_112" HPOS="369" VPOS="696" WIDTH="47" HEIGHT="22" WC="0.96" CONTENT="För"/><SP WIDTH="15" VPOS="696" HPOS="416"/>
							<String ID="string_113" HPOS="431" VPOS="696" WIDTH="128" HEIGHT="29" WC="0.96" CONTENT="begreppet"/><SP WIDTH="12" VPOS="696" HPOS="559"/>
							<String ID="string_114" HPOS="571" VPOS="696" WIDTH="86" HEIGHT="22" WC="0.96" CONTENT="allmän"/><SP WIDTH="16" VPOS="696" HPOS="657"/>
							<String ID="string_115" HPOS="673" VPOS="696" WIDTH="182" HEIGHT="22" WC="0.96" CONTENT="sammankomst"/>
						</TextLine>
						<TextLine ID="line_16" HPOS="98" VPOS="730" WIDTH="755" HEIGHT="29">
							<String ID="string_116" HPOS="98" VPOS="734" WIDTH="26" HEIGHT="18" WC="0.96" CONTENT="är"/><SP WIDTH="18" VPOS="734" HPOS="124"/>
							<String ID="string_117" HPOS="142" VPOS="730" WIDTH="104" HEIGHT="22" WC="0.96" CONTENT="däremot"/><SP WIDTH="12" VPOS="730" HPOS="246"/>
							<String ID="string_118" HPOS="258" VPOS="730" WIDTH="52" HEIGHT="22" WC="0.96" CONTENT="icke"/><SP WIDTH="12" VPOS="730" HPOS="310"/>
							<String ID="string_119" HPOS="322" VPOS="730" WIDTH="137" HEIGHT="29" WC="0.95" CONTENT="väsentligt,"/><SP WIDTH="13" VPOS="730" HPOS="459"/>
							<String ID="string_120" HPOS="472" VPOS="731" WIDTH="8" HEIGHT="21" WC="0.96" CONTENT="i"/><SP WIDTH="12" VPOS="731" HPOS="480"/>
							<String ID="string_121" HPOS="492" VPOS="730" WIDTH="92" HEIGHT="23" WC="0.96" CONTENT="hvilket"/><SP WIDTH="12" VPOS="730" HPOS="584"/>
							<String ID="string_122" HPOS="596" VPOS="730" WIDTH="108" HEIGHT="22" WC="0.96" CONTENT="ändamål"/><SP WIDTH="13" VPOS="730" HPOS="704"/>
							<String ID="string_123" HPOS="717" VPOS="730" WIDTH="44" HEIGHT="22" WC="0.96" CONTENT="den"/><SP WIDTH="18" VPOS="730" HPOS="761"/>
							<String ID="string_124" HPOS="779" VPOS="730" WIDTH="74" HEIGHT="22" WC="0.96" CONTENT="hålles"/>
						</TextLine>
						<TextLine ID="line_17" HPOS="98" VPOS="764" WIDTH="755" HEIGHT="23">
							<String ID="string_125" HPOS="98" VPOS="764" WIDTH="56" HEIGHT="22" WC="0.96" CONTENT="eller"/><SP WIDTH="18" VPOS="764" HPOS="154"/>
							<String ID="string_126" HPOS="172" VPOS="764" WIDTH="60" HEIGHT="22" WC="0.93" CONTENT="huru"/><SP WIDTH="17" VPOS="764" HPOS="232"/>
							<String ID="string_127" HPOS="249" VPOS="764" WIDTH="133" HEIGHT="23" WC="0.92" CONTENT="beskaffadt"/><SP WIDTH="18" VPOS="764" HPOS="382"/>
							<String ID="string_128" HPOS="400" VPOS="764" WIDTH="86" HEIGHT="23" WC="0.96" CONTENT="ärende"/><SP WIDTH="19" VPOS="764" HPOS="486"/>
							<String ID="string_129" HPOS="505" VPOS="764" WIDTH="82" HEIGHT="23" WC="0.96" CONTENT="därvid"/><SP WIDTH="12" VPOS="764" HPOS="587"/>
							<String ID="string_130" HPOS="599" VPOS="765" WIDTH="158" HEIGHT="22" WC="0.93" CONTENT="förekommer."/><SP WIDTH="28" VPOS="765" HPOS="757"/>
							<String ID="string_131" HPOS="785" VPOS="764" WIDTH="68" HEIGHT="22" WC="0.92" CONTENT="Afser"/>
						</TextLine>
						<TextLine ID="line_18" HPOS="98" VPOS="798" WIDTH="755" HEIGHT="30">
							<String ID="string_132" HPOS="98" VPOS="799" WIDTH="183" HEIGHT="22" WC="0.96" CONTENT="sammankomst"/><SP WIDTH="17" VPOS="799" HPOS="281"/>
							<String ID="string_133" HPOS="298" VPOS="799" WIDTH="52" HEIGHT="22" WC="0.96" CONTENT="icke"/><SP WIDTH="18" VPOS="799" HPOS="350"/>
							<String ID="string_134" HPOS="368" VPOS="799" WIDTH="146" HEIGHT="29" WC="0.96" CONTENT="behandling"/><SP WIDTH="16" VPOS="799" HPOS="514"/>
							<String ID="string_135" HPOS="530" VPOS="800" WIDTH="23" HEIGHT="22" WC="0.96" CONTENT="af"/><SP WIDTH="19" VPOS="800" HPOS="553"/>
							<String ID="string_136" HPOS="572" VPOS="799" WIDTH="85" HEIGHT="22" WC="0.96" CONTENT="allmän"/><SP WIDTH="20" VPOS="799" HPOS="657"/>
							<String ID="string_137" HPOS="677" VPOS="798" WIDTH="176" HEIGHT="30" WC="0.95" CONTENT="angelägenhet,"/>
						</TextLine>
						<TextLine ID="line_19" HPOS="100" VPOS="833" WIDTH="755" HEIGHT="30">
							<String ID="string_138" HPOS="100" VPOS="837" WIDTH="40" HEIGHT="19" WC="0.93" CONTENT="äro"/><SP WIDTH="13" VPOS="837" HPOS="140"/>
							<String ID="string_139" HPOS="153" VPOS="833" WIDTH="206" HEIGHT="29" WC="0.92" CONTENT="bestämningarna"/><SP WIDTH="18" VPOS="833" HPOS="359"/>
							<String ID="string_140" HPOS="377" VPOS="834" WIDTH="8" HEIGHT="21" WC="0.96" CONTENT="i"/><SP WIDTH="18" VPOS="834" HPOS="385"/>
							<String ID="string_141" HPOS="403" VPOS="834" WIDTH="154" HEIGHT="29" WC="0.96" CONTENT="lagförslaget"/><SP WIDTH="10" VPOS="834" HPOS="557"/>
							<String ID="string_142" HPOS="567" VPOS="834" WIDTH="122" HEIGHT="28" WC="0.93" CONTENT="angående"/><SP WIDTH="10" VPOS="834" HPOS="689"/>
							<String ID="string_143" HPOS="699" VPOS="833" WIDTH="156" HEIGHT="29" WC="0.91" CONTENT="anmälnings-"/>
						</TextLine>
						<TextLine ID="line_20" HPOS="100" VPOS="867" WIDTH="755" HEIGHT="30">
							<String ID="string_144" HPOS="100" VPOS="868" WIDTH="134" HEIGHT="29" WC="0.96" CONTENT="skyldighet"/><SP WIDTH="27" VPOS="868" HPOS="234"/>
							<String ID="string_145" HPOS="261" VPOS="868" WIDTH="51" HEIGHT="22" WC="0.92" CONTENT="icke"/><SP WIDTH="25" VPOS="868" HPOS="312"/>
							<String ID="string_146" HPOS="337" VPOS="868" WIDTH="13" HEIGHT="22" WC="0.91" CONTENT="&amp;"/><SP WIDTH="18" VPOS="868" HPOS="350"/>
							<String ID="string_147" HPOS="368" VPOS="868" WIDTH="133" HEIGHT="22" WC="0.95" CONTENT="densamma"/><SP WIDTH="27" VPOS="868" HPOS="501"/>
							<String ID="string_148" HPOS="528" VPOS="868" WIDTH="147" HEIGHT="29" WC="0.96" CONTENT="tillämpliga,"/><SP WIDTH="24" VPOS="868" HPOS="675"/>
							<String ID="string_149" HPOS="699" VPOS="868" WIDTH="81" HEIGHT="22" WC="0.96" CONTENT="såvida"/><SP WIDTH="23" VPOS="868" HPOS="780"/>
							<String ID="string_150" HPOS="803" VPOS="867" WIDTH="52" HEIGHT="22" WC="0.96" CONTENT="icke"/>
						</TextLine>
						<TextLine ID="line_21" HPOS="100" VPOS="902" WIDTH="755" HEIGHT="30">
							<String ID="string_151" HPOS="100" VPOS="902" WIDTH="211" HEIGHT="23" WC="0.96" CONTENT="sammankomsten"/><SP WIDTH="35" VPOS="902" HPOS="311"/>
							<String ID="string_152" HPOS="346" VPOS="902" WIDTH="75" HEIGHT="22" WC="0.90" CONTENT="hålles"/><SP WIDTH="24" VPOS="902" HPOS="421"/>
							<String ID="string_153" HPOS="445" VPOS="904" WIDTH="14" HEIGHT="20" WC="0.92" CONTENT="å"/><SP WIDTH="27" VPOS="904" HPOS="459"/>
							<String ID="string_154" HPOS="486" VPOS="903" WIDTH="86" HEIGHT="22" WC="0.95" CONTENT="allmän"/><SP WIDTH="35" VPOS="903" HPOS="572"/>
							<String ID="string_155" HPOS="607" VPOS="903" WIDTH="62" HEIGHT="29" WC="0.94" CONTENT="plats"/><SP WIDTH="35" VPOS="903" HPOS="669"/>
							<String ID="string_156" HPOS="704" VPOS="902" WIDTH="74" HEIGHT="23" WC="0.94" CONTENT="under"/><SP WIDTH="34" VPOS="902" HPOS="778"/>
							<String ID="string_157" HPOS="812" VPOS="902" WIDTH="43" HEIGHT="22" WC="0.95" CONTENT="bar"/>
						</TextLine>
						<TextLine ID="line_22" HPOS="100" VPOS="937" WIDTH="100" HEIGHT="22">
							<String ID="string_158" HPOS="100" VPOS="937" WIDTH="100" HEIGHT="22" WC="0.96" CONTENT="himmel."/>
						</TextLine>
					</TextBlock>
					<TextBlock ID="block_3" HPOS="100" VPOS="970" WIDTH="756" HEIGHT="201">
						<TextLine ID="line_23" HPOS="168" VPOS="970" WIDTH="687" HEIGHT="30">
							<String ID="string_159" HPOS="168" VPOS="971" WIDTH="150" HEIGHT="23" WC="0.96" CONTENT="Beträffande"/><SP WIDTH="19" VPOS="971" HPOS="318"/>
							<String ID="string_160" HPOS="337" VPOS="971" WIDTH="208" HEIGHT="23" WC="0.95" CONTENT="sammankomster"/><SP WIDTH="18" VPOS="971" HPOS="545"/>
							<String ID="string_161" HPOS="563" VPOS="972" WIDTH="30" HEIGHT="28" WC="0.96" CONTENT="på"/><SP WIDTH="13" VPOS="972" HPOS="593"/>
							<String ID="string_162" HPOS="606" VPOS="972" WIDTH="85" HEIGHT="22" WC="0.96" CONTENT="allmän"/><SP WIDTH="14" VPOS="972" HPOS="691"/>
							<String ID="string_163" HPOS="705" VPOS="972" WIDTH="60" HEIGHT="28" WC="0.96" CONTENT="plats"/><SP WIDTH="15" VPOS="972" HPOS="765"/>
							<String ID="string_164" HPOS="780" VPOS="970" WIDTH="75" HEIGHT="22" WC="0.95" CONTENT="under"/>
						</TextLine>
						<TextLine ID="line_24" HPOS="101" VPOS="1005" WIDTH="753" HEIGHT="29">
							<String ID="string_165" HPOS="101" VPOS="1006" WIDTH="42" HEIGHT="22" WC="0.96" CONTENT="bar"/><SP WIDTH="25" VPOS="1006" HPOS="143"/>
							<String ID="string_166" HPOS="168" VPOS="1005" WIDTH="101" HEIGHT="29" WC="0.93" CONTENT="himmel,"/><SP WIDTH="27" VPOS="1005" HPOS="269"/>
							<String ID="string_167" HPOS="296" VPOS="1006" WIDTH="92" HEIGHT="22" WC="0.91" CONTENT="oafsedt"/><SP WIDTH="26" VPOS="1006" HPOS="388"/>
							<String ID="string_168" HPOS="414" VPOS="1013" WIDTH="37" HEIGHT="15" WC="0.96" CONTENT="om"/><SP WIDTH="24" VPOS="1013" HPOS="451"/>
							<String ID="string_169" HPOS="475" VPOS="1006" WIDTH="41" HEIGHT="22" WC="0.95" CONTENT="vid"/><SP WIDTH="24" VPOS="1006" HPOS="516"/>
							<String ID="string_170" HPOS="540" VPOS="1006" WIDTH="117" HEIGHT="22" WC="0.93" CONTENT="desamma"/><SP WIDTH="18" VPOS="1006" HPOS="657"/>
							<String ID="string_171" HPOS="675" VPOS="1006" WIDTH="179" HEIGHT="28" WC="0.89" CONTENT="öfverläggning"/>
						</TextLine>
						<TextLine ID="line_25" HPOS="101" VPOS="1039" WIDTH="753" HEIGHT="30">
							<String ID="string_172" HPOS="101" VPOS="1047" WIDTH="54" HEIGHT="21" WC="0.96" CONTENT="eger"/><SP WIDTH="25" VPOS="1047" HPOS="155"/>
							<String ID="string_173" HPOS="180" VPOS="1048" WIDTH="51" HEIGHT="14" WC="0.96" CONTENT="rum"/><SP WIDTH="24" VPOS="1048" HPOS="231"/>
							<String ID="string_174" HPOS="255" VPOS="1040" WIDTH="99" HEIGHT="23" WC="0.96" CONTENT="rörande"/><SP WIDTH="24" VPOS="1040" HPOS="354"/>
							<String ID="string_175" HPOS="378" VPOS="1040" WIDTH="89" HEIGHT="22" WC="0.96" CONTENT="allmän"/><SP WIDTH="23" VPOS="1040" HPOS="467"/>
							<String ID="string_176" HPOS="490" VPOS="1040" WIDTH="57" HEIGHT="22" WC="0.96" CONTENT="eller"/><SP WIDTH="18" VPOS="1040" HPOS="547"/>
							<String ID="string_177" HPOS="565" VPOS="1040" WIDTH="92" HEIGHT="22" WC="0.96" CONTENT="enskild"/><SP WIDTH="20" VPOS="1040" HPOS="657"/>
							<String ID="string_178" HPOS="677" VPOS="1039" WIDTH="177" HEIGHT="30" WC="0.96" CONTENT="angelägenhet,"/>
						</TextLine>
						<TextLine ID="line_26" HPOS="100" VPOS="1074" WIDTH="755" HEIGHT="30">
							<String ID="string_179" HPOS="100" VPOS="1074" WIDTH="43" HEIGHT="22" WC="0.96" CONTENT="har"/><SP WIDTH="18" VPOS="1074" HPOS="143"/>
							<String ID="string_180" HPOS="161" VPOS="1075" WIDTH="198" HEIGHT="29" WC="0.93" CONTENT="polismyndighet"/><SP WIDTH="18" VPOS="1075" HPOS="359"/>
							<String ID="string_181" HPOS="377" VPOS="1074" WIDTH="92" HEIGHT="30" WC="0.92" CONTENT="tillagts"/><SP WIDTH="18" VPOS="1074" HPOS="469"/>
							<String ID="string_182" HPOS="487" VPOS="1074" WIDTH="139" HEIGHT="30" WC="0.96" CONTENT="behörighet"/><SP WIDTH="13" VPOS="1074" HPOS="626"/>
							<String ID="string_183" HPOS="639" VPOS="1077" WIDTH="41" HEIGHT="26" WC="0.96" CONTENT="att,"/><SP WIDTH="13" VPOS="1077" HPOS="680"/>
							<String ID="string_184" HPOS="693" VPOS="1074" WIDTH="30" HEIGHT="23" WC="0.96" CONTENT="då"/><SP WIDTH="15" VPOS="1074" HPOS="723"/>
							<String ID="string_185" HPOS="738" VPOS="1075" WIDTH="117" HEIGHT="22" WC="0.96" CONTENT="allmänna"/>
						</TextLine>
						<TextLine ID="line_27" HPOS="100" VPOS="1108" WIDTH="756" HEIGHT="30">
							<String ID="string_186" HPOS="100" VPOS="1108" WIDTH="142" HEIGHT="30" WC="0.96" CONTENT="ordningens"/><SP WIDTH="13" VPOS="1108" HPOS="242"/>
							<String ID="string_187" HPOS="255" VPOS="1109" WIDTH="43" HEIGHT="22" WC="0.96" CONTENT="och"/><SP WIDTH="12" VPOS="1109" HPOS="298"/>
							<String ID="string_188" HPOS="310" VPOS="1109" WIDTH="151" HEIGHT="23" WC="0.96" CONTENT="säkerhetens"/><SP WIDTH="21" VPOS="1109" HPOS="461"/>
							<String ID="string_189" HPOS="482" VPOS="1109" WIDTH="205" HEIGHT="29" WC="0.96" CONTENT="upprätthållande"/><SP WIDTH="13" VPOS="1109" HPOS="687"/>
							<String ID="string_190" HPOS="700" VPOS="1109" WIDTH="83" HEIGHT="23" WC="0.93" CONTENT="sådant"/><SP WIDTH="12" VPOS="1109" HPOS="783"/>
							<String ID="string_191" HPOS="795" VPOS="1108" WIDTH="61" HEIGHT="22" WC="0.92" CONTENT="kräf-"/>
						</TextLine>
						<TextLine ID="line_28" HPOS="100" VPOS="1143" WIDTH="476" HEIGHT="28">
							<String ID="string_192" HPOS="100" VPOS="1151" WIDTH="48" HEIGHT="20" WC="0.96" CONTENT="ver,"/><SP WIDTH="19" VPOS="1151" HPOS="148"/>
							<String ID="string_193" HPOS="167" VPOS="1144" WIDTH="105" HEIGHT="22" WC="0.96" CONTENT="meddela"/><SP WIDTH="19" VPOS="1144" HPOS="272"/>
							<String ID="string_194" HPOS="291" VPOS="1143" WIDTH="115" HEIGHT="23" WC="0.96" CONTENT="särskilda"/><SP WIDTH="18" VPOS="1143" HPOS="406"/>
							<String ID="string_195" HPOS="424" VPOS="1144" WIDTH="152" HEIGHT="22" WC="0.96" CONTENT="föreskrifter."/>
						</TextLine>
					</TextBlock>
					<TextBlock ID="block_4" HPOS="100" VPOS="1178" WIDTH="757" HEIGHT="270">
						<TextLine ID="line_29" HPOS="169" VPOS="1178" WIDTH="688" HEIGHT="22">
							<String ID="string_196" HPOS="169" VPOS="1178" WIDTH="54" HEIGHT="22" WC="0.96" CONTENT="Med"/><SP WIDTH="11" VPOS="1178" HPOS="223"/>
							<String ID="string_197" HPOS="234" VPOS="1178" WIDTH="118" HEIGHT="22" WC="0.95" CONTENT="allmänna"/><SP WIDTH="10" VPOS="1178" HPOS="352"/>
							<String ID="string_198" HPOS="362" VPOS="1179" WIDTH="208" HEIGHT="21" WC="0.96" CONTENT="sammankomster"/><SP WIDTH="9" VPOS="1179" HPOS="570"/>
							<String ID="string_199" HPOS="579" VPOS="1178" WIDTH="71" HEIGHT="22" WC="0.92" CONTENT="hafva"/><SP WIDTH="6" VPOS="1178" HPOS="650"/>
							<String ID="string_200" HPOS="656" VPOS="1178" WIDTH="111" HEIGHT="22" WC="0.91" CONTENT="likställts"/><SP WIDTH="7" VPOS="1178" HPOS="767"/>
							<String ID="string_201" HPOS="774" VPOS="1178" WIDTH="83" HEIGHT="21" WC="0.90" CONTENT="offent-"/>
						</TextLine>
						<TextLine ID="line_30" HPOS="100" VPOS="1211" WIDTH="757" HEIGHT="31">
							<String ID="string_202" HPOS="100" VPOS="1212" WIDTH="49" HEIGHT="29" WC="0.93" CONTENT="liga"/><SP WIDTH="24" VPOS="1212" HPOS="149"/>
							<String ID="string_203" HPOS="173" VPOS="1213" WIDTH="158" HEIGHT="28" WC="0.91" CONTENT="processioner"/><SP WIDTH="24" VPOS="1213" HPOS="331"/>
							<String ID="string_204" HPOS="355" VPOS="1212" WIDTH="44" HEIGHT="22" WC="0.96" CONTENT="och"/><SP WIDTH="24" VPOS="1212" HPOS="399"/>
							<String ID="string_205" HPOS="423" VPOS="1214" WIDTH="48" HEIGHT="28" WC="0.96" CONTENT="tåg,"/><SP WIDTH="25" VPOS="1214" HPOS="471"/>
							<String ID="string_206" HPOS="496" VPOS="1220" WIDTH="49" HEIGHT="15" WC="0.96" CONTENT="som"/><SP WIDTH="24" VPOS="1220" HPOS="545"/>
							<String ID="string_207" HPOS="569" VPOS="1212" WIDTH="115" HEIGHT="23" WC="0.94" CONTENT="anordnas"/><SP WIDTH="25" VPOS="1212" HPOS="684"/>
							<String ID="string_208" HPOS="709" VPOS="1213" WIDTH="22" HEIGHT="21" WC="0.96" CONTENT="af"/><SP WIDTH="18" VPOS="1213" HPOS="731"/>
							<String ID="string_209" HPOS="749" VPOS="1211" WIDTH="108" HEIGHT="23" WC="0.96" CONTENT="enskilda"/>
						</TextLine>
						<TextLine ID="line_31" HPOS="101" VPOS="1247" WIDTH="756" HEIGHT="29">
							<String ID="string_210" HPOS="101" VPOS="1254" WIDTH="110" HEIGHT="22" WC="0.96" CONTENT="personer"/><SP WIDTH="18" VPOS="1254" HPOS="211"/>
							<String ID="string_211" HPOS="229" VPOS="1248" WIDTH="56" HEIGHT="21" WC="0.95" CONTENT="eller"/><SP WIDTH="17" VPOS="1248" HPOS="285"/>
							<String ID="string_212" HPOS="302" VPOS="1248" WIDTH="144" HEIGHT="28" WC="0.95" CONTENT="föreningar,"/><SP WIDTH="19" VPOS="1248" HPOS="446"/>
							<String ID="string_213" HPOS="465" VPOS="1247" WIDTH="73" HEIGHT="22" WC="0.96" CONTENT="ehuru"/><SP WIDTH="18" VPOS="1247" HPOS="538"/>
							<String ID="string_214" HPOS="556" VPOS="1247" WIDTH="87" HEIGHT="22" WC="0.96" CONTENT="sådana"/><SP WIDTH="13" VPOS="1247" HPOS="643"/>
							<String ID="string_215" HPOS="656" VPOS="1247" WIDTH="97" HEIGHT="28" WC="0.93" CONTENT="erbjuda"/><SP WIDTH="12" VPOS="1247" HPOS="753"/>
							<String ID="string_216" HPOS="765" VPOS="1248" WIDTH="92" HEIGHT="20" WC="0.90" CONTENT="väsent-"/>
						</TextLine>
						<TextLine ID="line_32" HPOS="101" VPOS="1280" WIDTH="756" HEIGHT="30">
							<String ID="string_217" HPOS="101" VPOS="1281" WIDTH="48" HEIGHT="29" WC="0.96" CONTENT="liga"/><SP WIDTH="39" VPOS="1281" HPOS="149"/>
							<String ID="string_218" HPOS="188" VPOS="1282" WIDTH="114" HEIGHT="22" WC="0.81" CONTENT="olikheter"/><SP WIDTH="20" VPOS="1282" HPOS="302"/>
							<String ID="string_219" HPOS="322" VPOS="1282" WIDTH="9" HEIGHT="22" WC="0.96" CONTENT="i"/><SP WIDTH="26" VPOS="1282" HPOS="331"/>
							<String ID="string_220" HPOS="357" VPOS="1282" WIDTH="149" HEIGHT="22" WC="0.94" CONTENT="förhållande"/><SP WIDTH="35" VPOS="1282" HPOS="506"/>
							<String ID="string_221" HPOS="541" VPOS="1282" WIDTH="37" HEIGHT="22" WC="0.94" CONTENT="till"/><SP WIDTH="36" VPOS="1282" HPOS="578"/>
							<String ID="string_222" HPOS="614" VPOS="1281" WIDTH="205" HEIGHT="23" WC="0.95" CONTENT="sammankomster"/><SP WIDTH="30" VPOS="1281" HPOS="819"/>
							<String ID="string_223" HPOS="849" VPOS="1280" WIDTH="8" HEIGHT="22" WC="0.94" CONTENT="i"/>
						</TextLine>
						<TextLine ID="line_33" HPOS="101" VPOS="1315" WIDTH="756" HEIGHT="30">
							<String ID="string_224" HPOS="101" VPOS="1316" WIDTH="104" HEIGHT="29" WC="0.96" CONTENT="egentlig"/><SP WIDTH="23" VPOS="1316" HPOS="205"/>
							<String ID="string_225" HPOS="228" VPOS="1317" WIDTH="101" HEIGHT="28" WC="0.95" CONTENT="mening."/><SP WIDTH="37" VPOS="1317" HPOS="329"/>
							<String ID="string_226" HPOS="366" VPOS="1316" WIDTH="45" HEIGHT="22" WC="0.95" CONTENT="Att"/><SP WIDTH="34" VPOS="1316" HPOS="411"/>
							<String ID="string_227" HPOS="445" VPOS="1317" WIDTH="26" HEIGHT="21" WC="0.95" CONTENT="så"/><SP WIDTH="29" VPOS="1317" HPOS="471"/>
							<String ID="string_228" HPOS="500" VPOS="1316" WIDTH="69" HEIGHT="28" WC="0.95" CONTENT="skett,"/><SP WIDTH="30" VPOS="1316" HPOS="569"/>
							<String ID="string_229" HPOS="599" VPOS="1316" WIDTH="66" HEIGHT="22" WC="0.96" CONTENT="torde"/><SP WIDTH="30" VPOS="1316" HPOS="665"/>
							<String ID="string_230" HPOS="695" VPOS="1316" WIDTH="54" HEIGHT="22" WC="0.96" CONTENT="bero"/><SP WIDTH="29" VPOS="1316" HPOS="749"/>
							<String ID="string_231" HPOS="778" VPOS="1315" WIDTH="79" HEIGHT="29" WC="0.96" CONTENT="därpå,"/>
						</TextLine>
						<TextLine ID="line_34" HPOS="102" VPOS="1350" WIDTH="755" HEIGHT="30">
							<String ID="string_232" HPOS="102" VPOS="1352" WIDTH="34" HEIGHT="21" WC="0.95" CONTENT="att"/><SP WIDTH="27" VPOS="1352" HPOS="136"/>
							<String ID="string_233" HPOS="163" VPOS="1350" WIDTH="29" HEIGHT="22" WC="0.93" CONTENT="då"/><SP WIDTH="19" VPOS="1350" HPOS="192"/>
							<String ID="string_234" HPOS="211" VPOS="1351" WIDTH="157" HEIGHT="28" WC="0.91" CONTENT="processioner"/><SP WIDTH="27" VPOS="1351" HPOS="368"/>
							<String ID="string_235" HPOS="395" VPOS="1350" WIDTH="44" HEIGHT="22" WC="0.95" CONTENT="och"/><SP WIDTH="28" VPOS="1350" HPOS="439"/>
							<String ID="string_236" HPOS="467" VPOS="1351" WIDTH="41" HEIGHT="29" WC="0.95" CONTENT="tåg"/><SP WIDTH="24" VPOS="1351" HPOS="508"/>
							<String ID="string_237" HPOS="532" VPOS="1354" WIDTH="55" HEIGHT="26" WC="0.95" CONTENT="taga"/><SP WIDTH="23" VPOS="1354" HPOS="587"/>
							<String ID="string_238" HPOS="610" VPOS="1351" WIDTH="9" HEIGHT="21" WC="0.96" CONTENT="i"/><SP WIDTH="28" VPOS="1351" HPOS="619"/>
							<String ID="string_239" HPOS="647" VPOS="1350" WIDTH="100" HEIGHT="30" WC="0.96" CONTENT="anspråk"/><SP WIDTH="24" VPOS="1350" HPOS="747"/>
							<String ID="string_240" HPOS="771" VPOS="1350" WIDTH="86" HEIGHT="22" WC="0.96" CONTENT="allmän"/>
						</TextLine>
						<TextLine ID="line_35" HPOS="101" VPOS="1384" WIDTH="755" HEIGHT="30">
							<String ID="string_241" HPOS="101" VPOS="1384" WIDTH="62" HEIGHT="30" WC="0.96" CONTENT="plats"/><SP WIDTH="24" VPOS="1384" HPOS="163"/>
							<String ID="string_242" HPOS="187" VPOS="1385" WIDTH="57" HEIGHT="22" WC="0.96" CONTENT="eller"/><SP WIDTH="23" VPOS="1385" HPOS="244"/>
							<String ID="string_243" HPOS="267" VPOS="1387" WIDTH="62" HEIGHT="27" WC="0.96" CONTENT="gata,"/><SP WIDTH="24" VPOS="1387" HPOS="329"/>
							<String ID="string_244" HPOS="353" VPOS="1385" WIDTH="86" HEIGHT="22" WC="0.96" CONTENT="hinder"/><SP WIDTH="29" VPOS="1385" HPOS="439"/>
							<String ID="string_245" HPOS="468" VPOS="1386" WIDTH="8" HEIGHT="21" WC="0.93" CONTENT="i"/><SP WIDTH="27" VPOS="1386" HPOS="476"/>
							<String ID="string_246" HPOS="503" VPOS="1385" WIDTH="152" HEIGHT="22" WC="0.90" CONTENT="samfärdseln"/><SP WIDTH="28" VPOS="1385" HPOS="655"/>
							<String ID="string_247" HPOS="683" VPOS="1387" WIDTH="59" HEIGHT="19" WC="0.90" CONTENT="samt"/><SP WIDTH="24" VPOS="1387" HPOS="742"/>
							<String ID="string_248" HPOS="766" VPOS="1384" WIDTH="90" HEIGHT="28" WC="0.90" CONTENT="olycks-"/>
						</TextLine>
						<TextLine ID="line_36" HPOS="101" VPOS="1418" WIDTH="754" HEIGHT="30">
							<String ID="string_249" HPOS="101" VPOS="1418" WIDTH="123" HEIGHT="23" WC="0.96" CONTENT="händelser"/><SP WIDTH="21" VPOS="1418" HPOS="224"/>
							<String ID="string_250" HPOS="245" VPOS="1420" WIDTH="43" HEIGHT="22" WC="0.92" CONTENT="och"/><SP WIDTH="27" VPOS="1420" HPOS="288"/>
							<String ID="string_251" HPOS="315" VPOS="1420" WIDTH="118" HEIGHT="28" WC="0.92" CONTENT="störingar"/><SP WIDTH="23" VPOS="1420" HPOS="433"/>
							<String ID="string_252" HPOS="456" VPOS="1420" WIDTH="23" HEIGHT="22" WC="0.96" CONTENT="af"/><SP WIDTH="18" VPOS="1420" HPOS="479"/>
							<String ID="string_253" HPOS="497" VPOS="1419" WIDTH="130" HEIGHT="29" WC="0.96" CONTENT="ordningen"/><SP WIDTH="19" VPOS="1419" HPOS="627"/>
							<String ID="string_254" HPOS="646" VPOS="1420" WIDTH="44" HEIGHT="21" WC="0.95" CONTENT="lätt"/><SP WIDTH="17" VPOS="1420" HPOS="690"/>
							<String ID="string_255" HPOS="707" VPOS="1419" WIDTH="148" HEIGHT="29" WC="0.96" CONTENT="uppkomma,"/>
						</TextLine>
					</TextBlock>
				</ComposedBlock>
				<ComposedBlock ID="cblock_2" HPOS="170" VPOS="1497" WIDTH="336" HEIGHT="23">
					<TextBlock ID="block_5" HPOS="170" VPOS="1497" WIDTH="336" HEIGHT="23">
						<TextLine ID="line_37" HPOS="170" VPOS="1497" WIDTH="336" HEIGHT="23">
							<String ID="string_256" HPOS="170" VPOS="1497" WIDTH="132" HEIGHT="23" WC="0.88" CONTENT="Lagutskottets"/><SP WIDTH="12" VPOS="1497" HPOS="302"/>
							<String ID="string_257" HPOS="314" VPOS="1497" WIDTH="112" HEIGHT="18" WC="0.95" CONTENT="betänkande"/><SP WIDTH="13" VPOS="1497" HPOS="426"/>
							<String ID="string_258" HPOS="439" VPOS="1498" WIDTH="38" HEIGHT="17" WC="0.95" CONTENT="N:o"/><SP WIDTH="12" VPOS="1498" HPOS="477"/>
							<String ID="string_259" HPOS="489" VPOS="1498" WIDTH="17" HEIGHT="17" WC="0.96" CONTENT="3."/>
						</TextLine>
					</TextBlock>
				</ComposedBlock>
			</PrintSpace>
		</Page>
	</Layout>
</alto>
