1081 1770
242 151 14 19 2

212 213 36 29 sig
268 214 167 29 underdånigst
453 217 33 19 att
505 214 97 22 rörande
623 214 74 22 denna
718 215 65 28 fråga
802 214 23 21 få
841 214 34 21 till
894 214 73 22 Eders

212 249 129 29 Kejserliga
357 250 105 28 Majestät
477 250 114 22 frambära
604 250 111 29 följande:

284 286 81 21 Redan
382 286 45 22 den
443 286 207 29 omständigheten,
665 289 32 19 att
708 286 161 22 utarbetandet
885 286 22 21 af
922 286 45 22 för-

212 321 131 23 beredande
361 322 87 29 förslag
469 322 34 22 till
519 322 224 29 landtdagsordning
759 322 43 22 och
818 322 76 29 vallag
910 322 57 28 tagit

212 357 80 29 längre
308 358 34 21 tid
357 358 8 21 i
382 358 99 29 anspråk
497 361 28 19 än
541 358 35 22 till
592 366 28 14 en
636 358 80 29 början
732 360 89 26 antogs,
837 358 41 22 har
893 361 30 26 på
939 366 28 13 en

213 393 37 22 del
267 394 45 21 håll
328 394 8 21 i
351 394 78 22 landet
444 394 130 22 framkallat
591 402 46 14 oro.
660 394 55 22 Men
729 394 191 26 underrättelsen,
935 397 32 19 att

213 429 39 21 det
271 430 23 21 af
312 430 73 21 Eders
400 430 129 29 Kejserliga
547 430 117 29 Majestäts
681 430 70 21 Senat
765 430 38 21 för
818 430 99 21 Finland
934 433 32 18 ut-

212 465 108 22 arbetade
340 465 158 30 underdåniga
519 466 110 29 förslaget
651 466 34 21 till
706 466 71 29 nådig
798 465 142 30 proposition
959 466 7 21 i

212 504 77 19 ämnet
302 501 51 22 icke
367 501 90 22 komme
470 505 33 18 att
518 502 151 22 underställas
687 503 73 21 Eders
776 502 129 29 Kejserliga
921 502 46 21 Ma-

210 536 81 29 jestäts
308 545 58 21 egen
382 537 84 29 nådiga
483 538 115 28 pröfning,
615 538 70 21 innan
706 538 125 22 detsamma
846 538 120 28 granskats

211 572 9 22 i
239 580 29 14 en
292 573 107 26 blandad,
415 574 23 20 af
459 574 69 28 ryska
545 574 42 21 och
603 574 76 21 finska
695 574 140 22 embetsmän
858 581 108 14 samman-

213 611 45 19 satt
274 608 155 28 kommission,
445 610 42 21 har
503 609 92 22 utbredt
617 617 40 15 oro
677 610 8 21 i
701 610 43 21 alla
759 610 64 28 lager
839 610 23 21 af
880 609 85 22 befolk-

212 644 88 30 ningen
316 646 43 20 och
375 645 70 22 vållat
460 646 108 28 farhågor
584 646 24 21 af
623 646 156 28 mångfaldiga
795 646 56 28 slag.

285 680 128 23 Ständerna
437 682 70 21 hafva
531 682 135 28 visserligen
686 685 56 19 trott
761 682 36 28 sig
815 682 79 21 kunna
909 682 58 28 hysa

213 716 39 22 det
268 717 94 29 hoppet,
369 720 34 19 att
418 718 190 22 kommissionens
620 718 131 29 befattning
761 718 53 21 med
825 718 80 28 frågan
916 718 50 21 icke

212 753 59 21 skall
287 761 56 14 vara
358 753 23 22 af
397 754 45 21 den
459 756 40 24 art,
516 756 32 19 att
563 754 65 21 häraf
643 754 130 22 föranledes
790 754 110 21 afvikelse
916 754 51 21 från

213 788 45 22 den
285 789 8 21 i
319 789 91 23 landets
436 790 140 29 grundlagar
598 790 133 22 innehållna
753 790 161 29 grundsatsen,
935 792 32 20 att

212 825 74 21 Eders
302 825 129 29 Kejserliga
447 826 106 30 Majestät
569 828 49 27 styr
634 826 221 22 Storfurstendömet
867 826 99 21 Finland

213 861 52 21 med
282 861 88 22 biträde
387 862 23 21 af
425 861 77 23 finska
518 862 167 29 myndigheter,
703 862 55 22 eller
775 862 60 21 afser
845 864 32 19 ett
888 862 77 28 kring-

213 896 113 23 skärande
347 897 22 22 af
389 897 46 22 den
455 900 51 23 rätt,
527 905 50 15 som
601 897 73 30 enligt
694 897 106 30 gällande
824 897 141 29 Landtdags-

212 931 102 30 ordning
335 933 43 22 och
403 933 74 29 öfriga
507 933 139 29 grundlagar
673 933 69 22 redan
766 933 137 22 tillkommer
923 934 43 21 den

212 968 78 22 finska
317 969 270 29 folkrepresentationen;
612 977 52 14 men
691 970 28 21 dä
743 969 129 22 Ständerna
895 969 72 22 tillika

212 1005 53 21 med
287 1005 66 28 djupt
371 1005 143 29 beklagande
533 1005 139 27 förnummit,
692 1006 110 21 hurusom
806 1001 16 37 i
841 1005 126 29 inflytelse-

212 1040 50 21 rika
278 1041 89 21 kretsar
382 1041 8 21 i
405 1041 173 29 Kejsaredömet
596 1048 28 15 en
638 1042 91 21 misstro
745 1045 48 17 mot
809 1041 98 21 Finland
924 1042 43 20 och

212 1076 104 29 motvilja
335 1079 48 19 mot
401 1077 209 28 upprätthällandet
632 1077 23 21 af
675 1077 52 22 dess
746 1077 39 29 lag
801 1077 42 21 och
860 1080 44 18 rätt
920 1080 47 18 äter

212 1111 90 29 begynt
322 1116 57 25 göra
395 1112 36 29 sig
449 1112 113 29 gällande,
578 1113 69 22 hafva
663 1113 130 21 Ständerna
808 1112 51 22 icke
879 1113 88 21 kunnat

212 1147 87 29 frigöra
320 1148 37 28 sig
376 1148 51 22 från
448 1148 118 29 farhägan,
582 1151 32 19 att
630 1149 82 21 hinder
729 1148 64 22 skola
808 1149 80 28 läggas
905 1149 62 21 såväl

212 1186 48 18 mot
281 1184 45 21 den
344 1184 175 28 ifrågavarande
539 1184 113 22 reformen
673 1192 48 14 som
738 1187 48 19 mot
801 1184 165 29 förverkligan-

213 1219 39 21 det
269 1220 23 21 af
307 1220 73 22 Eders
399 1220 130 29 Kejserliga
543 1220 116 29 Majestäts
676 1220 75 29 öfriga
767 1220 8 21 i
790 1220 90 29 Nådiga
895 1220 71 22 Mani-

212 1254 70 23 festet
302 1256 23 21 af
347 1256 44 21 den
411 1259 14 19 4
444 1256 125 22 november
590 1260 55 19 1905
665 1256 118 29 uttryckta
802 1256 118 29 välvilliga
935 1256 32 21 af-

212 1290 73 23 sikter
302 1292 42 21 och
360 1292 84 28 påbud.

285 1327 112 22 Finlands
423 1327 48 22 folk
495 1328 41 21 har
559 1328 35 21 för
617 1327 144 22 närvarande
785 1330 32 19 ett
840 1327 126 29 trängande

213 1363 43 20 och
274 1362 66 29 djupt
361 1363 72 22 kändt
448 1363 71 22 behof
534 1363 23 22 af
572 1363 56 29 lugn
644 1364 42 21 och
704 1363 107 29 ordning.
843 1363 45 22 Det
904 1366 24 18 är
944 1363 23 22 af

213 1400 84 19 största
313 1399 58 28 vigt,
387 1401 33 19 att
437 1399 28 21 de
481 1399 184 26 reformarbeten,
682 1399 80 22 hvilka
777 1399 8 21 i
801 1399 57 28 följd
875 1399 23 21 af
911 1399 54 22 olik-

212 1434 79 25 artade
308 1434 195 29 omständigheter
520 1435 74 22 blifvit
611 1435 124 26 eftersatta,
746 1435 24 22 få
786 1435 117 28 snarligen
918 1435 47 21 vid-

211 1471 73 27 tagas,
301 1470 92 22 ostörda
417 1471 23 21 af
459 1478 145 21 omsorgerna
623 1479 36 14 om
678 1470 143 22 bevarandet
841 1471 23 21 af
882 1471 83 21 folkets

211 1505 125 25 nationella
360 1506 26 21 lif
409 1507 42 21 och
472 1509 50 25 rätt,
542 1507 43 21 och
608 1507 107 21 särskildt
736 1507 105 21 framstär
862 1507 38 21 det
919 1507 46 28 lag-
