1081 1761
228 151 13 20 2
450 151 30 22 U.
496 151 27 22 B.
539 163 27 4 —
582 151 75 28 Prop.
673 151 43 22 N:o
733 151 36 22 15.

228 221 24 22 af
271 221 64 23 älder
362 224 88 20 ansetts
475 221 131 24 tillkomma
629 221 183 30 medborgarene
831 221 42 23 och
893 221 22 22 af
934 221 53 22 dem

227 256 112 23 utöfvats.
366 256 108 22 Indirekt
491 256 43 23 har
552 256 77 23 denna
646 256 215 30 rättsuppfattning
879 256 8 22 i
905 263 81 16 senare

228 289 35 23 tid
290 291 79 22 funnit
387 293 35 19 ett
445 291 143 29 uttryckligt
605 291 151 22 erkännande
774 298 83 22 genom
876 290 110 30 stadgan-

228 324 61 22 dena
307 325 8 22 i
335 325 14 22 9
368 326 13 26 $
403 325 29 22 16
451 325 54 29 kap.
525 325 151 29 Strafflagen,
695 325 91 23 hvilket
803 324 92 30 lagrum
912 325 74 22 förut-

227 361 74 20 sätter
327 361 36 21 att
389 360 209 22 sammankomster
625 360 23 22 få
672 367 45 21 ega
734 367 51 15 rum
803 362 57 19 utan
879 359 107 29 myndig-

227 392 52 24 hets
297 394 114 22 tillständ.
440 394 32 22 Sä
489 394 77 22 starkt
580 394 78 22 befäst
669 402 83 20 genom
766 394 57 22 häfd
835 394 43 22 har
890 394 96 22 försam-

227 428 141 29 lingsrätten
387 430 67 27 varit,
472 431 35 20 att
519 430 72 27 nägot
603 428 71 23 behof
687 429 24 22 af
723 436 28 15 en
764 428 100 23 särskild
876 428 47 29 lag,
936 435 49 16 som

227 462 76 23 skulle
327 463 120 23 bekräftat
470 463 43 22 och
531 467 106 19 närmare
655 463 102 23 bestämt
775 463 139 28 densamma,
933 463 53 22 icke

227 497 63 29 gjort
311 497 37 30 sig
371 498 117 29 gällande,
513 498 79 23 förrän
610 499 8 21 i
637 497 112 23 samband
769 497 51 22 med
839 497 147 23 sträfvandet

227 534 36 20 att
282 533 30 28 pä
330 535 35 19 ett
381 533 221 29 grundlagsvidrigt
619 535 48 20 sätt
679 532 102 23 ombilda
793 533 53 21 värt
859 532 126 22 statsskick

227 566 78 23 försök
332 567 94 29 gjordes
450 569 36 21 att
509 567 129 22 inskränka
661 567 77 22 denna
759 569 48 20 rätt
825 574 82 21 genom
931 566 53 28 den,

225 602 59 21 utan
306 601 143 23 Ständernas
468 601 148 29 medverkan,
635 601 124 22 tillkomna
777 600 165 30 förordningen
961 600 23 22 af

227 634 45 23 den
298 636 13 21 2
334 636 42 28 juli
397 636 73 28 1900,
489 636 121 29 angående
628 636 124 29 offentliga
770 636 213 22 sammankomster.

227 669 79 23 Sedan
323 670 113 29 gammalt
457 670 183 30 genomträngdt
658 670 23 22 af
699 670 46 22 den
762 670 31 29 pä
805 678 28 14 en
852 670 56 28 lång
925 670 59 21 erfa-

226 704 83 22 renhet
321 704 121 29 grundade
462 705 102 22 insikten
583 712 37 15 om
639 704 262 29 församlingsfrihetens
919 706 65 20 stora

225 738 122 29 betydelse
365 740 36 21 för
419 747 28 15 en
460 740 56 28 lugn
530 739 249 29 samhällsutveckling
793 738 43 23 och
845 738 35 22 för
889 738 94 22 framät-

227 772 137 24 skridandet
382 774 30 29 pä
431 774 47 22 alla
496 773 116 29 omräden,
631 774 56 22 fann
706 773 114 23 Finlands
832 773 51 22 folk
894 773 9 22 i
915 772 69 22 dessa

225 807 78 23 försök
314 815 29 15 en
353 808 135 30 kränkning
497 808 23 22 af
533 816 28 14 en
572 808 52 22 dess
634 808 137 30 dyrbaraste
785 807 120 29 rättighet.
923 807 59 22 Dess

225 844 189 27 representanter
425 842 72 23 hafva
515 843 44 22 ock
571 842 41 22 vid
624 842 116 22 särskilda
750 842 142 29 landtdagar
901 841 82 23 häfdat

225 876 241 29 församlingsrättens
483 880 63 19 stora
564 877 121 28 betydelse
703 876 43 23 och
765 876 178 22 okränkbarhet.
971 875 13 22 I

225 910 129 30 anledning
379 911 23 22 af
426 911 29 22 de
481 911 172 27 förberedelser,
672 919 48 14 som
739 911 52 22 frän
815 909 169 31 regeringshäll

223 945 115 29 vidtagits
360 946 8 21 i
387 946 61 29 syfte
467 948 35 20 att
520 946 129 22 inskränka
671 945 249 29 församlingsfriheten
939 944 43 23 och

224 983 58 25 göra
306 980 119 22 allmänna
449 980 219 23 sammankomsters
692 980 110 24 hällande
826 979 113 23 beroende
959 979 23 22 af

224 1014 150 30 myndighets
399 1014 115 29 tillständ,
538 1014 121 23 framhöllo
685 1014 132 23 Ständerna
843 1014 71 22 redan
941 1013 41 23 vid

227 1048 65 22 1900
308 1050 37 21 års
363 1049 115 29 landtdag
496 1050 8 21 i
516 1050 130 28 petitionen
660 1048 121 30 angående
793 1048 190 29 missriktningar

223 1083 9 22 i
249 1082 94 23 landets
367 1084 145 29 förvaltning
531 1083 207 30 ,medborgarenes
756 1084 9 21 i
780 1083 64 22 detta
862 1082 55 23 land
944 1090 38 14 ur-

223 1117 78 29 gamla
328 1118 114 29 rättighet
471 1120 35 20 att
532 1118 40 22 vid
599 1121 78 19 möten
705 1118 43 22 och
775 1118 207 22 sammankomster

223 1152 138 29 öfverlägga
393 1160 37 15 om
460 1160 170 21 gemensamma
663 1151 217 30 angelägenheter",
909 1152 73 29 jämte

224 1185 41 23 det
289 1186 28 21 de
335 1187 70 28 gåfvo
424 1187 95 28 uttryck
538 1188 24 21 åt
580 1187 36 22 sin
638 1187 155 28 öfvertygelse
821 1193 37 14 om
885 1186 96 22 konces-

223 1221 187 28 sionssystemets
426 1221 170 29 förkastlighet.
624 1221 49 22 Och
691 1221 41 22 vid
751 1220 104 29 följande
867 1219 114 29 landtdag

221 1255 107 22 uttalade
347 1255 132 22 Ständerna
496 1256 35 21 uti
549 1255 36 22 sin
610 1256 99 29 petition
728 1255 24 22 af
770 1255 45 22 den
835 1255 28 21 31
892 1254 89 23 decem-

223 1289 41 22 ber
285 1289 64 22 1904
368 1290 206 29 nödvändigheten
593 1290 23 22 af
635 1292 36 20 att
689 1289 180 28 ofvannämnda,
892 1289 9 21 i
921 1288 60 23 strid

222 1323 54 22 med
295 1323 91 23 landets
405 1325 141 28 författning
564 1324 123 22 utfärdade
705 1323 139 29 förordning
859 1323 121 29 angående

223 1358 124 29 offentliga
365 1359 207 22 sammankomster
590 1358 163 23 återkallades.

291 1393 51 21 Den
359 1393 30 21 25
410 1393 93 29 augusti
525 1393 63 22 1905
607 1393 74 22 erhöll
699 1395 97 20 senaten
820 1391 160 29 meddelande,

223 1429 36 19 att
277 1427 66 22 Hans
361 1427 132 30 Kejserliga
511 1428 109 29 Majestät
638 1427 52 22 med
718 1427 127 28 anledning
870 1427 23 22 af
911 1426 69 22 Stän-

222 1460 85 22 dernas
320 1461 145 23 sistnämnda
476 1462 99 28 petition
588 1462 115 22 anbefallt
715 1464 98 19 senaten
825 1463 36 20 att
872 1461 108 22 utarbeta

292 1505 132 22 Lagutskottets
436 1505 109 18 betänkande
558 1505 37 18 N:o
608 1505 16 18 3.
