1078 1759
228 166 28 22 52
445 166 28 23 U.
490 167 27 22 B.
533 179 27 3 —
578 166 74 29 Prop.
669 167 41 22 N:o
726 167 38 21 14.

228 234 76 29 dagen
326 235 54 22 eller
402 235 53 22 dess
471 236 91 26 utskott,
579 236 141 28 kyrkomöte,
736 234 247 30 ämbetsmyndigheter

231 269 54 22 eller
307 269 31 22 tili
361 270 299 28 kommunalförvaltningen
677 270 101 22 hörande
794 270 152 27 inrättningar,
962 269 20 27 ej

229 303 73 22 heller
316 303 13 22 å
345 303 68 27 skrift,
437 304 65 22 hvars
525 304 99 23 innehåll
646 305 80 22 hänför
742 305 36 28 sig
793 303 143 23 uteslutande
950 303 32 22 till

227 338 135 29 vetenskap,
377 338 68 22 konst
460 339 53 22 eller
528 339 90 28 näring.

575 385 25 22 13
616 385 21 27 $.

297 435 150 28 Boktryckare
463 442 52 16 vare
531 436 81 28 pliktig
627 437 31 21 att
673 436 21 22 af
710 436 42 22 alla
763 435 93 27 skrifter,
872 441 50 16 som
939 435 42 22 hos

228 469 87 22 honom
341 470 95 28 tryckas,
457 470 52 22 med
532 470 118 29 undantag
671 470 21 22 af
715 469 118 29 smätryck,
857 470 61 21 inom
941 475 40 16 sex

227 503 110 23 mänader
359 505 55 22 efter
435 505 38 22 det
495 505 91 22 skriften
611 505 126 26 utkommit,
760 504 38 22 vid
819 504 41 22 bot
874 503 47 23 frän
937 503 42 23 och

227 538 53 23 med
296 539 66 28 tjugu
378 539 31 22 till
425 539 43 22 och
485 539 51 22 med
552 539 136 29 fyrahundra
704 539 68 26 mark,
788 539 54 22 utan
858 538 123 28 ersättning

226 574 49 21 mot
301 573 70 22 kvitto
394 573 96 23 tillställa
513 573 277 23 universitetsbiblioteket
812 573 6 22 i
837 572 143 29 Helsingfors

226 613 42 16 sex
285 607 71 23 felfria
371 608 119 29 exemplar.
520 608 27 22 Af
563 608 69 22 dessa
648 609 64 22 skola
728 614 85 23 genom
829 607 151 22 universitets-

226 641 150 23 bibliotekets
397 642 89 29 försorg
505 643 115 28 exemplar
635 643 84 22 sändas
742 642 32 22 till
796 641 110 23 bibliotek
928 641 53 22 eller

225 676 74 23 andra
322 676 75 29 dylika
420 677 152 28 inrättningar,
596 677 74 22 hvilka
694 677 84 28 ätnjuta
799 675 70 24 sädan
885 675 93 23 förmän.

224 709 28 23 Af
268 711 130 28 periodiska
414 711 156 29 tryckskrifter,
587 717 49 16 som
653 711 117 22 utkomma
791 711 68 22 minst
874 717 27 16 en
918 710 62 29 gäng

224 745 6 22 i
247 745 95 27 veckan,
366 746 117 22 äfvensom
507 746 20 22 af
550 746 156 28 planschverk,
730 745 87 22 hvilkas
840 745 45 28 pris
908 745 70 22 öfver-

224 779 74 29 stiger
312 780 78 22 femtio
407 781 68 26 mark,
491 780 36 23 mä
543 780 60 22 dock
619 781 80 22 endast
714 781 31 22 ett
761 780 113 28 exemplar
892 779 86 22 univer-

225 814 203 23 sitetsbiblioteket
443 815 149 28 ovilkorligen
609 814 127 23 tillställas.

553 912 13 22 3
582 911 64 26 KAP.

296 974 36 23 Om
349 975 115 22 bokhandel
480 975 39 22 och
535 980 68 17 annan
618 974 106 29 spridning
740 973 26 23 af
777 973 134 29 tryckskrift.

570 1049 25 22 14
611 1049 20 28 $.

292 1099 129 28 Författare,
437 1100 109 29 utgifvare
562 1100 44 22 och
622 1100 126 28 förläggare
765 1099 22 22 af
798 1099 125 29 tryckskrift
934 1105 43 22 ege

221 1134 107 28 rättighet
352 1135 31 21 att
406 1134 132 23 densamma
560 1133 89 30 själfva
665 1134 57 22 eller
733 1139 85 23 genom
837 1133 75 22 andra
925 1133 51 28 för-

220 1168 64 29 sälja
300 1168 53 22 eller
368 1169 135 22 annorledes
516 1169 83 28 sprida.

568 1249 25 22 15
609 1249 20 28 $.

292 1299 135 23 Bokhandel
441 1306 52 16 vare
508 1300 85 22 enhvar
607 1299 124 29 välfräjdad
750 1305 83 22 person
849 1299 125 28 berättigad

219 1334 33 21 att
268 1333 52 22 idka
337 1334 52 22 med
405 1334 144 29 iakttagande
565 1334 22 22 af
602 1334 58 22 hvad
677 1340 38 16 om
732 1335 41 20 rätt
788 1335 31 20 att
831 1333 76 22 utöfva
920 1333 54 22 han-

220 1367 138 23 delsrörelse
378 1368 74 23 finnes
467 1368 113 29 stadgadt.
611 1368 47 29 Lag
673 1372 88 18 samma
776 1373 53 16 vare
844 1373 37 16 om
897 1367 77 28 bolag,

218 1401 6 22 i
249 1401 114 24 händelse
386 1403 98 22 rörelsen
508 1403 95 22 förestäs
627 1402 21 23 af
670 1402 72 22 därtill
764 1402 97 29 behörig
883 1406 90 25 person.

218 1435 66 23 Hvad
308 1440 32 18 nu
361 1439 23 20 är
399 1436 66 29 sagdt
481 1437 58 28 gälle
555 1437 44 22 ock
614 1437 106 27 rättighet
736 1437 31 21 att
783 1435 58 23 hålla
857 1436 55 22 läse-
928 1435 44 23 och

218 1469 169 24 länebibliotek.

288 1516 133 22 Lagutskottets
433 1516 108 18 betänkande
553 1516 36 18 N:o
602 1516 18 18 2.
