1081 1761
246 150 13 22 6
561 151 41 21 N:o
615 151 26 21 16

285 219 66 22 Efter
365 219 40 22 det
419 220 140 28 ransakning
574 220 9 21 i
597 220 70 22 målet
683 220 108 28 slutförts,
807 228 55 20 eger
877 220 99 22 domsto-

216 254 44 28 len,
283 254 52 22 med
358 254 147 30 tillämpning
521 254 25 22 af
563 256 83 20 allmän
662 256 45 28 lag,
724 256 53 21 dom
792 255 8 21 i
815 254 70 22 saken
907 255 70 29 gifva.

216 288 52 21 Den
283 288 53 22 dom
351 290 38 19 må
404 288 19 29 ej
441 289 150 28 öfverklagas,
607 297 52 14 men
675 290 101 21 ansökan
792 289 23 21 af
830 289 28 21 de
871 289 52 22 utaf
931 290 44 21 den

216 323 113 22 särskilda
351 323 128 22 domstolen
502 323 82 22 dömde
605 331 36 14 om
657 324 45 21 nåd
718 325 37 20 må
769 323 42 22 hos
826 323 65 22 Hans
906 323 69 29 Maje-

216 359 46 20 stät
277 360 73 26 göras.

571 393 14 20 9
601 394 18 25 8.

285 438 53 22 Med
360 439 221 28 styrelseledamöter
603 439 84 22 förstås
702 439 8 21 i
725 439 75 21 denna
815 439 39 28 lag
870 441 104 19 senatens

215 472 187 22 viceordförande
417 473 43 22 och
475 473 129 22 ledamöter.

565 537 28 21 10
607 538 19 25 8.

284 582 28 28 Ej
328 583 37 20 må
380 582 243 29 lagskipningsåtgärd
638 585 67 26 göras
722 583 36 20 till
773 581 97 22 föremål
884 581 36 22 för
935 589 38 13 an-

214 616 123 28 märkning
359 616 54 22 eller
435 616 108 29 pröfning
557 616 9 21 i
580 616 141 29 landtdagen
737 616 54 22 eller
806 616 51 21 dess
880 616 93 22 utskott.

566 686 25 20 11
608 687 19 25 8.

284 730 165 22 Ledamöterne
473 730 22 22 af
517 730 89 22 landets
633 731 96 28 styrelse
756 730 116 28 förblifva,
898 731 74 21 såsom

213 763 70 28 förut,
305 764 111 28 Kejsaren
439 764 42 22 och
504 764 140 22 BStorfursten
662 764 36 22 för
713 765 50 20 sina
778 764 194 29 ämbetsåtgärder

214 798 125 28 ansvarige.

283 832 96 22 Pröfvar
394 833 111 28 Kejsaren
520 833 41 21 och
574 833 140 22 Storfursten
729 833 83 28 nödigt
823 835 33 19 att
866 833 106 22 förordna

212 866 38 21 till
272 867 47 21 åtal
341 869 47 19 mot
409 867 196 28 styrelseledamot
619 867 36 21 för
670 867 81 21 sådant
773 867 133 28 lagstridigt
926 866 46 22 för-

213 900 112 28 hållande,
342 908 47 14 som
401 901 8 21 i
417 901 11 21 6
441 902 14 26 $
465 904 25 18 är
505 901 73 28 sagdt,
595 901 66 21 döme
677 900 68 23 äfven
760 901 78 21 härom
854 901 44 21 den
909 901 62 21 dom-

213 935 51 27 stol,
280 935 94 21 hvarom
389 935 73 21 finnes
477 935 108 29 stadgadt
598 936 9 20 i
622 935 13 21 7
651 937 18 26 8.
707 936 12 21 I
733 935 83 21 sådant
830 935 41 21 fall
885 935 85 22 utföres

213 969 72 21 åtalet
299 969 23 21 af
336 970 151 27 prokuratorn
501 970 8 20 i
525 975 98 16 senaten.

565 1033 26 21 12
607 1034 18 26 8.

283 1072 81 22 Denna
379 1073 45 28 lag,
439 1073 68 21 hvars
521 1073 85 21 verkan
621 1072 51 22 icke
682 1073 127 21 utsträckes
820 1073 36 21 till
866 1074 104 27 styrelse-

212 1106 138 22 ledamöters
366 1107 201 29 ämbetsåtgärder,
583 1114 49 14 som
642 1107 112 29 vidtagits
766 1107 48 21 före
824 1106 147 23 utfärdandet

213 1140 26 22 af
252 1140 75 22 denna
342 1142 45 27 lag,
404 1142 58 20 skall
477 1142 61 27 gälla
554 1142 73 21 såsom
643 1142 121 28 grundlag.

419 1209 98 28 Nådigst
539 1209 108 29 godkänd
669 1210 8 21 i
699 1209 112 22 Peterhof
830 1209 44 22 den
896 1211 12 20 7
926 1210 43 27 (20)

347 1243 46 28 juli
409 1244 60 21 1906.

453 1312 300 22 Ministerstatssekreterare
767 1314 20 21 A.
803 1314 97 27 Langhoff.

315 1436 133 25 Helsingfors,
465 1438 111 23 Kejserliga
594 1438 97 18 Senatens
705 1438 93 24 tryckeri,
816 1440 50 16 1906.
