<?xml version="1.0" encoding="UTF-8"?>
<alto xmlns="http://www.loc.gov/standards/alto/ns-v3#" xmlns:xlink="http://www.w3.org/1999/xlink" xmlns:xsi="http://www.w3.org/2001/XMLSchema-instance" xsi:schemaLocation="http://www.loc.gov/standards/alto/ns-v3# http://www.loc.gov/alto/v3/alto-3-0.xsd">
	<Description>
		<MeasurementUnit>pixel</MeasurementUnit>
		<sourceImageInformation>
			<fileName>/tmp/tess_ihsom94a_input.PNG</fileName>
		</sourceImageInformation>
		<OCRProcessing ID="OCR_0">
			<ocrProcessingStep>
				<processingSoftware>
					<softwareName>tesseract 5.3.4</softwareName>
				</processingSoftware>
			</ocrProcessingStep>
		</OCRProcessing>
	</Description>
	<Layout>
		<Page WIDTH="1084" HEIGHT="1761" PHYSICAL_IMG_NR="0" ID="page_0">
			<PrintSpace HPOS="0" VPOS="0" WIDTH="1084" HEIGHT="1761">
				<ComposedBlock ID="cblock_0" HPOS="227" VPOS="156" WIDTH="534" HEIGHT="28">
					<TextBlock ID="block_0" HPOS="227" VPOS="156" WIDTH="534" HEIGHT="28">
						<TextLine ID="line_0" HPOS="227" VPOS="156" WIDTH="534" HEIGHT="28">
							<String ID="string_0" HPOS="227" VPOS="159" WIDTH="13" HEIGHT="18" WC="0.96" CONTENT="2"/><SP WIDTH="201" VPOS="159" HPOS="240"/>
							<String ID="string_1" HPOS="441" VPOS="157" WIDTH="29" HEIGHT="22" WC="0.92" CONTENT="U."/><SP WIDTH="16" VPOS="157" HPOS="470"/>
							<String ID="string_2" HPOS="486" VPOS="157" WIDTH="26" HEIGHT="22" WC="0.92" CONTENT="B."/><SP WIDTH="20" VPOS="157" HPOS="512"/>
							<String ID="string_3" HPOS="532" VPOS="169" WIDTH="26" HEIGHT="3" WC="0.92" CONTENT="—"/><SP WIDTH="17" VPOS="169" HPOS="558"/>
							<String ID="string_4" HPOS="575" VPOS="157" WIDTH="73" HEIGHT="27" WC="0.96" CONTENT="Prop."/><SP WIDTH="19" VPOS="157" HPOS="648"/>
							<String ID="string_5" HPOS="667" VPOS="157" WIDTH="42" HEIGHT="22" WC="0.95" CONTENT="N:o"/><SP WIDTH="15" VPOS="157" HPOS="709"/>
							<String ID="string_6" HPOS="724" VPOS="156" WIDTH="37" HEIGHT="22" WC="0.96" CONTENT="14."/>
						</TextLine>
					</TextBlock>
				</ComposedBlock>
				<ComposedBlock ID="cblock_1" HPOS="228" VPOS="225" WIDTH="760" HEIGHT="62">
					<TextBlock ID="block_1" HPOS="228" VPOS="225" WIDTH="760" HEIGHT="62">
						<TextLine ID="line_1" HPOS="228" VPOS="225" WIDTH="760" HEIGHT="28">
							<String ID="string_7" HPOS="228" VPOS="225" WIDTH="228" HEIGHT="28" WC="0.92" CONTENT="sammanjämkning"/><SP WIDTH="24" VPOS="225" HPOS="456"/>
							<String ID="string_8" HPOS="480" VPOS="226" WIDTH="28" HEIGHT="27" WC="0.96" CONTENT="pä"/><SP WIDTH="24" VPOS="226" HPOS="508"/>
							<String ID="string_9" HPOS="532" VPOS="226" WIDTH="71" HEIGHT="20" WC="0.96" CONTENT="basen"/><SP WIDTH="23" VPOS="226" HPOS="603"/>
							<String ID="string_10" HPOS="626" VPOS="226" WIDTH="25" HEIGHT="20" WC="0.93" CONTENT="af"/><SP WIDTH="14" VPOS="226" HPOS="651"/>
							<String ID="string_11" HPOS="665" VPOS="225" WIDTH="85" HEIGHT="21" WC="0.92" CONTENT="Preste-"/><SP WIDTH="16" VPOS="225" HPOS="750"/>
							<String ID="string_12" HPOS="766" VPOS="225" WIDTH="45" HEIGHT="21" WC="0.93" CONTENT="och"/><SP WIDTH="17" VPOS="225" HPOS="811"/>
							<String ID="string_13" HPOS="828" VPOS="225" WIDTH="160" HEIGHT="26" WC="0.92" CONTENT="Borgarestän-"/>
						</TextLine>
						<TextLine ID="line_2" HPOS="229" VPOS="259" WIDTH="640" HEIGHT="28">
							<String ID="string_14" HPOS="229" VPOS="261" WIDTH="57" HEIGHT="20" WC="0.93" CONTENT="dens"/><SP WIDTH="16" VPOS="261" HPOS="286"/>
							<String ID="string_15" HPOS="302" VPOS="260" WIDTH="172" HEIGHT="27" WC="0.92" CONTENT="samstämmiga"/><SP WIDTH="17" VPOS="260" HPOS="474"/>
							<String ID="string_16" HPOS="491" VPOS="260" WIDTH="76" HEIGHT="21" WC="0.96" CONTENT="beslut"/><SP WIDTH="16" VPOS="260" HPOS="567"/>
							<String ID="string_17" HPOS="583" VPOS="260" WIDTH="43" HEIGHT="21" WC="0.93" CONTENT="och"/><SP WIDTH="16" VPOS="260" HPOS="626"/>
							<String ID="string_18" HPOS="642" VPOS="260" WIDTH="35" HEIGHT="20" WC="0.92" CONTENT="fär"/><SP WIDTH="15" VPOS="260" HPOS="677"/>
							<String ID="string_19" HPOS="692" VPOS="259" WIDTH="66" HEIGHT="21" WC="0.92" CONTENT="alltsä"/><SP WIDTH="17" VPOS="259" HPOS="758"/>
							<String ID="string_20" HPOS="775" VPOS="259" WIDTH="94" HEIGHT="21" WC="0.90" CONTENT="föreslä:"/>
						</TextLine>
					</TextBlock>
				</ComposedBlock>
				<ComposedBlock ID="cblock_2" HPOS="434" VPOS="351" WIDTH="555" HEIGHT="165">
					<TextBlock ID="block_2" HPOS="434" VPOS="351" WIDTH="555" HEIGHT="165">
						<TextLine ID="line_3" HPOS="503" VPOS="351" WIDTH="486" HEIGHT="27">
							<String ID="string_21" HPOS="503" VPOS="353" WIDTH="32" HEIGHT="19" WC="0.93" CONTENT="att"/><SP WIDTH="14" VPOS="353" HPOS="535"/>
							<String ID="string_22" HPOS="549" VPOS="352" WIDTH="158" HEIGHT="26" WC="0.91" CONTENT="Ridderskapet"/><SP WIDTH="14" VPOS="352" HPOS="707"/>
							<String ID="string_23" HPOS="721" VPOS="351" WIDTH="39" HEIGHT="21" WC="0.93" CONTENT="och"/><SP WIDTH="17" VPOS="351" HPOS="760"/>
							<String ID="string_24" HPOS="777" VPOS="351" WIDTH="69" HEIGHT="21" WC="0.92" CONTENT="Adeln"/><SP WIDTH="17" VPOS="351" HPOS="846"/>
							<String ID="string_25" HPOS="863" VPOS="352" WIDTH="59" HEIGHT="19" WC="0.93" CONTENT="samt"/><SP WIDTH="10" VPOS="352" HPOS="922"/>
							<String ID="string_26" HPOS="932" VPOS="351" WIDTH="57" HEIGHT="20" WC="0.92" CONTENT="Bon-"/>
						</TextLine>
						<TextLine ID="line_4" HPOS="434" VPOS="384" WIDTH="555" HEIGHT="28">
							<String ID="string_27" HPOS="434" VPOS="386" WIDTH="111" HEIGHT="21" WC="0.92" CONTENT="deständet"/><SP WIDTH="23" VPOS="386" HPOS="545"/>
							<String ID="string_28" HPOS="568" VPOS="386" WIDTH="66" HEIGHT="20" WC="0.92" CONTENT="mätte"/><SP WIDTH="23" VPOS="386" HPOS="634"/>
							<String ID="string_29" HPOS="657" VPOS="386" WIDTH="88" HEIGHT="26" WC="0.92" CONTENT="besluta,"/><SP WIDTH="17" VPOS="386" HPOS="745"/>
							<String ID="string_30" HPOS="762" VPOS="387" WIDTH="33" HEIGHT="19" WC="0.93" CONTENT="att"/><SP WIDTH="15" VPOS="387" HPOS="795"/>
							<String ID="string_31" HPOS="810" VPOS="386" WIDTH="102" HEIGHT="26" WC="0.92" CONTENT="genmäle"/><SP WIDTH="16" VPOS="386" HPOS="912"/>
							<String ID="string_32" HPOS="928" VPOS="386" WIDTH="38" HEIGHT="20" WC="0.96" CONTENT="bör"/><SP WIDTH="16" VPOS="386" HPOS="966"/>
							<String ID="string_33" HPOS="982" VPOS="384" WIDTH="7" HEIGHT="21" WC="0.96" CONTENT="i"/>
						</TextLine>
						<TextLine ID="line_5" HPOS="436" VPOS="419" WIDTH="552" HEIGHT="29">
							<String ID="string_34" HPOS="436" VPOS="420" WIDTH="128" HEIGHT="28" WC="0.92" CONTENT="tryckskrift"/><SP WIDTH="22" VPOS="420" HPOS="564"/>
							<String ID="string_35" HPOS="586" VPOS="420" WIDTH="86" HEIGHT="28" WC="0.93" CONTENT="införas"/><SP WIDTH="22" VPOS="420" HPOS="672"/>
							<String ID="string_36" HPOS="694" VPOS="420" WIDTH="32" HEIGHT="21" WC="0.93" CONTENT="uti"/><SP WIDTH="28" VPOS="420" HPOS="726"/>
							<String ID="string_37" HPOS="754" VPOS="420" WIDTH="47" HEIGHT="20" WC="0.93" CONTENT="dess"/><SP WIDTH="22" VPOS="420" HPOS="801"/>
							<String ID="string_38" HPOS="823" VPOS="419" WIDTH="165" HEIGHT="27" WC="0.92" CONTENT="textafdelning,"/>
						</TextLine>
						<TextLine ID="line_6" HPOS="434" VPOS="454" WIDTH="553" HEIGHT="28">
							<String ID="string_39" HPOS="434" VPOS="455" WIDTH="32" HEIGHT="20" WC="0.93" CONTENT="till"/><SP WIDTH="22" VPOS="455" HPOS="466"/>
							<String ID="string_40" HPOS="488" VPOS="455" WIDTH="56" HEIGHT="27" WC="0.91" CONTENT="följd"/><SP WIDTH="25" VPOS="455" HPOS="544"/>
							<String ID="string_41" HPOS="569" VPOS="455" WIDTH="85" HEIGHT="27" WC="0.93" CONTENT="hvaraf"/><SP WIDTH="16" VPOS="455" HPOS="654"/>
							<String ID="string_42" HPOS="670" VPOS="454" WIDTH="150" HEIGHT="28" WC="0.92" CONTENT="paragrafens"/><SP WIDTH="18" VPOS="454" HPOS="820"/>
							<String ID="string_43" HPOS="838" VPOS="454" WIDTH="68" HEIGHT="27" WC="0.96" CONTENT="första"/><SP WIDTH="16" VPOS="454" HPOS="906"/>
							<String ID="string_44" HPOS="922" VPOS="460" WIDTH="65" HEIGHT="14" WC="0.96" CONTENT="mom."/>
						</TextLine>
						<TextLine ID="line_7" HPOS="435" VPOS="488" WIDTH="455" HEIGHT="28">
							<String ID="string_45" HPOS="435" VPOS="490" WIDTH="88" HEIGHT="20" WC="0.92" CONTENT="komme"/><SP WIDTH="15" VPOS="490" HPOS="523"/>
							<String ID="string_46" HPOS="538" VPOS="490" WIDTH="32" HEIGHT="20" WC="0.93" CONTENT="att"/><SP WIDTH="15" VPOS="490" HPOS="570"/>
							<String ID="string_47" HPOS="585" VPOS="489" WIDTH="84" HEIGHT="21" WC="0.92" CONTENT="erhälla"/><SP WIDTH="15" VPOS="489" HPOS="669"/>
							<String ID="string_48" HPOS="684" VPOS="488" WIDTH="99" HEIGHT="28" WC="0.93" CONTENT="följande"/><SP WIDTH="17" VPOS="488" HPOS="783"/>
							<String ID="string_49" HPOS="800" VPOS="488" WIDTH="90" HEIGHT="27" WC="0.90" CONTENT="lydelse:"/>
						</TextLine>
					</TextBlock>
				</ComposedBlock>
				<ComposedBlock ID="cblock_3" HPOS="225" VPOS="576" WIDTH="764" HEIGHT="955">
					<TextBlock ID="block_3" HPOS="226" VPOS="576" WIDTH="763" HEIGHT="508">
						<TextLine ID="line_8" HPOS="300" VPOS="576" WIDTH="688" HEIGHT="27">
							<String ID="string_50" HPOS="300" VPOS="585" WIDTH="8" HEIGHT="10" WC="0.53" CONTENT="»"/><SP WIDTH="4" VPOS="585" HPOS="308"/>
							<String ID="string_51" HPOS="312" VPOS="576" WIDTH="109" HEIGHT="27" WC="0.53" CONTENT="Offentlig"/><SP WIDTH="23" VPOS="576" HPOS="421"/>
							<String ID="string_52" HPOS="444" VPOS="576" WIDTH="135" HEIGHT="27" WC="0.96" CONTENT="myndighet"/><SP WIDTH="15" VPOS="576" HPOS="579"/>
							<String ID="string_53" HPOS="594" VPOS="576" WIDTH="54" HEIGHT="21" WC="0.93" CONTENT="eller"/><SP WIDTH="16" VPOS="576" HPOS="648"/>
							<String ID="string_54" HPOS="664" VPOS="576" WIDTH="90" HEIGHT="21" WC="0.96" CONTENT="enskild"/><SP WIDTH="17" VPOS="576" HPOS="754"/>
							<String ID="string_55" HPOS="771" VPOS="582" WIDTH="93" HEIGHT="21" WC="0.96" CONTENT="person,"/><SP WIDTH="16" VPOS="582" HPOS="864"/>
							<String ID="string_56" HPOS="880" VPOS="582" WIDTH="50" HEIGHT="14" WC="0.93" CONTENT="som"/><SP WIDTH="17" VPOS="582" HPOS="930"/>
							<String ID="string_57" HPOS="947" VPOS="576" WIDTH="41" HEIGHT="19" WC="0.92" CONTENT="fin-"/>
						</TextLine>
						<TextLine ID="line_9" HPOS="228" VPOS="609" WIDTH="761" HEIGHT="29">
							<String ID="string_58" HPOS="228" VPOS="617" WIDTH="43" HEIGHT="14" WC="0.92" CONTENT="ner"/><SP WIDTH="23" VPOS="617" HPOS="271"/>
							<String ID="string_59" HPOS="294" VPOS="610" WIDTH="33" HEIGHT="27" WC="0.96" CONTENT="sig"/><SP WIDTH="23" VPOS="610" HPOS="327"/>
							<String ID="string_60" HPOS="350" VPOS="617" WIDTH="55" HEIGHT="14" WC="0.96" CONTENT="vara"/><SP WIDTH="22" VPOS="617" HPOS="405"/>
							<String ID="string_61" HPOS="427" VPOS="611" WIDTH="6" HEIGHT="20" WC="0.93" CONTENT="i"/><SP WIDTH="17" VPOS="611" HPOS="433"/>
							<String ID="string_62" HPOS="450" VPOS="611" WIDTH="118" HEIGHT="27" WC="0.91" CONTENT="periodisk"/><SP WIDTH="16" VPOS="611" HPOS="568"/>
							<String ID="string_63" HPOS="584" VPOS="611" WIDTH="135" HEIGHT="26" WC="0.90" CONTENT="tryckskrift"/><SP WIDTH="15" VPOS="611" HPOS="719"/>
							<String ID="string_64" HPOS="734" VPOS="610" WIDTH="86" HEIGHT="21" WC="0.90" CONTENT="kränkt"/><SP WIDTH="14" VPOS="610" HPOS="820"/>
							<String ID="string_65" HPOS="834" VPOS="610" WIDTH="54" HEIGHT="20" WC="0.93" CONTENT="eller"/><SP WIDTH="15" VPOS="610" HPOS="888"/>
							<String ID="string_66" HPOS="903" VPOS="609" WIDTH="86" HEIGHT="21" WC="0.92" CONTENT="önskar"/>
						</TextLine>
						<TextLine ID="line_10" HPOS="227" VPOS="643" WIDTH="761" HEIGHT="29">
							<String ID="string_67" HPOS="227" VPOS="645" WIDTH="114" HEIGHT="26" WC="0.92" CONTENT="beriktiga"/><SP WIDTH="24" VPOS="645" HPOS="341"/>
							<String ID="string_68" HPOS="365" VPOS="645" WIDTH="48" HEIGHT="20" WC="0.96" CONTENT="däri"/><SP WIDTH="23" VPOS="645" HPOS="413"/>
							<String ID="string_69" HPOS="436" VPOS="645" WIDTH="100" HEIGHT="20" WC="0.96" CONTENT="rörande"/><SP WIDTH="17" VPOS="645" HPOS="536"/>
							<String ID="string_70" HPOS="553" VPOS="645" WIDTH="155" HEIGHT="27" WC="0.96" CONTENT="myndigheten"/><SP WIDTH="17" VPOS="645" HPOS="708"/>
							<String ID="string_71" HPOS="725" VPOS="645" WIDTH="51" HEIGHT="20" WC="0.96" CONTENT="eller"/><SP WIDTH="13" VPOS="645" HPOS="776"/>
							<String ID="string_72" HPOS="789" VPOS="651" WIDTH="108" HEIGHT="20" WC="0.93" CONTENT="personen"/><SP WIDTH="17" VPOS="651" HPOS="897"/>
							<String ID="string_73" HPOS="914" VPOS="643" WIDTH="74" HEIGHT="28" WC="0.93" CONTENT="gjordt"/>
						</TextLine>
						<TextLine ID="line_11" HPOS="227" VPOS="679" WIDTH="761" HEIGHT="27">
							<String ID="string_74" HPOS="227" VPOS="679" WIDTH="160" HEIGHT="26" WC="0.91" CONTENT="meddelande,"/><SP WIDTH="27" VPOS="679" HPOS="387"/>
							<String ID="string_75" HPOS="414" VPOS="685" WIDTH="38" HEIGHT="21" WC="0.92" CONTENT="ege"/><SP WIDTH="24" VPOS="685" HPOS="452"/>
							<String ID="string_76" HPOS="476" VPOS="679" WIDTH="107" HEIGHT="26" WC="0.92" CONTENT="rättighet"/><SP WIDTH="25" VPOS="679" HPOS="583"/>
							<String ID="string_77" HPOS="608" VPOS="681" WIDTH="32" HEIGHT="19" WC="0.93" CONTENT="att"/><SP WIDTH="25" VPOS="681" HPOS="640"/>
							<String ID="string_78" HPOS="665" VPOS="679" WIDTH="22" HEIGHT="21" WC="0.92" CONTENT="fä"/><SP WIDTH="23" VPOS="679" HPOS="687"/>
							<String ID="string_79" HPOS="710" VPOS="679" WIDTH="7" HEIGHT="20" WC="0.93" CONTENT="i"/><SP WIDTH="23" VPOS="679" HPOS="717"/>
							<String ID="string_80" HPOS="740" VPOS="679" WIDTH="98" HEIGHT="20" WC="0.92" CONTENT="skriften"/><SP WIDTH="20" VPOS="679" HPOS="838"/>
							<String ID="string_81" HPOS="858" VPOS="679" WIDTH="85" HEIGHT="20" WC="0.92" CONTENT="infördt"/><SP WIDTH="15" VPOS="679" HPOS="943"/>
							<String ID="string_82" HPOS="958" VPOS="681" WIDTH="30" HEIGHT="18" WC="0.96" CONTENT="ett"/>
						</TextLine>
						<TextLine ID="line_12" HPOS="228" VPOS="713" WIDTH="760" HEIGHT="28">
							<String ID="string_83" HPOS="228" VPOS="714" WIDTH="85" HEIGHT="27" WC="0.83" CONTENT="(utesl.)"/><SP WIDTH="16" VPOS="714" HPOS="313"/>
							<String ID="string_84" HPOS="329" VPOS="714" WIDTH="103" HEIGHT="26" WC="0.93" CONTENT="genmäle"/><SP WIDTH="16" VPOS="714" HPOS="432"/>
							<String ID="string_85" HPOS="448" VPOS="714" WIDTH="13" HEIGHT="20" WC="0.91" CONTENT="ä"/><SP WIDTH="16" VPOS="714" HPOS="461"/>
							<String ID="string_86" HPOS="477" VPOS="714" WIDTH="37" HEIGHT="21" WC="0.93" CONTENT="det"/><SP WIDTH="16" VPOS="714" HPOS="514"/>
							<String ID="string_87" HPOS="530" VPOS="713" WIDTH="79" HEIGHT="28" WC="0.96" CONTENT="gjorda"/><SP WIDTH="17" VPOS="713" HPOS="609"/>
							<String ID="string_88" HPOS="626" VPOS="713" WIDTH="162" HEIGHT="21" WC="0.93" CONTENT="meddelandet"/><SP WIDTH="18" VPOS="713" HPOS="788"/>
							<String ID="string_89" HPOS="806" VPOS="713" WIDTH="86" HEIGHT="27" WC="0.66" CONTENT="(ufesl),"/><SP WIDTH="17" VPOS="713" HPOS="892"/>
							<String ID="string_90" HPOS="909" VPOS="713" WIDTH="79" HEIGHT="20" WC="0.96" CONTENT="såvida"/>
						</TextLine>
						<TextLine ID="line_13" HPOS="229" VPOS="747" WIDTH="759" HEIGHT="27">
							<String ID="string_91" HPOS="229" VPOS="748" WIDTH="114" HEIGHT="26" WC="0.92" CONTENT="genmälet"/><SP WIDTH="23" VPOS="748" HPOS="343"/>
							<String ID="string_92" HPOS="366" VPOS="749" WIDTH="25" HEIGHT="20" WC="0.93" CONTENT="är"/><SP WIDTH="23" VPOS="749" HPOS="391"/>
							<String ID="string_93" HPOS="414" VPOS="748" WIDTH="182" HEIGHT="21" WC="0.92" CONTENT="undertecknadt"/><SP WIDTH="23" VPOS="748" HPOS="596"/>
							<String ID="string_94" HPOS="619" VPOS="748" WIDTH="25" HEIGHT="21" WC="0.96" CONTENT="af"/><SP WIDTH="13" VPOS="748" HPOS="644"/>
							<String ID="string_95" HPOS="657" VPOS="748" WIDTH="51" HEIGHT="26" WC="0.92" CONTENT="den,"/><SP WIDTH="16" VPOS="748" HPOS="708"/>
							<String ID="string_96" HPOS="724" VPOS="748" WIDTH="14" HEIGHT="21" WC="0.90" CONTENT="ä"/><SP WIDTH="15" VPOS="748" HPOS="738"/>
							<String ID="string_97" HPOS="753" VPOS="748" WIDTH="72" HEIGHT="20" WC="0.91" CONTENT="hvars"/><SP WIDTH="17" VPOS="748" HPOS="825"/>
							<String ID="string_98" HPOS="842" VPOS="749" WIDTH="86" HEIGHT="25" WC="0.91" CONTENT="vägnar"/><SP WIDTH="15" VPOS="749" HPOS="928"/>
							<String ID="string_99" HPOS="943" VPOS="747" WIDTH="45" HEIGHT="20" WC="0.92" CONTENT="det-"/>
						</TextLine>
						<TextLine ID="line_14" HPOS="229" VPOS="781" WIDTH="760" HEIGHT="29">
							<String ID="string_100" HPOS="229" VPOS="789" WIDTH="91" HEIGHT="14" WC="0.90" CONTENT="samma"/><SP WIDTH="22" VPOS="789" HPOS="320"/>
							<String ID="string_101" HPOS="342" VPOS="783" WIDTH="101" HEIGHT="26" WC="0.90" CONTENT="afgifves,"/><SP WIDTH="17" VPOS="783" HPOS="443"/>
							<String ID="string_102" HPOS="460" VPOS="783" WIDTH="40" HEIGHT="20" WC="0.93" CONTENT="och"/><SP WIDTH="24" VPOS="783" HPOS="500"/>
							<String ID="string_103" HPOS="524" VPOS="783" WIDTH="47" HEIGHT="20" WC="0.96" CONTENT="icke"/><SP WIDTH="22" VPOS="783" HPOS="571"/>
							<String ID="string_104" HPOS="593" VPOS="784" WIDTH="26" HEIGHT="19" WC="0.96" CONTENT="är"/><SP WIDTH="22" VPOS="784" HPOS="619"/>
							<String ID="string_105" HPOS="641" VPOS="783" WIDTH="28" HEIGHT="27" WC="0.93" CONTENT="af"/><SP WIDTH="17" VPOS="783" HPOS="669"/>
							<String ID="string_106" HPOS="686" VPOS="781" WIDTH="173" HEIGHT="29" WC="0.96" CONTENT="uppenbarligen"/><SP WIDTH="17" VPOS="781" HPOS="859"/>
							<String ID="string_107" HPOS="876" VPOS="782" WIDTH="113" HEIGHT="27" WC="0.96" CONTENT="straffbart"/>
						</TextLine>
						<TextLine ID="line_15" HPOS="229" VPOS="816" WIDTH="758" HEIGHT="26">
							<String ID="string_108" HPOS="229" VPOS="816" WIDTH="106" HEIGHT="21" WC="0.90" CONTENT="innehåll."/><SP WIDTH="31" VPOS="816" HPOS="335"/>
							<String ID="string_109" HPOS="366" VPOS="817" WIDTH="119" HEIGHT="20" WC="0.91" CONTENT="Genmälet"/><SP WIDTH="23" VPOS="817" HPOS="485"/>
							<String ID="string_110" HPOS="508" VPOS="817" WIDTH="59" HEIGHT="21" WC="0.96" CONTENT="skall"/><SP WIDTH="24" VPOS="817" HPOS="567"/>
							<String ID="string_111" HPOS="591" VPOS="817" WIDTH="6" HEIGHT="20" WC="0.93" CONTENT="i"/><SP WIDTH="24" VPOS="817" HPOS="597"/>
							<String ID="string_112" HPOS="621" VPOS="817" WIDTH="85" HEIGHT="21" WC="0.91" CONTENT="ettdera"/><SP WIDTH="23" VPOS="817" HPOS="706"/>
							<String ID="string_113" HPOS="729" VPOS="817" WIDTH="25" HEIGHT="20" WC="0.96" CONTENT="af"/><SP WIDTH="22" VPOS="817" HPOS="754"/>
							<String ID="string_114" HPOS="776" VPOS="816" WIDTH="28" HEIGHT="21" WC="0.93" CONTENT="de"/><SP WIDTH="16" VPOS="816" HPOS="804"/>
							<String ID="string_115" HPOS="820" VPOS="816" WIDTH="38" HEIGHT="21" WC="0.96" CONTENT="två"/><SP WIDTH="16" VPOS="816" HPOS="858"/>
							<String ID="string_116" HPOS="874" VPOS="823" WIDTH="113" HEIGHT="19" WC="0.96" CONTENT="nummer,"/>
						</TextLine>
						<TextLine ID="line_16" HPOS="228" VPOS="850" WIDTH="759" HEIGHT="28">
							<String ID="string_117" HPOS="228" VPOS="857" WIDTH="51" HEIGHT="14" WC="0.96" CONTENT="som"/><SP WIDTH="17" VPOS="857" HPOS="279"/>
							<String ID="string_118" HPOS="296" VPOS="851" WIDTH="55" HEIGHT="20" WC="0.93" CONTENT="efter"/><SP WIDTH="16" VPOS="851" HPOS="351"/>
							<String ID="string_119" HPOS="367" VPOS="851" WIDTH="157" HEIGHT="27" WC="0.91" CONTENT="mottagandet"/><SP WIDTH="16" VPOS="851" HPOS="524"/>
							<String ID="string_120" HPOS="540" VPOS="853" WIDTH="103" HEIGHT="19" WC="0.93" CONTENT="närmast"/><SP WIDTH="16" VPOS="853" HPOS="643"/>
							<String ID="string_121" HPOS="659" VPOS="852" WIDTH="129" HEIGHT="24" WC="0.92" CONTENT="utkomma,"/><SP WIDTH="17" VPOS="852" HPOS="788"/>
							<String ID="string_122" HPOS="805" VPOS="851" WIDTH="7" HEIGHT="20" WC="0.93" CONTENT="i"/><SP WIDTH="17" VPOS="851" HPOS="812"/>
							<String ID="string_123" HPOS="829" VPOS="850" WIDTH="158" HEIGHT="21" WC="0.92" CONTENT="textafdelnin-"/>
						</TextLine>
						<TextLine ID="line_17" HPOS="227" VPOS="884" WIDTH="760" HEIGHT="29">
							<String ID="string_124" HPOS="227" VPOS="890" WIDTH="43" HEIGHT="21" WC="0.96" CONTENT="gen"/><SP WIDTH="17" VPOS="890" HPOS="270"/>
							<String ID="string_125" HPOS="287" VPOS="885" WIDTH="86" HEIGHT="27" WC="0.95" CONTENT="införas"/><SP WIDTH="10" VPOS="885" HPOS="373"/>
							<String ID="string_126" HPOS="383" VPOS="885" WIDTH="52" HEIGHT="21" WC="0.96" CONTENT="med"/><SP WIDTH="12" VPOS="885" HPOS="435"/>
							<String ID="string_127" HPOS="447" VPOS="892" WIDTH="89" HEIGHT="14" WC="0.96" CONTENT="samma"/><SP WIDTH="12" VPOS="892" HPOS="536"/>
							<String ID="string_128" HPOS="548" VPOS="885" WIDTH="71" HEIGHT="28" WC="0.96" CONTENT="tryck,"/><SP WIDTH="14" VPOS="885" HPOS="619"/>
							<String ID="string_129" HPOS="633" VPOS="892" WIDTH="49" HEIGHT="14" WC="0.93" CONTENT="som"/><SP WIDTH="14" VPOS="892" HPOS="682"/>
							<String ID="string_130" HPOS="696" VPOS="885" WIDTH="117" HEIGHT="21" WC="0.93" CONTENT="användts"/><SP WIDTH="9" VPOS="885" HPOS="813"/>
							<String ID="string_131" HPOS="822" VPOS="884" WIDTH="6" HEIGHT="21" WC="0.95" CONTENT="i"/><SP WIDTH="9" VPOS="884" HPOS="828"/>
							<String ID="string_132" HPOS="837" VPOS="884" WIDTH="38" HEIGHT="21" WC="0.93" CONTENT="det"/><SP WIDTH="11" VPOS="884" HPOS="875"/>
							<String ID="string_133" HPOS="886" VPOS="885" WIDTH="101" HEIGHT="20" WC="0.92" CONTENT="bemötta"/>
						</TextLine>
						<TextLine ID="line_18" HPOS="228" VPOS="919" WIDTH="759" HEIGHT="28">
							<String ID="string_134" HPOS="228" VPOS="919" WIDTH="167" HEIGHT="27" WC="0.96" CONTENT="meddelandet,"/><SP WIDTH="22" VPOS="919" HPOS="395"/>
							<String ID="string_135" HPOS="417" VPOS="921" WIDTH="59" HEIGHT="19" WC="0.96" CONTENT="samt"/><SP WIDTH="21" VPOS="921" HPOS="476"/>
							<String ID="string_136" HPOS="497" VPOS="920" WIDTH="78" HEIGHT="27" WC="0.93" CONTENT="därför"/><SP WIDTH="18" VPOS="920" HPOS="575"/>
							<String ID="string_137" HPOS="593" VPOS="920" WIDTH="160" HEIGHT="20" WC="0.96" CONTENT="kostnadsfritt"/><SP WIDTH="17" VPOS="920" HPOS="753"/>
							<String ID="string_138" HPOS="770" VPOS="919" WIDTH="108" HEIGHT="27" WC="0.96" CONTENT="upplåtas"/><SP WIDTH="16" VPOS="919" HPOS="878"/>
							<String ID="string_139" HPOS="894" VPOS="921" WIDTH="31" HEIGHT="19" WC="0.96" CONTENT="ett"/><SP WIDTH="15" VPOS="921" HPOS="925"/>
							<String ID="string_140" HPOS="940" VPOS="919" WIDTH="47" HEIGHT="20" WC="0.96" CONTENT="lika"/>
						</TextLine>
						<TextLine ID="line_19" HPOS="227" VPOS="954" WIDTH="760" HEIGHT="27">
							<String ID="string_141" HPOS="227" VPOS="956" WIDTH="57" HEIGHT="18" WC="0.92" CONTENT="stort"/><SP WIDTH="11" VPOS="956" HPOS="284"/>
							<String ID="string_142" HPOS="295" VPOS="956" WIDTH="121" HEIGHT="25" WC="0.93" CONTENT="utrymme,"/><SP WIDTH="13" VPOS="956" HPOS="416"/>
							<String ID="string_143" HPOS="429" VPOS="955" WIDTH="78" HEIGHT="26" WC="0.36" CONTENT="(ufesl.)"/><SP WIDTH="19" VPOS="955" HPOS="507"/>
							<String ID="string_144" HPOS="526" VPOS="961" WIDTH="52" HEIGHT="14" WC="0.96" CONTENT="men"/><SP WIDTH="17" VPOS="961" HPOS="578"/>
							<String ID="string_145" HPOS="595" VPOS="955" WIDTH="35" HEIGHT="20" WC="0.96" CONTENT="för"/><SP WIDTH="23" VPOS="955" HPOS="630"/>
							<String ID="string_146" HPOS="653" VPOS="955" WIDTH="38" HEIGHT="20" WC="0.93" CONTENT="det"/><SP WIDTH="22" VPOS="955" HPOS="691"/>
							<String ID="string_147" HPOS="713" VPOS="954" WIDTH="189" HEIGHT="27" WC="0.92" CONTENT="öfverskjutande"/><SP WIDTH="15" VPOS="954" HPOS="902"/>
							<String ID="string_148" HPOS="917" VPOS="954" WIDTH="70" HEIGHT="26" WC="0.92" CONTENT="erläg-"/>
						</TextLine>
						<TextLine ID="line_20" HPOS="226" VPOS="988" WIDTH="761" HEIGHT="27">
							<String ID="string_149" HPOS="226" VPOS="994" WIDTH="41" HEIGHT="21" WC="0.96" CONTENT="gas"/><SP WIDTH="16" VPOS="994" HPOS="267"/>
							<String ID="string_150" HPOS="283" VPOS="988" WIDTH="124" HEIGHT="27" WC="0.95" CONTENT="betalning,"/><SP WIDTH="18" VPOS="988" HPOS="407"/>
							<String ID="string_151" HPOS="425" VPOS="989" WIDTH="162" HEIGHT="21" WC="0.93" CONTENT="motsvarande"/><SP WIDTH="16" VPOS="989" HPOS="587"/>
							<String ID="string_152" HPOS="603" VPOS="989" WIDTH="72" HEIGHT="26" WC="0.92" CONTENT="lägsta"/><SP WIDTH="16" VPOS="989" HPOS="675"/>
							<String ID="string_153" HPOS="691" VPOS="988" WIDTH="165" HEIGHT="27" WC="0.88" CONTENT="annonsafgift."/><SP WIDTH="23" VPOS="988" HPOS="856"/>
							<String ID="string_154" HPOS="879" VPOS="988" WIDTH="62" HEIGHT="20" WC="0.94" CONTENT="Dock"/><SP WIDTH="8" VPOS="988" HPOS="941"/>
							<String ID="string_155" HPOS="949" VPOS="988" WIDTH="38" HEIGHT="20" WC="0.94" CONTENT="mä"/>
						</TextLine>
						<TextLine ID="line_21" HPOS="227" VPOS="1022" WIDTH="760" HEIGHT="28">
							<String ID="string_156" HPOS="227" VPOS="1023" WIDTH="67" HEIGHT="27" WC="0.92" CONTENT="afgift"/><SP WIDTH="22" VPOS="1023" HPOS="294"/>
							<String ID="string_157" HPOS="316" VPOS="1023" WIDTH="19" HEIGHT="27" WC="0.92" CONTENT="ej"/><SP WIDTH="15" VPOS="1023" HPOS="335"/>
							<String ID="string_158" HPOS="350" VPOS="1024" WIDTH="109" HEIGHT="20" WC="0.96" CONTENT="beräknas"/><SP WIDTH="15" VPOS="1024" HPOS="459"/>
							<String ID="string_159" HPOS="474" VPOS="1023" WIDTH="37" HEIGHT="27" WC="0.93" CONTENT="för"/><SP WIDTH="14" VPOS="1023" HPOS="511"/>
							<String ID="string_160" HPOS="525" VPOS="1024" WIDTH="107" HEIGHT="26" WC="0.89" CONTENT="genmäle,"/><SP WIDTH="17" VPOS="1024" HPOS="632"/>
							<String ID="string_161" HPOS="649" VPOS="1023" WIDTH="31" HEIGHT="21" WC="0.96" CONTENT="till"/><SP WIDTH="15" VPOS="1023" HPOS="680"/>
							<String ID="string_162" HPOS="695" VPOS="1024" WIDTH="41" HEIGHT="20" WC="0.97" CONTENT="den"/><SP WIDTH="16" VPOS="1024" HPOS="736"/>
							<String ID="string_163" HPOS="752" VPOS="1023" WIDTH="36" HEIGHT="21" WC="0.93" CONTENT="del"/><SP WIDTH="15" VPOS="1023" HPOS="788"/>
							<String ID="string_164" HPOS="803" VPOS="1023" WIDTH="122" HEIGHT="21" WC="0.93" CONTENT="detsamma"/><SP WIDTH="17" VPOS="1023" HPOS="925"/>
							<String ID="string_165" HPOS="942" VPOS="1022" WIDTH="45" HEIGHT="21" WC="0.92" CONTENT="icke"/>
						</TextLine>
						<TextLine ID="line_22" HPOS="227" VPOS="1057" WIDTH="310" HEIGHT="27">
							<String ID="string_166" HPOS="227" VPOS="1057" WIDTH="126" HEIGHT="27" WC="0.32" CONTENT="Ofverstiger"/><SP WIDTH="14" VPOS="1057" HPOS="353"/>
							<String ID="string_167" HPOS="367" VPOS="1057" WIDTH="75" HEIGHT="27" WC="0.96" CONTENT="femtio"/><SP WIDTH="12" VPOS="1057" HPOS="442"/>
							<String ID="string_168" HPOS="454" VPOS="1058" WIDTH="83" HEIGHT="20" WC="0.59" CONTENT="rader»."/>
						</TextLine>
					</TextBlock>
					<TextBlock ID="block_4" HPOS="225" VPOS="1091" WIDTH="762" HEIGHT="404">
						<TextLine ID="line_23" HPOS="297" VPOS="1091" WIDTH="689" HEIGHT="28">
							<String ID="string_169" HPOS="297" VPOS="1091" WIDTH="42" HEIGHT="21" WC="0.93" CONTENT="Vid"/><SP WIDTH="22" VPOS="1091" HPOS="339"/>
							<String ID="string_170" HPOS="361" VPOS="1092" WIDTH="151" HEIGHT="27" WC="0.91" CONTENT="uppgörande"/><SP WIDTH="16" VPOS="1092" HPOS="512"/>
							<String ID="string_171" HPOS="528" VPOS="1092" WIDTH="25" HEIGHT="21" WC="0.96" CONTENT="af"/><SP WIDTH="13" VPOS="1092" HPOS="553"/>
							<String ID="string_172" HPOS="566" VPOS="1092" WIDTH="150" HEIGHT="21" WC="0.93" CONTENT="förevarande"/><SP WIDTH="16" VPOS="1092" HPOS="716"/>
							<String ID="string_173" HPOS="732" VPOS="1092" WIDTH="254" HEIGHT="27" WC="0.90" CONTENT="sammanjämknings-"/>
						</TextLine>
						<TextLine ID="line_24" HPOS="228" VPOS="1126" WIDTH="758" HEIGHT="27">
							<String ID="string_174" HPOS="228" VPOS="1126" WIDTH="86" HEIGHT="27" WC="0.96" CONTENT="förslag"/><SP WIDTH="22" VPOS="1126" HPOS="314"/>
							<String ID="string_175" HPOS="336" VPOS="1127" WIDTH="43" HEIGHT="20" WC="0.96" CONTENT="har"/><SP WIDTH="22" VPOS="1127" HPOS="379"/>
							<String ID="string_176" HPOS="401" VPOS="1127" WIDTH="25" HEIGHT="20" WC="0.96" CONTENT="af"/><SP WIDTH="20" VPOS="1127" HPOS="426"/>
							<String ID="string_177" HPOS="446" VPOS="1133" WIDTH="29" HEIGHT="14" WC="0.96" CONTENT="en"/><SP WIDTH="17" VPOS="1133" HPOS="475"/>
							<String ID="string_178" HPOS="492" VPOS="1127" WIDTH="116" HEIGHT="20" WC="0.96" CONTENT="minoritet"/><SP WIDTH="15" VPOS="1127" HPOS="608"/>
							<String ID="string_179" HPOS="623" VPOS="1127" WIDTH="65" HEIGHT="20" WC="0.96" CONTENT="inom"/><SP WIDTH="16" VPOS="1127" HPOS="688"/>
							<String ID="string_180" HPOS="704" VPOS="1127" WIDTH="113" HEIGHT="20" WC="0.96" CONTENT="utskottet"/><SP WIDTH="16" VPOS="1127" HPOS="817"/>
							<String ID="string_181" HPOS="833" VPOS="1127" WIDTH="93" HEIGHT="20" WC="0.96" CONTENT="uttalats"/><SP WIDTH="16" VPOS="1127" HPOS="926"/>
							<String ID="string_182" HPOS="942" VPOS="1127" WIDTH="44" HEIGHT="20" WC="0.96" CONTENT="den"/>
						</TextLine>
						<TextLine ID="line_25" HPOS="226" VPOS="1161" WIDTH="761" HEIGHT="27">
							<String ID="string_183" HPOS="226" VPOS="1161" WIDTH="101" HEIGHT="25" WC="0.96" CONTENT="mening,"/><SP WIDTH="16" VPOS="1161" HPOS="327"/>
							<String ID="string_184" HPOS="343" VPOS="1163" WIDTH="32" HEIGHT="17" WC="0.96" CONTENT="att"/><SP WIDTH="16" VPOS="1163" HPOS="375"/>
							<String ID="string_185" HPOS="391" VPOS="1161" WIDTH="110" HEIGHT="20" WC="0.96" CONTENT="utskottet"/><SP WIDTH="15" VPOS="1161" HPOS="501"/>
							<String ID="string_186" HPOS="516" VPOS="1161" WIDTH="59" HEIGHT="26" WC="0.95" CONTENT="bort,"/><SP WIDTH="13" VPOS="1161" HPOS="575"/>
							<String ID="string_187" HPOS="588" VPOS="1161" WIDTH="71" HEIGHT="27" WC="0.96" CONTENT="jämte"/><SP WIDTH="17" VPOS="1161" HPOS="659"/>
							<String ID="string_188" HPOS="676" VPOS="1161" WIDTH="111" HEIGHT="20" WC="0.96" CONTENT="anmälan"/><SP WIDTH="17" VPOS="1161" HPOS="787"/>
							<String ID="string_189" HPOS="804" VPOS="1163" WIDTH="32" HEIGHT="18" WC="0.96" CONTENT="att"/><SP WIDTH="19" VPOS="1163" HPOS="836"/>
							<String ID="string_190" HPOS="855" VPOS="1161" WIDTH="132" HEIGHT="26" WC="0.96" CONTENT="erforderlig"/>
						</TextLine>
						<TextLine ID="line_26" HPOS="226" VPOS="1194" WIDTH="760" HEIGHT="28">
							<String ID="string_191" HPOS="226" VPOS="1194" WIDTH="212" HEIGHT="28" WC="0.91" CONTENT="ständerpluralitet"/><SP WIDTH="22" VPOS="1194" HPOS="438"/>
							<String ID="string_192" HPOS="460" VPOS="1195" WIDTH="35" HEIGHT="21" WC="0.96" CONTENT="för"/><SP WIDTH="16" VPOS="1195" HPOS="495"/>
							<String ID="string_193" HPOS="511" VPOS="1196" WIDTH="121" HEIGHT="20" WC="0.96" CONTENT="utskottets"/><SP WIDTH="16" VPOS="1196" HPOS="632"/>
							<String ID="string_194" HPOS="648" VPOS="1196" WIDTH="70" HEIGHT="20" WC="0.92" CONTENT="första"/><SP WIDTH="16" VPOS="1196" HPOS="718"/>
							<String ID="string_195" HPOS="734" VPOS="1194" WIDTH="252" HEIGHT="28" WC="0.91" CONTENT="sammanjämknings-"/>
						</TextLine>
						<TextLine ID="line_27" HPOS="226" VPOS="1228" WIDTH="761" HEIGHT="28">
							<String ID="string_196" HPOS="226" VPOS="1228" WIDTH="86" HEIGHT="27" WC="0.96" CONTENT="förslag"/><SP WIDTH="20" VPOS="1228" HPOS="312"/>
							<String ID="string_197" HPOS="332" VPOS="1229" WIDTH="19" HEIGHT="27" WC="0.96" CONTENT="ej"/><SP WIDTH="17" VPOS="1229" HPOS="351"/>
							<String ID="string_198" HPOS="368" VPOS="1230" WIDTH="90" HEIGHT="20" WC="0.96" CONTENT="kunnat"/><SP WIDTH="15" VPOS="1230" HPOS="458"/>
							<String ID="string_199" HPOS="473" VPOS="1230" WIDTH="90" HEIGHT="24" WC="0.96" CONTENT="vinnas,"/><SP WIDTH="15" VPOS="1230" HPOS="563"/>
							<String ID="string_200" HPOS="578" VPOS="1230" WIDTH="89" HEIGHT="23" WC="0.96" CONTENT="föreslå,"/><SP WIDTH="16" VPOS="1230" HPOS="667"/>
							<String ID="string_201" HPOS="683" VPOS="1232" WIDTH="32" HEIGHT="18" WC="0.93" CONTENT="att"/><SP WIDTH="16" VPOS="1232" HPOS="715"/>
							<String ID="string_202" HPOS="731" VPOS="1229" WIDTH="137" HEIGHT="25" WC="0.92" CONTENT="Ständerna,"/><SP WIDTH="16" VPOS="1229" HPOS="868"/>
							<String ID="string_203" HPOS="884" VPOS="1229" WIDTH="56" HEIGHT="21" WC="0.96" CONTENT="efter"/><SP WIDTH="15" VPOS="1229" HPOS="940"/>
							<String ID="string_204" HPOS="955" VPOS="1232" WIDTH="32" HEIGHT="18" WC="0.97" CONTENT="att"/>
						</TextLine>
						<TextLine ID="line_28" HPOS="227" VPOS="1263" WIDTH="759" HEIGHT="28">
							<String ID="string_205" HPOS="227" VPOS="1263" WIDTH="71" HEIGHT="21" WC="0.95" CONTENT="hafva"/><SP WIDTH="16" VPOS="1263" HPOS="298"/>
							<String ID="string_206" HPOS="314" VPOS="1263" WIDTH="65" HEIGHT="21" WC="0.95" CONTENT="fattat"/><SP WIDTH="15" VPOS="1263" HPOS="379"/>
							<String ID="string_207" HPOS="394" VPOS="1264" WIDTH="75" HEIGHT="20" WC="0.96" CONTENT="beslut"/><SP WIDTH="15" VPOS="1264" HPOS="469"/>
							<String ID="string_208" HPOS="484" VPOS="1266" WIDTH="32" HEIGHT="18" WC="0.96" CONTENT="att"/><SP WIDTH="15" VPOS="1266" HPOS="516"/>
							<String ID="string_209" HPOS="531" VPOS="1264" WIDTH="79" HEIGHT="26" WC="0.96" CONTENT="frågan"/><SP WIDTH="11" VPOS="1264" HPOS="610"/>
							<String ID="string_210" HPOS="621" VPOS="1264" WIDTH="19" HEIGHT="27" WC="0.96" CONTENT="ej"/><SP WIDTH="13" VPOS="1264" HPOS="640"/>
							<String ID="string_211" HPOS="653" VPOS="1264" WIDTH="59" HEIGHT="26" WC="0.96" CONTENT="finge"/><SP WIDTH="10" VPOS="1264" HPOS="712"/>
							<String ID="string_212" HPOS="722" VPOS="1264" WIDTH="99" HEIGHT="25" WC="0.96" CONTENT="förfalla,"/><SP WIDTH="10" VPOS="1264" HPOS="821"/>
							<String ID="string_213" HPOS="831" VPOS="1264" WIDTH="69" HEIGHT="20" WC="0.93" CONTENT="måtte"/><SP WIDTH="8" VPOS="1264" HPOS="900"/>
							<String ID="string_214" HPOS="908" VPOS="1264" WIDTH="78" HEIGHT="20" WC="0.92" CONTENT="skrida"/>
						</TextLine>
						<TextLine ID="line_29" HPOS="225" VPOS="1297" WIDTH="761" HEIGHT="28">
							<String ID="string_215" HPOS="225" VPOS="1297" WIDTH="35" HEIGHT="20" WC="0.96" CONTENT="till"/><SP WIDTH="17" VPOS="1297" HPOS="260"/>
							<String ID="string_216" HPOS="277" VPOS="1298" WIDTH="108" HEIGHT="20" WC="0.96" CONTENT="utseende"/><SP WIDTH="16" VPOS="1298" HPOS="385"/>
							<String ID="string_217" HPOS="401" VPOS="1298" WIDTH="25" HEIGHT="20" WC="0.96" CONTENT="af"/><SP WIDTH="14" VPOS="1298" HPOS="426"/>
							<String ID="string_218" HPOS="440" VPOS="1298" WIDTH="108" HEIGHT="21" WC="0.96" CONTENT="förstärkt"/><SP WIDTH="15" VPOS="1298" HPOS="548"/>
							<String ID="string_219" HPOS="563" VPOS="1298" WIDTH="88" HEIGHT="21" WC="0.96" CONTENT="utskott"/><SP WIDTH="17" VPOS="1298" HPOS="651"/>
							<String ID="string_220" HPOS="668" VPOS="1298" WIDTH="33" HEIGHT="21" WC="0.93" CONTENT="för"/><SP WIDTH="9" VPOS="1298" HPOS="701"/>
							<String ID="string_221" HPOS="710" VPOS="1298" WIDTH="126" HEIGHT="26" WC="0.91" CONTENT="afgörande"/><SP WIDTH="10" VPOS="1298" HPOS="836"/>
							<String ID="string_222" HPOS="846" VPOS="1298" WIDTH="24" HEIGHT="20" WC="0.95" CONTENT="af"/><SP WIDTH="12" VPOS="1298" HPOS="870"/>
							<String ID="string_223" HPOS="882" VPOS="1298" WIDTH="22" HEIGHT="20" WC="0.93" CONTENT="de"/><SP WIDTH="9" VPOS="1298" HPOS="904"/>
							<String ID="string_224" HPOS="913" VPOS="1298" WIDTH="73" HEIGHT="27" WC="0.92" CONTENT="punk-"/>
						</TextLine>
						<TextLine ID="line_30" HPOS="225" VPOS="1332" WIDTH="760" HEIGHT="27">
							<String ID="string_225" HPOS="225" VPOS="1334" WIDTH="41" HEIGHT="23" WC="0.95" CONTENT="ter,"/><SP WIDTH="17" VPOS="1334" HPOS="266"/>
							<String ID="string_226" HPOS="283" VPOS="1332" WIDTH="6" HEIGHT="20" WC="0.95" CONTENT="i"/><SP WIDTH="17" VPOS="1332" HPOS="289"/>
							<String ID="string_227" HPOS="306" VPOS="1332" WIDTH="78" HEIGHT="20" WC="0.96" CONTENT="hvilka"/><SP WIDTH="16" VPOS="1332" HPOS="384"/>
							<String ID="string_228" HPOS="400" VPOS="1332" WIDTH="37" HEIGHT="21" WC="0.96" CONTENT="två"/><SP WIDTH="17" VPOS="1332" HPOS="437"/>
							<String ID="string_229" HPOS="454" VPOS="1333" WIDTH="71" HEIGHT="21" WC="0.96" CONTENT="Stånd"/><SP WIDTH="17" VPOS="1333" HPOS="525"/>
							<String ID="string_230" HPOS="542" VPOS="1335" WIDTH="92" HEIGHT="19" WC="0.96" CONTENT="stannat"/><SP WIDTH="11" VPOS="1335" HPOS="634"/>
							<String ID="string_231" HPOS="645" VPOS="1335" WIDTH="47" HEIGHT="19" WC="0.96" CONTENT="mot"/><SP WIDTH="11" VPOS="1335" HPOS="692"/>
							<String ID="string_232" HPOS="703" VPOS="1333" WIDTH="45" HEIGHT="26" WC="0.95" CONTENT="två,"/><SP WIDTH="12" VPOS="1333" HPOS="748"/>
							<String ID="string_233" HPOS="760" VPOS="1332" WIDTH="56" HEIGHT="21" WC="0.96" CONTENT="eller"/><SP WIDTH="10" VPOS="1332" HPOS="816"/>
							<String ID="string_234" HPOS="826" VPOS="1334" WIDTH="33" HEIGHT="19" WC="0.96" CONTENT="att"/><SP WIDTH="11" VPOS="1334" HPOS="859"/>
							<String ID="string_235" HPOS="870" VPOS="1332" WIDTH="115" HEIGHT="26" WC="0.96" CONTENT="utskottet,"/>
						</TextLine>
						<TextLine ID="line_31" HPOS="227" VPOS="1366" WIDTH="758" HEIGHT="28">
							<String ID="string_236" HPOS="227" VPOS="1366" WIDTH="53" HEIGHT="20" WC="0.87" CONTENT="med"/><SP WIDTH="16" VPOS="1366" HPOS="280"/>
							<String ID="string_237" HPOS="296" VPOS="1366" WIDTH="148" HEIGHT="21" WC="0.87" CONTENT="vidhållande"/><SP WIDTH="17" VPOS="1366" HPOS="444"/>
							<String ID="string_238" HPOS="461" VPOS="1367" WIDTH="25" HEIGHT="20" WC="0.96" CONTENT="af"/><SP WIDTH="13" VPOS="1367" HPOS="486"/>
							<String ID="string_239" HPOS="499" VPOS="1367" WIDTH="37" HEIGHT="21" WC="0.96" CONTENT="sitt"/><SP WIDTH="8" VPOS="1367" HPOS="536"/>
							<String ID="string_240" HPOS="544" VPOS="1367" WIDTH="95" HEIGHT="27" WC="0.93" CONTENT="tidigare"/><SP WIDTH="12" VPOS="1367" HPOS="639"/>
							<String ID="string_241" HPOS="651" VPOS="1367" WIDTH="334" HEIGHT="27" WC="0.89" CONTENT="sammanjämkningsförslag,"/>
						</TextLine>
						<TextLine ID="line_32" HPOS="225" VPOS="1400" WIDTH="759" HEIGHT="28">
							<String ID="string_242" HPOS="225" VPOS="1400" WIDTH="54" HEIGHT="20" WC="0.96" CONTENT="bort"/><SP WIDTH="22" VPOS="1400" HPOS="279"/>
							<String ID="string_243" HPOS="301" VPOS="1400" WIDTH="96" HEIGHT="27" WC="0.93" CONTENT="inbjuda"/><SP WIDTH="23" VPOS="1400" HPOS="397"/>
							<String ID="string_244" HPOS="420" VPOS="1402" WIDTH="87" HEIGHT="20" WC="0.90" CONTENT="Preste-"/><SP WIDTH="20" VPOS="1402" HPOS="507"/>
							<String ID="string_245" HPOS="527" VPOS="1402" WIDTH="44" HEIGHT="21" WC="0.93" CONTENT="och"/><SP WIDTH="20" VPOS="1402" HPOS="571"/>
							<String ID="string_246" HPOS="591" VPOS="1402" WIDTH="197" HEIGHT="26" WC="0.92" CONTENT="Borgarestånden"/><SP WIDTH="18" VPOS="1402" HPOS="788"/>
							<String ID="string_247" HPOS="806" VPOS="1404" WIDTH="38" HEIGHT="23" WC="0.96" CONTENT="att,"/><SP WIDTH="16" VPOS="1404" HPOS="844"/>
							<String ID="string_248" HPOS="860" VPOS="1401" WIDTH="52" HEIGHT="21" WC="0.93" CONTENT="med"/><SP WIDTH="12" VPOS="1401" HPOS="912"/>
							<String ID="string_249" HPOS="924" VPOS="1400" WIDTH="60" HEIGHT="21" WC="0.92" CONTENT="från-"/>
						</TextLine>
						<TextLine ID="line_33" HPOS="225" VPOS="1434" WIDTH="761" HEIGHT="28">
							<String ID="string_250" HPOS="225" VPOS="1434" WIDTH="89" HEIGHT="26" WC="0.96" CONTENT="gående"/><SP WIDTH="19" VPOS="1434" HPOS="314"/>
							<String ID="string_251" HPOS="333" VPOS="1435" WIDTH="25" HEIGHT="20" WC="0.96" CONTENT="af"/><SP WIDTH="13" VPOS="1435" HPOS="358"/>
							<String ID="string_252" HPOS="371" VPOS="1435" WIDTH="51" HEIGHT="21" WC="0.96" CONTENT="sina"/><SP WIDTH="15" VPOS="1435" HPOS="422"/>
							<String ID="string_253" HPOS="437" VPOS="1436" WIDTH="95" HEIGHT="26" WC="0.96" CONTENT="tidigare"/><SP WIDTH="17" VPOS="1436" HPOS="532"/>
							<String ID="string_254" HPOS="549" VPOS="1436" WIDTH="80" HEIGHT="26" WC="0.96" CONTENT="beslut,"/><SP WIDTH="17" VPOS="1436" HPOS="629"/>
							<String ID="string_255" HPOS="646" VPOS="1436" WIDTH="78" HEIGHT="21" WC="0.96" CONTENT="förena"/><SP WIDTH="17" VPOS="1436" HPOS="724"/>
							<String ID="string_256" HPOS="741" VPOS="1436" WIDTH="35" HEIGHT="26" WC="0.96" CONTENT="sig"/><SP WIDTH="16" VPOS="1436" HPOS="776"/>
							<String ID="string_257" HPOS="792" VPOS="1442" WIDTH="39" HEIGHT="14" WC="0.92" CONTENT="om"/><SP WIDTH="18" VPOS="1442" HPOS="831"/>
							<String ID="string_258" HPOS="849" VPOS="1436" WIDTH="137" HEIGHT="20" WC="0.90" CONTENT="Ridderska-"/>
						</TextLine>
						<TextLine ID="line_34" HPOS="225" VPOS="1469" WIDTH="683" HEIGHT="26">
							<String ID="string_259" HPOS="225" VPOS="1471" WIDTH="40" HEIGHT="24" WC="0.96" CONTENT="pet"/><SP WIDTH="15" VPOS="1471" HPOS="265"/>
							<String ID="string_260" HPOS="280" VPOS="1469" WIDTH="44" HEIGHT="20" WC="0.93" CONTENT="och"/><SP WIDTH="16" VPOS="1469" HPOS="324"/>
							<String ID="string_261" HPOS="340" VPOS="1469" WIDTH="85" HEIGHT="21" WC="0.91" CONTENT="Adelns"/><SP WIDTH="16" VPOS="1469" HPOS="425"/>
							<String ID="string_262" HPOS="441" VPOS="1472" WIDTH="59" HEIGHT="19" WC="0.93" CONTENT="samt"/><SP WIDTH="17" VPOS="1472" HPOS="500"/>
							<String ID="string_263" HPOS="517" VPOS="1470" WIDTH="181" HEIGHT="21" WC="0.92" CONTENT="Bondeståndets"/><SP WIDTH="16" VPOS="1470" HPOS="698"/>
							<String ID="string_264" HPOS="714" VPOS="1470" WIDTH="78" HEIGHT="21" WC="0.96" CONTENT="beslut"/><SP WIDTH="15" VPOS="1470" HPOS="792"/>
							<String ID="string_265" HPOS="807" VPOS="1469" WIDTH="8" HEIGHT="21" WC="0.96" CONTENT="i"/><SP WIDTH="16" VPOS="1469" HPOS="815"/>
							<String ID="string_266" HPOS="831" VPOS="1469" WIDTH="77" HEIGHT="22" WC="0.96" CONTENT="saken."/>
						</TextLine>
					</TextBlock>
					<TextBlock ID="block_5" HPOS="295" VPOS="1509" WIDTH="334" HEIGHT="22">
						<TextLine ID="line_35" HPOS="295" VPOS="1509" WIDTH="334" HEIGHT="22">
							<String ID="string_267" HPOS="295" VPOS="1509" WIDTH="132" HEIGHT="22" WC="0.91" CONTENT="Lagutskottets"/><SP WIDTH="13" VPOS="1509" HPOS="427"/>
							<String ID="string_268" HPOS="440" VPOS="1510" WIDTH="110" HEIGHT="18" WC="0.96" CONTENT="betänkande"/><SP WIDTH="12" VPOS="1510" HPOS="550"/>
							<String ID="string_269" HPOS="562" VPOS="1511" WIDTH="37" HEIGHT="17" WC="0.96" CONTENT="N:o"/><SP WIDTH="12" VPOS="1511" HPOS="599"/>
							<String ID="string_270" HPOS="611" VPOS="1511" WIDTH="18" HEIGHT="17" WC="0.96" CONTENT="2."/>
						</TextLine>
					</TextBlock>
				</ComposedBlock>
			</PrintSpace>
		</Page>
	</Layout>
</alto>
