1084 1767
233 163 29 20 20
456 163 29 23 U.
501 164 33 22 B..
547 176 23 3 —
588 164 75 28 Prop.
678 164 42 22 N:o
736 163 33 23 17.

586 230 15 22 4
621 229 24 29 8.

305 273 87 24 Såsom
411 275 105 22 medlem
536 275 40 22 må
595 276 8 21 i
622 276 117 29 förening
756 275 60 29 ingå
836 276 21 28 ej
878 275 63 23 blott
951 282 40 16 en-

235 308 67 22 skild
329 315 100 22 person,
457 312 61 20 utan
547 310 46 22 ock
613 310 83 30 bolag,
717 310 105 23 stiftelse
841 310 46 22 och
907 316 84 16 annan

233 342 125 30 förening.

586 396 15 22 5
622 396 23 29 8.

304 446 12 23 I
334 447 124 30 förening,
477 454 55 16 som
551 448 159 29 väsentligen
729 448 128 28 fullföljer
872 447 119 30 politiskt

234 480 74 29 syfte,
328 482 39 22 må
393 482 53 22 icke
469 489 84 16 annan
576 489 62 16 vara
660 483 105 22 medlem
786 483 32 21 än
837 482 68 22 finsk
932 488 58 16 man

235 515 60 23 eller
319 516 103 27 kvinna,
451 524 53 16 som
532 517 57 29 fyllt
614 518 109 28 tjuguett
741 517 35 26 år,
797 517 46 22 och
864 515 125 31 förening,

234 549 139 24 bestående
391 552 89 22 endast
499 552 25 22 af
543 552 97 22 sådana
659 552 168 22 medlemmar.

305 584 97 29 (Utesl.)

568 688 14 17 2
596 687 64 23 kap.

427 742 44 22 Om
490 741 132 23 inskrifna
642 742 157 28 föreningar.

557 805 16 22 6
594 806 34 27 (8)
651 805 22 29 8.

304 856 39 22 Dä
369 856 125 29 förening,
522 863 55 15 som
596 857 31 21 är
646 857 92 22 afsedd
766 858 37 20 att
821 856 141 22 inskrifvas
981 856 10 21 i

235 890 244 29 föreningsregister,
499 890 90 27 bildas,
610 891 46 22 bör
673 892 87 22 därom
779 891 133 28 upprättas
931 890 60 29 dag-

235 924 108 23 tecknad
366 925 109 29 skriftlig
504 925 157 29 afhandling,
680 925 179 23 innehällande
888 924 104 30 stadgar

234 958 41 23 för
301 959 157 29 föreningen,
487 960 46 22 och
553 960 181 29 afhandlingen
762 960 184 22 undertecknas
967 958 25 23 af

234 993 77 23 minst
329 995 37 21 tre
385 1000 128 22 personer,
533 994 88 22 hvilka
640 994 59 30 ingä
718 995 84 22 säsom
830 994 162 22 medlemmar

234 1027 8 22 i
261 1027 157 30 föreningen.

560 1081 14 21 7
598 1080 33 28 (9)
654 1080 23 29 8.

304 1131 11 22 I
337 1132 88 27 (utesl.)
450 1132 141 29 stadgarna
611 1132 63 22 skall
693 1133 138 27 upptagas:

307 1165 24 29 1)
351 1166 162 29 föreningens
532 1172 76 16 namn
631 1166 101 28 (utesl.);

305 1200 25 28 2)
349 1200 49 22 den
417 1202 39 20 ort
474 1201 8 21 i
500 1200 94 26 landet,
615 1207 52 15 som
686 1200 65 23 skall
764 1200 67 29 gälla
845 1200 83 22 såsom
943 1199 50 22 för-

234 1234 124 29 eningens
377 1235 107 27 hemort;

305 1268 26 29 3)
351 1269 42 22 det
420 1269 125 27 ändamål,
573 1269 96 22 hvilket
696 1269 150 29 föreningen
872 1268 66 22 afser
958 1269 35 21 att

233 1302 120 30 fullfölja;

306 1337 25 28 4)
351 1338 123 22 villkoren
502 1338 38 22 för
568 1338 99 22 inträde
691 1338 83 22 såsom
794 1337 106 23 medlem
905 1333 17 37 i
945 1337 48 22 för-

235 1371 110 29 eningen
364 1372 45 22 och
428 1372 40 22 för
486 1372 119 22 medlems
624 1372 160 22 uteslutande
795 1373 65 21 samt
872 1372 32 28 på
918 1371 74 23 hvem

235 1406 144 28 antagande
399 1407 26 22 af
443 1414 34 22 ny
503 1407 105 22 medlem
627 1407 46 22 och
693 1407 120 22 medlems
832 1406 159 22 uteslutande

235 1440 156 28 ankommer;

304 1518 131 24 Lagutskotiets
448 1520 109 17 betänkande
570 1519 37 17 N:o
619 1520 17 16 4.
