1084 1764
307 168 27 22 U.
352 168 28 22 B.
396 180 26 2 —
441 167 73 29 Prop.
530 167 41 23 N:o
587 167 34 23 17.
833 168 12 20 5

86 242 51 23 ten,
160 245 53 16 som
238 239 136 22 motiveras
399 238 25 22 af
448 238 219 29 önskningsmälet
692 240 36 20 att
753 238 92 22 afhälla

87 280 128 22 personer,
232 273 87 22 hvilka
335 274 69 21 ännu
421 274 22 28 ej
461 273 55 22 nätt
532 272 150 29 erforderlig
696 273 90 29 stadga
800 272 45 23 och

87 308 118 28 mognad,
225 308 56 22 frän
301 308 49 22 den
369 307 57 22 med
445 308 98 28 dagens
563 307 118 28 politiska
695 307 91 22 strider
798 307 48 22 för-

87 342 104 24 bundna
210 342 163 29 agitationen,
393 342 73 28 ingår
485 342 36 22 uti
540 342 15 28 &
571 342 23 26 5,
609 348 53 15 som
676 342 104 28 stadgar
793 342 53 22 atti

88 376 146 30 föreningar
257 377 56 21 med
333 376 107 22 särskild
460 376 102 30 uppgift
581 378 36 20 att
635 376 105 22 inverka
760 376 32 28 pä
811 376 35 22 of-

88 411 104 29 fentliga
206 411 212 29 angelägenheter
431 411 54 22 icke
499 417 85 16 annan
598 412 31 20 än
641 410 67 22 finsk
719 417 57 15 man
788 410 58 22 eller

88 446 103 26 kvinna,
205 452 53 16 som
271 445 56 29 fyllt
340 446 109 28 tjuguett
462 446 36 26 är,
513 446 46 22 och
573 445 123 29 förening,
708 445 138 22 bestäende

88 480 90 22 endast
206 480 25 22 af
258 480 96 22 sädana
382 480 169 26 medlemmar,
578 480 40 22 mä
643 486 62 15 vara
731 480 114 22 medlem.

89 514 87 29 Enligt
197 521 95 15 samma
311 514 121 29 paragraf
450 514 48 27 fär,
519 514 83 22 säsom
623 521 83 21 synes,
726 514 22 28 ej
769 514 78 22 heller

88 549 133 29 utlänning
241 555 61 16 vara
321 549 106 22 medlem
448 548 25 23 af
491 549 103 28 politisk
613 548 124 30 förening.
773 548 11 22 I
798 548 48 23 den

90 584 125 21 allmänna
231 583 156 29 ordningens
400 583 106 23 intresse
520 583 166 22 föreskrifver
699 583 14 27 &
728 583 16 22 6
758 584 35 21 att
806 583 42 22 nä-

89 618 58 28 ring
165 618 61 22 eller
245 624 84 16 annan
347 618 277 22 förvärfsverksamhet
639 618 40 22 mä
694 618 25 22 af
731 618 117 28 förening

89 652 102 22 utöfvas
221 652 90 22 endast
339 652 84 22 sävidt
451 653 92 22 sädant
571 654 27 20 är
626 652 7 22 i
661 652 57 22 dess
744 652 104 29 stadgar

90 686 132 23 bestämdt.
251 687 56 22 Med
327 687 110 22 nämnda
456 687 161 29 stadganden
636 686 212 29 sammanhänger

90 721 193 29 bestämningen
302 721 7 22 i
328 722 78 21 redan
426 721 146 29 äberopade
592 721 14 29 $
626 722 32 21 22
678 723 36 21 att
731 721 117 28 förening

91 756 50 22 kan
169 756 125 22 förklaras
321 756 109 28 upplöst,
460 762 40 16 om
528 762 130 22 personer,
683 756 87 22 hvilka
794 755 54 22 icke

91 790 66 22 varit
175 790 158 29 berättigade
353 792 35 20 att
406 790 60 29 ingä
485 791 8 21 i
512 790 156 29 föreningen,
681 790 92 22 tillätas
786 790 62 22 höra

92 824 35 22 till
150 824 56 27 den,
233 824 60 22 eller
317 831 39 16 om
381 824 152 30 föreningen
558 825 101 22 utöfvar
678 824 169 26 verksamhet,

92 865 53 16 som
166 859 53 22 icke
239 860 28 21 är
284 859 132 22 förutsedd
434 859 8 22 i
462 860 58 22 dess
540 860 112 28 stadgar.
698 859 36 22 Pä
753 859 42 22 det
814 859 36 21 att

93 893 154 23 domstolens
274 894 81 22 beslut
380 900 40 16 om
444 894 132 28 förenings
601 894 153 28 upplösning
773 893 76 23 mätte

94 928 77 22 vinna
190 928 79 29 nödig
288 928 156 24 effektivitet,
466 928 105 29 stadgas
589 929 36 21 uti
645 928 14 28 $
678 928 33 23 23
732 930 36 20 att
782 928 68 22 dom-

93 962 48 22 stol
159 962 8 22 i
186 963 183 28 sammanhang
389 962 57 23 med
465 963 84 22 beslut
570 969 40 15 om
634 962 129 29 förenings
788 968 62 22 upp-

92 996 101 29 lösning
217 1003 60 23 eger
300 997 121 22 förordna
447 1004 31 15 en
503 998 61 21 eller
589 997 62 22 flere
675 1003 120 22 personer
815 998 35 20 att

95 1031 88 22 utreda
208 1031 162 29 föreningens
395 1032 39 26 bo,
460 1032 143 28 hvarjämte
629 1032 76 28 enligt
724 1032 14 28 $
758 1032 32 21 32
810 1037 41 16 en-

92 1066 73 26 hvar,
194 1072 53 16 som
275 1066 32 28 pä
335 1067 50 21 sätt
409 1066 60 22 eller
496 1068 77 20 annat
596 1066 129 22 fortsätter
748 1066 103 28 upplöst

93 1100 130 29 förenings
242 1100 168 26 verksamhet,
430 1100 51 22 kan
502 1100 102 23 straffas
623 1100 57 22 med
702 1100 78 22 böter.

165 1134 89 22 Säsom
273 1142 30 14 ur
321 1135 43 22 det
381 1135 156 29 föregäende
557 1135 112 29 framgär
688 1136 26 20 är
733 1134 118 29 befogen-

93 1168 74 23 heten
189 1171 35 20 att
242 1169 112 22 förklara
373 1169 118 29 förening
509 1170 103 28 upplöst
630 1169 174 22 öfverlämnad
826 1169 25 22 ät

93 1203 107 22 domstol
221 1204 46 22 och
286 1204 54 22 icke
359 1204 26 22 ät
404 1204 187 22 administrativ
609 1204 154 28 myndighet.
801 1203 50 22 För

94 1239 36 20 att
156 1238 141 29 förebygga
325 1239 36 22 att
387 1238 126 29 förening,
543 1245 52 16 som
623 1238 25 23 af
673 1238 106 23 domstol
803 1238 49 22 för-

93 1272 95 23 klarats
206 1273 110 28 upplöst,
335 1273 70 28 finge
423 1279 91 22 genom
536 1275 37 20 att
590 1273 80 28 draga
683 1273 75 22 mälet
770 1272 81 23 under

92 1307 79 28 högre
196 1308 63 21 rätts
278 1307 119 29 pröfning
415 1307 97 23 tillfälle
532 1309 36 20 att
586 1307 116 22 fortsätta
722 1307 38 22 sin
779 1307 73 22 verk-

92 1341 105 26 samhet,
226 1342 47 21 har
297 1342 8 21 i
330 1341 15 29 &
371 1342 33 21 22
430 1342 117 29 stadgats
573 1344 36 20 att
633 1341 156 29 föreningen,
816 1341 36 22 till

93 1375 58 23 dess
169 1376 80 29 högre
268 1377 63 21 rätts
350 1376 84 29 utslag
452 1376 73 26 fallit,
546 1376 47 22 bör
611 1376 100 22 inställa
731 1376 32 22 all
779 1376 73 22 verk-

93 1410 98 22 samhet
209 1411 68 21 utom
296 1410 151 23 utöfvandet
466 1411 26 22 af
511 1411 100 28 näring,
631 1417 53 15 som
704 1410 25 22 af
743 1410 108 23 förenin-

92 1451 49 22 gen
169 1445 78 28 enligt
274 1445 57 22 dess
357 1445 104 28 stadgar
481 1445 82 26 idkas,
583 1447 65 20 samt
666 1445 142 22 värdandet
826 1444 26 23 af

92 1478 163 29 föreningens
275 1479 130 28 egendom.

163 1521 129 23 Lagutskottets
305 1522 109 17 betänkande
427 1522 37 17 N:o
476 1523 18 17 4.
