1086 1770
446 207 21 18 10
480 208 15 22 8.

159 261 28 30 Ej
206 262 37 21 må
261 261 180 29 landtdagsman
458 262 120 28 förvägras
597 264 35 19 att
650 261 94 22 inställa
758 261 36 29 sig
807 260 39 23 vid

89 294 114 31 landtdag
221 295 44 23 och
284 296 41 21 sitt
343 296 51 21 värf
412 296 86 22 utöfva.

444 379 48 23 1128.

159 427 190 29 Landtdagsman
368 428 37 21 mä
424 429 20 27 ej
463 428 81 22 ställas
562 428 74 22 under
655 429 71 21 tilltal
738 429 57 21 eller
807 429 38 21 be-

89 462 79 22 röfvas
194 462 35 21 sin
257 461 70 22 frihet
351 462 36 22 för
410 462 93 28 yttrade
522 462 87 22 äsikter
627 463 57 21 eller
702 463 40 21 sitt
760 462 85 23 förhäl-

90 496 70 22 lande
173 496 8 22 i
193 496 72 29 öfrigt
283 496 73 22 under
368 496 215 29 förhandlingarna,
596 497 98 22 säframt
705 498 51 21 icke
769 497 77 23 landt-

90 530 77 30 dagen
185 530 84 22 sådant
286 530 124 30 medgifvit
427 538 84 22 genom
529 532 83 28 beslut,
624 532 36 22 för
672 532 92 22 hvilket
776 532 71 22 minst

89 565 46 22 fem
154 565 135 29 sjättedelar
313 566 24 21 af
361 565 51 22 dess
434 566 146 22 närvarande
599 566 149 23 medlemmar
765 569 80 19 röstat.

447 645 21 17 12
480 645 15 22 8.

159 698 80 22 Under
266 699 126 28 påstående
417 699 114 29 landtdag
557 700 37 21 mä
621 699 180 30 landtdagsman
825 700 21 29 ej

90 735 57 20 utan
174 733 155 28 landtdagens
353 734 120 28 samtycke
497 734 83 21 häktas
602 734 35 22 för
655 734 69 27 brott,
745 737 57 19 utan
821 735 25 20 sä

90 771 27 18 är
135 769 36 20 att
188 767 98 23 domstol
305 767 37 22 till
360 767 58 23 hans
437 768 118 22 häktande
583 768 120 22 förordnat
726 769 56 21 eller
800 768 46 22 han

91 803 109 28 ertappas
219 803 30 28 pä
267 803 42 22 bar
327 803 99 28 gerning
444 803 41 21 vid
507 803 119 28 begäende
645 803 23 22 af
686 803 70 28 brott,
774 803 72 22 hvarä

90 837 21 28 ej
131 837 47 21 kan
196 837 56 28 följa
276 837 92 29 ringare
390 837 66 22 straff
475 841 29 18 än
523 837 104 29 fängelse
645 837 8 22 i
672 845 39 14 sex
729 837 116 22 mänader.

160 871 50 22 Har
234 871 180 29 landtdagsman
438 872 75 21 under
531 879 51 14 resa
600 871 38 22 till
657 871 113 29 landtdag
788 872 56 21 häk-

91 907 48 20 tats
156 906 29 28 pä
204 913 77 15 annan
305 905 77 29 grund
401 910 28 17 än
449 906 8 21 i
479 907 10 20 1
510 914 66 14 mom.
596 910 102 24 nämnes,
718 906 69 22 varde
806 906 40 22 fri-

91 939 88 29 gifven,
198 947 36 15 om
253 940 142 29 landtdagen
414 940 41 22 det
474 941 106 22 besluter.

161 974 42 22 Om
229 974 118 30 häktning
373 974 23 22 af
423 975 180 29 landtdagsman
627 974 61 22 skall
705 978 83 26 genast
806 983 40 14 an-

91 1008 73 22 mälas
181 1008 42 23 hos
241 1010 141 21 talmannen.

449 1070 21 17 13
483 1070 14 22 &.

160 1124 126 29 Förgriper
307 1124 36 29 sig
366 1124 77 29 nägon
469 1124 52 22 med
545 1124 42 22 ord
606 1124 56 22 eller
679 1124 101 29 gärning
798 1126 48 20 mot

91 1158 187 29 landtdagsman,
297 1158 30 22 dä
345 1159 75 21 denne
440 1162 25 18 är
477 1160 31 28 pä
525 1166 51 14 resa
589 1158 37 22 till
639 1158 55 22 eller
707 1158 50 22 från
769 1158 77 22 landt-

91 1193 47 29 dag
156 1193 57 22 eller
230 1193 83 22 medan
332 1193 72 22 sädan
422 1194 80 28 pägär,
521 1193 43 22 och
582 1192 86 23 skedde
682 1192 39 22 det
733 1193 52 21 med
798 1195 49 20 vet-

91 1228 58 28 skap
175 1235 36 14 om
235 1230 35 20 att
290 1228 47 22 han
361 1235 41 15 var
420 1228 188 29 landtdagsman,
628 1227 56 22 eller
701 1227 91 23 våldför
810 1228 37 28 sig

91 1263 78 28 nägon
187 1262 59 22 efter
264 1262 114 29 landtdag
396 1263 30 27 pä
444 1262 181 29 landtdagsman
643 1262 36 22 för
696 1262 102 22 värfvets
812 1264 36 20 ut-

91 1296 104 27 förande,
219 1296 71 23 varde
314 1296 44 22 den
383 1296 211 30 omständigheten,
619 1299 35 19 att
673 1296 86 22 brottet
777 1296 71 22 föröf-

91 1333 53 20 vats
162 1333 49 19 mot
228 1331 186 29 landtdagsman,
433 1331 75 21 såsom
527 1331 148 28 synnerligen
698 1329 150 23 försvårande

91 1365 94 22 ansedd.

161 1400 70 22 Hvad
257 1400 42 22 här
324 1403 25 18 är
372 1400 70 28 sagdt
459 1407 38 14 om
515 1400 187 28 landtdagsman,
724 1399 61 29 gälle
804 1398 45 22 ock

91 1434 143 22 sekreterare
253 1434 43 22 och
315 1434 121 29 betjäning
453 1434 42 22 vid
513 1434 121 28 landtdag.
