1081 1761
217 168 13 21 6
437 169 29 22 U.
482 169 28 22 B.
527 181 26 4 —
570 169 75 29 Prop.
661 169 40 23 N:o
716 169 37 22 15.

218 239 52 23 med
283 239 44 23 och
339 239 76 30 enligt
427 239 124 24 enahanda
561 240 152 29 grundsatser
725 247 50 15 som
787 239 188 29 församlingsfri-

218 273 77 29 heten,
325 274 97 22 hvilken
440 275 9 21 i
466 275 85 29 själfva
577 275 82 21 verket
685 277 70 27 utgör
781 281 29 15 en
838 273 136 30 nödvändig

218 308 171 30 förutsättning
407 309 36 22 för
461 308 228 30 föreningsfriheten.

286 342 12 22 I
326 343 103 29 England
455 347 25 18 är
507 343 52 23 icke
586 343 196 23 föranstaltandet
809 342 23 22 af
856 342 120 22 allmänna

217 377 208 23 sammankomster
454 378 89 22 bundet
572 378 40 22 vid
640 378 73 29 några
742 376 140 30 föregående
914 377 60 22 iakt-

218 411 125 29 taganden.
371 412 237 30 Församlingsrätten
627 420 67 15 anses
710 412 59 22 dock
782 419 57 15 vara
851 411 123 22 öfverskri-

218 445 54 29 den,
290 446 9 22 i
316 446 111 22 händelse
446 446 133 23 ändamålet
596 446 53 23 med
667 446 212 23 sammankomsten
898 449 25 19 är
936 446 37 22 be-

217 480 91 29 gående
335 481 24 22 af
385 481 64 22 brott
475 481 57 22 eller
559 489 36 15 om
619 481 168 29 församlingen
805 480 54 30 själf
877 484 42 25 gör
936 480 37 29 sig

217 514 96 30 skyldig
340 515 37 22 till
405 515 130 29 fridsbrott,
562 518 61 20 samt
645 516 9 22 i
671 516 64 29 regel
763 515 69 23 äfven
859 522 38 15 om
920 514 52 23 med

215 550 184 22 sammankomst
422 550 60 22 afses
505 550 161 30 upphetsning
690 551 24 21 af
737 550 64 22 olika
819 549 88 23 klasser
924 552 49 20 mot

217 583 134 23 hvarandra
374 585 57 21 eller
454 584 115 29 ingående
588 585 23 22 af
629 593 29 14 en
677 585 115 28 komplott
810 584 162 29 (conspiracy).

215 617 51 23 Har
293 618 40 22 vid
359 619 183 22 sammankomst
568 618 219 23 tillstädesvarande
815 617 157 23 fredsdomare

214 652 81 22 funnit
312 655 37 20 att
366 653 45 22 den
430 653 117 23 allmänna
564 653 77 23 friden
659 654 79 22 blifvit
756 653 84 22 bruten
860 652 42 23 och
914 660 58 21 upp-

214 687 47 22 läst
279 687 229 30 tillkännagifvande
526 688 87 28 härom,
632 696 67 14 anses
717 688 52 27 den,
787 695 50 14 som
855 687 59 22 efter
926 687 45 22 för-

214 721 82 30 loppet
320 722 23 22 af
367 730 28 14 en
413 723 80 22 timme
517 727 63 18 ännu
607 723 119 22 fortsätter
753 721 218 28 sammankomsten,

214 755 72 23 hafva
304 757 63 28 gjort
385 757 36 28 sig
439 757 95 29 skyldig
551 757 38 22 till
607 757 70 28 brott,
696 758 36 21 för
746 757 93 22 hvilket
857 756 46 22 kan
915 756 57 29 följa

214 790 63 23 ända
295 791 37 22 till
350 791 244 23 lifstidsfrihetsstraff.

283 825 132 23 Frankrikes
436 833 32 15 nu
494 826 110 29 gällande
631 826 39 29 lag
688 833 37 15 om
743 825 227 29 församlingsrätten

215 859 25 22 af
258 859 46 22 den
323 860 32 22 30
373 861 51 28 juni
445 861 62 21 1881
533 861 84 21 hänför
641 861 36 28 sig
701 860 37 22 till
766 860 123 28 offentliga
912 866 59 15 sam-

214 894 159 22 mankomster
399 896 58 20 utan
485 894 108 23 afseende
611 896 13 21 &
642 894 65 22 deras
735 894 163 22 beskaffenhet
916 893 56 22 eller

214 927 116 23 ändamål.
361 928 214 23 Sammankomsten
595 930 61 21 skall
673 929 92 29 föregås
785 928 23 22 af
827 936 27 14 en
874 928 41 22 hos
933 928 38 22 be-

214 961 68 30 hörig
300 962 139 30 myndighet
457 964 70 22 minst
546 964 31 21 24
597 964 91 22 timmar
706 964 63 21 förut
781 962 68 30 gjord
863 962 109 22 anmälan

213 1004 38 14 om
279 997 85 28 stället,
391 998 76 29 dagen
493 998 44 22 och
561 999 96 21 timmen
686 998 36 22 för
751 997 220 23 sammankomsten.

212 1030 85 23 Denna
324 1032 109 22 anmälan
459 1032 43 25 bör
529 1040 56 14 vara
611 1032 176 22 undertecknad
806 1032 24 22 af
848 1032 40 21 tvä
915 1031 56 21 eller

212 1064 56 23 flere
286 1073 117 22 personer,
421 1074 50 15 som
489 1071 38 18 äro
545 1067 8 21 i
571 1066 139 30 åtnjutande
729 1067 23 21 af
771 1066 53 22 sina
839 1066 133 28 borgerliga

213 1099 44 23 och
281 1100 112 29 politiska
417 1101 144 30 rättigheter,
581 1102 43 21 och
643 1102 23 21 af
683 1101 81 22 hvilka
783 1101 141 22 ätminstone
942 1108 29 13 en

212 1137 27 18 är
257 1135 80 22 bosatt
354 1135 9 22 i
381 1135 45 22 den
445 1136 117 28 kommun,
581 1136 94 22 hvarest
685 1136 213 22 sammankomsten
910 1135 61 22 skall

212 1176 44 21 ega
275 1176 58 20 rum,
351 1173 60 19 samt
429 1173 104 26 upptaga
551 1170 116 22 huruvida
690 1169 135 23 ändamälet
843 1169 53 22 med
913 1176 58 15 sam-

212 1203 163 22 mankomsten
399 1208 26 18 är
451 1207 34 19 ett
509 1204 106 29 föredrag
636 1204 153 27 (conference)
808 1204 57 21 eller
883 1211 29 14 en
930 1204 42 21 all-

212 1240 54 18 män
295 1237 140 23 diskussion.
473 1239 210 22 Sammankomster
707 1239 23 21 få
754 1239 21 29 ej
802 1246 44 20 ega
873 1245 51 14 rum
942 1238 29 28 pä

212 1271 88 23 allmän
318 1276 53 25 väg,
390 1274 21 28 ej
430 1273 75 22 heller
523 1274 121 21 fortsättas
663 1273 58 22 efter
740 1273 104 21 klockan
862 1272 62 22 elfva
941 1273 30 28 pä

212 1306 104 28 aftonen,
344 1307 53 22 med
425 1307 89 22 mindre
541 1307 28 22 de
596 1307 74 23 hällas
698 1308 7 21 i
733 1307 124 28 offentliga
875 1306 95 28 lokaler,

211 1339 96 23 hvilkas
325 1342 176 29 stängningstid
520 1342 109 22 inträffar
646 1349 87 15 senare.

281 1375 89 29 Hvarje
389 1376 180 22 sammankomst
587 1376 42 22 bör
647 1376 72 22 hafva
736 1384 28 14 en
784 1374 136 30 bestyrelse,
933 1374 39 22 be-

211 1408 98 23 stäende
323 1410 22 22 af
358 1410 71 22 minst
448 1413 35 19 tre
501 1418 114 22 personer,
628 1410 98 22 utsedda
739 1410 23 22 af
775 1408 196 24 föranstaltarene

211 1443 24 21 af
253 1444 214 23 sammankomsten
485 1445 56 22 eller
562 1445 149 28 deltagarene
729 1444 58 22 däri.
822 1444 148 27 Bestyrelsen

210 1477 93 30 åligger
328 1481 35 19 att
386 1479 161 29 upprätthålla
571 1479 137 29 ordningen;
733 1481 35 20 att
787 1477 85 23 hindra
891 1477 81 29 hvarje

279 1521 133 23 Lagutskottets
424 1521 109 19 betänkande
545 1522 38 18 N:o
595 1522 17 17 3.
