1086 1767
325 144 21 22 U.
363 144 22 20 B.
404 155 28 3 —
449 143 61 27 Prop.
528 143 35 22 N:o
579 143 31 21 18.
839 142 11 20 7

100 210 131 20 införandet
257 210 24 20 af
306 216 27 14 en
360 208 210 28 uppsägningsfrist
598 208 34 21 till
655 208 89 21 förmån
762 208 35 21 för
820 208 28 20 de

101 246 111 26 olagligen
237 245 127 21 utnämnde
381 245 51 20 icke
449 245 53 20 med
524 244 70 26 några
612 244 105 21 hållbara
740 244 50 21 skäl
807 244 44 21 för-

101 287 86 20 svaras,
204 281 95 21 emedan
313 280 146 28 billighetens
471 280 130 27 fordringar
612 280 7 20 i
629 280 79 27 hvarje
721 280 38 21 fall
771 281 80 20 kunna

101 317 29 27 på
154 319 70 18 annat
245 318 44 19 sätt
306 317 138 27 tillgodoses.
478 316 52 21 Med
542 317 92 26 hänsyn
651 316 33 20 till
702 316 37 20 det
756 316 95 21 anförda

101 354 43 19 har
166 353 115 20 Utskottet
299 355 54 18 trott
374 353 34 26 sig
429 352 56 21 böra
508 352 92 21 förorda
622 354 31 19 ett
670 352 134 27 återgående
817 352 33 20 till

102 389 44 20 den
158 388 6 20 i
178 388 109 21 Senatens
309 388 84 27 förslag
412 389 109 20 använda
540 388 180 27 formuleringen
737 388 41 20 afi
790 388 62 27 fråga

102 425 101 20 varande
222 424 131 27 stadgande.
374 424 34 21 Då
428 424 71 27 enligt
515 424 115 21 Utskottet
650 424 202 21 tillhandakomna

103 461 167 26 upplysningar
296 460 119 27 möjlighet
437 461 124 20 förefinnes
583 460 35 21 för
640 461 78 26 lagens
735 460 117 27 genomfö-

103 497 71 20 rande
190 497 64 20 inom
272 496 67 27 något
356 496 91 21 kortare
464 497 32 20 tid
514 498 28 19 än
562 497 45 20 den
620 496 6 20 i
638 497 44 20 den
698 496 52 21 nåd.
768 503 84 20 propo-

103 533 98 20 sitionen
231 533 135 26 föreslagna,
390 532 43 21 har
458 533 122 25 Utskottet,
615 532 55 21 efter
700 532 153 27 omröstning,

101 568 87 27 jämväl
205 568 93 21 beslutit
314 568 83 21 föreslå
414 570 33 18 att
463 568 63 21 tiden
543 568 79 21 härför
638 568 70 20 måtte
729 568 124 21 fastställas

104 605 32 19 till
155 611 38 14 sex
211 604 116 20 månader.

179 706 110 20 Förutom
306 706 28 20 de
351 705 132 28 ändringar,
500 707 80 20 hvilka
596 707 6 20 i
620 706 37 21 det
668 706 135 27 föregående
814 706 38 20 be-

106 743 65 24 rörts,
193 742 43 20 har
258 742 114 20 Utskottet
388 741 145 22 beträffande
549 743 45 20 den
611 742 99 21 svenska
726 744 76 18 texten
820 741 34 21 till

106 777 144 27 lagförslaget
266 780 73 18 ansett
356 777 70 27 några
443 778 117 27 språkliga
577 778 88 21 sådana
682 778 56 21 böra
749 778 105 26 vidtagas

103 814 87 26 jämväl
207 814 35 20 för
253 814 139 27 uppnående
404 814 24 20 af
438 814 41 20 full
492 814 239 21 öfverensstämmelse
742 814 54 21 med
809 814 44 20 den

106 849 74 20 finska
205 851 82 19 texten.
320 849 60 21 Från
405 849 45 21 den
475 850 75 20 finska
573 850 126 27 lagtextens
715 850 80 20 rubrik
813 850 42 20 har

106 885 65 20 ordet
197 885 93 21 »niistä»
317 885 122 26 uteslutits,
464 885 97 21 emedan
587 886 114 26 uttrycket
718 886 49 20 icke
785 885 69 21 står
841 881 16 35 i

106 921 239 21 öfverensstämmelse
362 922 51 20 med
432 921 82 27 själfva
531 922 125 27 lagtextens
675 922 109 20 innehåll.

180 1023 30 20 På
235 1023 69 20 ofvan
330 1023 136 20 utvecklade
491 1023 99 26 grunder
607 1023 35 21 får
658 1023 114 21 Utskottet
790 1023 64 21 vörd-

108 1061 58 18 samt
184 1058 91 21 föreslå:

393 1115 31 19 att
445 1113 124 21 Ständerna
590 1112 50 22 ville
662 1115 82 26 antaga
760 1113 98 28 följande

323 1191 41 27 Lag
389 1189 110 29 angående
523 1190 170 23 återinsättande
710 1191 4 22 i
731 1191 64 22 deras
812 1191 45 22 rät-

251 1227 94 27 tigheter
368 1226 26 23 af
410 1227 138 28 tjänstemän,
566 1227 69 22 hvilka
650 1227 66 22 under
731 1225 51 24 åren
798 1227 56 22 1902

253 1263 85 22 —1905
362 1263 68 22 blifvit
453 1261 50 24 från
524 1263 47 22 sina
587 1263 146 27 befattningar
748 1262 108 26 skilda,

253 1298 111 23 äfvensom
391 1297 110 29 angående
529 1299 134 28 tjänstemän,
691 1299 69 22 hvilka
793 1299 66 22 under

252 1340 82 16 samma
357 1334 29 22 tid
410 1334 69 22 blifvit
502 1335 30 22 till
556 1336 103 27 tjänsten
680 1335 113 22 utnämnda
809 1334 50 22 med

252 1370 105 22 afvikelse
373 1368 48 24 från
438 1370 195 28 grundlagsenlig
650 1370 130 26 ordning.

184 1430 15 20 I.
217 1430 157 26 Tjänsteman,
391 1430 58 21 skild
465 1430 51 21 från
534 1431 98 27 tjänsten
650 1433 54 18 utan
714 1430 146 26 ransakning

111 1466 43 20 och
179 1466 62 24 dom,
265 1466 62 25 skall,
351 1472 36 14 om
414 1466 46 20 han
487 1466 69 27 enligt
572 1467 113 26 grundlag
701 1466 49 20 icke
767 1466 93 20 kunnat
