1086 1767
443 144 29 22 U.
488 144 26 21 B.
845 142 12 20 9

101 216 76 29 grund
202 216 23 22 af
250 216 97 22 anförda
372 216 84 21 besvär
480 216 46 21 kan
545 215 24 21 af
591 214 168 29 myndigheten
778 216 79 19 rättas.

103 263 32 3 —
161 250 46 22 Vid
235 250 145 22 inrättandet
408 250 22 21 af
458 258 47 20 nya
532 250 99 28 tjänster
658 256 66 14 anses
752 248 105 22 däremot

102 285 129 22 Monarken
249 286 30 28 pä
297 284 76 29 grund
392 284 23 22 af
439 285 9 20 1
470 284 106 29 punkten
594 283 27 22 F.
646 291 20 13 0.
695 283 22 21 S.
747 283 28 21 A.
803 290 56 14 vara

102 320 135 28 berättigad
262 322 35 19 att
321 320 129 21 bestämma
474 326 36 14 om
530 318 129 28 ordningen
680 318 34 21 för
731 317 128 22 desammas

104 354 145 22 besättande.

173 388 78 22 Jämte
275 388 40 22 det
335 389 8 21 i
364 388 29 21 10
406 389 13 25 8
432 388 27 21 R.
482 387 26 21 F.
528 387 100 29 stadgas,
650 389 35 19 att
711 387 56 28 inga
785 386 76 21 utlän-

105 423 84 28 dingar
204 424 37 20 mä
262 423 8 21 i
289 423 90 21 riksens
400 422 171 28 beställningar
593 422 93 27 brukas,
711 420 150 23 föreskrifves

105 458 51 21 däri
183 457 92 22 vidare:
296 457 50 29 ,Til
364 457 46 21 alla
429 457 79 21 thessa
527 457 98 28 tjenster
643 456 50 22 skal
706 456 83 21 endast
802 455 59 21 skic-

106 492 106 28 kelighet
231 492 43 21 och
293 491 132 23 erfarenhet
443 491 56 25 föra,
520 493 57 19 utan
605 490 108 22 afseende
740 490 30 28 pä
791 491 71 27 gunst

107 526 56 22 eller
190 526 81 28 födsel,
296 527 24 21 tä
347 526 39 22 the
414 526 20 28 ej
463 525 53 22 med
535 525 155 28 skickelighet
708 523 154 29 förknippade

106 560 96 22 finnas".
240 561 49 21 Och
307 561 7 21 i
334 560 238 22 öfverensstämmelse
599 559 95 22 härmed
712 559 95 29 stadgas
826 558 7 21 i
847 558 15 21 4

107 596 106 28 punkten
231 596 26 20 F.
277 602 20 15 o.
318 595 22 21 S.
353 595 36 27 A.,
403 597 35 19 att
452 594 162 29 ,skicklighet,
636 594 113 29 förtjenst,
762 593 101 22 erfaren-

107 630 41 21 het
165 630 43 22 och
227 630 128 28 bepröfvad
373 629 172 29 medborgerlig
564 628 76 30 dygd"
661 632 39 18 äro
728 628 73 28 ,enda
820 626 43 22 och

107 667 62 19 rätta
188 664 104 29 grunden
311 664 36 22 för
366 663 125 23 befordran
512 664 27 21 til
559 663 45 22 alla
617 664 73 21 rikets
703 663 105 21 embeten
821 661 42 22 och

109 700 102 28 tjenster,
222 699 71 28 högre
312 698 43 22 och
373 698 71 29 lägre,
464 701 58 19 utan
547 698 108 22 afseende
680 699 29 27 pä
727 697 58 22 börd
807 696 57 21 eller

110 734 96 21 särskilt
224 732 89 22 ständ*.

179 768 82 22 Redan
280 768 71 28 tidigt
368 766 60 22 hade
438 767 157 29 grundsatsen
604 774 37 14 om
651 767 159 29 tjänstemans,
826 773 39 14 en-

111 802 153 28 kannerligen
291 802 111 27 domares,
422 802 162 28 oafsättlighet
611 801 85 22 rotfäst
723 801 35 29 sig
786 801 7 21 i
821 800 44 21 den

109 836 100 22 svenska
227 836 251 30 rättsuppfattningen.
516 836 104 22 Sälunda
642 843 42 14 var
701 836 71 21 redan
791 834 73 22 under

112 871 69 21 17-de
200 870 159 22 ärhundradet
377 871 202 29 tjänstemännens
597 870 160 29 oafsättlighet
776 877 28 14 en
824 869 40 21 all-

110 908 65 19 mänt
192 905 88 22 erkänd
298 905 70 29 regel
403 905 12 21 I
437 906 63 20 1772
521 906 36 20 års
576 905 27 21 R.
623 905 25 21 F.
660 904 73 22 finnes
746 904 39 21 väl
805 904 60 21 intet

109 940 143 28 uttryckligt
270 939 128 29 stadgande
409 939 86 22 härom.
515 940 53 21 Men
577 939 30 21 dä
617 940 8 20 i
635 939 51 21 dess
698 940 27 20 31
739 940 12 26 $
762 938 103 28 stadgas,

111 977 35 19 att
164 975 61 21 vissa
245 974 42 22 där
305 974 151 29 uppräknade
485 974 232 29 förtroendetjänster
741 972 77 23 kunde
843 972 22 22 af

111 1010 132 27 Konungen
271 1010 57 20 utan
353 1008 141 29 föregäende
517 1008 54 28 laga
589 1008 144 29 ransakning
751 1008 43 22 och
813 1007 52 21 dom

111 1044 104 27 afsättas,
235 1044 25 20 sä
278 1043 97 21 innebär
394 1042 65 22 detta
478 1046 34 18 ett
531 1042 151 22 bekräftande
702 1043 22 21 af
736 1042 79 29 regeln
830 1049 36 14 om

111 1079 200 28 tjänstemännens
327 1077 169 29 oafsättlighet.
524 1078 42 21 Ett
583 1077 172 29 förtydligande
769 1077 23 21 af
802 1076 65 22 detta

111 1112 132 28 stadgande
265 1112 86 22 skedde
370 1112 131 22 sedermera
516 1119 82 21 genom
627 1112 16 21 4
666 1113 12 25 8
696 1112 36 21 uti
749 1111 118 27 riksdags-

112 1147 101 21 beslutet
235 1147 24 21 af
275 1148 25 20 år
325 1146 71 28 1786,
412 1147 68 21 hvari
499 1146 143 22 förklarades
658 1149 35 19 att
710 1146 74 22 under
802 1145 66 21 ordet

112 1198 5 10 »
119 1181 120 28 välfärd",
250 1189 48 14 som
312 1181 8 21 i
337 1182 38 26 28
390 1181 28 21 R.
435 1181 26 21 F.
475 1181 159 28 förekommer,
651 1181 68 21 äfven
734 1180 133 28 inbegripes

111 1216 174 21 innehafvande
304 1216 90 21 ämbete
413 1216 57 21 eller
489 1216 79 28 tjänst,
587 1216 25 21 så
632 1218 35 19 att
682 1216 70 28 ingen
769 1215 100 21 ämbets-

113 1250 57 22 eller
191 1251 148 28 tjänsteman,
359 1250 24 21 så
402 1250 23 21 af
444 1250 98 22 militär-
561 1257 46 14 som
627 1250 23 22 af
662 1250 64 21 civil-
739 1249 42 22 och
795 1248 74 22 eckle-

113 1284 168 28 siastikstaten,
301 1285 42 27 får,
367 1287 58 19 utan
453 1284 55 28 laga
532 1284 144 29 ransakning
695 1284 42 22 och
756 1284 53 21 dom
827 1282 41 22 vid

113 1319 98 29 behörig
230 1318 105 28 domstol,
353 1319 51 21 från
431 1319 103 21 ämbetet
558 1318 56 22 eller
638 1319 103 29 tjänsten
765 1318 103 22 .afsättas.

114 1352 49 22 Och
181 1353 8 21 i
208 1353 239 22 öfverensstämmelse
466 1353 95 21 härmed
576 1353 86 21 uttalas
680 1353 8 21 i
706 1352 163 22 stadfästelsen

113 1388 13 20 å
145 1388 140 28 Förenings-
310 1388 43 21 och
378 1388 199 21 Säkerhetsakten
601 1390 49 26 att
676 1387 46 22 alla
749 1385 121 23 domare
859 1381 15 40 i

113 1422 72 28 högre
205 1422 42 21 och
272 1422 64 28 lägre
357 1422 84 21 Rätter
460 1424 60 20 samt
543 1422 46 22 alla
614 1422 88 21 mindre
722 1421 148 26 embetsmän,

113 1463 48 15 som
183 1456 21 29 ej
227 1456 126 22 innehafva
374 1459 104 19 tromans
505 1456 125 28 värdighet
657 1456 56 22 eller
730 1458 55 26 taga
808 1455 37 21 del
863 1454 8 20 i

184 1500 133 22 Lagutskottets
330 1499 110 17 betänkande
453 1499 38 18 N:o
505 1500 13 17 1.
