1086 1764
234 154 12 19 2
473 155 21 22 U.
511 155 21 22 B.
552 167 26 2 —
596 155 61 28 Prop.
676 155 35 22 N:o
727 155 30 22 16.

233 221 41 20 äro
291 221 118 26 ansvarige
426 221 51 21 icke
493 221 59 21 blott
567 223 117 25 gentemot
703 221 130 21 monarken
846 233 28 2 —
886 221 40 20 där
939 221 44 20 för-

235 255 126 28 fattningen
386 258 25 19 är
435 257 137 20 monarkisk
590 269 26 2 —
634 259 54 18 utan
714 258 44 20 ock
783 257 61 21 inför
860 256 124 28 folkrepre-

234 292 151 26 sentationen,
402 294 67 25 utgör
485 299 28 14 en
530 293 71 20 bland
613 293 28 20 de
655 293 122 27 viktigaste
788 293 149 27 garantierna
948 293 36 20 för

233 328 38 20 det
294 328 130 27 regeringen
441 329 6 20 i
464 329 157 26 verkligheten
639 329 59 21 föres
715 329 6 20 i
739 329 241 20 öfverensstämmelse

233 363 53 21 med
310 363 189 22 konstitutionen.
533 365 176 27 Bestämningar
733 371 39 14 om
798 371 28 14 en
851 365 72 20 sädan
942 371 40 14 an-

233 399 115 28 svarighet
364 401 85 20 saknas
466 401 126 20 emellertid
608 401 2 20 i
623 401 112 20 Finlands
747 401 147 27 grundlagar.
916 400 65 21 Hvad

233 435 119 21 desamma
369 436 6 20 i
392 436 152 21 förevarande
560 437 108 20 afseende
685 437 79 26 stadga
782 437 97 20 innebär
890 437 94 20 fastmer

232 473 33 18 att
291 472 35 24 de,
353 479 49 14 som
427 475 51 24 taga
503 473 36 20 del
563 473 5 20 i
595 473 124 27 styrelsens
736 473 189 23 handhafvande,
942 474 40 19 äro

233 508 128 20 monarken
388 509 100 20 »allena»
515 509 119 27 ansvarige
658 509 36 20 för
718 509 131 26 sysslornas
874 508 108 27 behöriga

232 543 87 21 skötsel
342 543 32 28 (R.
400 545 24 20 F.
445 543 15 29 &
484 545 27 20 32
533 544 46 27 jfrd
596 545 52 20 med
673 544 15 28 $
704 543 26 29 4).
765 545 50 20 Den
840 544 140 27 omständig-

232 579 76 25 heten,
324 581 33 19 att
372 580 170 27 grundlagarna
559 581 51 20 icke
626 581 78 20 känna
721 581 34 20 till
768 580 77 27 nägon
857 580 124 27 styrelsens

232 615 146 27 ansvarighet
393 616 61 21 inför
471 616 269 27 folkrepresentationen,
761 618 26 19 är
807 616 84 23 därför,
911 616 69 27 enligt

232 651 62 20 hvad
310 652 70 20 ocksä
397 652 158 21 erfarenheten
573 652 72 27 gifver
660 652 39 21 vid
716 652 103 25 handen,
831 659 28 14 en
871 652 111 26 väsentlig

231 687 58 20 brist
305 687 7 20 i
329 687 112 22 Finlands
457 688 161 21 konstitution.

304 723 127 27 Styrelsens
458 724 54 21 eller
538 725 52 20 dess
617 725 105 20 enskilda
750 725 165 20 medlemmars
942 730 39 14 an-

232 759 115 27 svarighet
370 759 61 21 inför
447 760 261 27 folkrepresentationen
725 761 76 20 mäste
817 767 68 14 anses
902 760 80 20 främst

231 795 119 26 innebära,
366 798 33 18 att
415 797 28 20 de
459 797 40 20 äro
516 796 104 27 skyldiga
638 799 32 18 att
685 797 62 20 inför
758 796 220 27 representationen,

232 837 50 14 som
300 833 25 18 är
340 831 127 28 berättigad
483 834 32 18 att
531 832 29 27 pä
577 834 31 19 ett
624 833 54 20 eller
695 834 72 19 annat
784 833 44 20 sätt
840 832 139 20 kontrollera

232 867 123 26 styrelsens
379 868 154 25 verksamhet,
550 869 34 20 stä
600 869 34 20 till
652 875 70 19 svars,
740 869 21 20 d.
780 869 19 20 ä.
817 868 60 27 gifva
895 868 85 20 besked

230 902 37 21 för
290 903 28 20 de
342 903 105 27 ätgärder
463 911 50 14 som
531 904 107 27 vidtagits
654 905 55 20 eller
725 904 140 25 uraktlätits,
884 905 41 19 när
941 910 39 13 an-

231 939 125 26 märkning
378 939 83 21 härom
485 941 72 26 göres,
578 947 54 14 vare
649 940 34 27 sig
698 943 33 18 att
748 941 73 20 saken
839 940 69 26 gäller
924 940 56 20 kon-

230 975 183 26 trasignerandet
439 975 25 21 af
487 983 28 13 en
540 977 39 20 akt
602 976 55 21 eller
677 978 32 19 att
726 975 158 27 anmärkning
900 975 81 20 riktats

230 1012 50 19 mot
296 1011 38 20 det
347 1012 50 25 sätt,
414 1012 30 27 pä
461 1012 87 21 hvilket
564 1012 309 27 regeringsangelägenheter
889 1011 6 20 i
912 1011 67 26 öfrigt

230 1046 133 21 handhafts.
395 1048 37 20 Att
449 1049 30 19 ett
496 1048 82 20 sädant
594 1048 172 27 sammanhang
783 1049 53 26 äger
852 1054 52 13 rum
926 1047 55 20 mel-

231 1082 39 20 lan
294 1089 28 14 en
346 1083 210 27 styrelseledamots
580 1084 146 27 ansvarighet
751 1084 45 20 och
818 1083 160 27 skyldigheten

230 1119 34 19 att
287 1117 60 27 gifva
364 1119 85 20 besked
467 1119 35 20 för
518 1119 269 27 ämbetsförvaltningen,
804 1119 116 20 bekräftas
938 1119 43 20 ock

230 1153 26 20 af
278 1154 38 20 det
338 1155 50 24 sätt,
413 1155 88 27 hvarpä
519 1155 212 27 Regeringsformen
757 1155 94 26 stadgar
867 1161 38 14 om
922 1155 57 20 riks-

231 1189 152 27 kollegiernas
400 1191 107 26 ställning
523 1191 33 20 till
573 1191 125 27 konungen
715 1191 33 28 (R.
768 1191 24 20 F.
809 1189 54 29 832
869 1185 11 38 i
897 1189 81 28 slutet).

304 1226 8 20 I
337 1226 84 21 sakens
445 1229 68 18 natur
537 1227 68 27 ligger
624 1227 127 21 emellertid
769 1229 39 22 att,
830 1227 77 20 därest
923 1226 57 20 folk-

230 1262 225 26 representationens
466 1264 43 19 rätt
521 1263 134 20 inskränkte
667 1263 33 26 sig
712 1263 84 20 endast
807 1263 34 20 till
853 1269 28 14 en
893 1263 43 19 rätt
948 1264 32 18 att

230 1297 100 20 sälunda
346 1298 77 21 fordra
439 1298 87 21 besked
542 1299 36 20 för
594 1299 123 26 styrelsens
734 1298 190 26 handhafvande,
941 1297 37 21 det

230 1333 117 27 knappast
370 1334 79 21 kunde
473 1335 70 20 varda
567 1335 31 20 tal
618 1341 37 14 om
674 1341 28 14 en
718 1334 90 27 verklig
825 1333 154 27 ansvarighet.

230 1368 46 21 Till
303 1375 28 14 en
358 1369 72 21 sädan
455 1370 120 26 erfordras,
600 1372 32 19 att
651 1369 264 28 folkrepresentationen
932 1369 49 20 är
966 1364 17 38 i

230 1404 68 21 ständ
316 1407 32 18 att
364 1405 29 27 pä
410 1408 30 18 ett
457 1406 54 21 eller
526 1408 71 19 annat
613 1407 43 20 sätt
672 1406 61 27 gifva
751 1405 124 27 eftertryck
892 1405 22 20 ät
931 1405 51 20 sina

230 1441 189 26 anmärkningar.
453 1442 42 20 Det
512 1442 89 27 vanliga
618 1443 26 19 är
660 1442 78 21 därför
755 1441 45 21 ock
817 1443 33 18 att
866 1447 116 21 represen-

229 1476 104 21 tationen
358 1477 54 20 eller
436 1478 140 21 åtminstone
600 1479 44 20 den
666 1478 119 20 folkvalda
803 1477 67 21 delen
887 1477 25 20 af
926 1477 57 20 den-
