1084 1770
268 168 33 22 20

231 236 94 23 landets
351 236 151 30 grundlagar,
527 237 52 22 icke
598 238 36 21 må
658 237 94 22 komma
769 236 75 23 under
863 237 130 29 öfverlägg-

233 271 66 29 ning,
317 274 60 20 samt
395 274 36 20 att
449 271 86 23 afsluta
553 272 101 29 plenum.

303 306 28 28 Ej
355 306 37 22 må
416 306 135 22 talmannen
576 309 55 26 taga
655 306 39 22 del
712 307 8 21 i
738 306 181 30 öfverläggning
938 306 56 22 eller

234 341 152 28 omröstning,
411 341 20 29 ej
456 340 73 22 heller
556 340 84 23 föreslå
665 344 73 19 annat
762 345 29 17 än
816 340 46 29 det,
887 348 48 15 som
960 348 33 14 er-

233 374 91 22 fordras
343 375 35 22 för
396 375 180 29 verkställighet
594 375 23 22 af
635 375 183 29 grundlagarna,
837 375 156 29 landtdagens

234 409 77 22 beslut
329 409 55 22 eller
402 409 156 29 landtdagens
577 409 185 30 arbetsordning.

303 444 47 21 Vid
368 444 79 21 förfall
465 445 35 21 för
519 444 135 22 talmannen
673 444 79 21 träder
770 444 7 22 i
796 444 59 22 hans
867 444 68 22 ställe
948 444 44 22 den

234 478 95 21 främste
348 479 62 27 eller,
429 486 37 14 om
485 479 77 22 förfall
581 479 69 21 äfven
669 479 36 21 för
724 479 76 22 denne
812 478 96 28 inträdt,
922 478 71 23 andre

235 513 193 22 vicetalmaunen.

585 564 26 32 48
624 568 15 22 8.

304 616 46 22 Vid
375 617 94 29 plenum
495 624 55 22 eger
568 616 80 30 hvarje
667 616 181 30 landtdagsman
867 619 48 19 rätt
933 620 34 18 att
986 617 7 21 i

234 651 46 22 den
300 651 106 29 ordning,
425 651 67 22 hvari
511 651 45 22 han
575 652 37 28 sig
630 652 94 28 anmält,
744 652 88 22 erhålla
851 651 66 22 ordet
933 655 60 18 samt

235 686 38 21 till
297 686 140 28 protokollet
461 686 52 22 fritt
537 686 47 22 tala
609 686 43 22 och
675 689 65 26 yttra
762 686 36 29 sig
816 686 8 21 i
844 686 47 22 alla
909 686 84 28 frågor,

235 728 50 14 som
303 720 30 22 då
357 720 152 30 handläggas,
528 720 43 22 och
590 728 35 14 om
645 721 145 28 lagligheten
810 721 23 21 af
851 720 50 28 allt,
920 728 46 14 som
986 721 8 21 i

235 754 143 30 landtdagen
396 755 129 29 .tilldrager
550 756 42 28 sig.
629 756 28 28 Ej
683 756 37 21 må
744 756 77 28 någon
847 755 56 27 tala,
921 755 72 21 innan

236 789 67 22 ordet
329 789 112 22 tilldelats
469 789 90 28 honom,
587 790 43 21 och
658 790 52 22 icke
738 790 72 21 heller
833 792 66 19 utom
917 792 77 26 proto-

236 824 81 21 kollet.

304 858 192 29 Landtdagsman
514 858 43 22 bör
575 858 107 29 iakttaga
700 861 35 19 ett
754 858 120 29 allvarligt
888 858 43 22 och
943 862 51 18 vär-

235 892 54 28 digt
314 892 172 29 uppträdande;
506 893 70 28 ingen
595 893 76 21 tillåte
690 893 35 28 sig
744 892 181 29 förolämpande,
945 900 49 21 spe-

235 926 59 22 fulla
318 927 56 21 eller
398 927 56 29 eljes
478 927 128 28 opassande
631 927 96 28 uttryck
752 935 36 14 om
807 927 113 28 styrelsen
939 927 56 22 eller

236 961 107 22 enskilda
361 969 114 21 personer.
509 962 84 28 Bryter
612 963 75 27 någon
707 961 111 28 häremot,
837 969 42 21 ege
898 962 97 21 talman-

237 1003 45 14 nen
302 995 63 22 kalla
383 996 82 21 honom
484 996 37 21 till
541 996 129 29 ordningen
688 999 67 24 samt,
769 996 51 21 ifall
835 995 46 22 han
895 996 66 22 däraf
973 996 21 29 ej

237 1029 60 22 låter
315 1030 36 28 sig
370 1033 67 25 rätta,
457 1031 84 27 betaga
560 1031 84 21 honom
664 1031 71 21 ordet.
766 1031 12 20 I
790 1031 71 27 öfrigt
874 1031 121 21 ankomme

236 1064 14 21 å
269 1064 155 28 landtdagens
448 1065 118 28 pröfnving,
591 1064 115 22 huruvida
732 1064 187 29 landtdagsman,
946 1072 49 14 som

237 1098 112 22 förbrutit
373 1099 36 28 sig
433 1103 48 17 mot
506 1099 136 29 ordningen,
662 1100 42 20 bör
723 1099 90 21 erhålla
831 1099 164 29 föreställning

236 1132 45 22 och
305 1133 100 28 varning
425 1134 22 21 af
469 1134 142 25 talmannen,
631 1134 57 21 eller
706 1134 30 28 på
754 1134 48 21 viss
820 1133 42 27 tid,
881 1134 21 28 ej
921 1134 74 21 öfver-

236 1167 108 29 stigande
370 1168 39 21 två
433 1168 92 27 veckor,
549 1168 114 22 uteslutas
688 1168 51 21 från
764 1168 155 28 landtdagens
937 1175 58 15 sam-

237 1202 144 27 manträden,
400 1202 55 21 eller
473 1202 40 22 vid
532 1202 98 22 domstol
649 1203 81 27 åtalas,
750 1202 56 22 eller
819 1210 36 14 om
869 1202 70 22 saken
953 1202 42 22 bör

236 1236 100 22 förfalla.

591 1286 22 17 49
626 1286 15 22 $.

307 1333 168 30 Landtdagens
493 1334 177 29 förhandlingar
689 1335 40 21 vid
748 1335 93 28 plenum
862 1339 39 17 äro
915 1335 80 22 offent-

237 1368 55 29 liga,
318 1369 96 21 såframt
439 1369 20 28 ej
484 1368 143 29 landtdagen
652 1369 35 22 för
711 1369 60 21 visst
790 1369 40 21 fall
849 1369 146 22 annorlunda

237 1402 144 23 bestämmer.

307 1437 46 21 Vid
383 1440 63 19 stora
476 1437 126 22 utskottets
632 1437 187 22 sammanträden
850 1445 42 21 ega
919 1438 76 22 landt-

237 1471 89 28 dagens
346 1472 109 29 samtliga
473 1471 147 22 medlemmar
638 1475 48 18 rätt
704 1474 36 19 att
758 1475 106 19 närvara.
