1081 1759
148 321 66 28 248.

145 1377 28 49 25
187 1393 29 28 8.

219 150 14 21 6
443 150 27 22 U.
487 150 27 22 B.
533 163 25 2 —
575 150 72 28 Prop.
666 151 41 22 N:o
725 151 34 21 14.

429 219 204 21 massakummassa
656 219 104 21 kahdesta
783 219 95 21 lähinnä
902 220 74 21 ilmes-

429 255 87 25 tyvästä
530 255 147 19 numerosta<.

292 321 170 28 Ridderskapet
480 321 43 22 och
544 321 76 22 Adeln
642 323 63 20 samt
722 321 175 23 Bondeständet
912 322 65 22 hafva

223 355 104 28 godkänt
343 356 74 22 denna
433 356 103 28 paragraf
553 357 53 21 utan
622 357 102 28 ändring.

291 390 175 23 Presteständet
488 391 39 22 har
550 391 92 22 beslutit
658 391 70 22 sådan
746 391 96 28 ändring
858 391 6 22 i
883 392 7 21 I
909 397 68 16 mom.

227 425 120 28 angäende
370 425 72 22 stället
464 425 34 22 för
521 425 123 28 intagande
661 426 5 21 i
683 425 117 28 periodisk
816 425 125 28 tryckskrift
957 426 21 21 af

224 459 95 28 ingifvet
342 461 104 27 genmäle
466 461 57 20 samt
539 460 6 21 i
561 460 62 28 fräga
640 466 36 16 om
694 460 43 21 den
754 459 70 28 afgift,
840 466 50 16 som
908 460 70 21 borde

222 494 106 28 erläggas
340 495 34 21 för
390 494 42 22 den
450 495 35 21 del
502 495 22 21 af
538 495 112 27 genmäle,
668 495 83 21 hvilket
762 494 48 21 icke
823 494 155 22 kostnadsfritt

224 529 92 26 införes,
332 530 30 20 att
378 529 114 28 genmälet
508 529 56 22 skall
578 529 84 22 införas
678 529 6 21 i
702 528 218 29 ,textafdelningen*
933 529 44 21 och

222 563 95 28 afgiften
333 563 111 22 beräknas
460 563 54 22 efter
529 563 91 28 vanliga
636 563 262 28 tryckningskostnader.

293 597 191 29 Borgareständet
500 598 39 21 har
554 597 168 23 äterremitterat
738 598 4 21 1
756 604 68 15 mom.
836 598 22 21 af
873 604 104 22 paragra-

221 631 37 22 fen
275 632 31 22 till
323 632 115 22 Utskottet
454 633 5 20 i
475 633 57 28 syfte
549 633 30 21 att

294 666 20 29 1)
338 667 64 21 ordet
426 667 98 28 ,saklig*
549 667 71 21 skulle
640 666 83 22 införas
738 666 92 22 framför
844 667 105 27 genmäle
965 666 12 22 ä

221 700 69 22 femte
307 701 78 26 raden;

292 735 22 28 2)
338 735 54 22 efter
414 736 64 21 ordet
494 735 160 22 meddelandet
670 735 12 22 ä
698 741 88 16 samma
802 735 38 22 rad
857 735 71 22 skulle
944 735 32 21 in-

225 770 87 27 skjutas
328 770 71 22 orden
417 771 65 24 ,eller
497 770 216 28 tillkännagifvande
730 776 37 15 om
783 769 125 22 tillämnadt
924 769 54 22 eller

223 804 107 22 anställdt
353 804 43 22 ätal
413 805 5 21 i
435 804 124 29 anledning
582 805 21 22 af
624 805 134 25 detsamma,
774 804 53 22 eller
842 810 27 15 en
887 804 89 21 hänvis-

226 838 57 29 ning
298 839 32 21 till
346 839 157 28 beriktigande
519 839 6 21 i
542 845 74 16 annan
633 839 74 22 skrift"
725 839 59 22 samt

294 878 23 29 3)
341 879 137 28 stadgandet
501 878 119 29 angäende
644 879 44 22 den
712 879 58 28 plats
792 879 5 21 i
816 878 163 29 tryckskriften,

225 913 40 22 där
280 914 106 28 genmäle
402 914 70 21 borde
489 914 90 26 införas,
596 913 72 22 skulle
684 913 92 28 bringas
788 913 6 22 i
806 913 172 22 öfverensstäm-

224 947 72 22 melse
312 948 52 21 med
381 948 158 22 motsvarande
556 948 146 28 bestämning
718 948 5 21 i
740 947 45 22 den
801 947 84 28 nädiga
896 953 83 22 propo-

224 983 107 21 sitionen.

294 1017 113 28 Därjämte
424 1017 39 21 har
475 1017 27 21 24
518 1017 50 27 $:ns
584 1017 13 21 2
613 1023 68 15 mom.
698 1016 180 22 äterremitterats
894 1015 21 22 af
925 1015 54 22 Bor-

226 1051 147 27 gareständet
388 1051 34 22 för
438 1052 30 21 att
479 1051 172 22 omformuleras
662 1051 6 22 i
680 1051 236 22 öfverensstämmelse
928 1050 51 22 med

227 1085 103 22 ständets
346 1085 74 22 beslut
436 1085 138 22 beträffande
590 1086 13 27 $
619 1085 34 22 23.

296 1120 58 21 Enär
380 1121 83 21 tvenne
489 1119 65 22 ständ
582 1120 86 28 antagit
694 1119 120 22 utskottets
837 1119 143 22 betänkande

228 1154 154 27 oförändradt,
398 1154 128 22 hemställer
542 1155 115 22 utskottet:

499 1229 37 21 att
545 1228 89 22 Preste-
645 1228 43 22 och
698 1227 203 28 Borgareständen
909 1227 72 22 mätte

430 1262 128 28 godkänna
574 1263 76 22 denna
662 1261 120 30 paragraf
794 1262 74 28 enligt
887 1261 93 22 Utskot-

433 1297 44 22 tets
493 1296 151 23 betänkande.

296 1388 170 29 Ridderskapet
487 1389 42 21 och
551 1388 75 22 Adeln
644 1389 62 21 samt
724 1387 175 22 Presteständet
916 1387 66 22 hafva

227 1422 169 23 äterremitterat
419 1424 3 21 1
440 1429 68 16 mom.
526 1423 5 22 i
548 1423 75 22 denna
646 1422 104 29 paragraf
766 1422 6 21 i
788 1421 107 22 afseende
914 1421 12 22 ä
949 1422 32 21 ut-

228 1457 102 28 bytande
346 1457 21 22 af
382 1457 126 22 detsamma
524 1459 48 20 mot
589 1458 8 20 1
616 1463 68 16 mom.
702 1457 5 21 i
724 1456 28 22 25
768 1457 13 26 $
798 1456 30 21 uti
843 1456 44 21 den
898 1455 84 28 nädiga

295 1502 131 23 Lagutskottets
438 1502 108 18 betänkande
559 1502 37 18 N:o
608 1502 18 18 2.
