1081 1756
312 156 29 23 U.
360 156 25 22 B.
400 168 29 4 —
445 156 73 28 Prop.
534 156 42 22 N:o
592 156 36 22 14.
826 154 26 22 15

95 224 86 22 kastats
207 224 119 22 enahanda
353 224 171 28 bestämningar
552 230 50 16 som
628 224 153 28 boktryckeri-
807 223 44 22 och

96 258 235 29 bokhandelsyrkena.
375 258 55 22 Med
461 258 91 22 hänsikt
581 258 107 22 särskildt
719 258 33 22 till
784 257 68 28 dags-

96 298 108 23 pressens
228 294 61 21 stora
311 293 119 29 betydelse
446 293 44 22 och
508 293 44 22 den
568 294 72 20 större
656 292 66 27 våda,
738 292 115 22 missbruk

97 327 21 21 af
134 326 52 23 dess
203 327 108 29 ställning
326 328 44 22 kan
386 328 109 26 medföra,
511 327 67 22 hafva
594 327 61 22 vissa
666 327 138 22 föreskrifter
814 326 39 22 be-

96 361 110 22 träffande
229 362 43 22 den
296 362 130 28 periodiska
450 368 94 22 pressen
568 362 118 28 upptagits
709 361 49 22 dels
781 367 26 15 ur
822 366 30 16 nu

97 396 105 28 gällande
224 396 105 22 inhemsk
352 396 44 23 och
420 396 48 22 dels
492 403 25 15 ur
539 396 142 22 främmande
703 395 149 29 lagstiftning.

98 430 99 22 Sålunda
228 431 71 22 skulle
325 432 105 21 anmälan
456 437 38 16 om
520 430 143 29 utgifvandet
690 430 22 22 af
737 430 116 28 periodisk

98 464 62 22 skrift
182 464 76 29 åligga
280 465 51 27 den,
348 471 50 16 som
417 465 6 22 i
439 465 118 28 egenskap
581 465 21 22 af
622 464 128 29 förläggare
767 464 86 22 ekono-

97 499 68 21 miskt
190 499 89 28 uppbär
302 499 119 28 företaget,
447 506 51 15 men
525 499 108 28 därjämte
662 499 73 22 borde
762 499 92 21 namnet

98 533 29 28 på
140 533 44 22 den
196 539 90 23 person,
298 533 12 23 å
321 534 91 22 hvilken
420 533 183 23 bestämmandet
614 533 22 22 af
645 533 133 28 tidningens
791 533 62 22 inne-

99 567 44 22 håll
154 568 6 21 i
169 568 117 29 egenskap
297 568 21 22 af
326 568 193 23 hufvudredaktör
527 568 116 28 verkligen
653 568 140 26 ankommer,
801 573 53 16 vara

98 602 34 22 för
146 603 172 22 vederbörande
334 603 160 29 myndigheter
509 603 75 22 kändt.
615 602 73 23 Bland
704 602 150 29 egenskaper,

99 642 50 17 som
172 637 56 22 böra
251 637 157 22 känneteckna
428 637 51 26 den,
502 637 90 22 hvilken
612 637 103 22 handhar
730 636 123 28 ledningen

99 670 21 22 af
136 676 28 17 en
180 671 117 28 periodisk
312 671 132 29 tryckskrift,
461 671 41 22 har
516 671 45 22 ock
576 671 124 28 upptagits,
710 671 32 22 att
752 671 44 22 han
813 670 42 22 bör

99 705 85 28 åtnjuta
207 706 119 28 personlig
348 706 72 27 frihet,
442 706 97 22 emedan
563 705 117 23 saknaden
704 705 22 22 af
749 711 28 16 en
793 705 62 28 dylik

99 739 147 29 bestämning
268 740 150 22 annorstädes
434 740 52 22 med
503 739 119 29 framgång
638 740 71 28 gjorts
726 739 106 29 gällande
848 739 7 21 i

100 774 57 28 syfte
180 775 32 21 att
233 774 70 22 befria
322 774 106 22 redaktör
442 774 47 22 från
506 774 38 22 allt
557 780 82 16 ansvar
653 774 35 22 för
703 774 152 28 tryckfrihets-

99 808 66 27 brott,
182 808 29 29 på
234 808 44 23 den
299 809 73 28 grund
388 809 31 22 att
435 809 44 22 han
495 808 38 22 vid
550 808 62 22 tiden
627 808 35 23 för
678 809 44 22 den
739 808 116 22 straffbara

99 843 139 28 uppsatsens
255 843 208 28 offentliggörande
479 843 56 22 varit
552 843 108 22 beröfvad
677 843 103 22 friheten.

168 877 42 22 Till
234 877 278 29 ordningsföreskrifterna
535 878 55 22 höra
613 877 83 29 jämväl
717 877 139 22 bestämnin-

99 917 71 22 garna
193 913 31 20 att
240 911 12 23 å
267 912 157 28 tryckskrifter,
449 918 51 16 som
523 913 6 21 i
553 912 77 22 landet
653 913 125 26 utkomma,
800 912 56 22 bok-

100 946 130 28 tryckarens
248 953 68 15 namn
332 947 44 21 och
393 947 63 21 firma
472 948 59 20 samt
546 946 218 29 tryckningsårtalet,
780 946 76 22 äfven-

101 986 50 16 som
177 980 29 28 på
222 980 177 29 icke-periodisk
414 981 127 28 tryckskrift
557 981 119 22 dessutom
692 980 165 29 förläggarens,

101 1014 39 22 där
163 1014 71 22 sådan
260 1014 81 27 finnes,
367 1015 43 22 och
435 1014 12 23 å
471 1015 117 28 periodisk
610 1015 128 28 tryckskrift
761 1014 96 22 hufvud-

100 1048 148 23 redaktörens
268 1055 68 16 namn
359 1049 56 22 skall
438 1049 76 23 finnas
536 1050 76 22 utsatt.
645 1049 28 22 Af
697 1056 87 15 samma
808 1049 50 28 slag

102 1085 23 19 är
148 1083 44 22 ock
214 1083 141 23 föreskriften
379 1090 38 16 om
440 1084 132 28 skyldighet
594 1085 37 26 att,
654 1084 26 22 så
703 1085 60 21 snart
785 1084 72 28 tryck-

102 1117 63 22 skrift
186 1117 48 23 från
260 1118 118 28 tryckeriet
401 1118 129 28 utlämnats,
552 1119 32 21 till
608 1119 113 21 allmänna
737 1118 121 28 åklagaren

102 1152 138 22 öfverlämna
264 1153 30 21 ett
317 1152 115 29 exemplar
454 1152 22 22 af
499 1153 99 22 skriften.
628 1152 82 23 Denna
729 1152 131 29 skyldighet

102 1186 40 22 har
164 1186 136 23 fortfarande
322 1188 86 21 ansetts
431 1187 56 22 böra
506 1187 76 29 åligga
598 1188 164 28 boktryckaren
778 1187 44 22 och
839 1187 19 28 ej

102 1220 151 29 förläggaren.

172 1254 7 23 I
210 1255 13 23 5
253 1255 51 29 kap.
334 1255 66 29 ingår
430 1256 38 22 det
499 1256 175 28 hufvudsakliga
705 1256 21 22 af
751 1256 109 22 härintills

103 1289 107 28 gällande
235 1289 172 29 bestämningar
436 1296 38 16 om
506 1290 134 28 rättigheten
672 1290 54 22 eller
755 1290 105 28 riktigare

104 1324 220 28 inskränkningarna
348 1324 5 22 i
376 1325 77 21 rätten
476 1325 38 21 att
535 1324 93 28 utgifva
646 1324 126 28 offentliga
788 1324 72 22 hand-

104 1358 82 28 lingar.
224 1358 55 22 Som
303 1358 84 22 bekant
410 1358 125 23 innehåller
556 1359 164 28 förordningen
736 1359 22 22 af
774 1359 43 22 den
836 1358 26 22 15

104 1399 60 15 mars
189 1392 61 27 1880,
266 1393 121 28 angående
410 1393 127 22 författares
560 1394 44 22 och
628 1394 122 21 konstnärs
773 1394 41 21 rätt
829 1393 32 22 till

105 1427 68 22 alster
195 1427 22 22 af
232 1427 35 22 sin
290 1428 151 25 verksamhet,
463 1428 31 22 uti
513 1428 26 22 10
554 1428 44 22 och
617 1428 23 22 11
658 1428 29 27 $$
704 1428 28 22 de
749 1428 113 22 allmänna

174 1472 131 23 Lagutskottets
317 1472 110 19 betänkande
439 1473 37 18 N:o
489 1473 19 18 2.
