1086 1770
280 227 32 19 16.
342 226 28 20 På
392 227 34 19 det
448 228 29 18 att
494 227 65 19 denna
577 227 159 25 folkförsamling
751 226 63 21 måtte
829 226 137 21 åstadkomma

210 257 30 18 ett
255 254 23 20 så
300 255 80 25 mycket
401 255 107 25 kraftigare
530 255 84 25 intryck,
637 256 47 19 böra
707 256 62 25 några
794 256 106 24 officerare,
923 261 43 14 som

210 284 64 19 under
281 284 65 25 kriget
354 284 64 20 blifvit
428 284 157 25 tillfångatagna,
598 284 37 20 och
645 290 28 14 nu
683 286 34 18 äro
729 284 124 20 internerade
863 284 7 20 i
881 284 33 20 det
924 284 42 20 inre

211 312 20 20 af
246 312 108 25 Ryssland,
369 312 19 20 få
402 312 116 20 återvända.

279 341 166 25 Krigsministern
461 342 35 19 bör
512 341 89 20 meddela
616 341 86 20 General
717 341 157 26 Sprengtporten
889 347 25 14 en
927 342 39 18 för-

212 369 95 26 teckning
328 370 55 19 öfver
404 376 86 14 namnen
506 370 25 25 på
544 370 69 24 dylika
628 370 106 24 officerare,
749 370 101 20 hvarefter
865 370 38 20 den
918 370 48 20 sist-

212 398 79 24 nämde,
312 398 50 20 efter
384 399 32 19 sin
438 398 93 20 ankomst
553 398 32 20 till
607 398 90 25 Finland,
714 404 47 20 eger
775 400 34 23 att,
825 398 26 26 på
865 398 67 26 grund
946 398 21 20 af

212 426 63 25 sagda
290 427 121 25 förteckning
426 427 72 20 föreslå
513 427 67 19 hvilka
595 427 100 20 officerare
711 428 46 19 böra
771 427 20 20 få
807 434 24 12 ur
845 426 120 26 fångenska-

212 461 39 19 pen
267 454 112 21 återvända.
404 455 100 26 Förslaget
519 455 94 20 insändes
630 455 111 20 sedermera
756 455 29 20 till
801 455 164 26 Krigsministern

212 483 5 20 i
234 483 37 20 och
286 484 29 19 för
330 484 124 25 underdånig
468 484 141 25 föredragning
624 485 31 18 för
668 484 64 20 Eders
748 484 111 25 Kejserliga
871 484 94 25 Majestät.

282 513 31 19 17.
344 513 32 19 Uti
392 513 124 24 Helsingfors
532 513 37 19 och
584 506 43 26 Åbo
642 513 46 19 böra
703 513 84 19 inrättas
803 513 162 20 kronobankkon-

211 543 32 17 tor
258 541 45 20 med
326 541 117 26 tillräckliga
465 541 71 20 fonder
557 543 30 18 att
601 541 105 20 efterhand
722 543 93 24 uttränga
830 541 34 20 det
879 541 87 20 svenska

211 572 166 23 pappersmyntet
392 571 37 18 och
444 570 62 19 införa
522 569 44 20 vårt
581 570 120 25 sedelmynt.

281 667 28 20 S:t
325 667 120 26 Petersburg
662 667 72 20 Grefve
749 667 148 26 Araktschejeff.

255 702 38 19 den
311 703 25 19 19
352 701 112 21 November
662 702 65 19 Baron
742 701 162 26 Sprengtporten.

323 733 59 33 1808.
664 736 82 25 Bogdan
763 736 105 25 Knorring.

379 967 188 29 Öfversättningens
584 971 93 25 riktighet
693 970 112 26 bestyrker:

282 1034 125 25 Helsingfors
422 1034 19 19 d.
457 1034 27 19 24
500 1033 55 26 April
572 1034 60 20 1906.

700 1096 57 20 Alex.
773 1096 91 20 Aminoff.

696 1134 57 19 Edsv.
766 1135 104 18 translator.
