1086 1770
225 155 28 20 44
460 155 22 22 U.
500 155 22 21 B.
539 167 28 2 —
585 155 61 28 Prop.
663 155 36 22 N:o
715 155 31 21 18.

225 226 130 21 uppmanar
371 220 133 27 regeringen
520 220 266 27 folkrepresentationen
803 221 33 19 att
852 220 124 27 godkänna

224 262 29 14 en
268 256 43 27 lag,
327 262 51 15 som
390 263 29 14 en
434 259 48 18 stor
495 257 36 20 del
544 256 25 21 af
583 256 113 21 Finlands
709 256 48 21 folk
767 256 118 20 betraktar
894 268 29 3 —
932 256 44 21 och

224 292 54 20 med
286 292 118 21 tillförsikt
415 292 70 27 vågar
491 292 39 27 jag
541 292 101 27 tillägga:
655 299 28 14 en
695 292 104 27 opartisk
814 292 122 20 eftervärld
948 304 28 2 —

224 327 60 21 skall
293 327 104 22 betrakta
406 335 51 14 som
467 331 31 18 ett
510 329 60 20 brott
581 330 49 19 mot
642 329 150 26 grundlagen,
804 328 7 20 i
823 328 69 20 hvars
904 335 71 14 namn

223 363 45 20 den
285 363 74 21 skulle
375 364 81 21 stiftas.
489 364 89 21 Genom
595 366 32 19 att
644 365 125 26 godkänna
786 364 45 20 den
843 364 130 27 föreslagna

223 399 197 27 undantagslagen
445 399 65 28 gåfve
534 400 90 21 landets
649 400 92 21 ständer
765 402 31 18 ett
816 399 158 28 oberäkneligt

223 435 52 21 stöd
292 435 22 21 åt
331 435 5 20 i
348 435 45 21 den
412 442 46 20 nya
474 436 212 27 representationen
703 435 180 26 framträdande,
901 436 74 26 längst

223 471 106 27 syftande
346 472 254 26 omstörtningsplaner.
618 472 32 20 På
662 474 31 18 ett
708 478 63 14 mera
792 471 123 27 beklagligt
931 473 44 19 sätt

222 506 79 22 kunde
327 507 129 21 Ständerna
482 508 115 27 knappast
624 508 86 20 afsluta
742 508 35 20 sin
810 507 164 21 århundraden

222 543 77 26 gamla
318 544 156 20 värksamhet.

295 579 110 27 Slutligen
422 580 42 20 bör
480 580 98 26 afgöras,
595 580 117 20 huruvida
729 580 145 26 regeringens
889 580 85 26 förslag

222 614 78 22 kunde
323 616 145 26 godkännas,
484 622 39 14 om
540 616 53 20 dess
610 616 148 27 tillämpning
775 615 148 21 inskränktes
939 616 34 20 till

221 650 29 21 de
274 651 46 26 fall,
341 651 29 21 då
386 651 140 27 tjänsteman
542 652 62 20 trädt
620 652 6 20 i
644 652 76 20 stället
736 651 35 21 för
788 658 28 14 en
833 651 30 27 på
880 652 91 26 olagligt

221 687 45 20 sätt
282 687 118 21 afskedad.
432 688 44 26 Jag
497 688 43 20 har
555 688 74 26 länge,
647 688 29 27 på
692 688 74 26 grund
784 687 25 21 af
822 687 28 21 de
867 687 7 21 i
891 688 81 26 början

221 722 25 20 af
260 722 77 21 denna
353 724 141 20 reservation
511 724 127 26 framlagda
656 724 88 26 skälen,
756 726 76 18 ansett
842 723 62 21 detta
916 723 56 27 möj-

220 758 41 26 ligt
284 759 43 20 och
344 759 42 21 har
402 759 68 21 äfven
487 760 89 20 anmält
592 760 81 20 därom
691 760 64 20 inom
773 760 117 20 utskottet.
923 760 49 20 Den

220 794 72 27 enligt
315 795 48 20 min
387 795 62 21 åsikt
475 795 137 21 lidelsefulla
639 796 152 27 ståndpunkt,
822 796 30 26 på
878 796 94 20 hvilken

220 836 28 14 en
274 830 36 21 del
335 830 25 21 af
381 831 124 21 utskottets
530 832 153 20 medlemmar
706 832 7 20 i
730 832 77 20 denna
823 831 63 27 fråga
903 831 69 21 hafva

220 866 54 20 stält
283 866 40 27 sig,
331 866 42 21 har
384 867 60 20 dock
456 867 100 20 alltifrån
569 867 82 26 början
663 868 24 20 af
696 868 93 26 frågans
801 867 171 27 handläggning

219 901 67 27 bragt
302 902 75 20 denna
396 903 48 20 min
466 903 60 20 åsikt
542 905 32 18 att
590 903 89 20 vackla.
713 903 51 21 Och
781 903 74 20 under
872 903 27 20 de
915 903 57 20 allra

219 939 91 19 senaste
333 938 101 26 dagarna
451 939 43 20 har
510 945 27 14 en
554 939 113 20 händelse
683 939 110 25 inträffat,
811 945 50 14 som
878 940 40 25 gör
934 939 38 20 det

219 973 37 20 för
273 973 46 27 mig
335 974 105 27 omöjligt
464 976 32 19 att
512 974 92 21 förorda
622 977 31 18 ett
669 975 171 26 godkännande
857 975 25 20 af
895 975 76 20 denna

218 1009 86 27 nådiga
320 1010 146 27 proposition
482 1017 41 14 ens
539 1010 6 21 i
563 1010 44 21 den
625 1013 58 18 mest
699 1010 139 21 inskränkta
854 1010 67 21 form.

293 1045 8 20 I
317 1045 120 27 tidningen
454 1046 52 27 Nya
522 1047 97 20 Pressen
636 1047 43 20 N:o
696 1047 42 20 236
755 1046 37 21 för
808 1046 44 21 den
871 1047 54 20 1:sta
937 1047 33 20 in-

218 1081 133 20 nevarande
368 1082 130 26 september
515 1082 85 21 månad
617 1083 43 20 har
677 1089 27 14 en
721 1083 25 20 af
760 1076 50 26 Åbo
827 1082 97 21 hofrätts
941 1082 30 27 på

218 1116 94 27 olagligt
335 1118 45 19 sätt
404 1117 83 21 afsatta
511 1118 139 26 tjänstemän
675 1118 129 27 publicerat
828 1123 28 15 en
882 1118 88 26 artikel,

217 1151 89 22 hvarur
314 1153 101 26 tydligen
424 1153 107 27 framgår,
542 1155 33 19 att
584 1160 55 14 man
649 1154 6 20 i
665 1153 28 22 de
705 1154 96 25 kretsar,
810 1153 92 21 hvilkas
910 1154 59 20 åsik-

217 1189 34 19 ter
267 1187 134 22 författaren
418 1191 175 25 representerar,
610 1189 91 21 fordrar
717 1189 27 22 de
762 1189 135 21 nuvarande
911 1189 58 27 tjän-

216 1223 231 22 steinnehafvarenas
472 1225 81 27 afgång
574 1225 139 21 framförallt
728 1226 37 20 för
781 1227 33 18 att
830 1225 83 20 hindra
938 1227 32 18 att

216 1259 28 20 de
269 1259 30 27 på
319 1260 69 27 något
404 1262 46 19 sätt
466 1261 74 20 skulle
557 1261 80 20 kunna
654 1261 39 20 vid
710 1261 129 21 hofrättens
856 1261 68 26 plena
940 1261 29 26 på

216 1297 31 18 ett
258 1295 126 26 afgörande
401 1297 45 20 sätt
462 1297 96 20 invärka
575 1297 30 27 på
621 1297 252 26 tjänsteutnämningar
884 1297 44 20 och
940 1297 29 26 på

215 1330 78 20 beslut
308 1331 8 19 i
332 1332 110 26 politiska
452 1332 83 26 frågor.
560 1332 94 21 Samma
669 1333 82 20 artikel
764 1332 94 26 utvisar,
871 1334 32 18 att
914 1338 54 14 man

215 1365 7 20 i
240 1365 28 21 de
285 1366 89 21 kretsar
390 1368 134 20 författaren
540 1368 85 26 tillhör,
643 1370 25 19 är
684 1368 26 20 af
722 1368 46 21 den
777 1368 98 24 åsikten,
888 1370 32 18 att
931 1368 39 20 det

215 1402 75 26 tryck,
305 1409 51 14 som
368 1403 103 25 domare,
483 1404 149 26 nämdemän,
652 1410 30 14 m.
692 1404 23 21 fl.
727 1404 90 20 utöfvat
829 1404 29 26 på
870 1404 97 26 regerin-

214 1442 52 21 gen,
283 1438 94 21 förmått
393 1442 95 18 senaten
505 1440 43 20 och
563 1440 238 26 generalguvernören
814 1441 32 19 att
858 1439 6 20 i
876 1439 91 27 tjänste-

215 1474 168 27 mannafrägan
401 1475 27 26 gä
445 1475 78 27 längre
540 1476 29 20 än
589 1476 28 20 de
629 1476 54 26 eljes
695 1476 59 20 hade
766 1475 60 27 gjort
837 1474 43 21 det.
908 1475 59 21 Utan
