1086 1767
223 139 13 19 4
454 140 21 21 U.
494 140 21 21 B.
534 152 22 2 —
578 140 62 26 Prop.
658 140 35 22 N:o
708 140 32 21 18.

223 204 52 21 lidit
291 205 121 27 uppenbar
428 206 66 19 orätt.
522 206 82 20 Likväl
621 206 43 20 har
680 206 115 20 Utskottet
806 207 54 19 trott
872 206 33 26 sig
915 205 57 21 böra

223 240 94 21 förorda
341 241 149 26 vidtagandet
511 241 25 20 af
554 248 28 14 en
600 241 162 27 omstilisering
787 241 25 21 af
825 241 148 27 stadgandets

223 276 151 27 ordalydelse.
400 277 42 20 Det
459 277 42 20 har
518 277 50 21 icke
580 277 118 21 befunnits
710 277 113 27 sakenligt
834 279 32 19 att
877 277 7 20 i
896 277 75 21 denna

223 312 36 27 lag
283 313 110 20 särskildt
416 313 123 20 framhålla
562 313 175 27 ifrågavarande
760 313 151 27 tjänstemäns
928 315 45 19 rätt

223 350 32 18 att
279 348 77 21 fordra
383 351 32 18 att
438 349 70 20 varda
534 349 140 26 återinsatta,
694 351 55 19 enär
765 349 76 21 denna
858 351 44 19 rätt
920 350 51 20 hela

222 384 63 20 tiden
310 384 72 21 måste
407 391 67 14 anses
499 385 67 20 hafva
591 385 136 21 tillkommit
750 385 52 21 dem
819 385 44 21 och
880 385 25 21 af
919 386 52 20 dem

219 420 89 26 jämväl
328 421 102 26 påståtts.
463 421 110 20 Däremot
589 421 43 20 bör
648 421 70 27 enligt
735 421 126 21 Utskottets
878 421 93 27 mening

222 456 6 20 i
246 456 66 27 lagen
329 457 82 27 tydligt
427 459 92 24 utsägas
536 459 32 18 att
584 457 28 20 de
630 457 65 21 skola
713 457 71 21 varda
795 457 7 20 i
814 457 51 20 sina
876 457 95 27 tjänster

222 492 140 21 äterinsatta.
395 493 83 20 Vidare
495 493 42 20 har
548 493 116 21 Utskottet
681 493 76 21 funnit
774 493 43 20 den
834 493 7 20 i
853 493 116 27 lagförsla-

222 529 48 25 gets
297 529 100 20 svenska
419 531 47 18 text
489 529 107 20 använda
621 531 88 19 termen
732 529 108 20 »afsatta»
858 529 113 27 oegentlig

222 564 44 20 och
285 564 61 27 förty
367 567 69 18 ersatt
463 565 43 20 den
534 565 52 20 med
604 565 64 20 ordet
693 565 108 21 »skilda».

293 672 30 20 Af
337 672 38 20 det
391 673 189 21 sakförhållande
598 676 32 18 att
646 673 111 27 olagligen
778 672 50 21 från
845 672 49 21 sina
911 673 59 27 tjän-

221 710 46 18 ster
283 708 132 26 aflägsnade
431 709 140 26 tjänstemän
589 710 66 20 skola
672 710 70 20 varda
759 708 134 21 återinsatta
905 708 64 27 följer

221 744 144 20 omedelbart
381 746 32 19 att
428 745 139 27 tjänsternas
583 746 135 20 nuvarande
735 744 150 21 innehafvare
897 744 72 21 måste

220 780 55 20 vika
292 780 35 21 för
343 780 27 20 de
387 780 67 21 förra.
480 781 129 27 Stadgande
622 781 81 21 härom
716 781 64 26 ingår
792 780 6 21 i
810 780 72 20 andra
895 780 73 27 punk-

219 818 40 18 ten
276 816 25 20 af
315 816 150 27 lagförslaget.
499 817 42 20 Det
556 818 26 20 är
599 817 125 21 emellertid
744 816 109 21 tänkbart
865 818 31 18 att
907 816 61 26 olag-

220 852 60 26 ligen
304 852 111 20 afskedad
440 852 138 27 tjänsteman
605 852 25 21 af
643 855 31 18 ett
694 854 54 20 eller
764 854 71 19 annat
852 852 50 20 skäl
918 852 51 21 icke

220 894 55 14 vore
291 887 7 21 i
315 888 88 20 tillfälle
419 890 32 18 att
467 888 139 21 återinträda
623 889 6 19 i
648 889 34 20 sin
700 889 59 20 förra
772 888 133 26 befattning.
923 888 45 20 En-

220 923 41 26 ligt
277 924 44 20 den
339 924 153 27 uppfattning,
509 931 50 14 som
577 925 63 19 delas
657 925 22 20 af
696 924 126 21 Utskottets
835 924 80 26 flertal,
927 924 42 20 bör

220 965 27 14 en
266 959 63 27 dylik
347 960 154 26 eventualitet,
518 966 38 15 om
571 960 44 20 den
628 961 74 20 skulle
716 960 98 26 inträffa,
826 960 50 20 icke
888 960 79 20 kunna

219 995 122 21 föranleda
358 996 44 20 den
420 996 112 26 olagligen
549 996 105 20 tillsattes
670 997 105 20 fortsatta
792 996 153 20 kvarstående
961 996 7 20 i

219 1030 108 27 tjänsten,
344 1032 55 20 enär
415 1032 136 20 densamma
568 1032 39 20 vid
623 1032 63 20 tiden
703 1032 35 20 för
757 1032 59 20 hans
827 1032 141 20 tillsättande

219 1066 51 20 icke
282 1067 58 20 varit
352 1067 58 26 ledig
422 1068 43 20 och
477 1068 137 26 utnämning
626 1068 66 20 alltså
704 1068 51 20 icke
765 1067 96 27 lagligen
879 1068 90 20 kunnat

219 1103 42 25 äga
279 1109 58 13 rum.
370 1102 35 21 Då
422 1103 75 20 denna
514 1103 100 26 mening,
632 1103 72 21 ehuru
723 1103 160 26 inneliggande
900 1103 6 20 i
923 1103 44 20 den

219 1137 53 21 nåd.
290 1139 181 26 propositionen,
489 1139 71 20 likväl
576 1139 51 20 icke
644 1140 51 19 med
714 1139 41 20 full
767 1139 91 20 klarhet
869 1139 100 26 framgår

219 1179 27 14 ur
271 1174 52 20 dess
348 1174 127 27 affattning,
493 1175 41 20 har
551 1175 121 25 Utskottet,
690 1175 55 20 efter
762 1175 151 26 omröstning,
930 1175 37 20 be-

219 1209 64 20 slutit
300 1210 92 20 förorda
409 1211 126 26 lagtextens
551 1211 168 26 förtydligande
736 1211 6 20 i
760 1211 87 26 antydd
859 1211 108 26 riktning.

291 1245 30 20 Af
335 1252 27 14 en
380 1246 36 20 del
428 1247 152 20 medlemmar
591 1247 6 20 i
610 1247 114 20 Utskottet
736 1247 43 20 har
790 1246 79 27 yrkats
880 1249 32 18 att
924 1247 43 20 den

218 1281 242 27 lagstiftningsåtgärd,
473 1283 96 20 hvarom
579 1289 32 14 nu
621 1283 25 20 är
655 1283 68 26 fråga,
734 1283 51 20 icke
794 1282 72 21 borde
876 1284 92 19 utsträc-

217 1315 43 21 kas
281 1317 33 20 till
331 1317 73 20 andra
420 1319 28 19 än
467 1318 28 20 de
511 1318 101 27 tjänster,
630 1318 90 21 hvilkas
737 1319 60 20 förre
818 1318 150 21 innehafvare

217 1351 79 21 fordra
321 1355 33 18 att
377 1353 72 21 blifva
481 1354 139 20 återinsatta.
656 1355 77 20 Andra
768 1354 152 20 medlemmar
946 1354 25 20 af

219 1387 116 21 Utskottet
351 1389 69 20 hafva
438 1392 74 18 ansett
529 1390 129 26 syftemålet
675 1390 51 21 med
740 1390 76 20 denna
828 1390 36 26 lag
876 1389 91 27 påkalla

217 1425 33 18 att
275 1423 87 27 jämväl
389 1425 71 26 öfrige
487 1425 50 21 med
563 1425 110 21 afvikelse
704 1426 50 20 från
782 1425 187 27 grundlagsenlig

217 1459 101 26 ordning
334 1459 93 22 tillsatte
438 1461 139 26 tjänstemän
590 1461 183 27 skyldigkännas
783 1463 31 18 att
826 1461 78 20 lämna
917 1461 50 20 sina
