<?xml version="1.0" encoding="UTF-8"?>
<alto xmlns="http://www.loc.gov/standards/alto/ns-v3#" xmlns:xlink="http://www.w3.org/1999/xlink" xmlns:xsi="http://www.w3.org/2001/XMLSchema-instance" xsi:schemaLocation="http://www.loc.gov/standards/alto/ns-v3# http://www.loc.gov/alto/v3/alto-3-0.xsd">
	<Description>
		<MeasurementUnit>pixel</MeasurementUnit>
		<sourceImageInformation>
			<fileName>/tmp/tess_n9z3ao9n_input.PNG</fileName>
		</sourceImageInformation>
		<OCRProcessing ID="OCR_0">
			<ocrProcessingStep>
				<processingSoftware>
					<softwareName>tesseract 5.3.4</softwareName>
				</processingSoftware>
			</ocrProcessingStep>
		</OCRProcessing>
	</Description>
	<Layout>
		<Page WIDTH="1081" HEIGHT="1759" PHYSICAL_IMG_NR="0" ID="page_0">
			<PrintSpace HPOS="0" VPOS="0" WIDTH="1081" HEIGHT="1759">
				<ComposedBlock ID="cblock_0" HPOS="295" VPOS="142" WIDTH="568" HEIGHT="94">
					<TextBlock ID="block_0" HPOS="295" VPOS="142" WIDTH="568" HEIGHT="94">
						<TextLine ID="line_0" HPOS="295" VPOS="142" WIDTH="568" HEIGHT="29">
							<String ID="string_0" HPOS="295" VPOS="142" WIDTH="87" HEIGHT="24" WC="0.30" CONTENT="Sttind."/><SP WIDTH="13" VPOS="142" HPOS="382"/>
							<String ID="string_1" HPOS="395" VPOS="142" WIDTH="40" HEIGHT="24" WC="0.93" CONTENT="Sv."/><SP WIDTH="16" VPOS="142" HPOS="435"/>
							<String ID="string_2" HPOS="451" VPOS="156" WIDTH="26" HEIGHT="2" WC="0.92" CONTENT="—"/><SP WIDTH="16" VPOS="156" HPOS="477"/>
							<String ID="string_3" HPOS="493" VPOS="143" WIDTH="74" HEIGHT="28" WC="0.95" CONTENT="Prop."/><SP WIDTH="15" VPOS="143" HPOS="567"/>
							<String ID="string_4" HPOS="582" VPOS="143" WIDTH="41" HEIGHT="23" WC="0.96" CONTENT="N:o"/><SP WIDTH="16" VPOS="143" HPOS="623"/>
							<String ID="string_5" HPOS="639" VPOS="142" WIDTH="36" HEIGHT="23" WC="0.96" CONTENT="14."/><SP WIDTH="159" VPOS="142" HPOS="675"/>
							<String ID="string_6" HPOS="834" VPOS="142" WIDTH="29" HEIGHT="22" WC="0.96" CONTENT="37"/>
						</TextLine>
						<TextLine ID="line_1" HPOS="438" VPOS="211" WIDTH="91" HEIGHT="25">
							<String ID="string_7" HPOS="438" VPOS="212" WIDTH="13" HEIGHT="21" WC="0.96" CONTENT="7"/><SP WIDTH="15" VPOS="212" HPOS="451"/>
							<String ID="string_8" HPOS="466" VPOS="211" WIDTH="63" HEIGHT="25" WC="0.95" CONTENT="KAP."/>
						</TextLine>
					</TextBlock>
				</ComposedBlock>
				<ComposedBlock ID="cblock_1" HPOS="136" VPOS="269" WIDTH="698" HEIGHT="62">
					<TextBlock ID="block_1" HPOS="136" VPOS="269" WIDTH="698" HEIGHT="62">
						<TextLine ID="line_2" HPOS="136" VPOS="269" WIDTH="698" HEIGHT="33">
							<String ID="string_9" HPOS="136" VPOS="269" WIDTH="36" HEIGHT="28" WC="0.93" CONTENT="Om"/><SP WIDTH="14" VPOS="269" HPOS="172"/>
							<String ID="string_10" HPOS="186" VPOS="274" WIDTH="97" HEIGHT="28" WC="0.92" CONTENT="tillsynen"/><SP WIDTH="16" VPOS="274" HPOS="283"/>
							<String ID="string_11" HPOS="299" VPOS="274" WIDTH="61" HEIGHT="23" WC="0.93" CONTENT="öfver"/><SP WIDTH="15" VPOS="274" HPOS="360"/>
							<String ID="string_12" HPOS="375" VPOS="274" WIDTH="74" HEIGHT="28" WC="0.92" CONTENT="lagens"/><SP WIDTH="16" VPOS="274" HPOS="449"/>
							<String ID="string_13" HPOS="465" VPOS="274" WIDTH="127" HEIGHT="22" WC="0.92" CONTENT="efterlefnad"/><SP WIDTH="18" VPOS="274" HPOS="592"/>
							<String ID="string_14" HPOS="610" VPOS="275" WIDTH="57" HEIGHT="21" WC="0.96" CONTENT="samt"/><SP WIDTH="16" VPOS="275" HPOS="667"/>
							<String ID="string_15" HPOS="683" VPOS="280" WIDTH="32" HEIGHT="17" WC="0.93" CONTENT="om"/><SP WIDTH="17" VPOS="280" HPOS="715"/>
							<String ID="string_16" HPOS="732" VPOS="272" WIDTH="43" HEIGHT="25" WC="0.87" CONTENT="ätal"/><SP WIDTH="19" VPOS="272" HPOS="775"/>
							<String ID="string_17" HPOS="794" VPOS="274" WIDTH="40" HEIGHT="23" WC="0.96" CONTENT="och"/>
						</TextLine>
						<TextLine ID="line_3" HPOS="433" VPOS="308" WIDTH="107" HEIGHT="23">
							<String ID="string_18" HPOS="433" VPOS="308" WIDTH="107" HEIGHT="23" WC="0.92" CONTENT="kvarstad."/>
						</TextLine>
					</TextBlock>
				</ComposedBlock>
				<ComposedBlock ID="cblock_2" HPOS="454" VPOS="372" WIDTH="64" HEIGHT="28">
					<TextBlock ID="block_2" HPOS="454" VPOS="372" WIDTH="64" HEIGHT="28">
						<TextLine ID="line_4" HPOS="454" VPOS="372" WIDTH="64" HEIGHT="28">
							<String ID="string_19" HPOS="454" VPOS="372" WIDTH="28" HEIGHT="22" WC="0.86" CONTENT="39"/><SP WIDTH="15" VPOS="372" HPOS="482"/>
							<String ID="string_20" HPOS="497" VPOS="372" WIDTH="21" HEIGHT="28" WC="0.86" CONTENT="$."/>
						</TextLine>
					</TextBlock>
				</ComposedBlock>
				<ComposedBlock ID="cblock_3" HPOS="107" VPOS="417" WIDTH="754" HEIGHT="63">
					<TextBlock ID="block_3" HPOS="107" VPOS="417" WIDTH="754" HEIGHT="63">
						<TextLine ID="line_5" HPOS="177" VPOS="417" WIDTH="684" HEIGHT="30">
							<String ID="string_21" HPOS="177" VPOS="418" WIDTH="149" HEIGHT="22" WC="0.89" CONTENT="Prokuratorn"/><SP WIDTH="22" VPOS="418" HPOS="326"/>
							<String ID="string_22" HPOS="348" VPOS="418" WIDTH="6" HEIGHT="21" WC="0.93" CONTENT="i"/><SP WIDTH="22" VPOS="418" HPOS="354"/>
							<String ID="string_23" HPOS="376" VPOS="417" WIDTH="98" HEIGHT="23" WC="0.92" CONTENT="Senaten"/><SP WIDTH="23" VPOS="417" HPOS="474"/>
							<String ID="string_24" HPOS="497" VPOS="418" WIDTH="87" HEIGHT="29" WC="0.92" CONTENT="äligger"/><SP WIDTH="23" VPOS="418" HPOS="584"/>
							<String ID="string_25" HPOS="607" VPOS="420" WIDTH="30" HEIGHT="20" WC="0.93" CONTENT="att"/><SP WIDTH="23" VPOS="420" HPOS="637"/>
							<String ID="string_26" HPOS="660" VPOS="418" WIDTH="120" HEIGHT="23" WC="0.92" CONTENT="öfvervaka"/><SP WIDTH="16" VPOS="418" HPOS="780"/>
							<String ID="string_27" HPOS="796" VPOS="418" WIDTH="65" HEIGHT="22" WC="0.92" CONTENT="efter-"/>
						</TextLine>
						<TextLine ID="line_6" HPOS="107" VPOS="452" WIDTH="293" HEIGHT="28">
							<String ID="string_28" HPOS="107" VPOS="452" WIDTH="107" HEIGHT="23" WC="0.88" CONTENT="lefnaden"/><SP WIDTH="16" VPOS="452" HPOS="214"/>
							<String ID="string_29" HPOS="230" VPOS="452" WIDTH="20" HEIGHT="22" WC="0.96" CONTENT="af"/><SP WIDTH="16" VPOS="452" HPOS="250"/>
							<String ID="string_30" HPOS="266" VPOS="452" WIDTH="75" HEIGHT="22" WC="0.96" CONTENT="denna"/><SP WIDTH="16" VPOS="452" HPOS="341"/>
							<String ID="string_31" HPOS="357" VPOS="452" WIDTH="43" HEIGHT="28" WC="0.96" CONTENT="lag."/>
						</TextLine>
					</TextBlock>
				</ComposedBlock>
				<ComposedBlock ID="cblock_4" HPOS="456" VPOS="516" WIDTH="64" HEIGHT="28">
					<TextBlock ID="block_4" HPOS="456" VPOS="516" WIDTH="64" HEIGHT="28">
						<TextLine ID="line_7" HPOS="456" VPOS="516" WIDTH="64" HEIGHT="28">
							<String ID="string_32" HPOS="456" VPOS="516" WIDTH="28" HEIGHT="22" WC="0.83" CONTENT="40"/><SP WIDTH="15" VPOS="516" HPOS="484"/>
							<String ID="string_33" HPOS="499" VPOS="517" WIDTH="21" HEIGHT="27" WC="0.74" CONTENT="$."/>
						</TextLine>
					</TextBlock>
				</ComposedBlock>
				<ComposedBlock ID="cblock_5" HPOS="108" VPOS="567" WIDTH="758" HEIGHT="305">
					<TextBlock ID="block_5" HPOS="108" VPOS="567" WIDTH="756" HEIGHT="201">
						<TextLine ID="line_8" HPOS="178" VPOS="567" WIDTH="682" HEIGHT="29">
							<String ID="string_34" HPOS="178" VPOS="567" WIDTH="81" HEIGHT="22" WC="0.93" CONTENT="Finner"/><SP WIDTH="16" VPOS="567" HPOS="259"/>
							<String ID="string_35" HPOS="275" VPOS="568" WIDTH="82" HEIGHT="21" WC="0.93" CONTENT="allmän"/><SP WIDTH="16" VPOS="568" HPOS="357"/>
							<String ID="string_36" HPOS="373" VPOS="567" WIDTH="105" HEIGHT="29" WC="0.92" CONTENT="äklagare"/><SP WIDTH="16" VPOS="567" HPOS="478"/>
							<String ID="string_37" HPOS="494" VPOS="568" WIDTH="122" HEIGHT="22" WC="0.91" CONTENT="innehället"/><SP WIDTH="16" VPOS="568" HPOS="616"/>
							<String ID="string_38" HPOS="632" VPOS="568" WIDTH="6" HEIGHT="22" WC="0.93" CONTENT="i"/><SP WIDTH="16" VPOS="568" HPOS="638"/>
							<String ID="string_39" HPOS="654" VPOS="568" WIDTH="127" HEIGHT="28" WC="0.92" CONTENT="tryckskrift"/><SP WIDTH="16" VPOS="568" HPOS="781"/>
							<String ID="string_40" HPOS="797" VPOS="568" WIDTH="63" HEIGHT="22" WC="0.91" CONTENT="inne-"/>
						</TextLine>
						<TextLine ID="line_9" HPOS="108" VPOS="602" WIDTH="755" HEIGHT="27">
							<String ID="string_41" HPOS="108" VPOS="602" WIDTH="55" HEIGHT="22" WC="0.95" CONTENT="fatta"/><SP WIDTH="24" VPOS="602" HPOS="163"/>
							<String ID="string_42" HPOS="187" VPOS="602" WIDTH="64" HEIGHT="26" WC="0.95" CONTENT="brott,"/><SP WIDTH="17" VPOS="602" HPOS="251"/>
							<String ID="string_43" HPOS="268" VPOS="608" WIDTH="50" HEIGHT="16" WC="0.96" CONTENT="som"/><SP WIDTH="17" VPOS="608" HPOS="318"/>
							<String ID="string_44" HPOS="335" VPOS="602" WIDTH="41" HEIGHT="22" WC="0.96" CONTENT="hör"/><SP WIDTH="16" VPOS="602" HPOS="376"/>
							<String ID="string_45" HPOS="392" VPOS="602" WIDTH="71" HEIGHT="22" WC="0.96" CONTENT="under"/><SP WIDTH="16" VPOS="602" HPOS="463"/>
							<String ID="string_46" HPOS="479" VPOS="602" WIDTH="91" HEIGHT="22" WC="0.93" CONTENT="allmänt"/><SP WIDTH="15" VPOS="602" HPOS="570"/>
							<String ID="string_47" HPOS="585" VPOS="602" WIDTH="50" HEIGHT="27" WC="0.91" CONTENT="ätal,"/><SP WIDTH="17" VPOS="602" HPOS="635"/>
							<String ID="string_48" HPOS="652" VPOS="603" WIDTH="55" HEIGHT="21" WC="0.96" CONTENT="skall"/><SP WIDTH="17" VPOS="603" HPOS="707"/>
							<String ID="string_49" HPOS="724" VPOS="602" WIDTH="44" HEIGHT="22" WC="0.93" CONTENT="han"/><SP WIDTH="16" VPOS="602" HPOS="768"/>
							<String ID="string_50" HPOS="784" VPOS="602" WIDTH="79" HEIGHT="22" WC="0.92" CONTENT="därom"/>
						</TextLine>
						<TextLine ID="line_10" HPOS="109" VPOS="636" WIDTH="753" HEIGHT="29">
							<String ID="string_51" HPOS="109" VPOS="636" WIDTH="163" HEIGHT="29" WC="0.92" CONTENT="ofördröjligen"/><SP WIDTH="17" VPOS="636" HPOS="272"/>
							<String ID="string_52" HPOS="289" VPOS="636" WIDTH="108" HEIGHT="22" WC="0.92" CONTENT="inberätta"/><SP WIDTH="13" VPOS="636" HPOS="397"/>
							<String ID="string_53" HPOS="410" VPOS="637" WIDTH="31" HEIGHT="21" WC="0.93" CONTENT="till"/><SP WIDTH="12" VPOS="637" HPOS="441"/>
							<String ID="string_54" HPOS="453" VPOS="637" WIDTH="147" HEIGHT="28" WC="0.92" CONTENT="prokuratorn"/><SP WIDTH="16" VPOS="637" HPOS="600"/>
							<String ID="string_55" HPOS="616" VPOS="638" WIDTH="58" HEIGHT="21" WC="0.92" CONTENT="samt"/><SP WIDTH="10" VPOS="638" HPOS="674"/>
							<String ID="string_56" HPOS="684" VPOS="637" WIDTH="70" HEIGHT="22" WC="0.92" CONTENT="tillika"/><SP WIDTH="12" VPOS="637" HPOS="754"/>
							<String ID="string_57" HPOS="766" VPOS="636" WIDTH="96" HEIGHT="23" WC="0.92" CONTENT="insända"/>
						</TextLine>
						<TextLine ID="line_11" HPOS="110" VPOS="664" WIDTH="751" HEIGHT="36">
							<String ID="string_58" HPOS="110" VPOS="671" WIDTH="45" HEIGHT="22" WC="0.93" CONTENT="den"/><SP WIDTH="15" VPOS="671" HPOS="155"/>
							<String ID="string_59" HPOS="170" VPOS="671" WIDTH="118" HEIGHT="29" WC="0.91" CONTENT="förgriplig"/><SP WIDTH="15" VPOS="671" HPOS="288"/>
							<String ID="string_60" HPOS="303" VPOS="671" WIDTH="102" HEIGHT="22" WC="0.96" CONTENT="ansedda"/><SP WIDTH="16" VPOS="671" HPOS="405"/>
							<String ID="string_61" HPOS="421" VPOS="671" WIDTH="98" HEIGHT="23" WC="0.96" CONTENT="skriften."/><SP WIDTH="30" VPOS="671" HPOS="519"/>
							<String ID="string_62" HPOS="549" VPOS="664" WIDTH="111" HEIGHT="36" WC="0.96" CONTENT="Åklagare"/><SP WIDTH="17" VPOS="664" HPOS="660"/>
							<String ID="string_63" HPOS="677" VPOS="672" WIDTH="41" HEIGHT="22" WC="0.93" CONTENT="bör"/><SP WIDTH="10" VPOS="672" HPOS="718"/>
							<String ID="string_64" HPOS="728" VPOS="672" WIDTH="66" HEIGHT="26" WC="0.75" CONTENT="ock,i"/><SP WIDTH="12" VPOS="672" HPOS="794"/>
							<String ID="string_65" HPOS="806" VPOS="672" WIDTH="55" HEIGHT="21" WC="0.92" CONTENT="hän-"/>
						</TextLine>
						<TextLine ID="line_12" HPOS="110" VPOS="706" WIDTH="754" HEIGHT="28">
							<String ID="string_66" HPOS="110" VPOS="706" WIDTH="63" HEIGHT="22" WC="0.92" CONTENT="delse"/><SP WIDTH="17" VPOS="706" HPOS="173"/>
							<String ID="string_67" HPOS="190" VPOS="706" WIDTH="90" HEIGHT="22" WC="0.92" CONTENT="skriften"/><SP WIDTH="17" VPOS="706" HPOS="280"/>
							<String ID="string_68" HPOS="297" VPOS="706" WIDTH="88" HEIGHT="28" WC="0.92" CONTENT="belagts"/><SP WIDTH="21" VPOS="706" HPOS="385"/>
							<String ID="string_69" HPOS="406" VPOS="706" WIDTH="52" HEIGHT="22" WC="0.93" CONTENT="med"/><SP WIDTH="16" VPOS="706" HPOS="458"/>
							<String ID="string_70" HPOS="474" VPOS="706" WIDTH="111" HEIGHT="26" WC="0.91" CONTENT="kvarstad,"/><SP WIDTH="18" VPOS="706" HPOS="585"/>
							<String ID="string_71" HPOS="603" VPOS="706" WIDTH="78" HEIGHT="22" WC="0.93" CONTENT="därom"/><SP WIDTH="17" VPOS="706" HPOS="681"/>
							<String ID="string_72" HPOS="698" VPOS="706" WIDTH="42" HEIGHT="22" WC="0.93" CONTENT="hos"/><SP WIDTH="16" VPOS="706" HPOS="740"/>
							<String ID="string_73" HPOS="756" VPOS="706" WIDTH="108" HEIGHT="28" WC="0.92" CONTENT="prokura-"/>
						</TextLine>
						<TextLine ID="line_13" HPOS="110" VPOS="740" WIDTH="310" HEIGHT="28">
							<String ID="string_74" HPOS="110" VPOS="741" WIDTH="50" HEIGHT="21" WC="0.90" CONTENT="torn"/><SP WIDTH="17" VPOS="741" HPOS="160"/>
							<String ID="string_75" HPOS="177" VPOS="740" WIDTH="133" HEIGHT="28" WC="0.92" CONTENT="skyndsamt"/><SP WIDTH="15" VPOS="740" HPOS="310"/>
							<String ID="string_76" HPOS="325" VPOS="741" WIDTH="95" HEIGHT="21" WC="0.88" CONTENT="anmäla."/>
						</TextLine>
					</TextBlock>
					<TextBlock ID="block_6" HPOS="110" VPOS="774" WIDTH="756" HEIGHT="98">
						<TextLine ID="line_14" HPOS="180" VPOS="774" WIDTH="685" HEIGHT="29">
							<String ID="string_77" HPOS="180" VPOS="774" WIDTH="34" HEIGHT="22" WC="0.92" CONTENT="Dä"/><SP WIDTH="23" VPOS="774" HPOS="214"/>
							<String ID="string_78" HPOS="237" VPOS="775" WIDTH="111" HEIGHT="26" WC="0.91" CONTENT="anmälan,"/><SP WIDTH="17" VPOS="775" HPOS="348"/>
							<String ID="string_79" HPOS="365" VPOS="781" WIDTH="49" HEIGHT="15" WC="0.96" CONTENT="som"/><SP WIDTH="25" VPOS="781" HPOS="414"/>
							<String ID="string_80" HPOS="439" VPOS="781" WIDTH="30" HEIGHT="15" WC="0.93" CONTENT="nu"/><SP WIDTH="17" VPOS="781" HPOS="469"/>
							<String ID="string_81" HPOS="486" VPOS="776" WIDTH="69" HEIGHT="27" WC="0.91" CONTENT="sagts,"/><SP WIDTH="16" VPOS="776" HPOS="555"/>
							<String ID="string_82" HPOS="571" VPOS="775" WIDTH="59" HEIGHT="21" WC="0.96" CONTENT="skett"/><SP WIDTH="16" VPOS="775" HPOS="630"/>
							<String ID="string_83" HPOS="646" VPOS="775" WIDTH="43" HEIGHT="21" WC="0.93" CONTENT="hos"/><SP WIDTH="20" VPOS="775" HPOS="689"/>
							<String ID="string_84" HPOS="709" VPOS="775" WIDTH="156" HEIGHT="28" WC="0.92" CONTENT="prokuratorn,"/>
						</TextLine>
						<TextLine ID="line_15" HPOS="110" VPOS="808" WIDTH="755" HEIGHT="27">
							<String ID="string_85" HPOS="110" VPOS="809" WIDTH="107" HEIGHT="22" WC="0.91" CONTENT="förordne"/><SP WIDTH="16" VPOS="809" HPOS="217"/>
							<String ID="string_86" HPOS="233" VPOS="809" WIDTH="44" HEIGHT="22" WC="0.96" CONTENT="han"/><SP WIDTH="17" VPOS="809" HPOS="277"/>
							<String ID="string_87" HPOS="294" VPOS="809" WIDTH="111" HEIGHT="22" WC="0.96" CONTENT="huruvida"/><SP WIDTH="23" VPOS="809" HPOS="405"/>
							<String ID="string_88" HPOS="428" VPOS="809" WIDTH="43" HEIGHT="22" WC="0.96" CONTENT="och"/><SP WIDTH="25" VPOS="809" HPOS="471"/>
							<String ID="string_89" HPOS="496" VPOS="809" WIDTH="21" HEIGHT="22" WC="0.93" CONTENT="af"/><SP WIDTH="19" VPOS="809" HPOS="517"/>
							<String ID="string_90" HPOS="536" VPOS="809" WIDTH="66" HEIGHT="21" WC="0.93" CONTENT="hvem"/><SP WIDTH="21" VPOS="809" HPOS="602"/>
							<String ID="string_91" HPOS="623" VPOS="808" WIDTH="67" HEIGHT="23" WC="0.92" CONTENT="ätalet"/><SP WIDTH="20" VPOS="808" HPOS="690"/>
							<String ID="string_92" HPOS="710" VPOS="809" WIDTH="36" HEIGHT="22" WC="0.93" CONTENT="mä"/><SP WIDTH="24" VPOS="809" HPOS="746"/>
							<String ID="string_93" HPOS="770" VPOS="809" WIDTH="95" HEIGHT="26" WC="0.91" CONTENT="utföras;"/>
						</TextLine>
						<TextLine ID="line_16" HPOS="110" VPOS="843" WIDTH="756" HEIGHT="29">
							<String ID="string_94" HPOS="110" VPOS="849" WIDTH="44" HEIGHT="23" WC="0.86" CONTENT="ege"/><SP WIDTH="24" VPOS="849" HPOS="154"/>
							<String ID="string_95" HPOS="178" VPOS="844" WIDTH="50" HEIGHT="26" WC="0.96" CONTENT="ock,"/><SP WIDTH="21" VPOS="844" HPOS="228"/>
							<String ID="string_96" HPOS="249" VPOS="844" WIDTH="40" HEIGHT="22" WC="0.96" CONTENT="där"/><SP WIDTH="16" VPOS="844" HPOS="289"/>
							<String ID="string_97" HPOS="305" VPOS="844" WIDTH="44" HEIGHT="22" WC="0.96" CONTENT="han"/><SP WIDTH="18" VPOS="844" HPOS="349"/>
							<String ID="string_98" HPOS="367" VPOS="843" WIDTH="24" HEIGHT="22" WC="0.92" CONTENT="sä"/><SP WIDTH="16" VPOS="843" HPOS="391"/>
							<String ID="string_99" HPOS="407" VPOS="844" WIDTH="84" HEIGHT="28" WC="0.96" CONTENT="skäligt"/><SP WIDTH="15" VPOS="844" HPOS="491"/>
							<String ID="string_100" HPOS="506" VPOS="844" WIDTH="79" HEIGHT="24" WC="0.96" CONTENT="finner,"/><SP WIDTH="17" VPOS="844" HPOS="585"/>
							<String ID="string_101" HPOS="602" VPOS="843" WIDTH="104" HEIGHT="22" WC="0.93" CONTENT="återkalla"/><SP WIDTH="16" VPOS="843" HPOS="706"/>
							<String ID="string_102" HPOS="722" VPOS="843" WIDTH="144" HEIGHT="23" WC="0.91" CONTENT="kvarstaden."/>
						</TextLine>
					</TextBlock>
				</ComposedBlock>
				<ComposedBlock ID="cblock_6" HPOS="459" VPOS="907" WIDTH="64" HEIGHT="27">
					<TextBlock ID="block_7" HPOS="459" VPOS="907" WIDTH="64" HEIGHT="27">
						<TextLine ID="line_17" HPOS="459" VPOS="907" WIDTH="64" HEIGHT="27">
							<String ID="string_103" HPOS="459" VPOS="907" WIDTH="24" HEIGHT="21" WC="0.76" CONTENT="41"/><SP WIDTH="19" VPOS="907" HPOS="483"/>
							<String ID="string_104" HPOS="502" VPOS="907" WIDTH="21" HEIGHT="27" WC="0.61" CONTENT="&amp;."/>
						</TextLine>
					</TextBlock>
				</ComposedBlock>
				<ComposedBlock ID="cblock_7" HPOS="112" VPOS="958" WIDTH="769" HEIGHT="373">
					<TextBlock ID="block_8" HPOS="112" VPOS="958" WIDTH="769" HEIGHT="304">
						<TextLine ID="line_18" HPOS="181" VPOS="958" WIDTH="680" HEIGHT="29">
							<String ID="string_105" HPOS="181" VPOS="958" WIDTH="50" HEIGHT="24" WC="0.92" CONTENT="Rätt"/><SP WIDTH="22" VPOS="958" HPOS="231"/>
							<String ID="string_106" HPOS="253" VPOS="959" WIDTH="30" HEIGHT="21" WC="0.93" CONTENT="att"/><SP WIDTH="23" VPOS="959" HPOS="283"/>
							<String ID="string_107" HPOS="306" VPOS="958" WIDTH="57" HEIGHT="22" WC="0.92" CONTENT="ätala"/><SP WIDTH="17" VPOS="958" HPOS="363"/>
							<String ID="string_108" HPOS="380" VPOS="959" WIDTH="65" HEIGHT="26" WC="0.96" CONTENT="brott,"/><SP WIDTH="17" VPOS="959" HPOS="445"/>
							<String ID="string_109" HPOS="462" VPOS="965" WIDTH="50" HEIGHT="16" WC="0.93" CONTENT="som"/><SP WIDTH="17" VPOS="965" HPOS="512"/>
							<String ID="string_110" HPOS="529" VPOS="958" WIDTH="98" HEIGHT="29" WC="0.91" CONTENT="grundar"/><SP WIDTH="16" VPOS="958" HPOS="627"/>
							<String ID="string_111" HPOS="643" VPOS="958" WIDTH="36" HEIGHT="28" WC="0.93" CONTENT="sig"/><SP WIDTH="15" VPOS="958" HPOS="679"/>
							<String ID="string_112" HPOS="694" VPOS="958" WIDTH="12" HEIGHT="22" WC="0.92" CONTENT="ä"/><SP WIDTH="16" VPOS="958" HPOS="706"/>
							<String ID="string_113" HPOS="722" VPOS="958" WIDTH="139" HEIGHT="28" WC="0.90" CONTENT="tryckskrifts"/>
						</TextLine>
						<TextLine ID="line_19" HPOS="112" VPOS="992" WIDTH="753" HEIGHT="28">
							<String ID="string_114" HPOS="112" VPOS="992" WIDTH="100" HEIGHT="23" WC="0.92" CONTENT="innehäll"/><SP WIDTH="23" VPOS="992" HPOS="212"/>
							<String ID="string_115" HPOS="235" VPOS="994" WIDTH="43" HEIGHT="21" WC="0.96" CONTENT="och"/><SP WIDTH="24" VPOS="994" HPOS="278"/>
							<String ID="string_116" HPOS="302" VPOS="994" WIDTH="41" HEIGHT="21" WC="0.96" CONTENT="hör"/><SP WIDTH="23" VPOS="994" HPOS="343"/>
							<String ID="string_117" HPOS="366" VPOS="993" WIDTH="71" HEIGHT="22" WC="0.96" CONTENT="under"/><SP WIDTH="23" VPOS="993" HPOS="437"/>
							<String ID="string_118" HPOS="460" VPOS="994" WIDTH="91" HEIGHT="21" WC="0.93" CONTENT="allmänt"/><SP WIDTH="24" VPOS="994" HPOS="551"/>
							<String ID="string_119" HPOS="575" VPOS="993" WIDTH="50" HEIGHT="27" WC="0.92" CONTENT="ätal,"/><SP WIDTH="16" VPOS="993" HPOS="625"/>
							<String ID="string_120" HPOS="641" VPOS="993" WIDTH="24" HEIGHT="22" WC="0.92" CONTENT="sä"/><SP WIDTH="24" VPOS="993" HPOS="665"/>
							<String ID="string_121" HPOS="689" VPOS="993" WIDTH="43" HEIGHT="22" WC="0.91" CONTENT="ock"/><SP WIDTH="16" VPOS="993" HPOS="732"/>
							<String ID="string_122" HPOS="748" VPOS="994" WIDTH="31" HEIGHT="21" WC="0.93" CONTENT="att"/><SP WIDTH="15" VPOS="994" HPOS="779"/>
							<String ID="string_123" HPOS="794" VPOS="993" WIDTH="71" HEIGHT="22" WC="0.92" CONTENT="beifra"/>
						</TextLine>
						<TextLine ID="line_20" HPOS="112" VPOS="1027" WIDTH="754" HEIGHT="29">
							<String ID="string_124" HPOS="112" VPOS="1027" WIDTH="76" HEIGHT="22" WC="0.96" CONTENT="annan"/><SP WIDTH="16" VPOS="1027" HPOS="188"/>
							<String ID="string_125" HPOS="204" VPOS="1028" WIDTH="7" HEIGHT="21" WC="0.94" CONTENT="i"/><SP WIDTH="16" VPOS="1028" HPOS="211"/>
							<String ID="string_126" HPOS="227" VPOS="1027" WIDTH="74" HEIGHT="22" WC="0.96" CONTENT="denna"/><SP WIDTH="16" VPOS="1027" HPOS="301"/>
							<String ID="string_127" HPOS="317" VPOS="1028" WIDTH="38" HEIGHT="28" WC="0.93" CONTENT="lag"/><SP WIDTH="15" VPOS="1028" HPOS="355"/>
							<String ID="string_128" HPOS="370" VPOS="1028" WIDTH="135" HEIGHT="22" WC="0.91" CONTENT="omförmäld"/><SP WIDTH="16" VPOS="1028" HPOS="505"/>
							<String ID="string_129" HPOS="521" VPOS="1028" WIDTH="102" HEIGHT="22" WC="0.90" CONTENT="straffbar"/><SP WIDTH="16" VPOS="1028" HPOS="623"/>
							<String ID="string_130" HPOS="639" VPOS="1027" WIDTH="109" HEIGHT="29" WC="0.92" CONTENT="handling"/><SP WIDTH="10" VPOS="1027" HPOS="748"/>
							<String ID="string_131" HPOS="758" VPOS="1034" WIDTH="52" HEIGHT="15" WC="0.92" CONTENT="vare"/><SP WIDTH="11" VPOS="1034" HPOS="810"/>
							<String ID="string_132" HPOS="821" VPOS="1027" WIDTH="45" HEIGHT="22" WC="0.92" CONTENT="för-"/>
						</TextLine>
						<TextLine ID="line_21" HPOS="112" VPOS="1062" WIDTH="753" HEIGHT="28">
							<String ID="string_133" HPOS="112" VPOS="1062" WIDTH="76" HEIGHT="26" WC="0.90" CONTENT="fallen,"/><SP WIDTH="16" VPOS="1062" HPOS="188"/>
							<String ID="string_134" HPOS="204" VPOS="1062" WIDTH="71" HEIGHT="22" WC="0.96" CONTENT="sedan"/><SP WIDTH="23" VPOS="1062" HPOS="275"/>
							<String ID="string_135" HPOS="298" VPOS="1068" WIDTH="40" HEIGHT="16" WC="0.93" CONTENT="sex"/><SP WIDTH="23" VPOS="1068" HPOS="338"/>
							<String ID="string_136" HPOS="361" VPOS="1062" WIDTH="108" HEIGHT="22" WC="0.91" CONTENT="mänader"/><SP WIDTH="22" VPOS="1062" HPOS="469"/>
							<String ID="string_137" HPOS="491" VPOS="1062" WIDTH="82" HEIGHT="28" WC="0.91" CONTENT="förgätt"/><SP WIDTH="23" VPOS="1062" HPOS="573"/>
							<String ID="string_138" HPOS="596" VPOS="1062" WIDTH="55" HEIGHT="22" WC="0.85" CONTENT="efter"/><SP WIDTH="20" VPOS="1062" HPOS="651"/>
							<String ID="string_139" HPOS="671" VPOS="1062" WIDTH="37" HEIGHT="22" WC="0.92" CONTENT="det"/><SP WIDTH="16" VPOS="1062" HPOS="708"/>
							<String ID="string_140" HPOS="724" VPOS="1062" WIDTH="141" HEIGHT="28" WC="0.92" CONTENT="handlingen"/>
						</TextLine>
						<TextLine ID="line_22" HPOS="114" VPOS="1096" WIDTH="753" HEIGHT="29">
							<String ID="string_141" HPOS="114" VPOS="1096" WIDTH="102" HEIGHT="28" WC="0.94" CONTENT="begicks."/><SP WIDTH="31" VPOS="1096" HPOS="216"/>
							<String ID="string_142" HPOS="247" VPOS="1096" WIDTH="64" HEIGHT="22" WC="0.96" CONTENT="Hvad"/><SP WIDTH="24" VPOS="1096" HPOS="311"/>
							<String ID="string_143" HPOS="335" VPOS="1103" WIDTH="30" HEIGHT="16" WC="0.95" CONTENT="nu"/><SP WIDTH="24" VPOS="1103" HPOS="365"/>
							<String ID="string_144" HPOS="389" VPOS="1099" WIDTH="24" HEIGHT="19" WC="0.93" CONTENT="är"/><SP WIDTH="22" VPOS="1099" HPOS="413"/>
							<String ID="string_145" HPOS="435" VPOS="1097" WIDTH="68" HEIGHT="28" WC="0.91" CONTENT="sagdt"/><SP WIDTH="22" VPOS="1097" HPOS="503"/>
							<String ID="string_146" HPOS="525" VPOS="1098" WIDTH="80" HEIGHT="27" WC="0.92" CONTENT="utgöre"/><SP WIDTH="21" VPOS="1098" HPOS="605"/>
							<String ID="string_147" HPOS="626" VPOS="1097" WIDTH="59" HEIGHT="22" WC="0.93" CONTENT="dock"/><SP WIDTH="16" VPOS="1097" HPOS="685"/>
							<String ID="string_148" HPOS="701" VPOS="1097" WIDTH="19" HEIGHT="28" WC="0.96" CONTENT="ej"/><SP WIDTH="18" VPOS="1097" HPOS="720"/>
							<String ID="string_149" HPOS="738" VPOS="1096" WIDTH="79" HEIGHT="22" WC="0.96" CONTENT="hinder"/><SP WIDTH="15" VPOS="1096" HPOS="817"/>
							<String ID="string_150" HPOS="832" VPOS="1096" WIDTH="35" HEIGHT="22" WC="0.96" CONTENT="för"/>
						</TextLine>
						<TextLine ID="line_23" HPOS="113" VPOS="1130" WIDTH="755" HEIGHT="29">
							<String ID="string_151" HPOS="113" VPOS="1130" WIDTH="107" HEIGHT="29" WC="0.95" CONTENT="åklagare"/><SP WIDTH="17" VPOS="1130" HPOS="220"/>
							<String ID="string_152" HPOS="237" VPOS="1132" WIDTH="36" HEIGHT="26" WC="0.96" CONTENT="att,"/><SP WIDTH="17" VPOS="1132" HPOS="273"/>
							<String ID="string_153" HPOS="290" VPOS="1131" WIDTH="71" HEIGHT="22" WC="0.93" CONTENT="sedan"/><SP WIDTH="16" VPOS="1131" HPOS="361"/>
							<String ID="string_154" HPOS="377" VPOS="1131" WIDTH="43" HEIGHT="22" WC="0.96" CONTENT="åtal"/><SP WIDTH="17" VPOS="1131" HPOS="420"/>
							<String ID="string_155" HPOS="437" VPOS="1131" WIDTH="72" HEIGHT="22" WC="0.96" CONTENT="blifvit"/><SP WIDTH="15" VPOS="1131" HPOS="509"/>
							<String ID="string_156" HPOS="524" VPOS="1132" WIDTH="62" HEIGHT="21" WC="0.93" CONTENT="inom"/><SP WIDTH="17" VPOS="1132" HPOS="586"/>
							<String ID="string_157" HPOS="603" VPOS="1131" WIDTH="95" HEIGHT="28" WC="0.95" CONTENT="behörig"/><SP WIDTH="16" VPOS="1131" HPOS="698"/>
							<String ID="string_158" HPOS="714" VPOS="1130" WIDTH="32" HEIGHT="22" WC="0.93" CONTENT="tid"/><SP WIDTH="17" VPOS="1130" HPOS="746"/>
							<String ID="string_159" HPOS="763" VPOS="1130" WIDTH="105" HEIGHT="22" WC="0.78" CONTENT="anställdt"/>
						</TextLine>
						<TextLine ID="line_24" HPOS="114" VPOS="1164" WIDTH="754" HEIGHT="30">
							<String ID="string_160" HPOS="114" VPOS="1166" WIDTH="48" HEIGHT="21" WC="0.74" CONTENT="nöt"/><SP WIDTH="16" VPOS="1166" HPOS="162"/>
							<String ID="string_161" HPOS="178" VPOS="1165" WIDTH="77" HEIGHT="29" WC="0.96" CONTENT="någon"/><SP WIDTH="16" VPOS="1165" HPOS="255"/>
							<String ID="string_162" HPOS="271" VPOS="1166" WIDTH="22" HEIGHT="22" WC="0.96" CONTENT="af"/><SP WIDTH="16" VPOS="1166" HPOS="293"/>
							<String ID="string_163" HPOS="309" VPOS="1166" WIDTH="28" HEIGHT="22" WC="0.96" CONTENT="de"/><SP WIDTH="16" VPOS="1166" HPOS="337"/>
							<String ID="string_164" HPOS="353" VPOS="1166" WIDTH="6" HEIGHT="21" WC="0.94" CONTENT="i"/><SP WIDTH="16" VPOS="1166" HPOS="359"/>
							<String ID="string_165" HPOS="375" VPOS="1166" WIDTH="27" HEIGHT="22" WC="0.93" CONTENT="33"/><SP WIDTH="16" VPOS="1166" HPOS="402"/>
							<String ID="string_166" HPOS="418" VPOS="1166" WIDTH="14" HEIGHT="27" WC="0.91" CONTENT="$"/><SP WIDTH="16" VPOS="1166" HPOS="432"/>
							<String ID="string_167" HPOS="448" VPOS="1166" WIDTH="100" HEIGHT="22" WC="0.96" CONTENT="nämnda"/><SP WIDTH="15" VPOS="1166" HPOS="548"/>
							<String ID="string_168" HPOS="563" VPOS="1171" WIDTH="115" HEIGHT="23" WC="0.96" CONTENT="personer,"/><SP WIDTH="9" VPOS="1171" HPOS="678"/>
							<String ID="string_169" HPOS="687" VPOS="1165" WIDTH="54" HEIGHT="22" WC="0.88" CONTENT="efter"/><SP WIDTH="10" VPOS="1165" HPOS="741"/>
							<String ID="string_170" HPOS="751" VPOS="1164" WIDTH="117" HEIGHT="29" WC="0.96" CONTENT="utgången"/>
						</TextLine>
						<TextLine ID="line_25" HPOS="114" VPOS="1198" WIDTH="767" HEIGHT="30">
							<String ID="string_171" HPOS="114" VPOS="1199" WIDTH="106" HEIGHT="23" WC="0.78" CONTENT="af-ofvan"/><SP WIDTH="15" VPOS="1199" HPOS="220"/>
							<String ID="string_172" HPOS="235" VPOS="1200" WIDTH="72" HEIGHT="28" WC="0.92" CONTENT="sagda"/><SP WIDTH="12" VPOS="1200" HPOS="307"/>
							<String ID="string_173" HPOS="319" VPOS="1199" WIDTH="58" HEIGHT="23" WC="0.92" CONTENT="tid&#39;i"/><SP WIDTH="16" VPOS="1199" HPOS="377"/>
							<String ID="string_174" HPOS="393" VPOS="1199" WIDTH="68" HEIGHT="23" WC="0.96" CONTENT="målet"/><SP WIDTH="16" VPOS="1199" HPOS="461"/>
							<String ID="string_175" HPOS="477" VPOS="1200" WIDTH="120" HEIGHT="22" WC="0.95" CONTENT="instämma"/><SP WIDTH="16" VPOS="1200" HPOS="597"/>
							<String ID="string_176" HPOS="613" VPOS="1198" WIDTH="81" HEIGHT="28" WC="0.96" CONTENT="annan,"/><SP WIDTH="12" VPOS="1198" HPOS="694"/>
							<String ID="string_177" HPOS="706" VPOS="1205" WIDTH="50" HEIGHT="16" WC="0.93" CONTENT="som"/><SP WIDTH="16" VPOS="1205" HPOS="756"/>
							<String ID="string_178" HPOS="772" VPOS="1198" WIDTH="109" HEIGHT="23" WC="0.7" CONTENT="framom"/><SP WIDTH="-9" VPOS="1198" HPOS="881"/>
							<String ID="string_179" HPOS="872" VPOS="1194" WIDTH="13" HEIGHT="38" WC="0.79" CONTENT="&#39;"/>
						</TextLine>
						<TextLine ID="line_26" HPOS="115" VPOS="1234" WIDTH="412" HEIGHT="28">
							<String ID="string_180" HPOS="115" VPOS="1234" WIDTH="87" HEIGHT="22" WC="0.96" CONTENT="honom"/><SP WIDTH="16" VPOS="1234" HPOS="202"/>
							<String ID="string_181" HPOS="218" VPOS="1236" WIDTH="24" HEIGHT="20" WC="0.96" CONTENT="är"/><SP WIDTH="14" VPOS="1236" HPOS="242"/>
							<String ID="string_182" HPOS="256" VPOS="1234" WIDTH="35" HEIGHT="22" WC="0.93" CONTENT="för"/><SP WIDTH="15" VPOS="1234" HPOS="291"/>
							<String ID="string_183" HPOS="306" VPOS="1234" WIDTH="91" HEIGHT="22" WC="0.96" CONTENT="skriften"/><SP WIDTH="17" VPOS="1234" HPOS="397"/>
							<String ID="string_184" HPOS="414" VPOS="1234" WIDTH="113" HEIGHT="28" WC="0.96" CONTENT="ansvarig."/>
						</TextLine>
					</TextBlock>
					<TextBlock ID="block_9" HPOS="115" VPOS="1268" WIDTH="753" HEIGHT="63">
						<TextLine ID="line_27" HPOS="185" VPOS="1268" WIDTH="681" HEIGHT="29">
							<String ID="string_185" HPOS="185" VPOS="1268" WIDTH="44" HEIGHT="23" WC="0.96" CONTENT="Om"/><SP WIDTH="16" VPOS="1268" HPOS="229"/>
							<String ID="string_186" HPOS="245" VPOS="1269" WIDTH="32" HEIGHT="21" WC="0.96" CONTENT="tid"/><SP WIDTH="15" VPOS="1269" HPOS="277"/>
							<String ID="string_187" HPOS="292" VPOS="1269" WIDTH="35" HEIGHT="22" WC="0.93" CONTENT="för"/><SP WIDTH="16" VPOS="1269" HPOS="327"/>
							<String ID="string_188" HPOS="343" VPOS="1269" WIDTH="148" HEIGHT="28" WC="0.92" CONTENT="målsegande"/><SP WIDTH="16" VPOS="1269" HPOS="491"/>
							<String ID="string_189" HPOS="507" VPOS="1270" WIDTH="30" HEIGHT="21" WC="0.96" CONTENT="att"/><SP WIDTH="16" VPOS="1270" HPOS="537"/>
							<String ID="string_190" HPOS="553" VPOS="1269" WIDTH="93" HEIGHT="22" WC="0.96" CONTENT="anställa"/><SP WIDTH="16" VPOS="1269" HPOS="646"/>
							<String ID="string_191" HPOS="662" VPOS="1268" WIDTH="43" HEIGHT="22" WC="0.95" CONTENT="åtal"/><SP WIDTH="18" VPOS="1268" HPOS="705"/>
							<String ID="string_192" HPOS="723" VPOS="1269" WIDTH="5" HEIGHT="21" WC="0.95" CONTENT="i"/><SP WIDTH="13" VPOS="1269" HPOS="728"/>
							<String ID="string_193" HPOS="741" VPOS="1268" WIDTH="125" HEIGHT="28" WC="0.96" CONTENT="anledning"/>
						</TextLine>
						<TextLine ID="line_28" HPOS="115" VPOS="1302" WIDTH="753" HEIGHT="29">
							<String ID="string_194" HPOS="115" VPOS="1302" WIDTH="22" HEIGHT="22" WC="0.92" CONTENT="af"/><SP WIDTH="22" VPOS="1302" HPOS="137"/>
							<String ID="string_195" HPOS="159" VPOS="1303" WIDTH="138" HEIGHT="28" WC="0.92" CONTENT="tryckskrifts"/><SP WIDTH="24" VPOS="1303" HPOS="297"/>
							<String ID="string_196" HPOS="321" VPOS="1303" WIDTH="98" HEIGHT="22" WC="0.93" CONTENT="innehåll"/><SP WIDTH="24" VPOS="1303" HPOS="419"/>
							<String ID="string_197" HPOS="443" VPOS="1304" WIDTH="60" HEIGHT="27" WC="0.89" CONTENT="gälle"/><SP WIDTH="16" VPOS="1304" HPOS="503"/>
							<String ID="string_198" HPOS="519" VPOS="1303" WIDTH="58" HEIGHT="22" WC="0.96" CONTENT="hvad"/><SP WIDTH="17" VPOS="1303" HPOS="577"/>
							<String ID="string_199" HPOS="594" VPOS="1304" WIDTH="6" HEIGHT="20" WC="0.96" CONTENT="i"/><SP WIDTH="17" VPOS="1304" HPOS="600"/>
							<String ID="string_200" HPOS="617" VPOS="1303" WIDTH="81" HEIGHT="22" WC="0.95" CONTENT="allmän"/><SP WIDTH="16" VPOS="1303" HPOS="698"/>
							<String ID="string_201" HPOS="714" VPOS="1303" WIDTH="37" HEIGHT="28" WC="0.96" CONTENT="lag"/><SP WIDTH="16" VPOS="1303" HPOS="751"/>
							<String ID="string_202" HPOS="767" VPOS="1303" WIDTH="101" HEIGHT="28" WC="0.96" CONTENT="stadgas."/>
						</TextLine>
					</TextBlock>
				</ComposedBlock>
				<ComposedBlock ID="cblock_8" HPOS="463" VPOS="1366" WIDTH="65" HEIGHT="28">
					<TextBlock ID="block_10" HPOS="463" VPOS="1366" WIDTH="65" HEIGHT="28">
						<TextLine ID="line_29" HPOS="463" VPOS="1366" WIDTH="65" HEIGHT="28">
							<String ID="string_203" HPOS="463" VPOS="1366" WIDTH="29" HEIGHT="22" WC="0.67" CONTENT="42"/><SP WIDTH="15" VPOS="1366" HPOS="492"/>
							<String ID="string_204" HPOS="507" VPOS="1367" WIDTH="21" HEIGHT="27" WC="0.67" CONTENT="$."/>
						</TextLine>
					</TextBlock>
				</ComposedBlock>
				<ComposedBlock ID="cblock_9" HPOS="116" VPOS="1417" WIDTH="758" HEIGHT="63">
					<TextBlock ID="block_11" HPOS="116" VPOS="1417" WIDTH="758" HEIGHT="63">
						<TextLine ID="line_30" HPOS="187" VPOS="1417" WIDTH="682" HEIGHT="29">
							<String ID="string_205" HPOS="187" VPOS="1418" WIDTH="50" HEIGHT="22" WC="0.92" CONTENT="Har"/><SP WIDTH="14" VPOS="1418" HPOS="237"/>
							<String ID="string_206" HPOS="251" VPOS="1418" WIDTH="128" HEIGHT="28" WC="0.32" CONTENT="tryckskrift:"/><SP WIDTH="15" VPOS="1418" HPOS="379"/>
							<String ID="string_207" HPOS="394" VPOS="1418" WIDTH="102" HEIGHT="28" WC="0.90" CONTENT="utgifvits"/><SP WIDTH="16" VPOS="1418" HPOS="496"/>
							<String ID="string_208" HPOS="512" VPOS="1418" WIDTH="6" HEIGHT="22" WC="0.92" CONTENT="i"/><SP WIDTH="13" VPOS="1418" HPOS="518"/>
							<String ID="string_209" HPOS="531" VPOS="1418" WIDTH="57" HEIGHT="22" WC="0.83" CONTENT="&#39;strid"/><SP WIDTH="17" VPOS="1418" HPOS="588"/>
							<String ID="string_210" HPOS="605" VPOS="1418" WIDTH="51" HEIGHT="22" WC="0.93" CONTENT="med"/><SP WIDTH="17" VPOS="1418" HPOS="656"/>
							<String ID="string_211" HPOS="673" VPOS="1418" WIDTH="59" HEIGHT="21" WC="0.96" CONTENT="hvad"/><SP WIDTH="16" VPOS="1418" HPOS="732"/>
							<String ID="string_212" HPOS="748" VPOS="1418" WIDTH="6" HEIGHT="21" WC="0.96" CONTENT="i"/><SP WIDTH="16" VPOS="1418" HPOS="754"/>
							<String ID="string_213" HPOS="770" VPOS="1417" WIDTH="13" HEIGHT="21" WC="0.96" CONTENT="2"/><SP WIDTH="17" VPOS="1417" HPOS="783"/>
							<String ID="string_214" HPOS="800" VPOS="1419" WIDTH="69" HEIGHT="19" WC="0.34" CONTENT="mot:"/>
						</TextLine>
						<TextLine ID="line_31" HPOS="116" VPOS="1451" WIDTH="758" HEIGHT="29">
							<String ID="string_215" HPOS="116" VPOS="1452" WIDTH="14" HEIGHT="22" WC="0.90" CONTENT="5"/><SP WIDTH="16" VPOS="1452" HPOS="130"/>
							<String ID="string_216" HPOS="146" VPOS="1452" WIDTH="20" HEIGHT="28" WC="0.85" CONTENT="&amp;,"/><SP WIDTH="26" VPOS="1452" HPOS="166"/>
							<String ID="string_217" HPOS="192" VPOS="1452" WIDTH="32" HEIGHT="26" WC="0.96" CONTENT="10,"/><SP WIDTH="25" VPOS="1452" HPOS="224"/>
							<String ID="string_218" HPOS="249" VPOS="1452" WIDTH="31" HEIGHT="26" WC="0.96" CONTENT="11,"/><SP WIDTH="26" VPOS="1452" HPOS="280"/>
							<String ID="string_219" HPOS="306" VPOS="1452" WIDTH="32" HEIGHT="26" WC="0.96" CONTENT="12,"/><SP WIDTH="19" VPOS="1452" HPOS="338"/>
							<String ID="string_220" HPOS="357" VPOS="1452" WIDTH="34" HEIGHT="26" WC="0.96" CONTENT="22,"/><SP WIDTH="16" VPOS="1452" HPOS="391"/>
							<String ID="string_221" HPOS="407" VPOS="1452" WIDTH="34" HEIGHT="27" WC="0.96" CONTENT="25,"/><SP WIDTH="16" VPOS="1452" HPOS="441"/>
							<String ID="string_222" HPOS="457" VPOS="1452" WIDTH="36" HEIGHT="27" WC="0.95" CONTENT="26,"/><SP WIDTH="15" VPOS="1452" HPOS="493"/>
							<String ID="string_223" HPOS="508" VPOS="1453" WIDTH="28" HEIGHT="22" WC="0.96" CONTENT="27"/><SP WIDTH="15" VPOS="1453" HPOS="536"/>
							<String ID="string_224" HPOS="551" VPOS="1452" WIDTH="54" HEIGHT="22" WC="0.96" CONTENT="eller"/><SP WIDTH="14" VPOS="1452" HPOS="605"/>
							<String ID="string_225" HPOS="619" VPOS="1452" WIDTH="28" HEIGHT="22" WC="0.92" CONTENT="28"/><SP WIDTH="16" VPOS="1452" HPOS="647"/>
							<String ID="string_226" HPOS="663" VPOS="1452" WIDTH="13" HEIGHT="28" WC="0.80" CONTENT="&amp;"/><SP WIDTH="17" VPOS="1452" HPOS="676"/>
							<String ID="string_227" HPOS="693" VPOS="1452" WIDTH="108" HEIGHT="28" WC="0.92" CONTENT="stadgats,"/><SP WIDTH="17" VPOS="1452" HPOS="801"/>
							<String ID="string_228" HPOS="818" VPOS="1451" WIDTH="56" HEIGHT="22" WC="0.96" CONTENT="eller"/>
						</TextLine>
					</TextBlock>
				</ComposedBlock>
			</PrintSpace>
		</Page>
	</Layout>
</alto>
