1081 1761
565 157 42 30 N:o
619 158 27 25 15

513 438 186 44 Förslag

591 506 32 19 till

228 560 70 34 Lag
307 558 172 36 angäende
493 561 169 27 allmänna
674 560 308 27 sammankomster.

297 647 52 22 Med
366 647 163 29 upphäfvande
545 646 23 23 af
583 647 13 22 9
611 649 14 26 &
642 647 26 21 16
683 647 51 28 kap.
750 646 139 29 Strafflagen
904 647 80 21 varder

228 681 134 30 härigenom
378 682 115 29 stadgadt:

585 746 47 27 18.

297 791 46 22 För
360 791 177 29 öfverläggning
552 791 95 22 rörande
663 791 115 22 allmänna
793 790 191 29 angelägenheter

229 825 56 22 eller
305 826 9 21 i
337 828 69 19 annat
426 826 75 28 lofligt
523 825 60 29 syfte
599 827 37 20 mä
651 826 115 21 allmänna
782 825 203 22 sammankomster

228 859 73 22 hällas
317 860 51 21 med
383 860 149 28 iakttagande
547 860 23 21 af
584 860 61 21 hvad
659 860 9 21 i
683 860 75 21 denna
772 860 38 28 lag
826 859 98 29 stadgas.

299 894 80 21 Säsom
394 894 85 22 allmän
494 894 179 22 sammankomst
688 894 59 22 skall
762 893 20 29 ej
799 894 44 21 den
854 901 70 20 anses,
936 900 48 15 som

229 928 72 22 hälles
315 928 9 22 i
339 928 70 22 slutet
423 936 49 14 rum
489 929 54 21 eller
558 930 13 20 &
586 928 116 29 inhägnad
715 928 60 29 plats
789 928 42 22 och
845 928 36 21 till
891 928 93 22 hvilken

230 962 83 22 endast
327 963 147 29 personligen
489 963 112 29 inbjudna
616 962 116 29 deltagare
747 962 70 22 hafva
834 962 108 22 tillträde.

583 1015 48 27 28.

298 1066 73 22 Innan
387 1066 84 22 allmän
482 1066 179 22 sammankomst
670 1067 37 21 mä
718 1074 42 21 ega
770 1074 57 21 rum,
838 1066 58 22 skall
907 1066 77 22 därom

229 1103 78 19 senast
331 1100 46 23 tolf
399 1101 91 22 timmar
513 1101 49 22 före
587 1101 44 22 den
656 1101 36 22 för
717 1101 208 22 sammankomsten
949 1104 36 19 ut

229 1137 60 19 satta
304 1135 62 22 tiden
382 1138 66 26 göras
463 1135 101 30 skriftlig
575 1136 111 28 anmälan,
697 1136 9 21 i
716 1136 51 21 stad
777 1135 41 22 hos
828 1135 157 29 polismästare

230 1170 60 28 eller,
307 1170 39 21 där
361 1170 70 21 sädan
446 1170 20 28 ej
482 1170 79 28 finnes,
577 1171 41 21 hos
633 1171 157 27 borgmästare
800 1170 56 22 eller
866 1170 119 29 ordnings-

229 1211 53 14 man
298 1204 40 22 och
355 1205 30 27 pä
399 1204 79 22 landet
491 1204 42 22 hos
547 1204 141 29 kronofogde
704 1205 55 21 eller
773 1204 109 22 länsman.
919 1204 66 22 Dock

228 1239 39 21 mä
282 1238 67 22 äfven
365 1246 77 15 senare
457 1238 67 29 gjord
539 1240 106 20 anmälan
660 1239 73 22 hällas
743 1238 36 22 för
789 1238 75 30 giltig,
874 1246 36 14 om
920 1246 65 22 myn-

229 1272 110 28 digheten
354 1273 92 29 pröfvar
462 1274 121 28 olägenhet
597 1273 68 22 däraf
679 1274 19 28 ej
713 1274 91 28 uppstå.

298 1307 114 22 Anmälan
434 1315 37 14 om
494 1308 84 21 allmän
601 1308 178 22 sammankomst
797 1308 59 21 skall
870 1307 116 22 innehålla

228 1341 94 29 uppgift
345 1342 117 28 angående
484 1342 63 22 tiden
569 1342 42 22 och
633 1343 77 21 stället
728 1342 36 22 för
778 1342 208 22 sammankomsten

229 1379 60 18 samt
311 1376 50 22 dess
384 1377 105 21 ändamål
511 1377 43 21 och
570 1384 55 15 vara
639 1377 171 22 undertecknad
824 1376 24 22 af
862 1377 70 21 minst
946 1377 40 21 två

228 1417 114 21 personer,
358 1418 48 14 som
421 1411 55 21 råda
493 1411 63 22 öfver
573 1412 36 28 sig
627 1412 42 21 och
685 1411 89 29 åtnjuta
789 1411 47 29 god
850 1411 60 28 fräjd
927 1414 59 18 samt

228 1447 41 19 äro
291 1445 90 22 bosatta
396 1446 8 21 i
417 1446 44 22 den
479 1448 41 26 ort,
539 1446 40 22 där
596 1446 207 22 sammankomsten
819 1448 24 19 är
858 1445 79 22 afsedd
952 1448 34 18 att

229 1486 44 21 ega
288 1487 55 14 rum.
