1086 1770
237 153 27 20 18
469 153 22 22 U.
508 153 22 21 B.
547 165 29 2 —
593 153 61 28 Prop.
672 153 38 22 N:o
725 153 30 22 18.

236 218 146 26 karaktären,
407 219 44 20 den
475 219 163 26 grundsatsen,
662 221 34 19 att
719 219 27 21 de
768 219 56 20 böra
842 219 71 20 rättas
930 221 55 18 utan

235 254 108 21 afseende
360 255 13 20 ä
389 255 28 20 de
434 261 116 20 personer,
568 255 70 20 saken
656 255 47 20 kan
727 255 66 27 gälla,
821 255 94 20 hvarför
942 255 43 20 ock

235 290 123 21 utskottets
375 290 75 21 beslut
466 293 33 18 att
523 291 50 20 icke
590 291 53 26 ingä
660 291 6 20 i
684 292 106 19 närmare
807 291 144 26 granskning
963 291 24 20 af

237 326 29 20 de
283 326 105 21 enskilda
404 327 47 25 fall,
469 327 28 26 pä
515 327 79 20 hvilka
611 327 66 26 lagen
695 327 93 20 komme
805 328 33 19 att
854 326 69 21 hafva
940 327 43 20 till-

234 362 127 27 lämpning,
386 362 42 21 har
451 362 50 21 skäl
526 363 34 20 för
584 363 40 26 sig.
658 362 78 21 Redan
761 363 30 25 pä
816 363 76 20 denna
910 363 74 26 grund

232 404 56 14 vore
312 397 38 22 det
373 398 51 21 icke
448 398 85 27 riktigt,
558 400 32 19 att
612 399 28 26 pä
657 399 152 20 förevarande
826 399 37 26 lag
879 398 105 27 tillämpa

234 433 62 21 hvad
314 440 50 14 som
385 434 54 27 eljes
455 435 71 25 gäller
542 441 38 13 om
598 434 80 27 dylika
695 434 202 27 undantagslagar.
931 435 52 19 Vik-

233 469 72 27 tigare
322 470 25 20 är
363 470 60 20 dock
440 476 28 14 en
485 476 78 14 annan
581 470 179 27 omständighet.

306 506 50 20 Den
380 506 196 27 förslagsprincip,
594 512 50 14 som
662 513 32 13 nu
712 506 36 20 vid
767 506 216 27 tjensteutnämnin-

234 547 40 21 gar
298 541 74 21 blifvit
397 542 147 27 frångången,
562 542 42 20 har
625 542 74 20 under
719 542 67 26 långa
804 542 59 20 tider
879 542 29 27 på
924 542 58 27 goda

234 577 51 21 skäl
311 580 86 18 ansetts
420 584 39 20 ega
483 584 28 14 en
528 578 100 20 särskild
646 578 47 27 vigt
709 578 43 20 och
769 578 119 26 betydelse
905 578 77 20 såsom

234 613 129 27 utgörande
379 614 58 20 både
455 620 28 14 en
500 614 96 27 garanti,
613 620 39 14 om
669 614 45 21 ock
730 614 147 27 naturligtvis
893 614 50 20 icke
955 620 27 14 en

233 649 94 21 absolut
350 650 80 25 sådan,
448 652 49 19 mot
513 651 119 20 missbruk
648 651 26 20 af
688 650 233 27 utnämningsrätten,
939 651 44 20 och

234 691 30 15 en
288 685 124 27 betingelse
437 686 35 21 för
495 693 28 14 en
541 686 77 27 duglig
639 686 227 27 tjenstemannakårs
884 687 98 26 upprätt-

232 721 117 21 hållande.
382 722 162 21 Betecknande
561 722 7 21 i
586 722 83 21 sådant
694 722 108 21 afseende
827 723 31 25 är,
875 724 33 18 att
924 722 57 21 Reh-

232 757 84 20 binder
332 757 7 21 i
356 758 37 20 det.
417 758 67 21 korta
509 758 127 26 memorial,
654 758 6 21 i
677 758 88 21 hvilket
790 758 46 20 han
862 758 35 21 för
917 758 63 21 Alex-

232 793 74 20 ander
322 793 9 21 I
348 793 135 28 redogjorde
499 794 35 21 för
552 794 156 21 »monarkens
729 794 44 21 och
791 794 190 27 folkrepresenta-

231 829 94 21 tionens
349 830 158 26 statsrättsliga
525 830 109 27 ställning
650 830 7 20 i
674 830 50 21 vårt
744 830 69 20 land»
831 828 149 29 (Danielson),

232 865 68 20 anför
325 865 176 27 ifrågavarande
517 865 90 27 princip
624 865 144 21 beträffande
785 865 106 27 tjensters
908 865 72 21 besät-

231 900 78 21 tande.
335 901 34 20 Dä
386 908 31 13 nu
435 901 76 21 denna
528 901 118 27 frängätts,
663 908 53 14 men
733 902 51 20 icke
796 901 99 21 allenast
906 901 75 21 denna

232 938 64 24 utan,
313 936 7 21 i
336 939 31 18 ett
383 939 58 18 stort
457 937 62 20 antal
536 937 46 26 fall,
599 937 34 20 till
650 937 44 21 och
711 937 53 21 med
777 937 161 27 grundsatsen,
950 939 31 18 att

230 972 96 27 tjenster
341 972 56 21 böra
409 973 78 21 ansläs
498 973 80 27 lediga,
592 973 44 21 och
648 973 62 21 detta
721 973 6 20 i
739 973 58 21 strid
809 975 50 18 mot
870 973 111 27 grundlag

232 1010 60 18 samt
302 1008 34 20 till
346 1009 176 20 underlättande
532 1009 24 20 af
562 1009 28 20 de
600 1009 101 20 bekanta
712 1010 49 20 mot
773 1009 38 20 det
823 1008 76 21 finska
911 1009 71 20 folket

230 1044 92 20 riktade
339 1044 171 26 sträfvandena,
523 1044 25 21 sä
564 1046 26 19 är
606 1045 37 20 det
660 1044 50 21 icke
722 1044 116 27 underligt
850 1046 32 18 att
895 1051 27 14 en
934 1047 48 18 stor

230 1080 46 26 del,
293 1086 54 14 man
363 1080 66 21 torde
445 1080 50 21 icke
513 1080 108 27 misstaga
639 1080 33 27 sig
688 1087 39 14 om
744 1087 56 14 man
817 1081 66 25 säger
898 1082 82 19 största

230 1115 68 21 delen
315 1116 25 20 af
354 1116 91 20 landets
459 1116 94 27 jurister
570 1116 77 21 funnit
664 1116 33 27 sig
713 1116 152 21 förhindrade
881 1118 32 18 att
924 1117 56 20 söka

230 1151 55 21 eller
302 1154 101 24 mottaga
415 1152 155 26 befattningar
581 1152 39 20 vid
631 1158 28 14 en
672 1152 36 21 del
720 1152 62 21 verk.
809 1152 52 20 Med
874 1152 106 21 afseende

229 1187 58 21 härä
312 1194 55 14 vore
388 1188 38 20 det
439 1188 51 20 icke
507 1188 84 26 riktigt,
608 1190 32 18 att
657 1188 7 20 i
680 1188 127 26 anledning
824 1187 25 21 af
863 1188 44 20 den
924 1188 56 20 före-

229 1223 82 27 slagna
335 1224 66 26 lagen
425 1224 46 20 tala
496 1230 37 14 om
559 1224 96 27 ingrepp
680 1224 6 20 i
712 1224 104 20 enskilds
840 1223 59 27 goda
930 1225 50 19 rätt.

228 1258 80 22 Ocksä
332 1266 28 14 en
385 1259 51 27 laga
461 1260 60 20 kraft
544 1260 87 26 egande
652 1260 62 26 dom,
731 1260 7 20 i
755 1260 75 26 grund
847 1259 26 21 af
886 1259 94 21 hvilken

228 1294 92 21 enskild
346 1295 91 20 kunnat
460 1295 85 27 beropa
570 1295 34 27 sig
626 1295 28 27 pä
674 1295 80 27 formel
770 1296 51 25 rätt,
839 1295 46 20 kan
903 1295 77 27 brytas

228 1335 85 21 genom
338 1331 99 26 resning,
463 1333 24 24 ty
504 1331 37 20 det
557 1331 71 26 ligger
644 1331 46 26 vigt
706 1331 36 27 pä,
760 1333 33 18 att
809 1331 39 20 det
870 1331 111 20 materielt

228 1367 60 19 rätta
305 1366 103 27 skyddas
425 1367 45 20 och
487 1366 174 27 upprätthälles.
686 1363 73 24 Äfven
777 1373 31 14 nu
826 1367 25 20 är
867 1366 63 27 fräga
942 1373 38 14 om

228 1403 32 19 ett
284 1402 60 26 slags
369 1402 100 27 resning,
494 1403 43 21 och
559 1403 69 27 något
645 1405 72 18 annat
732 1404 30 19 än
780 1402 30 28 pä
827 1402 36 20 sin
880 1402 55 27 höjd
952 1409 27 14 en

227 1436 82 22 formel
327 1439 44 19 rätt
388 1438 46 21 kan
451 1439 42 20 här
510 1439 50 20 icke
576 1438 122 21 erkännas.

301 1474 53 20 Man
380 1474 42 21 har
443 1474 117 27 ifrägasatt
585 1474 205 28 nödvändigheten
816 1474 25 20 af
861 1474 43 20 den
922 1474 54 21 före-
