1084 1767
228 154 29 22 52

300 226 12 22 I
330 226 31 22 de
373 226 73 23 flesta
460 226 74 30 tyska
548 228 78 21 stater
639 226 150 23 tillkommer
803 226 184 23 administrativ

230 260 149 30 myndighet
389 260 139 23 vidsträckt
536 262 51 22 rätt
601 263 35 21 att
645 261 108 29 upplösa
763 261 167 26 existerande,
937 262 51 22 sär-

230 294 78 23 skildt
317 295 118 28 politiska
449 296 153 29 föreningar,
612 296 7 22 i
630 296 121 22 händelse
765 296 30 22 de
809 302 74 16 anses
896 295 91 30 farliga

230 329 40 22 för
282 329 49 22 den
345 330 125 22 allmänna
484 330 148 29 ordningen.
653 330 163 29 Exempelvis
829 330 40 22 mä
882 330 105 22 nämnas

231 364 37 22 att
287 364 183 23 administrativ
488 365 149 29 myndighet
655 365 37 22 uti
706 364 111 24 Sachsen
830 365 61 29 äger
904 364 83 23 denna

230 398 60 26 rätt,
310 405 39 15 om
375 399 42 23 det
434 396 115 26 befinnes
569 400 68 28 ligga
656 400 37 22 uti
712 406 31 16 en
761 399 132 29 förenings
913 399 74 22 ända-

231 432 50 22 mäl
300 434 36 21 att
354 433 72 29 begä,
444 434 140 28 uppfordra
603 434 36 22 till
658 434 59 22 eller
736 434 80 21 väcka
835 433 96 29 böjelse
949 433 39 22 för

230 467 150 30 lagstridiga
406 468 59 22 eller
492 468 114 29 osedliga
634 468 159 29 handlingar.
837 468 56 22 Den
923 467 64 23 enda

231 503 50 20 stat
299 502 8 22 i
325 502 57 22 hela
400 503 137 28 Tyskland,
551 503 36 22 uti
604 503 104 22 hvilken
721 503 48 22 den
783 502 132 23 definitiva
928 509 61 22 upp-

230 536 134 29 lösningen
378 536 25 23 af
415 543 30 16 en
459 537 118 29 förening
589 537 76 22 beror
677 537 32 29 pä
724 537 121 22 domstols
859 537 88 29 ätgärd
960 537 28 22 är

230 570 131 23 Preussen.
389 571 172 23 Provisoriskt
578 572 51 22 kan
647 572 79 22 likväl
745 571 76 22 äfven
839 571 8 22 i
866 571 123 22 Preussen

230 605 125 30 förening,
376 612 52 16 som
453 607 46 21 har
524 606 36 23 till
585 606 118 23 ändamål
728 608 35 21 att
785 606 7 22 i
811 606 178 29 församlingar

231 639 132 23 diskutera
381 641 118 28 politiska
514 641 219 29 angelägenheter,
748 641 121 28 upplösas
884 640 25 23 af
921 640 68 22 lokal

231 674 224 30 polismyndighet,
475 675 7 22 i
510 675 121 23 händelse
659 675 80 23 sådan
763 675 118 29 förening
905 675 83 22 såsom

230 709 163 22 medlemmar
420 710 90 29 intagit
534 710 117 26 kvinnor,
673 710 83 22 elever
781 709 60 23 eller
859 709 128 29 lärlingar.

230 743 250 30 Polismyndigheten
500 745 28 21 är
547 745 64 22 dock
630 745 102 28 skyldig
752 745 36 21 att
806 745 67 21 inom
890 743 33 23 48
937 744 52 21 tim-

230 784 56 15 mar
304 785 40 15 om
363 779 186 29 upplösningen
567 779 45 22 och
632 779 138 22 orsakerna
789 779 36 22 till
844 779 145 22 densamma

230 812 149 23 underrätta
393 813 230 29 åklagaremakten.
649 813 92 22 Finner
755 813 84 22 denna
853 813 136 28 anledning

231 846 37 23 till
293 847 50 22 åtal
368 847 54 23 icke
446 847 133 30 föreligga,
599 848 64 22 skall
682 848 49 22 den
750 848 84 22 lokala
853 847 135 29 polismyn-

231 881 121 29 digheten
371 882 67 22 inom
458 882 51 23 åtta
528 883 81 28 dagar
628 883 162 22 underrättas
809 883 88 21 härom
916 882 7 21 i
942 882 46 22 och

231 915 41 22 för
298 916 274 29 upplösningsorderns
601 917 173 29 återtagande.
812 917 11 22 I
849 917 78 22 annat
945 916 43 22 fall

231 949 65 23 skall
324 950 66 23 inom
415 958 95 15 samma
532 951 35 22 tid
586 951 50 22 åtal
656 954 51 19 mot
725 951 150 29 föreningen
895 951 92 22 väckas

232 984 60 22 eller
312 985 118 22 anhållan
449 992 39 15 om
507 986 100 29 rättslig
625 985 232 29 förundersökning
872 985 25 22 af
910 985 78 22 saken

231 1025 63 16 vara
313 1019 82 29 gjord.
425 1019 162 24 Omedelbart
605 1021 7 21 i
631 1020 90 29 början
741 1019 26 23 af
779 1026 134 22 processen
928 1020 61 29 äger

231 1053 83 22 rätten
333 1053 63 23 fatta
414 1054 82 23 beslut
512 1061 39 16 om
565 1055 162 28 föreningens
740 1054 174 29 provisoriska
928 1060 61 22 upp-

230 1087 102 30 lösning
358 1089 64 21 skall
446 1089 122 22 fortbestå
588 1089 49 22 tills
655 1089 110 22 domslut
783 1089 8 22 i
810 1089 78 22 saken
907 1088 80 23 faller.

232 1121 106 23 Rättens
357 1123 100 29 slutliga
476 1123 83 29 utslag
579 1124 50 21 kan
649 1123 143 22 sedermera
809 1123 60 29 lyda
882 1123 32 28 på
927 1129 62 22 upp-

231 1155 108 30 lösning,
362 1164 39 15 om
427 1158 42 21 vid
494 1158 197 22 öfverträdelsen
711 1157 162 30 synnerligen
892 1157 96 22 försvå-

231 1191 80 22 rande
340 1192 213 29 omständigheter
581 1193 132 28 föreligga,
734 1199 57 15 men
819 1191 80 22 måste
926 1193 62 28 göra

231 1225 43 22 det
293 1226 43 22 vid
355 1226 105 22 återfall.

300 1260 201 23 Föreskrifterna
520 1267 40 16 om
578 1261 256 29 föreningsväsendet
852 1260 66 29 gälla
932 1260 7 22 i
952 1267 37 15 re-

231 1294 60 28 geln
310 1295 90 22 endast
418 1295 74 28 tyska
510 1295 78 22 rikets
607 1295 175 29 medborgare.
821 1295 168 28 Utlänningar

232 1328 45 22 äro
296 1328 113 23 däremot
427 1329 140 28 principielt
585 1330 7 21 i
611 1329 125 23 afsaknad
757 1329 25 22 af
799 1330 50 21 rätt
869 1330 35 20 att
920 1328 69 22 bilda

230 1362 148 30 föreningar
402 1364 46 21 och
466 1364 26 22 få
511 1364 89 22 endast
619 1363 180 23 sammansluta
818 1364 39 28 sig
875 1363 40 22 för
933 1364 56 21 rent

231 1396 165 30 sällskapliga
415 1398 90 28 syften.

300 1431 83 29 Något
403 1432 157 22 annorlunda
579 1434 32 20 än
627 1433 8 21 i
649 1433 41 22 det
703 1432 82 29 öfriga
799 1432 130 28 Tyskland
943 1432 46 22 har

231 1465 255 30 föreningsväsendet
521 1467 8 21 i
565 1467 139 22 rikslandet
732 1466 257 28 Elsass-Lothringen
