1081 1759
415 137 42 23 N:o
469 137 26 22 14
785 138 26 20 18

433 206 28 22 29
477 208 18 26 8.

153 247 69 28 Hvar,
242 254 48 14 som
309 247 78 28 bryter
404 249 49 19 mot
468 247 59 22 hvad
544 247 7 21 i
566 248 28 20 25
609 249 13 25 8
638 245 99 30 stadgas,
753 246 88 22 straffes

85 282 51 20 med
151 282 66 21 böter
232 282 49 20 från
297 281 42 22 och
355 280 51 23 med
422 282 123 21 etthundra
560 282 36 21 till
612 282 41 21 och
669 282 51 20 med
736 282 106 20 tvåtusen

85 316 70 22 mark.

154 350 57 28 Den,
238 358 48 14 som
313 353 56 19 utan
396 350 103 22 tillstånd
523 350 147 28 offentliggör
692 350 151 28 landtdagens

86 385 178 28 förhandlingar,
283 384 29 22 då
331 383 27 23 de
377 388 40 25 ägt
435 392 51 14 rum
503 386 63 20 inom
585 386 74 20 slutna
682 385 84 27 dörrar,
790 384 54 22 eller

88 418 139 23 öfverträder
235 419 76 22 hvad
304 414 13 38 i
327 420 27 21 27
371 420 42 21 och
429 420 28 20 28
467 421 27 26 $$
505 420 98 28 stadgas,
614 420 53 20 böte
678 418 50 22 från
740 419 43 21 och
792 418 50 21 med

89 454 67 28 tjugu
171 454 37 21 till
224 454 42 21 och
281 454 52 21 med
349 453 136 22 femhundra
500 454 69 21 mark.

155 489 12 21 I
182 489 26 21 27
224 490 13 26 8
253 491 58 19 samt
331 489 14 20 3
366 488 42 22 och
423 488 14 22 4
453 488 129 28 punkterna
596 488 53 27 28
641 483 12 37 8
665 488 83 21 nämnd
773 487 72 22 öfver-

88 523 97 21 trädelse
208 524 36 20 må
263 523 19 28 ej
302 524 72 20 åtalas
391 523 24 21 af
429 524 84 20 allmän
529 523 113 28 åklagare,
658 523 40 21 där
713 522 50 22 icke
778 522 66 22 måls-

88 558 104 28 äganden
208 558 86 21 anmält
310 558 68 21 saken
395 558 37 20 till
448 558 51 22 åtal,

418 664 13 22 6
447 664 70 22 KAP.

147 722 34 22 Om
197 722 124 28 ansvarighet
335 722 30 22 för
381 723 58 26 brott,
455 728 42 16 som
514 723 61 27 begås
591 728 68 22 genom
675 722 115 27 tryckskrift.

443 780 29 20 30
487 782 18 24 &.

159 820 45 21 För
220 820 116 28 handling,
348 820 67 21 hvars
431 820 147 21 straffbarhet
593 819 99 29 grundar
708 819 35 28 sig
759 820 12 20 å
786 819 63 21 inne-

91 854 71 21 hållet
177 854 8 21 i
200 854 105 28 utgifven
324 854 141 29 tryckskrift,
483 862 94 13 ansvare
592 854 43 21 den
651 854 55 21 eller
721 854 33 26 de,
771 853 79 21 hvilka

92 888 72 29 enligt
181 888 139 29 Strafflagen
343 892 37 18 äro
404 891 34 19 att
461 890 74 20 såsom
553 888 163 29 gärningsmän
734 888 55 21 eller
804 887 46 21 del-

91 924 77 27 aktige
185 931 70 14 anses.

443 958 27 22 31
487 960 20 26 8.

160 992 32 27 Är
214 998 195 22 hufvudredaktör
432 998 51 22 icke
505 998 90 29 jämlikt
617 999 28 21 30
667 1000 12 26 &
698 997 153 23 underkastad

92 1040 81 14 ansvar
184 1032 34 22 för
232 1033 66 28 brott,
314 1040 49 14 som
379 1033 92 28 begåtts
487 1041 82 21 genom
585 1034 124 20 innehållet
719 1033 8 21 i
737 1032 115 29 periodisk

92 1067 140 29 tryckskrift,
251 1068 88 21 straffes
355 1067 34 22 för
404 1068 107 21 vållande
526 1068 34 21 till
577 1068 113 21 missbruk
706 1068 25 20 af
748 1066 105 29 tryckfri-

92 1102 68 21 heten
175 1102 52 21 med
242 1102 66 21 böter
322 1102 50 21 från
389 1102 43 21 och
447 1102 53 21 med
515 1102 68 28 tjugu
598 1102 34 21 till
648 1102 41 21 och
700 1102 52 21 med
763 1104 88 18 ettusen

92 1136 64 21 mark
172 1136 54 21 eller
241 1136 103 28 fängelse
359 1136 20 28 ej
397 1136 64 22 öfver
476 1139 34 19 ett
525 1137 30 27 år,
570 1136 40 22 där
625 1136 43 21 han
685 1136 19 28 ej
721 1136 70 28 gitter
804 1135 49 21 visa

93 1172 33 19 att
144 1170 45 21 han
204 1170 37 21 till
256 1170 163 29 förbrytelsens
435 1170 172 30 förebyggande
626 1170 122 28 ådagalagt
766 1170 28 21 all
810 1170 43 22 den

94 1204 134 28 aktsamhet,
246 1212 46 14 som
308 1205 30 27 på
353 1204 84 22 honom
454 1205 133 21 ankommit.

444 1274 28 20 32
488 1276 19 25 8.

164 1314 76 28 Begås
256 1314 64 21 brott
335 1320 84 21 genom
434 1314 127 21 innehållet
575 1314 7 21 i
598 1314 103 28 utgifven
714 1312 140 30 tryckskrift,

95 1348 69 21 hvarä
172 1348 140 27 författaren,
322 1343 121 37 utgifvaren
457 1348 74 28 eller,
523 1343 10 37 i
540 1348 64 28 fråga
613 1356 35 14 om
658 1348 114 28 periodisk
781 1347 73 27 skrift,

96 1382 225 22 hufvudredaktören
345 1382 19 28 ej
381 1382 73 21 finnes
471 1382 108 29 angifven
596 1382 55 22 eller
666 1385 23 18 är
705 1382 96 28 oriktigt
817 1389 39 13 an-

97 1416 85 28 gifven,
207 1416 41 22 och
269 1416 70 29 gitter
354 1416 149 28 förläggaren
514 1416 19 28 ej
545 1416 49 22 visa
604 1416 125 28 författare,
741 1416 115 28 utgifvare

99 1451 54 21 eller
168 1450 202 28 hufvudredaktör,
387 1458 48 15 som
446 1451 40 23 vid
502 1451 42 21 den
561 1451 33 21 tid
613 1450 96 23 skriften
725 1450 77 29 utgafs
818 1450 39 21 be-
