<?xml version="1.0" encoding="UTF-8"?>
<alto xmlns="http://www.loc.gov/standards/alto/ns-v3#" xmlns:xlink="http://www.w3.org/1999/xlink" xmlns:xsi="http://www.w3.org/2001/XMLSchema-instance" xsi:schemaLocation="http://www.loc.gov/standards/alto/ns-v3# http://www.loc.gov/alto/v3/alto-3-0.xsd">
	<Description>
		<MeasurementUnit>pixel</MeasurementUnit>
		<sourceImageInformation>
			<fileName>/tmp/tess_fm1e5s2p_input.PNG</fileName>
		</sourceImageInformation>
		<OCRProcessing ID="OCR_0">
			<ocrProcessingStep>
				<processingSoftware>
					<softwareName>tesseract 5.3.4</softwareName>
				</processingSoftware>
			</ocrProcessingStep>
		</OCRProcessing>
	</Description>
	<Layout>
		<Page WIDTH="1086" HEIGHT="1767" PHYSICAL_IMG_NR="0" ID="page_0">
			<PrintSpace HPOS="0" VPOS="0" WIDTH="1086" HEIGHT="1767">
				<ComposedBlock ID="cblock_0" HPOS="444" VPOS="144" WIDTH="413" HEIGHT="23">
					<TextBlock ID="block_0" HPOS="444" VPOS="144" WIDTH="413" HEIGHT="23">
						<TextLine ID="line_0" HPOS="444" VPOS="144" WIDTH="413" HEIGHT="23">
							<String ID="string_0" HPOS="444" VPOS="144" WIDTH="28" HEIGHT="23" WC="0.92" CONTENT="U."/><SP WIDTH="17" VPOS="144" HPOS="472"/>
							<String ID="string_1" HPOS="489" VPOS="144" WIDTH="27" HEIGHT="22" WC="0.92" CONTENT="B."/><SP WIDTH="329" VPOS="144" HPOS="516"/>
							<String ID="string_2" HPOS="845" VPOS="145" WIDTH="12" HEIGHT="20" WC="0.96" CONTENT="5"/>
						</TextLine>
					</TextBlock>
				</ComposedBlock>
				<ComposedBlock ID="cblock_1" HPOS="97" VPOS="215" WIDTH="761" HEIGHT="443">
					<TextBlock ID="block_1" HPOS="97" VPOS="215" WIDTH="761" HEIGHT="304">
						<TextLine ID="line_1" HPOS="166" VPOS="215" WIDTH="691" HEIGHT="29">
							<String ID="string_3" HPOS="166" VPOS="215" WIDTH="90" HEIGHT="22" WC="0.96" CONTENT="Härvid"/><SP WIDTH="27" VPOS="215" HPOS="256"/>
							<String ID="string_4" HPOS="283" VPOS="216" WIDTH="113" HEIGHT="28" WC="0.96" CONTENT="förtjänar"/><SP WIDTH="26" VPOS="216" HPOS="396"/>
							<String ID="string_5" HPOS="422" VPOS="216" WIDTH="139" HEIGHT="28" WC="0.95" CONTENT="ytterligare"/><SP WIDTH="28" VPOS="216" HPOS="561"/>
							<String ID="string_6" HPOS="589" VPOS="215" WIDTH="45" HEIGHT="22" WC="0.96" CONTENT="den"/><SP WIDTH="20" VPOS="215" HPOS="634"/>
							<String ID="string_7" HPOS="654" VPOS="216" WIDTH="203" HEIGHT="28" WC="0.96" CONTENT="omständigheten"/>
						</TextLine>
						<TextLine ID="line_2" HPOS="97" VPOS="250" WIDTH="759" HEIGHT="28">
							<String ID="string_8" HPOS="97" VPOS="250" WIDTH="105" HEIGHT="28" WC="0.95" CONTENT="beaktas,"/><SP WIDTH="14" VPOS="250" HPOS="202"/>
							<String ID="string_9" HPOS="216" VPOS="252" WIDTH="35" HEIGHT="20" WC="0.96" CONTENT="att"/><SP WIDTH="12" VPOS="252" HPOS="251"/>
							<String ID="string_10" HPOS="263" VPOS="250" WIDTH="28" HEIGHT="21" WC="0.96" CONTENT="de"/><SP WIDTH="12" VPOS="250" HPOS="291"/>
							<String ID="string_11" HPOS="303" VPOS="250" WIDTH="8" HEIGHT="22" WC="0.93" CONTENT="i"/><SP WIDTH="13" VPOS="250" HPOS="311"/>
							<String ID="string_12" HPOS="324" VPOS="250" WIDTH="137" HEIGHT="22" WC="0.92" CONTENT="remisserna"/><SP WIDTH="13" VPOS="250" HPOS="461"/>
							<String ID="string_13" HPOS="474" VPOS="250" WIDTH="99" HEIGHT="22" WC="0.93" CONTENT="berörda"/><SP WIDTH="13" VPOS="250" HPOS="573"/>
							<String ID="string_14" HPOS="586" VPOS="250" WIDTH="221" HEIGHT="22" WC="0.90" CONTENT="sakförhållandena"/><SP WIDTH="13" VPOS="250" HPOS="807"/>
							<String ID="string_15" HPOS="820" VPOS="251" WIDTH="36" HEIGHT="21" WC="0.96" CONTENT="stå"/>
						</TextLine>
						<TextLine ID="line_3" HPOS="97" VPOS="284" WIDTH="760" HEIGHT="22">
							<String ID="string_16" HPOS="97" VPOS="284" WIDTH="9" HEIGHT="22" WC="0.96" CONTENT="i"/><SP WIDTH="27" VPOS="284" HPOS="106"/>
							<String ID="string_17" HPOS="133" VPOS="284" WIDTH="143" HEIGHT="22" WC="0.96" CONTENT="omedelbart"/><SP WIDTH="27" VPOS="284" HPOS="276"/>
							<String ID="string_18" HPOS="303" VPOS="284" WIDTH="113" HEIGHT="22" WC="0.96" CONTENT="samband"/><SP WIDTH="27" VPOS="284" HPOS="416"/>
							<String ID="string_19" HPOS="443" VPOS="284" WIDTH="53" HEIGHT="22" WC="0.95" CONTENT="med"/><SP WIDTH="28" VPOS="284" HPOS="496"/>
							<String ID="string_20" HPOS="524" VPOS="284" WIDTH="28" HEIGHT="22" WC="0.95" CONTENT="de"/><SP WIDTH="24" VPOS="284" HPOS="552"/>
							<String ID="string_21" HPOS="576" VPOS="284" WIDTH="38" HEIGHT="22" WC="0.93" CONTENT="till"/><SP WIDTH="29" VPOS="284" HPOS="614"/>
							<String ID="string_22" HPOS="643" VPOS="284" WIDTH="132" HEIGHT="22" WC="0.90" CONTENT="Ständerna"/><SP WIDTH="26" VPOS="284" HPOS="775"/>
							<String ID="string_23" HPOS="801" VPOS="284" WIDTH="56" HEIGHT="22" WC="0.90" CONTENT="hän-"/>
						</TextLine>
						<TextLine ID="line_4" HPOS="98" VPOS="318" WIDTH="759" HEIGHT="30">
							<String ID="string_24" HPOS="98" VPOS="318" WIDTH="95" HEIGHT="29" WC="0.93" CONTENT="skjutna"/><SP WIDTH="18" VPOS="318" HPOS="193"/>
							<String ID="string_25" HPOS="211" VPOS="319" WIDTH="208" HEIGHT="29" WC="0.91" CONTENT="propositionerna."/><SP WIDTH="27" VPOS="319" HPOS="419"/>
							<String ID="string_26" HPOS="446" VPOS="319" WIDTH="105" HEIGHT="22" WC="0.95" CONTENT="Sålunda"/><SP WIDTH="18" VPOS="319" HPOS="551"/>
							<String ID="string_27" HPOS="569" VPOS="318" WIDTH="84" HEIGHT="22" WC="0.96" CONTENT="hänför"/><SP WIDTH="18" VPOS="318" HPOS="653"/>
							<String ID="string_28" HPOS="671" VPOS="320" WIDTH="36" HEIGHT="28" WC="0.95" CONTENT="sig"/><SP WIDTH="18" VPOS="320" HPOS="707"/>
							<String ID="string_29" HPOS="725" VPOS="319" WIDTH="62" HEIGHT="22" WC="0.96" CONTENT="hvad"/><SP WIDTH="19" VPOS="319" HPOS="787"/>
							<String ID="string_30" HPOS="806" VPOS="319" WIDTH="51" HEIGHT="22" WC="0.96" CONTENT="däri"/>
						</TextLine>
						<TextLine ID="line_5" HPOS="98" VPOS="353" WIDTH="759" HEIGHT="29">
							<String ID="string_31" HPOS="98" VPOS="353" WIDTH="111" HEIGHT="29" WC="0.95" CONTENT="åberopas"/><SP WIDTH="28" VPOS="353" HPOS="209"/>
							<String ID="string_32" HPOS="237" VPOS="353" WIDTH="120" HEIGHT="29" WC="0.96" CONTENT="angående"/><SP WIDTH="20" VPOS="353" HPOS="357"/>
							<String ID="string_33" HPOS="377" VPOS="353" WIDTH="36" HEIGHT="22" WC="0.93" CONTENT="till"/><SP WIDTH="21" VPOS="353" HPOS="413"/>
							<String ID="string_34" HPOS="434" VPOS="353" WIDTH="132" HEIGHT="22" WC="0.89" CONTENT="Ständerna"/><SP WIDTH="19" VPOS="353" HPOS="566"/>
							<String ID="string_35" HPOS="585" VPOS="353" WIDTH="172" HEIGHT="23" WC="0.90" CONTENT="öfverlämnade"/><SP WIDTH="19" VPOS="353" HPOS="757"/>
							<String ID="string_36" HPOS="776" VPOS="361" WIDTH="81" HEIGHT="21" WC="0.92" CONTENT="propo-"/>
						</TextLine>
						<TextLine ID="line_6" HPOS="99" VPOS="388" WIDTH="757" HEIGHT="29">
							<String ID="string_37" HPOS="99" VPOS="388" WIDTH="106" HEIGHT="21" WC="0.91" CONTENT="sitioners"/><SP WIDTH="28" VPOS="388" HPOS="205"/>
							<String ID="string_38" HPOS="233" VPOS="388" WIDTH="204" HEIGHT="28" WC="0.91" CONTENT="kontrasignation"/><SP WIDTH="20" VPOS="388" HPOS="437"/>
							<String ID="string_39" HPOS="457" VPOS="388" WIDTH="24" HEIGHT="22" WC="0.96" CONTENT="af"/><SP WIDTH="19" VPOS="388" HPOS="481"/>
							<String ID="string_40" HPOS="500" VPOS="388" WIDTH="111" HEIGHT="28" WC="0.95" CONTENT="obehörig"/><SP WIDTH="28" VPOS="388" HPOS="611"/>
							<String ID="string_41" HPOS="639" VPOS="396" WIDTH="90" HEIGHT="20" WC="0.95" CONTENT="person,"/><SP WIDTH="19" VPOS="396" HPOS="729"/>
							<String ID="string_42" HPOS="748" VPOS="388" WIDTH="38" HEIGHT="22" WC="0.93" CONTENT="till"/><SP WIDTH="19" VPOS="388" HPOS="786"/>
							<String ID="string_43" HPOS="805" VPOS="396" WIDTH="51" HEIGHT="21" WC="0.92" CONTENT="pro-"/>
						</TextLine>
						<TextLine ID="line_7" HPOS="98" VPOS="422" WIDTH="759" HEIGHT="29">
							<String ID="string_44" HPOS="98" VPOS="422" WIDTH="135" HEIGHT="28" WC="0.96" CONTENT="positioner,"/><SP WIDTH="28" VPOS="422" HPOS="233"/>
							<String ID="string_45" HPOS="261" VPOS="430" WIDTH="47" HEIGHT="13" WC="0.96" CONTENT="som"/><SP WIDTH="25" VPOS="430" HPOS="308"/>
							<String ID="string_46" HPOS="333" VPOS="422" WIDTH="49" HEIGHT="22" WC="0.96" CONTENT="dels"/><SP WIDTH="19" VPOS="422" HPOS="382"/>
							<String ID="string_47" HPOS="401" VPOS="422" WIDTH="63" HEIGHT="22" WC="0.96" CONTENT="varit"/><SP WIDTH="18" VPOS="422" HPOS="464"/>
							<String ID="string_48" HPOS="482" VPOS="422" WIDTH="49" HEIGHT="21" WC="0.96" CONTENT="dels"/><SP WIDTH="19" VPOS="422" HPOS="531"/>
							<String ID="string_49" HPOS="550" VPOS="426" WIDTH="62" HEIGHT="17" WC="0.96" CONTENT="ännu"/><SP WIDTH="20" VPOS="426" HPOS="612"/>
							<String ID="string_50" HPOS="632" VPOS="426" WIDTH="40" HEIGHT="18" WC="0.96" CONTENT="äro"/><SP WIDTH="19" VPOS="426" HPOS="672"/>
							<String ID="string_51" HPOS="691" VPOS="424" WIDTH="30" HEIGHT="27" WC="0.92" CONTENT="på"/><SP WIDTH="27" VPOS="424" HPOS="721"/>
							<String ID="string_52" HPOS="748" VPOS="422" WIDTH="109" HEIGHT="22" WC="0.91" CONTENT="landtda-"/>
						</TextLine>
						<TextLine ID="line_8" HPOS="98" VPOS="456" WIDTH="760" HEIGHT="29">
							<String ID="string_53" HPOS="98" VPOS="463" WIDTH="57" HEIGHT="22" WC="0.96" CONTENT="gens"/><SP WIDTH="13" VPOS="463" HPOS="155"/>
							<String ID="string_54" HPOS="168" VPOS="456" WIDTH="179" HEIGHT="29" WC="0.96" CONTENT="handläggning"/><SP WIDTH="12" VPOS="456" HPOS="347"/>
							<String ID="string_55" HPOS="359" VPOS="456" WIDTH="123" HEIGHT="22" WC="0.92" CONTENT="beroende."/><SP WIDTH="29" VPOS="456" HPOS="482"/>
							<String ID="string_56" HPOS="511" VPOS="456" WIDTH="131" HEIGHT="22" WC="0.89" CONTENT="Enahanda"/><SP WIDTH="16" VPOS="456" HPOS="642"/>
							<String ID="string_57" HPOS="658" VPOS="461" WIDTH="26" HEIGHT="17" WC="0.96" CONTENT="är"/><SP WIDTH="17" VPOS="461" HPOS="684"/>
							<String ID="string_58" HPOS="701" VPOS="456" WIDTH="157" HEIGHT="23" WC="0.96" CONTENT="förhållandet"/>
						</TextLine>
						<TextLine ID="line_9" HPOS="99" VPOS="490" WIDTH="757" HEIGHT="29">
							<String ID="string_59" HPOS="99" VPOS="490" WIDTH="52" HEIGHT="22" WC="0.96" CONTENT="med"/><SP WIDTH="24" VPOS="490" HPOS="151"/>
							<String ID="string_60" HPOS="175" VPOS="490" WIDTH="27" HEIGHT="21" WC="0.96" CONTENT="de"/><SP WIDTH="25" VPOS="490" HPOS="202"/>
							<String ID="string_61" HPOS="227" VPOS="491" WIDTH="70" HEIGHT="28" WC="0.93" CONTENT="ryska"/><SP WIDTH="19" VPOS="491" HPOS="297"/>
							<String ID="string_62" HPOS="316" VPOS="491" WIDTH="142" HEIGHT="27" WC="0.90" CONTENT="skrifvelser,"/><SP WIDTH="19" VPOS="491" HPOS="458"/>
							<String ID="string_63" HPOS="477" VPOS="499" WIDTH="49" HEIGHT="14" WC="0.95" CONTENT="som"/><SP WIDTH="19" VPOS="499" HPOS="526"/>
							<String ID="string_64" HPOS="545" VPOS="491" WIDTH="36" HEIGHT="21" WC="0.92" CONTENT="till"/><SP WIDTH="20" VPOS="491" HPOS="581"/>
							<String ID="string_65" HPOS="601" VPOS="491" WIDTH="132" HEIGHT="22" WC="0.92" CONTENT="Ständerna"/><SP WIDTH="20" VPOS="491" HPOS="733"/>
							<String ID="string_66" HPOS="753" VPOS="491" WIDTH="103" HEIGHT="22" WC="0.91" CONTENT="anländt."/>
						</TextLine>
					</TextBlock>
					<TextBlock ID="block_2" HPOS="100" VPOS="525" WIDTH="758" HEIGHT="133">
						<TextLine ID="line_10" HPOS="168" VPOS="525" WIDTH="689" HEIGHT="30">
							<String ID="string_67" HPOS="168" VPOS="525" WIDTH="83" HEIGHT="29" WC="0.96" CONTENT="Enligt"/><SP WIDTH="17" VPOS="525" HPOS="251"/>
							<String ID="string_68" HPOS="268" VPOS="525" WIDTH="134" HEIGHT="22" WC="0.96" CONTENT="Utskottets"/><SP WIDTH="20" VPOS="525" HPOS="402"/>
							<String ID="string_69" HPOS="422" VPOS="526" WIDTH="96" HEIGHT="28" WC="0.96" CONTENT="mening"/><SP WIDTH="18" VPOS="526" HPOS="518"/>
							<String ID="string_70" HPOS="536" VPOS="526" WIDTH="47" HEIGHT="21" WC="0.96" CONTENT="kan"/><SP WIDTH="20" VPOS="526" HPOS="583"/>
							<String ID="string_71" HPOS="603" VPOS="526" WIDTH="69" HEIGHT="21" WC="0.93" CONTENT="alltså"/><SP WIDTH="18" VPOS="526" HPOS="672"/>
							<String ID="string_72" HPOS="690" VPOS="525" WIDTH="141" HEIGHT="30" WC="0.91" CONTENT="stadgandet"/><SP WIDTH="18" VPOS="525" HPOS="831"/>
							<String ID="string_73" HPOS="849" VPOS="525" WIDTH="8" HEIGHT="22" WC="0.96" CONTENT="i"/>
						</TextLine>
						<TextLine ID="line_11" HPOS="100" VPOS="559" WIDTH="757" HEIGHT="30">
							<String ID="string_74" HPOS="100" VPOS="561" WIDTH="13" HEIGHT="20" WC="0.96" CONTENT="2"/><SP WIDTH="20" VPOS="561" HPOS="113"/>
							<String ID="string_75" HPOS="133" VPOS="561" WIDTH="13" HEIGHT="26" WC="0.88" CONTENT="&amp;"/><SP WIDTH="19" VPOS="561" HPOS="146"/>
							<String ID="string_76" HPOS="165" VPOS="560" WIDTH="25" HEIGHT="21" WC="0.95" CONTENT="L."/><SP WIDTH="21" VPOS="560" HPOS="190"/>
							<String ID="string_77" HPOS="211" VPOS="559" WIDTH="24" HEIGHT="22" WC="0.92" CONTENT="O."/><SP WIDTH="19" VPOS="559" HPOS="235"/>
							<String ID="string_78" HPOS="254" VPOS="560" WIDTH="51" HEIGHT="21" WC="0.96" CONTENT="icke"/><SP WIDTH="19" VPOS="560" HPOS="305"/>
							<String ID="string_79" HPOS="324" VPOS="560" WIDTH="70" HEIGHT="29" WC="0.96" CONTENT="lägga"/><SP WIDTH="18" VPOS="560" HPOS="394"/>
							<String ID="string_80" HPOS="412" VPOS="560" WIDTH="85" HEIGHT="21" WC="0.96" CONTENT="hinder"/><SP WIDTH="18" VPOS="560" HPOS="497"/>
							<String ID="string_81" HPOS="515" VPOS="561" WIDTH="8" HEIGHT="20" WC="0.96" CONTENT="i"/><SP WIDTH="18" VPOS="561" HPOS="523"/>
							<String ID="string_82" HPOS="541" VPOS="564" WIDTH="77" HEIGHT="25" WC="0.96" CONTENT="vägen"/><SP WIDTH="18" VPOS="564" HPOS="618"/>
							<String ID="string_83" HPOS="636" VPOS="561" WIDTH="36" HEIGHT="21" WC="0.97" CONTENT="för"/><SP WIDTH="12" VPOS="561" HPOS="672"/>
							<String ID="string_84" HPOS="684" VPOS="560" WIDTH="173" HEIGHT="29" WC="0.96" CONTENT="behandlingen"/>
						</TextLine>
						<TextLine ID="line_12" HPOS="100" VPOS="594" WIDTH="758" HEIGHT="29">
							<String ID="string_85" HPOS="100" VPOS="595" WIDTH="24" HEIGHT="21" WC="0.95" CONTENT="af"/><SP WIDTH="17" VPOS="595" HPOS="124"/>
							<String ID="string_86" HPOS="141" VPOS="595" WIDTH="152" HEIGHT="21" WC="0.96" CONTENT="förevarande"/><SP WIDTH="19" VPOS="595" HPOS="293"/>
							<String ID="string_87" HPOS="312" VPOS="594" WIDTH="84" HEIGHT="22" WC="0.96" CONTENT="ärende"/><SP WIDTH="10" VPOS="594" HPOS="396"/>
							<String ID="string_88" HPOS="406" VPOS="595" WIDTH="36" HEIGHT="21" WC="0.96" CONTENT="uti"/><SP WIDTH="14" VPOS="595" HPOS="442"/>
							<String ID="string_89" HPOS="456" VPOS="595" WIDTH="44" HEIGHT="21" WC="0.96" CONTENT="den"/><SP WIDTH="16" VPOS="595" HPOS="500"/>
							<String ID="string_90" HPOS="516" VPOS="595" WIDTH="148" HEIGHT="28" WC="0.96" CONTENT="omfattning,"/><SP WIDTH="13" VPOS="595" HPOS="664"/>
							<String ID="string_91" HPOS="677" VPOS="595" WIDTH="122" HEIGHT="22" WC="0.96" CONTENT="Utskottet"/><SP WIDTH="16" VPOS="595" HPOS="799"/>
							<String ID="string_92" HPOS="815" VPOS="595" WIDTH="43" HEIGHT="21" WC="0.96" CONTENT="här"/>
						</TextLine>
						<TextLine ID="line_13" HPOS="100" VPOS="629" WIDTH="543" HEIGHT="29">
							<String ID="string_93" HPOS="100" VPOS="629" WIDTH="77" HEIGHT="22" WC="0.93" CONTENT="nedan"/><SP WIDTH="17" VPOS="629" HPOS="177"/>
							<String ID="string_94" HPOS="194" VPOS="632" WIDTH="71" HEIGHT="25" WC="0.92" CONTENT="egnat"/><SP WIDTH="18" VPOS="632" HPOS="265"/>
							<String ID="string_95" HPOS="283" VPOS="629" WIDTH="127" HEIGHT="22" WC="0.96" CONTENT="detsamma"/><SP WIDTH="19" VPOS="629" HPOS="410"/>
							<String ID="string_96" HPOS="429" VPOS="629" WIDTH="214" HEIGHT="29" WC="0.95" CONTENT="uppmärksamhet."/>
						</TextLine>
					</TextBlock>
				</ComposedBlock>
				<ComposedBlock ID="cblock_2" HPOS="100" VPOS="732" WIDTH="759" HEIGHT="788">
					<TextBlock ID="block_3" HPOS="101" VPOS="732" WIDTH="758" HEIGHT="229">
						<TextLine ID="line_14" HPOS="168" VPOS="732" WIDTH="687" HEIGHT="29">
							<String ID="string_97" HPOS="168" VPOS="733" WIDTH="76" HEIGHT="21" WC="0.95" CONTENT="Innan"/><SP WIDTH="27" VPOS="733" HPOS="244"/>
							<String ID="string_98" HPOS="271" VPOS="732" WIDTH="123" HEIGHT="22" WC="0.95" CONTENT="Utskottet"/><SP WIDTH="26" VPOS="732" HPOS="394"/>
							<String ID="string_99" HPOS="420" VPOS="733" WIDTH="70" HEIGHT="28" WC="0.96" CONTENT="ingår"/><SP WIDTH="18" VPOS="733" HPOS="490"/>
							<String ID="string_100" HPOS="508" VPOS="733" WIDTH="8" HEIGHT="21" WC="0.96" CONTENT="i"/><SP WIDTH="18" VPOS="733" HPOS="516"/>
							<String ID="string_101" HPOS="534" VPOS="736" WIDTH="106" HEIGHT="18" WC="0.91" CONTENT="närmare"/><SP WIDTH="18" VPOS="736" HPOS="640"/>
							<String ID="string_102" HPOS="658" VPOS="732" WIDTH="109" HEIGHT="29" WC="0.91" CONTENT="pröfning"/><SP WIDTH="19" VPOS="732" HPOS="767"/>
							<String ID="string_103" HPOS="786" VPOS="732" WIDTH="23" HEIGHT="22" WC="0.96" CONTENT="af"/><SP WIDTH="18" VPOS="732" HPOS="809"/>
							<String ID="string_104" HPOS="827" VPOS="732" WIDTH="28" HEIGHT="21" WC="0.96" CONTENT="de"/>
						</TextLine>
						<TextLine ID="line_15" HPOS="101" VPOS="766" WIDTH="756" HEIGHT="29">
							<String ID="string_105" HPOS="101" VPOS="767" WIDTH="84" HEIGHT="28" WC="0.96" CONTENT="frågor,"/><SP WIDTH="26" VPOS="767" HPOS="185"/>
							<String ID="string_106" HPOS="211" VPOS="774" WIDTH="47" HEIGHT="14" WC="0.93" CONTENT="som"/><SP WIDTH="19" VPOS="774" HPOS="258"/>
							<String ID="string_107" HPOS="277" VPOS="767" WIDTH="132" HEIGHT="22" WC="0.88" CONTENT="föranledas"/><SP WIDTH="21" VPOS="767" HPOS="409"/>
							<String ID="string_108" HPOS="430" VPOS="767" WIDTH="23" HEIGHT="21" WC="0.96" CONTENT="af"/><SP WIDTH="19" VPOS="767" HPOS="453"/>
							<String ID="string_109" HPOS="472" VPOS="767" WIDTH="44" HEIGHT="21" WC="0.96" CONTENT="och"/><SP WIDTH="18" VPOS="767" HPOS="516"/>
							<String ID="string_110" HPOS="534" VPOS="767" WIDTH="36" HEIGHT="21" WC="0.96" CONTENT="stå"/><SP WIDTH="19" VPOS="767" HPOS="570"/>
							<String ID="string_111" HPOS="589" VPOS="767" WIDTH="8" HEIGHT="21" WC="0.96" CONTENT="i"/><SP WIDTH="19" VPOS="767" HPOS="597"/>
							<String ID="string_112" HPOS="616" VPOS="767" WIDTH="112" HEIGHT="21" WC="0.96" CONTENT="samband"/><SP WIDTH="19" VPOS="767" HPOS="728"/>
							<String ID="string_113" HPOS="747" VPOS="767" WIDTH="52" HEIGHT="21" WC="0.96" CONTENT="med"/><SP WIDTH="18" VPOS="767" HPOS="799"/>
							<String ID="string_114" HPOS="817" VPOS="766" WIDTH="40" HEIGHT="22" WC="0.96" CONTENT="det"/>
						</TextLine>
						<TextLine ID="line_16" HPOS="101" VPOS="801" WIDTH="758" HEIGHT="29">
							<String ID="string_115" HPOS="101" VPOS="801" WIDTH="37" HEIGHT="22" WC="0.95" CONTENT="till"/><SP WIDTH="17" VPOS="801" HPOS="138"/>
							<String ID="string_116" HPOS="155" VPOS="801" WIDTH="123" HEIGHT="22" WC="0.93" CONTENT="Utskottet"/><SP WIDTH="17" VPOS="801" HPOS="278"/>
							<String ID="string_117" HPOS="295" VPOS="801" WIDTH="145" HEIGHT="29" WC="0.86" CONTENT="hänskjutna"/><SP WIDTH="18" VPOS="801" HPOS="440"/>
							<String ID="string_118" HPOS="458" VPOS="801" WIDTH="103" HEIGHT="28" WC="0.95" CONTENT="ärendet,"/><SP WIDTH="18" VPOS="801" HPOS="561"/>
							<String ID="string_119" HPOS="579" VPOS="801" WIDTH="43" HEIGHT="22" WC="0.96" CONTENT="har"/><SP WIDTH="18" VPOS="801" HPOS="622"/>
							<String ID="string_120" HPOS="640" VPOS="801" WIDTH="122" HEIGHT="22" WC="0.96" CONTENT="Utskottet"/><SP WIDTH="19" VPOS="801" HPOS="762"/>
							<String ID="string_121" HPOS="781" VPOS="801" WIDTH="78" HEIGHT="22" WC="0.96" CONTENT="funnit"/>
						</TextLine>
						<TextLine ID="line_17" HPOS="101" VPOS="835" WIDTH="757" HEIGHT="30">
							<String ID="string_122" HPOS="101" VPOS="835" WIDTH="85" HEIGHT="30" WC="0.92" CONTENT="nödigt"/><SP WIDTH="24" VPOS="835" HPOS="186"/>
							<String ID="string_123" HPOS="210" VPOS="835" WIDTH="65" HEIGHT="29" WC="0.96" CONTENT="gifva"/><SP WIDTH="24" VPOS="835" HPOS="275"/>
							<String ID="string_124" HPOS="299" VPOS="843" WIDTH="28" HEIGHT="14" WC="0.96" CONTENT="en"/><SP WIDTH="24" VPOS="843" HPOS="327"/>
							<String ID="string_125" HPOS="351" VPOS="836" WIDTH="55" HEIGHT="21" WC="0.96" CONTENT="kort"/><SP WIDTH="24" VPOS="836" HPOS="406"/>
							<String ID="string_126" HPOS="430" VPOS="836" WIDTH="175" HEIGHT="28" WC="0.96" CONTENT="framställning"/><SP WIDTH="19" VPOS="836" HPOS="605"/>
							<String ID="string_127" HPOS="624" VPOS="836" WIDTH="23" HEIGHT="21" WC="0.96" CONTENT="af"/><SP WIDTH="19" VPOS="836" HPOS="647"/>
							<String ID="string_128" HPOS="666" VPOS="835" WIDTH="28" HEIGHT="22" WC="0.93" CONTENT="de"/><SP WIDTH="18" VPOS="835" HPOS="694"/>
							<String ID="string_129" HPOS="712" VPOS="835" WIDTH="146" HEIGHT="30" WC="0.91" CONTENT="rättsgrund-"/>
						</TextLine>
						<TextLine ID="line_18" HPOS="102" VPOS="870" WIDTH="756" HEIGHT="29">
							<String ID="string_130" HPOS="102" VPOS="873" WIDTH="79" HEIGHT="25" WC="0.95" CONTENT="satser,"/><SP WIDTH="25" VPOS="873" HPOS="181"/>
							<String ID="string_131" HPOS="206" VPOS="870" WIDTH="80" HEIGHT="21" WC="0.96" CONTENT="hvilka"/><SP WIDTH="23" VPOS="870" HPOS="286"/>
							<String ID="string_132" HPOS="309" VPOS="870" WIDTH="99" HEIGHT="22" WC="0.96" CONTENT="hänföra"/><SP WIDTH="25" VPOS="870" HPOS="408"/>
							<String ID="string_133" HPOS="433" VPOS="870" WIDTH="37" HEIGHT="28" WC="0.93" CONTENT="sig"/><SP WIDTH="24" VPOS="870" HPOS="470"/>
							<String ID="string_134" HPOS="494" VPOS="870" WIDTH="37" HEIGHT="21" WC="0.93" CONTENT="till"/><SP WIDTH="18" VPOS="870" HPOS="531"/>
							<String ID="string_135" HPOS="549" VPOS="871" WIDTH="119" HEIGHT="21" WC="0.92" CONTENT="ämbetens"/><SP WIDTH="20" VPOS="871" HPOS="668"/>
							<String ID="string_136" HPOS="688" VPOS="870" WIDTH="42" HEIGHT="22" WC="0.93" CONTENT="och"/><SP WIDTH="18" VPOS="870" HPOS="730"/>
							<String ID="string_137" HPOS="748" VPOS="871" WIDTH="110" HEIGHT="28" WC="0.90" CONTENT="tjänsters"/>
						</TextLine>
						<TextLine ID="line_19" HPOS="101" VPOS="904" WIDTH="758" HEIGHT="29">
							<String ID="string_138" HPOS="101" VPOS="904" WIDTH="138" HEIGHT="22" WC="0.91" CONTENT="besättande"/><SP WIDTH="28" VPOS="904" HPOS="239"/>
							<String ID="string_139" HPOS="267" VPOS="905" WIDTH="117" HEIGHT="21" WC="0.95" CONTENT="äfvensom"/><SP WIDTH="28" VPOS="905" HPOS="384"/>
							<String ID="string_140" HPOS="412" VPOS="905" WIDTH="38" HEIGHT="21" WC="0.96" CONTENT="till"/><SP WIDTH="28" VPOS="905" HPOS="450"/>
							<String ID="string_141" HPOS="478" VPOS="905" WIDTH="71" HEIGHT="28" WC="0.96" CONTENT="ryska"/><SP WIDTH="26" VPOS="905" HPOS="549"/>
							<String ID="string_142" HPOS="575" VPOS="905" WIDTH="107" HEIGHT="28" WC="0.96" CONTENT="språkets"/><SP WIDTH="24" VPOS="905" HPOS="682"/>
							<String ID="string_143" HPOS="706" VPOS="905" WIDTH="153" HEIGHT="28" WC="0.96" CONTENT="användning"/>
						</TextLine>
						<TextLine ID="line_20" HPOS="102" VPOS="939" WIDTH="662" HEIGHT="22">
							<String ID="string_144" HPOS="102" VPOS="939" WIDTH="61" HEIGHT="22" WC="0.96" CONTENT="inom"/><SP WIDTH="19" VPOS="939" HPOS="163"/>
							<String ID="string_145" HPOS="182" VPOS="939" WIDTH="63" HEIGHT="22" WC="0.96" CONTENT="vissa"/><SP WIDTH="17" VPOS="939" HPOS="245"/>
							<String ID="string_146" HPOS="262" VPOS="939" WIDTH="147" HEIGHT="22" WC="0.96" CONTENT="förvaltande"/><SP WIDTH="19" VPOS="939" HPOS="409"/>
							<String ID="string_147" HPOS="428" VPOS="939" WIDTH="59" HEIGHT="22" WC="0.96" CONTENT="värk"/><SP WIDTH="20" VPOS="939" HPOS="487"/>
							<String ID="string_148" HPOS="507" VPOS="939" WIDTH="8" HEIGHT="21" WC="0.96" CONTENT="i"/><SP WIDTH="19" VPOS="939" HPOS="515"/>
							<String ID="string_149" HPOS="534" VPOS="939" WIDTH="230" HEIGHT="22" WC="0.96" CONTENT="Storfurstendömet."/>
						</TextLine>
					</TextBlock>
					<TextBlock ID="block_4" HPOS="100" VPOS="973" WIDTH="759" HEIGHT="511">
						<TextLine ID="line_21" HPOS="169" VPOS="973" WIDTH="690" HEIGHT="29">
							<String ID="string_150" HPOS="169" VPOS="973" WIDTH="37" HEIGHT="22" WC="0.96" CONTENT="Då"/><SP WIDTH="18" VPOS="973" HPOS="206"/>
							<String ID="string_151" HPOS="224" VPOS="973" WIDTH="83" HEIGHT="29" WC="0.96" CONTENT="Kejsar"/><SP WIDTH="18" VPOS="973" HPOS="307"/>
							<String ID="string_152" HPOS="325" VPOS="973" WIDTH="135" HEIGHT="22" WC="0.95" CONTENT="Alexander"/><SP WIDTH="19" VPOS="973" HPOS="460"/>
							<String ID="string_153" HPOS="479" VPOS="973" WIDTH="11" HEIGHT="22" WC="0.96" CONTENT="I"/><SP WIDTH="20" VPOS="973" HPOS="490"/>
							<String ID="string_154" HPOS="510" VPOS="975" WIDTH="25" HEIGHT="20" WC="0.96" CONTENT="år"/><SP WIDTH="21" VPOS="975" HPOS="535"/>
							<String ID="string_155" HPOS="556" VPOS="974" WIDTH="71" HEIGHT="27" WC="0.96" CONTENT="1809,"/><SP WIDTH="28" VPOS="974" HPOS="627"/>
							<String ID="string_156" HPOS="655" VPOS="975" WIDTH="73" HEIGHT="20" WC="0.91" CONTENT="såsom"/><SP WIDTH="25" VPOS="975" HPOS="728"/>
							<String ID="string_157" HPOS="753" VPOS="973" WIDTH="106" HEIGHT="22" WC="0.91" CONTENT="innehaf-"/>
						</TextLine>
						<TextLine ID="line_22" HPOS="100" VPOS="1007" WIDTH="759" HEIGHT="30">
							<String ID="string_158" HPOS="100" VPOS="1015" WIDTH="55" HEIGHT="14" WC="0.96" CONTENT="vare"/><SP WIDTH="26" VPOS="1015" HPOS="155"/>
							<String ID="string_159" HPOS="181" VPOS="1008" WIDTH="23" HEIGHT="21" WC="0.95" CONTENT="af"/><SP WIDTH="23" VPOS="1008" HPOS="204"/>
							<String ID="string_160" HPOS="227" VPOS="1009" WIDTH="216" HEIGHT="28" WC="0.96" CONTENT="regeringsmakten"/><SP WIDTH="27" VPOS="1009" HPOS="443"/>
							<String ID="string_161" HPOS="470" VPOS="1008" WIDTH="8" HEIGHT="21" WC="0.96" CONTENT="i"/><SP WIDTH="18" VPOS="1008" HPOS="478"/>
							<String ID="string_162" HPOS="496" VPOS="1008" WIDTH="103" HEIGHT="22" WC="0.96" CONTENT="Finland"/><SP WIDTH="19" VPOS="1008" HPOS="599"/>
							<String ID="string_163" HPOS="618" VPOS="1008" WIDTH="43" HEIGHT="22" WC="0.96" CONTENT="och"/><SP WIDTH="18" VPOS="1008" HPOS="661"/>
							<String ID="string_164" HPOS="679" VPOS="1008" WIDTH="124" HEIGHT="29" WC="0.96" CONTENT="Ryssland,"/><SP WIDTH="18" VPOS="1008" HPOS="803"/>
							<String ID="string_165" HPOS="821" VPOS="1007" WIDTH="38" HEIGHT="22" WC="0.95" CONTENT="till"/>
						</TextLine>
						<TextLine ID="line_23" HPOS="101" VPOS="1042" WIDTH="758" HEIGHT="29">
							<String ID="string_166" HPOS="101" VPOS="1042" WIDTH="114" HEIGHT="21" WC="0.95" CONTENT="Finlands"/><SP WIDTH="26" VPOS="1042" HPOS="215"/>
							<String ID="string_167" HPOS="241" VPOS="1042" WIDTH="50" HEIGHT="22" WC="0.93" CONTENT="folk"/><SP WIDTH="24" VPOS="1042" HPOS="291"/>
							<String ID="string_168" HPOS="315" VPOS="1042" WIDTH="64" HEIGHT="29" WC="0.91" CONTENT="afgaf"/><SP WIDTH="24" VPOS="1042" HPOS="379"/>
							<String ID="string_169" HPOS="403" VPOS="1043" WIDTH="37" HEIGHT="21" WC="0.96" CONTENT="sin"/><SP WIDTH="19" VPOS="1043" HPOS="440"/>
							<String ID="string_170" HPOS="459" VPOS="1042" WIDTH="134" HEIGHT="29" WC="0.96" CONTENT="högtidliga"/><SP WIDTH="18" VPOS="1042" HPOS="593"/>
							<String ID="string_171" HPOS="611" VPOS="1043" WIDTH="44" HEIGHT="21" WC="0.93" CONTENT="och"/><SP WIDTH="19" VPOS="1043" HPOS="655"/>
							<String ID="string_172" HPOS="674" VPOS="1043" WIDTH="122" HEIGHT="28" WC="0.92" CONTENT="oryggliga"/><SP WIDTH="18" VPOS="1043" HPOS="796"/>
							<String ID="string_173" HPOS="814" VPOS="1043" WIDTH="45" HEIGHT="21" WC="0.92" CONTENT="för-"/>
						</TextLine>
						<TextLine ID="line_24" HPOS="101" VPOS="1076" WIDTH="758" HEIGHT="30">
							<String ID="string_174" HPOS="101" VPOS="1076" WIDTH="85" HEIGHT="22" WC="0.91" CONTENT="säkran"/><SP WIDTH="29" VPOS="1076" HPOS="186"/>
							<String ID="string_175" HPOS="215" VPOS="1079" WIDTH="34" HEIGHT="20" WC="0.96" CONTENT="att"/><SP WIDTH="27" VPOS="1079" HPOS="249"/>
							<String ID="string_176" HPOS="276" VPOS="1077" WIDTH="118" HEIGHT="21" WC="0.94" CONTENT="bibehålla"/><SP WIDTH="24" VPOS="1077" HPOS="394"/>
							<String ID="string_177" HPOS="418" VPOS="1077" WIDTH="94" HEIGHT="22" WC="0.96" CONTENT="landets"/><SP WIDTH="24" VPOS="1077" HPOS="512"/>
							<String ID="string_178" HPOS="536" VPOS="1077" WIDTH="98" HEIGHT="29" WC="0.96" CONTENT="religion"/><SP WIDTH="20" VPOS="1077" HPOS="634"/>
							<String ID="string_179" HPOS="654" VPOS="1077" WIDTH="43" HEIGHT="22" WC="0.96" CONTENT="och"/><SP WIDTH="18" VPOS="1077" HPOS="697"/>
							<String ID="string_180" HPOS="715" VPOS="1077" WIDTH="144" HEIGHT="29" WC="0.96" CONTENT="grundlagar"/>
						</TextLine>
						<TextLine ID="line_25" HPOS="101" VPOS="1111" WIDTH="758" HEIGHT="28">
							<String ID="string_181" HPOS="101" VPOS="1111" WIDTH="135" HEIGHT="28" WC="0.92" CONTENT="oförryckta"/><SP WIDTH="23" VPOS="1111" HPOS="236"/>
							<String ID="string_182" HPOS="259" VPOS="1112" WIDTH="7" HEIGHT="20" WC="0.96" CONTENT="i"/><SP WIDTH="25" VPOS="1112" HPOS="266"/>
							<String ID="string_183" HPOS="291" VPOS="1111" WIDTH="67" HEIGHT="22" WC="0.96" CONTENT="deras"/><SP WIDTH="24" VPOS="1111" HPOS="358"/>
							<String ID="string_184" HPOS="382" VPOS="1111" WIDTH="58" HEIGHT="22" WC="0.95" CONTENT="fulla"/><SP WIDTH="26" VPOS="1111" HPOS="440"/>
							<String ID="string_185" HPOS="466" VPOS="1111" WIDTH="65" HEIGHT="22" WC="0.96" CONTENT="kraft"/><SP WIDTH="18" VPOS="1111" HPOS="531"/>
							<String ID="string_186" HPOS="549" VPOS="1114" WIDTH="59" HEIGHT="19" WC="0.95" CONTENT="samt"/><SP WIDTH="18" VPOS="1114" HPOS="608"/>
							<String ID="string_187" HPOS="626" VPOS="1111" WIDTH="113" HEIGHT="22" WC="0.93" CONTENT="Finlands"/><SP WIDTH="20" VPOS="1111" HPOS="739"/>
							<String ID="string_188" HPOS="759" VPOS="1111" WIDTH="100" HEIGHT="22" WC="0.92" CONTENT="Ständer"/>
						</TextLine>
						<TextLine ID="line_26" HPOS="102" VPOS="1145" WIDTH="757" HEIGHT="30">
							<String ID="string_189" HPOS="102" VPOS="1146" WIDTH="13" HEIGHT="21" WC="0.91" CONTENT="å"/><SP WIDTH="28" VPOS="1146" HPOS="115"/>
							<String ID="string_190" HPOS="143" VPOS="1145" WIDTH="34" HEIGHT="22" WC="0.95" CONTENT="sin"/><SP WIDTH="30" VPOS="1145" HPOS="177"/>
							<String ID="string_191" HPOS="207" VPOS="1145" WIDTH="56" HEIGHT="28" WC="0.95" CONTENT="sida,"/><SP WIDTH="20" VPOS="1145" HPOS="263"/>
							<String ID="string_192" HPOS="283" VPOS="1146" WIDTH="74" HEIGHT="21" WC="0.96" CONTENT="såsom"/><SP WIDTH="18" VPOS="1146" HPOS="357"/>
							<String ID="string_193" HPOS="375" VPOS="1149" WIDTH="189" HEIGHT="26" WC="0.96" CONTENT="representanter"/><SP WIDTH="19" VPOS="1149" HPOS="564"/>
							<String ID="string_194" HPOS="583" VPOS="1147" WIDTH="35" HEIGHT="21" WC="0.96" CONTENT="för"/><SP WIDTH="24" VPOS="1147" HPOS="618"/>
							<String ID="string_195" HPOS="642" VPOS="1146" WIDTH="30" HEIGHT="21" WC="0.93" CONTENT="då"/><SP WIDTH="18" VPOS="1146" HPOS="672"/>
							<String ID="string_196" HPOS="690" VPOS="1146" WIDTH="107" HEIGHT="21" WC="0.92" CONTENT="lefvande"/><SP WIDTH="19" VPOS="1146" HPOS="797"/>
							<String ID="string_197" HPOS="816" VPOS="1145" WIDTH="43" HEIGHT="22" WC="0.97" CONTENT="och"/>
						</TextLine>
						<TextLine ID="line_27" HPOS="102" VPOS="1179" WIDTH="756" HEIGHT="30">
							<String ID="string_198" HPOS="102" VPOS="1179" WIDTH="46" HEIGHT="22" WC="0.95" CONTENT="alla"/><SP WIDTH="27" VPOS="1179" HPOS="148"/>
							<String ID="string_199" HPOS="175" VPOS="1180" WIDTH="196" HEIGHT="22" WC="0.95" CONTENT="efterkommande"/><SP WIDTH="34" VPOS="1180" HPOS="371"/>
							<String ID="string_200" HPOS="405" VPOS="1181" WIDTH="166" HEIGHT="28" WC="0.93" CONTENT="generationer"/><SP WIDTH="31" VPOS="1181" HPOS="571"/>
							<String ID="string_201" HPOS="602" VPOS="1181" WIDTH="23" HEIGHT="21" WC="0.95" CONTENT="af"/><SP WIDTH="38" VPOS="1181" HPOS="625"/>
							<String ID="string_202" HPOS="663" VPOS="1181" WIDTH="76" HEIGHT="21" WC="0.95" CONTENT="finska"/><SP WIDTH="39" VPOS="1181" HPOS="739"/>
							<String ID="string_203" HPOS="778" VPOS="1181" WIDTH="80" HEIGHT="26" WC="0.95" CONTENT="folket,"/>
						</TextLine>
						<TextLine ID="line_28" HPOS="101" VPOS="1214" WIDTH="758" HEIGHT="29">
							<String ID="string_204" HPOS="101" VPOS="1222" WIDTH="68" HEIGHT="13" WC="0.93" CONTENT="svuro"/><SP WIDTH="19" VPOS="1222" HPOS="169"/>
							<String ID="string_205" HPOS="188" VPOS="1215" WIDTH="113" HEIGHT="28" WC="0.96" CONTENT="Kejsaren"/><SP WIDTH="20" VPOS="1215" HPOS="301"/>
							<String ID="string_206" HPOS="321" VPOS="1214" WIDTH="43" HEIGHT="22" WC="0.93" CONTENT="och"/><SP WIDTH="21" VPOS="1214" HPOS="364"/>
							<String ID="string_207" HPOS="385" VPOS="1215" WIDTH="147" HEIGHT="22" WC="0.91" CONTENT="Storfursten"/><SP WIDTH="25" VPOS="1215" HPOS="532"/>
							<String ID="string_208" HPOS="557" VPOS="1217" WIDTH="36" HEIGHT="20" WC="0.96" CONTENT="tro"/><SP WIDTH="19" VPOS="1217" HPOS="593"/>
							<String ID="string_209" HPOS="612" VPOS="1215" WIDTH="43" HEIGHT="22" WC="0.92" CONTENT="och"/><SP WIDTH="19" VPOS="1215" HPOS="655"/>
							<String ID="string_210" HPOS="674" VPOS="1215" WIDTH="103" HEIGHT="27" WC="0.91" CONTENT="huldhet,"/><SP WIDTH="18" VPOS="1215" HPOS="777"/>
							<String ID="string_211" HPOS="795" VPOS="1215" WIDTH="64" HEIGHT="21" WC="0.96" CONTENT="lades"/>
						</TextLine>
						<TextLine ID="line_29" HPOS="101" VPOS="1249" WIDTH="758" HEIGHT="28">
							<String ID="string_212" HPOS="101" VPOS="1249" WIDTH="106" HEIGHT="28" WC="0.95" CONTENT="grunden"/><SP WIDTH="26" VPOS="1249" HPOS="207"/>
							<String ID="string_213" HPOS="233" VPOS="1249" WIDTH="36" HEIGHT="21" WC="0.95" CONTENT="till"/><SP WIDTH="25" VPOS="1249" HPOS="269"/>
							<String ID="string_214" HPOS="294" VPOS="1251" WIDTH="34" HEIGHT="19" WC="0.95" CONTENT="ett"/><SP WIDTH="25" VPOS="1251" HPOS="328"/>
							<String ID="string_215" HPOS="353" VPOS="1249" WIDTH="202" HEIGHT="22" WC="0.95" CONTENT="konstitutionellt"/><SP WIDTH="26" VPOS="1249" HPOS="555"/>
							<String ID="string_216" HPOS="581" VPOS="1249" WIDTH="133" HEIGHT="28" WC="0.96" CONTENT="statsskick,"/><SP WIDTH="25" VPOS="1249" HPOS="714"/>
							<String ID="string_217" HPOS="739" VPOS="1257" WIDTH="48" HEIGHT="14" WC="0.91" CONTENT="som"/><SP WIDTH="25" VPOS="1257" HPOS="787"/>
							<String ID="string_218" HPOS="812" VPOS="1249" WIDTH="47" HEIGHT="21" WC="0.90" CONTENT="till-"/>
						</TextLine>
						<TextLine ID="line_30" HPOS="101" VPOS="1283" WIDTH="758" HEIGHT="29">
							<String ID="string_219" HPOS="101" VPOS="1283" WIDTH="134" HEIGHT="22" WC="0.96" CONTENT="försäkrade"/><SP WIDTH="24" VPOS="1283" HPOS="235"/>
							<String ID="string_220" HPOS="259" VPOS="1283" WIDTH="102" HEIGHT="22" WC="0.96" CONTENT="Finland"/><SP WIDTH="25" VPOS="1283" HPOS="361"/>
							<String ID="string_221" HPOS="386" VPOS="1283" WIDTH="82" HEIGHT="29" WC="0.95" CONTENT="statlig"/><SP WIDTH="25" VPOS="1283" HPOS="468"/>
							<String ID="string_222" HPOS="493" VPOS="1285" WIDTH="119" HEIGHT="20" WC="0.95" CONTENT="autonomi"/><SP WIDTH="22" VPOS="1285" HPOS="612"/>
							<String ID="string_223" HPOS="634" VPOS="1283" WIDTH="44" HEIGHT="22" WC="0.96" CONTENT="och"/><SP WIDTH="18" VPOS="1283" HPOS="678"/>
							<String ID="string_224" HPOS="696" VPOS="1291" WIDTH="27" HEIGHT="14" WC="0.96" CONTENT="en"/><SP WIDTH="20" VPOS="1291" HPOS="723"/>
							<String ID="string_225" HPOS="743" VPOS="1291" WIDTH="57" HEIGHT="21" WC="0.93" CONTENT="egen"/><SP WIDTH="20" VPOS="1291" HPOS="800"/>
							<String ID="string_226" HPOS="820" VPOS="1291" WIDTH="39" HEIGHT="14" WC="0.90" CONTENT="na-"/>
						</TextLine>
						<TextLine ID="line_31" HPOS="101" VPOS="1317" WIDTH="758" HEIGHT="30">
							<String ID="string_227" HPOS="101" VPOS="1317" WIDTH="82" HEIGHT="22" WC="0.95" CONTENT="tionell"/><SP WIDTH="12" VPOS="1317" HPOS="183"/>
							<String ID="string_228" HPOS="195" VPOS="1317" WIDTH="93" HEIGHT="22" WC="0.96" CONTENT="tillvara"/><SP WIDTH="13" VPOS="1317" HPOS="288"/>
							<String ID="string_229" HPOS="301" VPOS="1317" WIDTH="40" HEIGHT="22" WC="0.96" CONTENT="vid"/><SP WIDTH="13" VPOS="1317" HPOS="341"/>
							<String ID="string_230" HPOS="354" VPOS="1318" WIDTH="66" HEIGHT="21" WC="0.96" CONTENT="sidan"/><SP WIDTH="15" VPOS="1318" HPOS="420"/>
							<String ID="string_231" HPOS="435" VPOS="1318" WIDTH="24" HEIGHT="21" WC="0.93" CONTENT="af"/><SP WIDTH="13" VPOS="1318" HPOS="459"/>
							<String ID="string_232" HPOS="472" VPOS="1318" WIDTH="185" HEIGHT="29" WC="0.91" CONTENT="Kejsaredömet."/><SP WIDTH="23" VPOS="1318" HPOS="657"/>
							<String ID="string_233" HPOS="680" VPOS="1318" WIDTH="89" HEIGHT="21" WC="0.86" CONTENT="Härvid"/><SP WIDTH="8" VPOS="1318" HPOS="769"/>
							<String ID="string_234" HPOS="777" VPOS="1317" WIDTH="82" HEIGHT="22" WC="0.86" CONTENT="trädde"/>
						</TextLine>
						<TextLine ID="line_32" HPOS="103" VPOS="1352" WIDTH="756" HEIGHT="28">
							<String ID="string_235" HPOS="103" VPOS="1352" WIDTH="68" HEIGHT="21" WC="0.96" CONTENT="äfven"/><SP WIDTH="13" VPOS="1352" HPOS="171"/>
							<String ID="string_236" HPOS="184" VPOS="1352" WIDTH="8" HEIGHT="20" WC="0.96" CONTENT="i"/><SP WIDTH="12" VPOS="1352" HPOS="192"/>
							<String ID="string_237" HPOS="204" VPOS="1352" WIDTH="109" HEIGHT="28" WC="0.96" CONTENT="gällande"/><SP WIDTH="16" VPOS="1352" HPOS="313"/>
							<String ID="string_238" HPOS="329" VPOS="1352" WIDTH="63" HEIGHT="22" WC="0.96" CONTENT="kraft"/><SP WIDTH="11" VPOS="1352" HPOS="392"/>
							<String ID="string_239" HPOS="403" VPOS="1352" WIDTH="53" HEIGHT="21" WC="0.96" CONTENT="med"/><SP WIDTH="10" VPOS="1352" HPOS="456"/>
							<String ID="string_240" HPOS="466" VPOS="1352" WIDTH="109" HEIGHT="22" WC="0.92" CONTENT="afseende"/><SP WIDTH="14" VPOS="1352" HPOS="575"/>
							<String ID="string_241" HPOS="589" VPOS="1353" WIDTH="13" HEIGHT="21" WC="0.92" CONTENT="å"/><SP WIDTH="13" VPOS="1353" HPOS="602"/>
							<String ID="string_242" HPOS="615" VPOS="1352" WIDTH="101" HEIGHT="22" WC="0.95" CONTENT="Finland"/><SP WIDTH="15" VPOS="1352" HPOS="716"/>
							<String ID="string_243" HPOS="731" VPOS="1352" WIDTH="62" HEIGHT="22" WC="0.96" CONTENT="hvad"/><SP WIDTH="17" VPOS="1352" HPOS="793"/>
							<String ID="string_244" HPOS="810" VPOS="1360" WIDTH="49" HEIGHT="14" WC="0.96" CONTENT="som"/>
						</TextLine>
						<TextLine ID="line_33" HPOS="102" VPOS="1385" WIDTH="757" HEIGHT="30">
							<String ID="string_245" HPOS="102" VPOS="1385" WIDTH="149" HEIGHT="22" WC="0.91" CONTENT="därförinnan"/><SP WIDTH="28" VPOS="1385" HPOS="251"/>
							<String ID="string_246" HPOS="279" VPOS="1386" WIDTH="58" HEIGHT="29" WC="0.96" CONTENT="gällt"/><SP WIDTH="26" VPOS="1386" HPOS="337"/>
							<String ID="string_247" HPOS="363" VPOS="1386" WIDTH="37" HEIGHT="22" WC="0.96" CONTENT="för"/><SP WIDTH="27" VPOS="1386" HPOS="400"/>
							<String ID="string_248" HPOS="427" VPOS="1386" WIDTH="41" HEIGHT="22" WC="0.96" CONTENT="det"/><SP WIDTH="24" VPOS="1386" HPOS="468"/>
							<String ID="string_249" HPOS="492" VPOS="1387" WIDTH="57" HEIGHT="27" WC="0.96" CONTENT="rike,"/><SP WIDTH="19" VPOS="1387" HPOS="549"/>
							<String ID="string_250" HPOS="568" VPOS="1386" WIDTH="69" HEIGHT="22" WC="0.93" CONTENT="hvars"/><SP WIDTH="24" VPOS="1386" HPOS="637"/>
							<String ID="string_251" HPOS="661" VPOS="1387" WIDTH="198" HEIGHT="27" WC="0.92" CONTENT="statsförfattning"/>
						</TextLine>
						<TextLine ID="line_34" HPOS="102" VPOS="1420" WIDTH="757" HEIGHT="30">
							<String ID="string_252" HPOS="102" VPOS="1420" WIDTH="48" HEIGHT="21" WC="0.96" CONTENT="blef"/><SP WIDTH="19" VPOS="1420" HPOS="150"/>
							<String ID="string_253" HPOS="169" VPOS="1423" WIDTH="107" HEIGHT="26" WC="0.96" CONTENT="antagen,"/><SP WIDTH="16" VPOS="1423" HPOS="276"/>
							<String ID="string_254" HPOS="292" VPOS="1420" WIDTH="89" HEIGHT="22" WC="0.96" CONTENT="erkänd"/><SP WIDTH="12" VPOS="1420" HPOS="381"/>
							<String ID="string_255" HPOS="393" VPOS="1420" WIDTH="44" HEIGHT="22" WC="0.96" CONTENT="och"/><SP WIDTH="13" VPOS="1420" HPOS="437"/>
							<String ID="string_256" HPOS="450" VPOS="1421" WIDTH="124" HEIGHT="29" WC="0.96" CONTENT="tillämpad"/><SP WIDTH="14" VPOS="1421" HPOS="574"/>
							<String ID="string_257" HPOS="588" VPOS="1429" WIDTH="47" HEIGHT="13" WC="0.95" CONTENT="som"/><SP WIDTH="19" VPOS="1429" HPOS="635"/>
							<String ID="string_258" HPOS="654" VPOS="1421" WIDTH="113" HEIGHT="21" WC="0.92" CONTENT="Finlands"/><SP WIDTH="24" VPOS="1421" HPOS="767"/>
							<String ID="string_259" HPOS="791" VPOS="1424" WIDTH="68" HEIGHT="18" WC="0.92" CONTENT="stats-"/>
						</TextLine>
						<TextLine ID="line_35" HPOS="103" VPOS="1454" WIDTH="756" HEIGHT="30">
							<String ID="string_260" HPOS="103" VPOS="1454" WIDTH="147" HEIGHT="29" WC="0.95" CONTENT="författning,"/><SP WIDTH="25" VPOS="1454" HPOS="250"/>
							<String ID="string_261" HPOS="275" VPOS="1455" WIDTH="117" HEIGHT="28" WC="0.96" CONTENT="nämligen"/><SP WIDTH="26" VPOS="1455" HPOS="392"/>
							<String ID="string_262" HPOS="418" VPOS="1457" WIDTH="36" HEIGHT="19" WC="0.96" CONTENT="att"/><SP WIDTH="18" VPOS="1457" HPOS="454"/>
							<String ID="string_263" HPOS="472" VPOS="1456" WIDTH="126" HEIGHT="21" WC="0.96" CONTENT="nationens"/><SP WIDTH="19" VPOS="1456" HPOS="598"/>
							<String ID="string_264" HPOS="617" VPOS="1456" WIDTH="69" HEIGHT="28" WC="0.96" CONTENT="språk"/><SP WIDTH="25" VPOS="1456" HPOS="686"/>
							<String ID="string_265" HPOS="711" VPOS="1455" WIDTH="74" HEIGHT="21" WC="0.96" CONTENT="skulle"/><SP WIDTH="18" VPOS="1455" HPOS="785"/>
							<String ID="string_266" HPOS="803" VPOS="1463" WIDTH="56" HEIGHT="14" WC="0.96" CONTENT="vara"/>
						</TextLine>
					</TextBlock>
					<TextBlock ID="block_5" HPOS="170" VPOS="1498" WIDTH="334" HEIGHT="22">
						<TextLine ID="line_36" HPOS="170" VPOS="1498" WIDTH="334" HEIGHT="22">
							<String ID="string_267" HPOS="170" VPOS="1498" WIDTH="131" HEIGHT="22" WC="0.90" CONTENT="Lagutskottets"/><SP WIDTH="12" VPOS="1498" HPOS="301"/>
							<String ID="string_268" HPOS="313" VPOS="1498" WIDTH="110" HEIGHT="17" WC="0.96" CONTENT="betänkande"/><SP WIDTH="13" VPOS="1498" HPOS="423"/>
							<String ID="string_269" HPOS="436" VPOS="1498" WIDTH="38" HEIGHT="18" WC="0.96" CONTENT="N:o"/><SP WIDTH="14" VPOS="1498" HPOS="474"/>
							<String ID="string_270" HPOS="488" VPOS="1499" WIDTH="16" HEIGHT="17" WC="0.94" CONTENT="1."/>
						</TextLine>
					</TextBlock>
				</ComposedBlock>
			</PrintSpace>
		</Page>
	</Layout>
</alto>
