1086 1761
835 137 26 21 37

99 205 80 25 "dande
197 207 58 30 grad
273 208 90 22 afviker
382 208 51 22 från
452 209 48 21 min
519 215 57 22 egen
595 208 153 29 uppfattning
760 208 7 22 i
781 208 80 22 saken.

102 243 48 28 Jag
174 243 46 22 kan
244 242 60 23 dock
328 243 51 22 icke
403 242 124 23 underläta
551 245 35 20 att
604 243 76 22 säsom
698 243 47 22 min
764 242 96 29 mening

102 277 131 28 framhälla,
252 277 129 27 huruledes,
400 277 68 21 äfven
488 285 36 14 om
542 277 134 22 Utskottets
689 277 61 29 äsigt
763 277 97 28 ansäges

102 318 57 15 vara
177 311 79 29 riktig,
276 311 38 22 det
333 311 140 29 näppeligen
492 319 54 15 vore
564 311 39 22 väl
622 311 103 28 betänkt,
743 314 34 20 att
791 311 68 22 Stän-

103 346 71 22 derna
195 346 8 21 i
222 353 28 15 en
277 346 73 29 fräga,
378 353 49 15 som
445 345 61 23 dock
525 346 65 22 torde
609 346 115 22 erkännas
751 353 57 15 vara
831 352 29 14 en

103 380 234 29 lagtolkningsfräga,
362 380 75 22 skulle
459 380 78 22 vända
554 380 36 29 sig
608 380 37 22 till
662 380 66 22 Hans
747 380 43 22 M:t
808 379 52 22 med

104 422 29 14 en
152 414 178 29 framställning,
355 414 102 28 hvilken,
485 415 74 22 säsom
577 415 8 21 i
604 414 159 23 betänkandet
790 414 71 27 skett,

104 449 88 29 tydligt
210 456 38 15 om
272 449 43 22 ock
340 449 51 22 icke
410 449 7 21 i
437 448 92 23 direkta
547 449 97 28 ordalag
662 449 115 29 päbördar
795 447 66 23 säväl

104 483 45 22 den
168 483 121 22 inhemska
307 483 114 29 styrelsen
439 491 50 14 som
508 483 83 30 högsta
604 483 130 22 domstolen
747 486 34 19 ett
797 483 64 28 olag-

104 518 45 29 ligt
175 517 138 22 förfarande.
356 518 73 22 Dessa
455 517 163 30 myndigheter
645 518 70 22 hafva
742 517 119 29 nämligen

104 551 121 29 hvardera,
244 553 74 21 säsom
343 552 80 28 kändt,
445 553 52 21 icke
516 553 99 22 allenast
633 553 8 22 i
660 553 50 21 sina
728 552 134 29 styrelseät-

104 587 85 28 gärder
212 589 57 19 utan
293 587 45 21 den
363 594 80 14 senare
465 587 114 29 därjämte
598 587 6 21 i
624 588 50 21 sina
692 587 8 21 i
719 587 80 21 tviste-
817 585 44 23 och

105 621 110 22 brottmål
234 621 66 29 gifna
318 621 80 22 domar
416 621 43 22 och
478 622 77 28 utslag
568 621 52 22 med
632 622 90 28 hänsyn
735 622 37 21 till
785 620 77 22 denna

105 655 66 29 fräga
189 655 57 22 stält
263 656 37 28 sig
312 656 30 28 pä
358 663 28 14 en
399 656 49 22 helt
461 663 77 15 annan
550 656 152 29 ständpunkt,
713 660 28 18 än
755 655 46 22 den
819 654 44 23 Ut-

105 690 95 28 skottet,
212 693 57 19 utan
288 692 36 20 att
341 690 100 29 upplysa
461 698 36 14 om
517 692 34 20 att
568 690 84 29 frägan
670 694 26 18 är
714 698 28 14 en
760 689 101 29 lagtolk-

105 724 137 29 ningsfräga
260 724 8 22 i
286 724 96 22 hvilken
409 725 68 21 äfven
497 732 28 14 en
543 732 77 15 annan
639 725 61 29 äsigt
719 725 46 21 kan
784 724 77 28 hysas,

105 758 113 23 förklarat
236 766 56 15 vara
310 758 45 22 den
375 758 60 23 enda
453 759 93 29 riktiga.

174 793 34 22 Pä
226 793 76 29 grund
321 794 23 21 af
362 793 63 22 hvad
442 794 41 28 jag
501 794 68 22 ofvan
584 793 52 23 haft
648 798 56 17 äran
717 794 88 26 anföra,
819 792 44 22 och

90 827 46 24 då
155 830 33 19 ett
206 828 30 28 pä
254 827 65 23 detta
338 828 149 22 betänkande
499 828 108 22 baseradt
624 828 122 22 uttalande
758 828 24 22 af
796 827 68 22 Stän-

105 862 79 27 derna,
204 862 74 29 enligt
299 863 48 21 min
365 863 78 27 tanke,
462 863 51 22 icke
532 870 55 14 vore
606 870 28 14 en
647 862 37 21 till
698 862 28 21 de
742 862 122 29 rysksprä-

106 896 57 29 kiga
180 896 166 23 skrifvelserna
364 897 36 28 sig
418 897 175 22 inskränkande
612 896 84 29 adress,
714 899 57 20 utan
790 896 8 22 i
822 895 42 22 sak

105 931 92 22 komme
216 933 35 19 att
269 931 114 22 innefatta
402 939 29 14 en
450 931 97 29 petition
574 939 36 14 om
628 930 193 30 undanrödjande
840 929 25 23 af

105 965 116 22 särskilda
244 965 226 28 missförhällanden,
492 965 95 22 hvilken
606 965 82 22 endast
712 965 50 22 däri
781 965 83 22 afveke

106 1000 52 21 frän
177 999 95 30 vanliga
290 1000 132 29 petitioner,
442 1002 35 20 att
505 1000 133 22 densamma
656 1000 75 21 skulle
749 1002 117 26 utmynna

107 1034 8 22 i
135 1041 41 21 jen
194 1034 46 22 fast
258 1034 178 29 förhoppning",
455 1035 58 28 icke,
533 1035 73 22 såsom
625 1035 110 28 vanligen
745 1038 26 18 är
790 1033 77 28 fallet,

106 1069 9 21 i
133 1076 29 15 en
180 1068 146 31 underdänig
346 1069 117 29 anhällan,
482 1070 73 29 vägar
567 1069 39 30 jag
619 1068 89 24 säledes
725 1069 87 25 föreslä

386 1172 31 19 att
436 1170 122 22 Ständerna
576 1172 48 20 med
642 1172 113 21 beaktande
774 1172 29 27 af
811 1172 58 21 stad-

314 1204 79 27 gandet
417 1204 8 21 i
450 1205 15 21 2
482 1205 15 28 $
514 1205 25 21 L.
566 1205 23 22 O.
609 1206 48 21 ville
675 1206 81 22 besluta
774 1208 32 20 att
824 1206 45 21 icke

319 1238 34 21 till
367 1238 108 28 pröfning
492 1242 96 25 upptaga
606 1240 56 22 detta
679 1241 77 21 ärende
775 1240 35 22 uti
827 1240 42 22 den

316 1272 58 26 form
398 1273 101 22 Utskottet
516 1274 121 28 föreslagit;
656 1277 57 19 samt

385 1355 37 26 att,
446 1354 51 28 ifall
519 1362 26 14 en
562 1355 72 21 adress
652 1355 135 28 fortfarande
805 1362 63 15 anses

316 1389 108 20 motsvara
441 1388 39 22 sitt
496 1389 109 27 ändamäl,
624 1390 87 21 ärendet
727 1390 140 21 äterremitte-

316 1428 36 14 ras
371 1422 33 21 till
427 1422 101 22 Utskottet
544 1423 36 28 för
596 1424 138 28 uppgörande
749 1424 30 28 af
786 1424 82 28 förslag

317 1456 34 20 till
373 1463 26 14 en
417 1458 136 27 underdänig
570 1458 78 27 adress,
666 1458 68 27 hvari,
753 1459 50 21 med
819 1460 48 19 ute-
