1081 1756
323 163 28 22 U.
370 163 25 22 B.
411 176 22 3 —
451 163 75 29 Prop.
541 164 41 23 N:o
598 164 36 22 14.
833 163 23 22 11

102 231 74 28 gifves
195 231 61 22 dock
272 238 28 15 en
316 231 71 29 nägot
403 232 60 21 olika
479 231 117 30 betydelse
613 233 6 22 i
636 232 60 22 olika
712 232 90 22 länders
817 233 41 21 ter-

102 265 119 28 minologi.

171 299 34 22 Då
222 299 38 23 det
272 300 70 28 gäller
352 301 31 20 att
393 300 71 22 beifra
475 301 31 21 ett
516 301 66 26 brott,
591 307 51 16 som
653 301 109 22 föröfvats
773 307 85 22 genom

102 334 123 22 innehållet
248 335 6 21 i
278 341 28 16 en
330 334 171 29 offentliggjord
517 335 71 29 tryckt
604 335 69 26 skrift,
690 335 94 28 uppstår
800 335 58 28 själf-

102 368 61 22 fallet
178 368 86 29 frågan,
280 369 68 22 hvem
363 369 114 22 ansvaret
486 369 43 28 för
542 369 136 22 densamma
692 369 64 22 skall
762 369 96 22 drabba.

102 403 7 22 I
126 403 60 22 olika
202 403 90 22 länders
308 403 168 28 lagstiftningar
490 403 108 23 besvaras
612 404 75 22 denna
698 403 62 29 fråga
772 404 87 28 ganska

102 437 68 22 olika.
199 437 56 22 Man
280 437 44 22 kan
346 437 6 22 i
375 437 60 22 detta
458 438 108 22 afseende
590 438 88 28 åtskilja
698 439 80 21 trenne
800 438 59 22 olika

103 472 92 27 system,
213 471 82 22 mellan
311 472 75 21 hvilka
398 471 60 23 dock
469 472 65 22 äfven
546 472 222 28 öfvergångsformer
778 472 80 22 finnas.

104 505 81 23 Såsom
210 506 38 22 det
271 507 127 28 strängaste
420 507 102 22 framstår
544 507 37 22 det
603 508 93 27 system,
719 513 51 16 som
792 507 7 22 i
815 506 45 22 den

102 540 110 28 engelska
222 541 170 28 lagstiftningen
402 541 74 22 funnit
484 542 92 28 uttryck.
593 541 77 28 Enligt
678 541 75 22 denna
765 547 95 16 ansvara

102 575 166 28 boktryckaren
292 575 43 22 och
360 575 116 28 spridaren
499 575 61 23 såväl
584 582 50 16 som
656 576 144 28 förläggaren
816 575 45 22 lika

103 610 52 21 med
178 610 136 22 författaren.
346 610 76 28 Lagen
445 610 65 29 utgår
531 610 47 22 från
601 610 44 22 den
661 610 198 28 förutsättningen,

104 645 30 21 att
150 644 43 22 alla
209 645 28 21 de
253 644 37 22 vid
307 644 105 23 skriftens
424 645 110 22 tillkomst
546 645 163 22 samverkande
720 650 140 23 personerna

104 679 92 22 handlat
218 679 6 21 i
248 679 104 28 brottslig
372 679 73 22 afsikt.
476 679 66 23 Dock
557 679 44 23 kan
618 679 59 27 dem,
694 679 88 22 hvilkas
798 678 62 23 med-

103 714 85 21 verkan
202 713 57 22 varit
274 713 22 22 af
311 713 81 22 endast
406 714 58 28 yttre
480 715 38 25 art,
534 714 88 22 lämnas
638 714 83 22 tillfälle
732 714 31 21 att
774 713 86 27 bevisa,

105 749 31 21 att
144 748 20 28 ej
174 754 42 16 ens
225 747 104 23 vållande
337 748 32 22 till
378 748 82 22 brottet
469 748 44 22 kan
521 749 65 27 tagas
596 748 52 22 dem
659 748 32 22 till
702 748 49 26 last,
760 748 7 22 i
777 748 84 22 hvilket

104 782 38 22 fall
158 782 29 22 de
203 782 29 28 gå
248 782 39 22 fria
303 782 47 22 från
366 788 88 16 ansvar.
479 782 109 23 Särskildt
600 783 40 22 har
650 789 84 22 egaren
745 782 22 22 af
778 783 30 21 ett
818 782 42 22 tid-

104 816 162 29 ningsföretag
288 816 122 22 tillerkänts
434 818 41 21 rätt
491 818 30 21 att
536 818 48 21 visa
601 817 38 22 det
655 823 27 16 en
694 818 104 27 uppsats,
810 822 50 16 som

107 851 135 22 redaktören
265 851 47 22 lätit
328 851 78 28 inflyta
422 851 6 22 i
443 852 127 28 tidningen,
588 852 128 21 tillkommit
732 852 53 21 utan
802 850 58 22 hans

106 885 193 29 bemyndigande,
321 886 95 28 vetskap
440 886 53 22 eller
514 886 123 28 samtycke,
659 886 43 22 och
726 886 31 21 att
780 886 20 27 ej
820 890 41 17 ens

105 920 117 22 bristande
246 926 94 22 omsorg
363 920 53 22 eller
439 920 128 22 aktsamhet
585 921 44 21 kan
646 920 85 22 honom
748 920 113 22 förevitas.

104 954 52 22 Den
172 954 109 28 engelska
298 954 230 29 rättsuppfattningen
545 955 6 21 i
568 955 74 21 denna
658 954 72 29 punkt
746 954 40 22 har
801 954 6 22 i
823 954 38 22 all-

105 989 93 22 mänhet
214 989 49 22 icke
278 989 80 21 vunnit
374 989 75 28 insteg
465 989 29 29 pä
510 989 155 22 kontinenten.

174 1023 7 22 I
198 1024 47 21 viss
268 1023 53 22 män
343 1024 82 21 erinrar
449 1024 60 22 dock
524 1023 315 29 tryckfrihetslagstiitningen
855 1022 7 22 i

106 1057 98 28 Sverige
227 1058 6 21 i
249 1058 149 22 förevarande
414 1058 108 22 afseende
539 1064 37 16 om
594 1058 44 22 den
654 1058 117 28 engelska.
802 1057 60 22 Den-

106 1098 88 16 samma
210 1092 122 22 betecknar
348 1092 116 28 nämligen
480 1092 78 22 säsom
577 1092 44 22 den
633 1093 99 21 närmast
742 1091 121 28 ansvarige

106 1126 173 28 boktryckaren,
301 1127 48 21 mot
365 1126 90 23 hvilken
473 1127 65 21 äfven
554 1126 67 22 ätalet
636 1126 42 22 bör
693 1126 6 22 i
715 1126 70 22 första
802 1125 61 23 hand

106 1160 76 27 riktas,
198 1160 132 22 oberoende
346 1160 68 27 däraf,
431 1161 110 21 huruvida
556 1161 142 21 författarens
709 1166 69 16 namn
789 1160 75 22 finnes

106 1194 13 22 ä
136 1194 87 23 arbetet
244 1196 111 27 upptaget
378 1196 52 21 eller
446 1195 27 28 ej.
504 1195 167 28 Boktryckaren
687 1195 44 21 kan
747 1194 61 22 dock
823 1194 41 21 fria

106 1229 38 28 sig
161 1228 47 23 frän
225 1235 81 16 ansvar
321 1235 85 22 genom
423 1230 31 21 att
470 1230 82 28 styrka,
568 1230 67 21 hvem
655 1235 50 16 som
717 1231 23 19 är
750 1228 114 22 författare

106 1264 32 22 till
162 1263 45 22 den
231 1263 87 23 åtalade
342 1264 99 22 skriften.
480 1264 7 22 I
509 1264 63 28 fråga
588 1270 38 16 om
645 1263 131 29 periodiska
792 1263 72 28 tryck-

108 1298 88 22 skrifter
218 1300 24 19 är
257 1298 44 22 den
318 1305 91 22 person,
426 1305 51 16 som
494 1299 6 21 i
516 1299 38 21 det
570 1298 62 22 öfver
648 1298 162 28 anmälningen
826 1303 38 16 om

108 1333 104 21 skriftens
234 1333 164 22 utkommande
421 1333 117 22 utfärdade
561 1333 88 22 beviset
672 1332 117 29 upptagits
812 1337 51 16 som

108 1367 107 28 ansvarig
238 1367 116 28 utgifvare,
378 1367 136 28 obetingadt
536 1367 106 28 ansvarig
664 1367 34 22 för
720 1367 38 22 allt
782 1365 82 23 hvad
849 1361 18 38 i

108 1401 92 22 skriften
216 1401 70 28 ingår.

176 1435 33 22 En
234 1436 93 21 motsatt
347 1435 131 29 ytterlighet
500 1437 48 20 mot
571 1435 43 22 den
638 1435 109 28 engelska
769 1434 96 29 lagstift-

108 1470 86 28 ningen
218 1471 70 21 förete
312 1470 28 22 de
363 1471 174 28 lagstiftningar,
554 1476 50 16 som
620 1470 92 22 anslutit
728 1469 36 28 sig
779 1469 32 22 till
827 1469 39 22 det

176 1515 131 23 Lagutskottets
320 1515 110 18 betänkande
442 1515 36 18 N:o
491 1516 17 17 2.
