1081 1759
319 156 30 22 U.
366 156 26 21 B.
409 168 26 3 —
452 156 73 28 Prop.
541 156 41 22 N:o
599 156 35 22 15.
827 157 27 21 49

96 224 124 22 händelser
241 228 24 18 är
287 224 46 22 han
356 224 51 22 icke
430 232 63 14 mera
512 224 101 29 skyldig,
633 228 30 18 än
681 224 80 29 hvarje
777 231 77 15 annan

97 259 120 29 deltagare
232 259 8 21 i
255 259 218 22 sammankomsten.
502 258 93 30 Möjligt
610 262 25 18 är
651 258 43 22 ock
707 261 40 25 ati,
761 266 37 14 om
808 258 45 22 för-

95 293 145 22 anstaltaren
255 293 51 22 icke
321 293 126 29 uppdagas,
463 293 155 21 ordföranden
633 292 56 29 sjelf
701 292 104 22 kommer
820 294 35 20 att

98 327 118 22 betraktas
231 335 49 14 som
296 327 163 22 föranstaltare
475 327 42 22 och
534 327 46 22 han
596 327 62 28 förty
669 327 99 26 straffas,
782 327 72 22 ehuru

97 362 46 21 han
166 369 49 14 som
238 361 71 22 sådan
331 361 69 22 äfven
421 365 25 17 är
466 361 115 28 oskyldig.
612 361 155 22 Fördenskull
784 361 70 22 borde

97 396 101 21 nämnda
221 395 217 29 straffbestämning
461 395 36 22 för
519 395 162 28 ordföranden,
706 396 74 28 enligt
805 396 49 21 min

98 431 76 26 tanke,
190 430 37 22 för
241 430 126 22 rättvisans
382 430 62 21 skull
460 430 43 21 och
519 429 25 22 af
557 430 121 29 praktiska
691 430 49 21 skäl
753 430 52 21 från
816 430 38 22 be-

97 465 130 21 tänkandet
241 464 118 22 uteslutas.

166 499 35 22 På
220 499 77 29 grund
316 499 69 22 häraf
397 499 36 22 får
445 499 42 28 jag
502 499 119 22 vördsamt
635 499 85 22 föreslå
735 512 26 3 —
778 499 76 22 såsom

96 533 145 22 reservation
255 533 37 22 till
308 533 159 22 betänkandet
482 547 27 2 —

372 610 33 19 att
423 609 26 21 de
465 608 134 29 paragrafer
618 609 56 26 däri,
690 609 75 21 hvilka
780 608 28 28 af
819 608 36 21 det

304 643 67 27 ofvan
388 643 95 28 anförda
499 643 74 28 blifvit
589 643 96 27 berörda,
698 643 61 21 skola
769 642 85 22 erhålla

305 677 98 28 följande
417 677 70 22 delvis
502 677 133 28 förändrade
651 677 92 28 lydelse:

501 776 12 21 3
529 776 28 25 (2)
572 776 20 26 8.

304 838 34 27 Är
353 843 86 22 allmän
450 844 183 21 sammankomst
643 843 80 22 afsedd
734 846 36 19 att
780 843 74 22 hållas

236 877 84 29 (utesl.)
336 878 13 21 å
364 878 83 28 (utesl.)
462 878 61 29 plats
538 878 74 21 under
626 878 42 21 bar
683 878 100 27 himmel,
794 877 60 22 skall

236 912 78 21 därom
330 913 10 20 %
354 913 50 21 stad
421 916 79 18 senast
514 913 41 21 två
569 913 94 21 timmar
678 912 42 22 och
733 913 32 28 pä
780 913 75 21 landet

236 949 74 19 senast
333 947 44 28 tolf
396 947 92 21 timmar
509 947 50 22 före
575 947 44 22 den
635 947 36 21 för
686 947 168 21 sammankom-

235 983 52 20 sten
307 983 88 20 utsatta
417 981 64 22 tiden
504 985 68 25 göras
595 981 114 28 anmälan,
724 982 10 21 i
748 981 50 22 stad
812 980 42 22 hos

236 1015 179 29 poliskammare
437 1015 63 28 eller,
523 1016 42 21 där
587 1016 71 21 sådan
674 1015 20 30 ej
710 1015 81 28 finnes,
812 1015 42 22 hos

236 1049 159 30 borgmästare
417 1051 58 21 eller
497 1051 165 28 ordningsman
683 1051 37 21 och
733 1051 31 28 på
781 1051 74 21 landet

236 1085 39 21 hos
298 1085 130 28 kronofogde
451 1085 52 21 eller
525 1086 111 21 länsman.
666 1085 60 22 Lika
744 1085 52 21 med
814 1092 38 14 an-

237 1119 76 21 mälan
337 1119 59 22 skall
419 1119 44 22 ock
485 1127 66 14 anses
574 1119 227 29 tillkännagifvande
816 1126 38 14 om

237 1153 86 22 allmän
335 1153 188 28 sammankomst,
535 1154 90 21 hvilket
635 1154 62 21 inom
708 1154 72 21 ofvan
792 1153 62 22 stad-

237 1187 45 29 gad
297 1188 34 21 tid
347 1188 52 21 sker
411 1195 84 22 genom
511 1188 138 29 kungörelse
664 1189 8 20 i
688 1191 76 19 ortens
780 1188 74 29 kyrka

237 1222 56 21 eller
315 1229 83 22 genom
420 1223 82 28 anslag
517 1223 14 21 å
545 1223 68 29 plats,
629 1223 93 22 hvarest
737 1223 118 21 allmänna

237 1256 166 22 meddelanden
420 1257 71 28 pläga
505 1257 175 29 offentliggöras
691 1257 8 22 i
710 1260 72 25 orten,
798 1257 56 22 eller

237 1298 82 21 genom
336 1299 89 14 annons
436 1291 8 22 i
455 1291 42 22 där
507 1291 165 22 utkommande
683 1291 99 30 tidning.
805 1291 50 22 Har

237 1325 107 22 anmälan
367 1325 41 22 hos
431 1325 139 30 myndighet
591 1326 72 29 gjorts
682 1333 80 15 senare
777 1330 30 18 än
822 1333 32 14 nu

237 1363 25 18 är
284 1359 75 30 sagdt,
382 1360 37 21 må
439 1360 46 21 den
502 1360 74 22 hållas
594 1361 36 21 för
645 1361 74 28 giltig,
736 1368 36 14 om
789 1368 65 21 myn-

237 1393 110 29 digheten
363 1394 94 27 pröfvar
473 1395 125 28 olägenhet
613 1395 68 21 däraf
694 1395 19 28 ej
729 1395 92 29 uppstå.

305 1429 112 21 Anmälan
441 1429 56 21 eller
518 1429 226 28 tillkännagifvande
760 1437 37 14 om
814 1430 41 21 all-

237 1465 53 18 män
306 1463 182 21 sammankomst
503 1463 59 21 skall
577 1463 119 22 innehålla
710 1464 94 28 uppgift
817 1471 36 14 om

166 1508 132 22 Lagutskottets
311 1509 110 18 betänkande
433 1510 38 17 N:o
485 1510 16 17 3.
774 1511 11 16 4
