1081 1759
190 294 44 25 98.

180 500 56 26 128.

254 151 14 21 2
477 152 27 22 U.
523 152 26 22 B.
571 166 23 2 —
611 153 73 28 Prop.
701 153 43 23 N:o
760 153 37 22 14.

322 226 114 23 Utskottet
454 228 40 22 har
509 228 49 22 icke
574 228 74 22 funnit
664 228 47 22 skäl
728 229 31 21 att
771 228 109 28 tillstyrka
898 227 108 29 ifrägava-

251 261 98 22 varande
366 262 103 28 ändring.

320 295 136 28 Paragrafen
480 296 40 22 har
539 296 21 22 af
576 296 104 29 samtliga
697 296 70 23 Stånd
784 296 114 29 godkänts
915 297 6 21 i
938 296 66 27 öfrigt

250 331 63 20 utom
330 331 30 21 att
375 330 200 28 Borgareständet
588 331 92 22 beslutit
696 332 30 21 att
742 331 72 22 orden
830 348 4 9 ,
837 331 80 26 under
927 330 77 23 tiden"

250 364 71 22 borde
337 364 47 22 frän
401 365 133 28 paragrafen
551 365 61 28 utgä.

319 399 54 22 Som
398 399 101 28 lagenlig
520 399 112 28 pluralitet
646 399 35 22 för
696 399 121 22 utskottets
840 399 144 22 betänkande
1000 399 7 21 i

250 433 74 22 denna
340 433 36 22 del
392 433 128 29 föreligger,
533 434 39 22 har
586 433 204 29 Borgareständets
807 434 74 21 beslut
897 434 49 22 icke
960 434 43 22 för-

250 467 76 23 anledt
340 468 32 22 till
389 468 79 29 ätgärd
483 468 47 22 frän
548 469 121 22 utskottets
685 468 58 22 sida.

318 502 170 29 Ridderskapet
510 503 42 22 och
573 502 75 23 Adeln
670 503 64 21 samt
747 502 177 22 Bondeständet
938 502 65 22 hafva

249 537 87 28 antagit
352 537 131 28 paragrafen
501 537 71 28 enligt
587 538 121 21 utskottets
724 537 92 28 förslag.

317 571 176 22 Presteständet
514 572 39 21 har
574 571 73 22 funnit
669 571 138 29 stadgandet
835 572 1 21 i
867 572 5 21 3
897 577 68 16 mom.
982 571 22 22 af

248 606 133 28 paragrafen
398 613 51 15 vara
466 606 72 22 afsedt
554 607 30 21 att
600 606 59 28 gälla
675 606 66 22 äfven
757 606 133 28 tryckskrift,
907 612 50 16 som
969 607 33 20 ut-

247 639 41 28 gär
303 640 47 22 frän
366 641 147 28 kyrkomötes
529 641 91 25 utskott,
638 647 51 15 men
706 640 28 22 dä
751 640 159 29 ordalydelsen
934 641 66 22 äfven

247 675 76 22 kunde
344 675 62 28 gifva
426 675 125 28 anledning
566 676 31 21 till
613 682 74 15 annan
704 675 110 28 tolkning,
832 675 168 22 äterremitterat

246 709 134 28 paragrafen
403 710 31 21 till
455 710 108 22 utskottet
587 711 6 20 i
616 710 108 22 afseende
748 709 12 22 ä
778 709 168 29 förtydligande
969 710 31 21 uti

246 743 97 23 berörda
359 744 139 22 hänseende.

314 778 200 28 Borgareständet
528 785 50 16 som
590 779 6 22 i
607 779 68 28 öfrigt
690 779 102 28 godkänt
804 779 140 28 paragrafen,
955 779 45 26 har,

246 811 6 22 i
269 818 87 16 samma
379 813 57 28 syfte
460 819 50 16 som
530 813 175 26 Presteständet,
725 813 52 22 med
793 813 171 28 godkännande
980 813 22 22 af

245 847 133 28 paragrafen
395 848 6 21 i
418 847 67 28 öfrigt
499 848 83 28 jämväl
600 848 92 21 beslutit
708 849 30 20 att
754 847 55 22 efter
825 847 65 22 ordet
906 847 94 28 ,,kyrko-

245 881 75 22 möte"
332 881 72 22 borde
420 882 106 28 tilläggas
542 882 67 26 ,,eller
625 882 53 22 dess
695 882 107 22 utskott'.

313 915 51 22 Den
388 917 96 28 oriktiga
506 917 104 28 tolkning
626 917 22 21 af
662 916 147 29 paragrafens
826 915 106 27 innehåll,
948 922 51 15 som

244 949 87 23 Preste-
345 951 43 21 och
407 951 197 28 Borgarestånden
623 951 82 22 önskat
720 951 135 28 förebygga,
871 950 128 22 föranledes

244 983 68 27 däraf,
324 985 30 21 att
364 985 127 28 tryckskrift
501 985 48 22 från
560 985 122 28 landtdags
693 985 86 22 utskott
790 984 147 29 undantagits
948 985 48 21 från

243 1017 176 30 bestämningen
436 1020 5 21 i
461 1020 145 28 paragrafens
622 1019 70 22 första
714 1020 108 26 moment,
845 1019 82 22 medan
944 1025 52 16 ena-

244 1052 75 23 handa
335 1053 145 29 bestämning
496 1054 83 22 saknas
595 1054 140 22 beträffande
748 1054 148 28 kyrkomötes
905 1053 91 22 utskott.

243 1087 35 22 Då
301 1087 38 22 det
358 1089 122 21 emellertid
504 1088 71 22 måste
592 1088 70 23 hållas
678 1089 34 21 för
728 1088 76 29 gifvet,
821 1089 31 21 att
869 1088 59 22 hvad
944 1094 50 16 som

242 1122 72 27 gäller
334 1128 38 16 om
393 1122 155 29 tryckskrifter,
573 1123 74 22 hvilka
663 1122 54 29 utgå
732 1122 48 22 från
794 1123 139 28 landtdagen
946 1123 52 22 eller

242 1155 142 28 kyrkomöte,
400 1157 66 22 äfven
482 1157 55 22 skall
550 1157 113 28 tillämpas
679 1157 12 22 å
708 1157 66 22 deras
794 1157 205 22 utskottshandlin-

242 1196 47 22 gar,
305 1191 94 22 föreslår
414 1191 118 22 utskottet:

518 1261 37 20 att
568 1260 70 21 orden
654 1260 72 25 ,,eller
740 1259 54 22 dess
809 1260 103 21 utskott"
928 1261 72 21 måtte

449 1300 28 16 ur
487 1294 143 28 paragrafen
647 1294 122 23 uteslutas.

309 1391 199 28 Borgareståndet
530 1393 38 21 har
591 1393 119 22 dessutom
731 1393 92 21 beslutit
839 1393 31 21 att
890 1393 2 21 i
909 1398 87 16 samma

240 1426 102 21 moment
366 1426 64 21 ordet
452 1426 78 27 ,,eikä"
547 1426 12 22 ä
575 1427 67 22 femte
659 1427 69 22 raden
746 1427 6 21 i
768 1427 45 22 den
829 1427 74 22 finska
918 1427 76 22 texten

239 1459 75 22 blefve
330 1460 74 28 utbytt
419 1462 47 20 mot
482 1461 149 26 ,älköönkä'*.

308 1505 132 23 Lagutskottets
452 1506 108 18 betänkande
572 1506 37 18 N:o
622 1507 17 17 2.
