1086 1764
167 219 33 18 N:o
212 220 10 17 5
234 219 91 23 angående
343 219 63 23 tillägg
422 218 26 19 till
464 219 171 22 folkskolebudgeten
651 218 28 18 för
697 218 42 18 åren
753 217 44 19 1906

236 248 32 18 och
290 249 53 22 1907;
368 248 53 23 jämte
444 248 65 47 i
526 243 31 32 till
578 247 88 23 VAA
698 247 69 46 king;
780 251 19 13 se

236 283 47 17 prop.
297 283 27 12 n:o
336 278 27 17 6.

214 307 11 18 6
237 306 6 18 i
254 306 94 23 anledning
359 306 19 18 af
390 306 49 18 Hans
446 287 61 46 "Kojs.
516 291 48 32 Mis:
573 291 63 37 nådiga
648 285 119 46 Proposition
767 309 31 13 au-

236 335 67 23 gående
319 335 97 22 beviljande
430 335 20 18 af
464 335 123 22 statsgaranti
599 335 28 17 för
638 333 83 19 Finlands
733 333 66 23 Hypo-

237 363 132 23 teksförenings
381 364 99 17 utländska
492 363 43 22 län;
554 369 19 12 se
586 369 49 17 prop.
648 368 28 12 n:o
688 363 25 18 9.

214 394 9 17 7
236 393 6 17 i
254 393 94 22 anledning
362 393 19 18 af
396 393 51 18 Hans
459 393 49 22 Kejs.
521 393 41 18 M:ts
575 392 63 23 nädiga
650 391 105 24 proposition
768 397 31 12 an-

237 422 66 22 gående
320 421 21 18 de
358 421 28 18 vid
402 421 106 23 landtdagen
524 422 41 17 åren
579 421 114 18 1905—1906
705 426 21 12 ur
738 420 61 18 bevill-

237 450 114 23 ningsmedel
368 450 68 18 äskade
452 451 67 22 anslag
536 451 47 17 samt
595 455 28 12 om
635 449 91 23 reglering
738 449 25 22 af
771 449 28 17 be-

238 479 176 23 villningsbudgeten
432 479 28 18 för
478 479 42 18 ären
537 479 45 18 1900
600 479 32 17 och
646 479 53 21 1907;
718 484 19 12 se
750 483 48 18 prop.

238 513 28 13 mo
279 508 21 17 12
331 522 4 4 cv
360 522 4 3 .
389 521 32 5 0...
563 522 3 3 s
592 522 3 3 3
649 521 5 4 5
708 521 33 4 sr
794 521 4 3 J

101 559 198 24 Styrelseledamöter,
310 559 50 18 deras
372 559 159 23 ämbetsätgärder;
539 565 18 12 se
571 565 48 17 prop.
632 565 29 12 n:o
674 559 21 18 16
708 573 4 3 .
737 573 3 3 .
765 573 5 3 .

103 611 197 23 Stiimpelbevillning,
312 617 19 11 se
344 617 48 17 prop.
405 617 27 12 n:o
445 612 11 17 3

103 663 145 23 Sttnderhuset,
263 662 106 24 tillbyggnad
388 662 34 18 och
440 663 102 22 omändring
559 663 19 17 af
596 657 117 56 lemma
721 667 19 13 se
753 667 47 17 prop.

172 697 28 13 n:o
214 692 21 17 12
248 691 67 23 (Ständ.
327 692 67 22 skr.)
392 687 11 31 -
420 705 3 3 .
449 705 4 4 so
478 705 4 4 so
507 706 4 4 so
536 705 3 3 so
565 704 3 4 so
593 705 34 4 «oc
796 704 3 4 a

103 744 54 22 Svar,
169 743 82 18 Finlands
263 743 83 18 Ständers
358 743 120 23 underdåniga
486 753 27 12 —,
522 743 6 17 i
540 742 94 23 anledning
642 742 18 18 af
671 742 50 18 Hans
730 742 71 22 Kejser-

172 772 35 23 liga
218 772 92 23 Majestäts
322 772 62 22 nådiga
396 772 135 22 propositioner:

172 812 33 18 N:o
230 813 10 17 1
252 812 89 23 angående
356 812 129 23 provisoriska
492 808 159 54 Bnansätgörder
659 812 27 17 för
697 811 48 18 förra
757 810 45 19 hälf-

186 878 8 8 >

187 906 7 8 »

186 935 7 8 »

187 964 7 7 »

252 843 30 16 ten
294 841 18 18 af
323 841 20 17 är
355 841 45 18 1906
509 855 4 3 5

229 870 11 18 2
252 870 89 22 angående
353 869 101 23 bevillning
466 869 32 23 för
504 850 82 47 spelkort
595 854 4 33 .

229 899 11 17 3
252 898 89 23 angäende
353 898 189 23 stämpelbevillning
535 894 11 31 .
797 910 4 4 x

229 928 11 16 4
252 927 89 23 angående
353 927 101 23 bevillning
466 928 28 17 för
505 927 112 23 tillverkning
625 912 23 32 M
654 907 130 47 "maltarycker
797 939 3 4 .

229 957 11 17 5
252 956 89 22 angående
357 956 34 17 den
408 956 53 20 skatt,
475 961 38 13 som
530 956 28 18 för
570 955 111 23 tillverkning
693 955 18 17 af
723 954 80 18 bränvin

253 985 43 18 skall
309 985 83 23 erläggas,
404 986 48 17 samt
464 990 28 13 om
504 986 54 22 sagda
570 985 56 17 skatts
638 984 114 18 användande
768 997 4 4 .

230 1014 11 18 6
252 1014 90 22 angående
357 1014 66 22 anslag
438 1019 23 12 ur
473 1013 164 23 bevillningsmedel
649 1014 28 17 för
688 1013 115 22 folkskolevä-

252 1042 60 18 sendet
324 1042 55 18 under
390 1043 43 17 åren
446 1043 46 18 1906
504 1043 32 17 och
549 1043 44 18 1907
740 1056 4 4 a

230 1073 9 17 7
252 1072 90 22 angående
354 1071 241 23 kommunikationsfonden
625 1085 3 3 .
653 1084 4 4 .
682 1085 3 3 .
710 1084 5 4 .
738 1083 4 5 .

230 1101 11 17 8
252 1100 90 23 angående
355 1100 63 18 vidare
427 1100 197 23 järnvägsbyggnader
654 1114 3 3 .
682 1113 4 5 .
740 1113 4 3 5

231 1129 11 17 9
254 1129 89 23 angående
365 1128 101 23 beviljande
491 1129 18 18 af
527 1130 122 22 statsgaranti
665 1128 28 18 för
713 1108 91 48 Finlands

253 1157 187 23 Hypoteksförenings
452 1158 99 18 utländska
564 1158 33 18 län
626 1171 4 4 .
654 1171 5 4 .

220 1186 22 18 10
254 1186 91 23 angående
358 1186 83 23 ändring
453 1186 19 18 at
484 1186 24 18 10
520 1186 11 23 $
543 1186 9 18 i
563 1186 135 22 förordningen
709 1171 19 33 at
740 1170 34 33 don
782 1166 22 46 ESI

254 1220 47 12 mars
314 1215 44 18 1879
370 1220 28 12 om
411 1215 117 23 näringarne
541 1229 2 3 .
569 1228 4 4 .

222 1245 19 17 11
254 1244 91 22 angäende
356 1249 25 17 ny
394 1244 181 23 landtdagsordning
587 1228 46 34 samt
645 1224 60 69 vallag
713 1228 32 33 för
756 1227 48 34 Stor-

254 1273 127 17 furstendömet
392 1272 96 18 Finland
476 1268 14 32 .

222 1302 20 17 12
255 1302 89 22 angäende
364 1302 20 17 de
404 1302 29 17 vid
451 1301 107 23 landtdagen
571 1282 118 47 1905—1906
706 1306 21 12 ur
742 1280 62 47 vevill-

254 1330 112 23 ningsmedel
382 1330 70 18 äskade
465 1330 67 23 anslag
543 1331 46 17 samt
601 1335 29 13 om
641 1329 91 23 reglering
744 1330 24 22 af
777 1329 28 17 be-

254 1358 176 24 villningsbudgeten
441 1359 29 18 för
482 1359 42 17 åren
537 1359 44 18 1906
593 1359 33 17 och
639 1359 44 18 1907

222 1388 20 17 13
254 1393 28 12 om
300 1389 39 20 Zag
351 1387 91 22 angående
454 1387 99 46 am
565 1387 134 46 församlingen
715 1429 3 4 s
708 1382 36 32 och
743 1386 61 46 före

254 1415 111 24 ningsfrihet
455 1429 33 4 E
541 1430 4 3 E
772 1428 32 5 Mc

221 1445 22 17 14
254 1444 89 23 angäende
352 1425 148 46 tryckfrihetslag
512 1429 4 33 .
541 1457 33 5 pm
599 1457 4 4 KN
685 1457 4 4 e
713 1457 5 4 8
742 1457 4 4 CR
771 1457 3 4 n
800 1456 4 5 n

224 1474 20 17 15
256 1479 28 12 om
298 1473 38 23 Lag
348 1473 91 23 angäende
452 1473 99 18 allmänna
562 1453 166 47 sammankomster
742 1485 34 5 M]

834 361 23 18 11.

825 558 33 17 NI.

835 690 23 17 IL

835 904 28 37 voe
846 839 12 43 vm
