1086 1767
104 156 85 34 Afskrift.
719 183 9 4 .

716 187 145 23 Öfversättning.

142 334 276 26 Stats-Sekretariatet

263 370 29 18 för

132 398 190 22 Storfurstendömet
336 400 90 20 Finland.

207 434 114 21 Afdelning
334 438 15 13 1.

194 485 27 20 S:t
233 485 124 28 Petersburg

193 521 33 17 den
239 521 12 16 3
264 520 39 23 Maj
313 521 55 17 1827.

232 555 36 18 N:o
281 555 38 18 187.

360 660 38 20 Till
412 661 51 19 Herr
478 660 209 26 Generalguvernören
703 661 55 20 öfver
773 662 89 20 Finland.

179 740 85 20 Härmed
286 741 37 19 har
343 741 33 25 jag
391 743 47 17 äran
458 741 29 20 till
502 741 63 20 Eders
580 741 107 20 Excellens
702 742 119 20 öfversända
834 744 29 18 ett

111 769 32 19 för
157 768 56 20 Hans
228 769 94 25 Majestät
342 769 95 26 Kejsaren
452 769 26 26 pä
494 770 65 25 grund
574 770 20 21 af
608 770 34 19 det
657 771 43 18 utaf
715 770 61 20 Eders
791 771 71 19 Excel-

109 797 46 20 lens
176 797 115 20 meddelade
314 797 126 26 Allerhögsta
455 798 87 20 beslutet
556 799 117 24 föredraget,
689 801 51 18 samt
755 799 19 20 af
789 799 74 25 Högst-

109 826 115 19 densamme
246 826 164 25 undertecknadt,
431 827 103 20 äfvensom
550 827 29 20 till
594 827 63 20 Eders
673 827 106 20 Excellens
794 827 69 20 ställdt

109 855 87 25 reskript
217 854 102 26 angående
343 855 178 26 otillämpligheten
543 856 20 19 af
577 856 30 19 uti
621 856 85 19 Finland
721 856 92 25 gällande
827 856 36 20 all-

109 885 71 18 männa
195 883 183 25 lagbestämmelser
394 884 29 19 för
438 884 136 20 utnämnande
591 885 20 19 af
625 884 87 20 embets-
727 885 37 19 och
779 885 84 25 tjänste-

108 913 46 18 män
170 911 12 21 å
197 918 100 19 personer,
321 918 42 14 som
379 913 61 19 vinna
460 913 123 25 anställning
595 913 34 20 vid
644 913 219 26 Generalguvernörens

107 941 56 19 öfver
177 940 84 20 Finland
276 941 74 19 Kansli.

178 969 81 20 Undert.
275 969 189 20 Stats-Sekreterare

599 999 68 25 Grefve
683 999 111 20 Rehbinder.

268 1130 139 25 Kontrasign.:
424 1131 163 25 Afdelningschef
601 1129 110 28 Hornborg.

396 1227 38 20 Till
450 1227 42 20 Vår
508 1227 184 26 Generalguvernör
706 1229 55 19 öfver
776 1228 88 20 Finland.

182 1313 65 19 Sedan
270 1313 25 19 Vi
318 1314 39 19 fäst
378 1313 42 20 Vår
443 1314 178 25 uppmärksamhet
643 1314 33 19 vid
692 1314 33 19 det
739 1314 20 19 af
773 1314 46 20 eder
835 1313 29 20 till

111 1340 41 20 Vår
174 1341 113 20 kännedom
309 1342 68 19 brakta
399 1342 173 25 sakförhällandet,
593 1344 29 18 att
643 1342 103 25 möjlighet
759 1342 44 20 icke
815 1342 50 20 före-

109 1369 77 20 funnits
201 1372 30 18 att
246 1370 76 20 besätta
336 1372 74 18 tvenne
425 1371 31 19 för
465 1371 124 19 närvarande
600 1371 33 19 vid
645 1370 220 26 Generalguvernörens

111 1398 56 20 öfver
179 1398 84 20 Finland
277 1398 70 20 Kansli
363 1399 85 19 vakanta
464 1399 83 25 tjänster
557 1399 46 19 med
613 1399 87 24 infödda,
708 1399 38 20 den
754 1399 112 20 Lutherska

111 1426 56 20 läran
182 1427 130 20 bekännande
334 1429 54 24 män,
403 1427 68 20 hvilka
486 1428 98 24 därjämte
599 1428 49 24 egde
663 1428 29 19 för
707 1428 60 24 sagda
782 1428 85 25 tjänster

112 1455 128 25 erforderliga
263 1456 83 19 insikter
360 1456 6 19 i
382 1456 34 20 det
438 1456 62 24 ryska
514 1456 87 25 språket,
615 1456 60 19 hafva
689 1456 25 19 Vi
728 1456 73 25 jämväl
816 1456 50 25 tagit

109 1483 7 19 i
133 1484 146 25 öfvervägande
294 1484 96 20 hurusom
406 1484 62 26 sagda
482 1484 70 20 Kansli
570 1484 123 25 underlyder
708 1484 159 26 Generalguver-
