1081 1761
323 154 27 23 U.
368 154 27 22 B.
412 167 26 3 —
456 155 73 27 Prop.
544 154 42 23 N:o
603 153 35 23 15.
837 153 28 21 29

107 222 38 28 sig
170 222 73 29 nödig
267 222 117 29 trygghet.
420 222 176 22 Efterlefnaden
621 223 26 20 af
670 222 39 21 det
733 222 132 28 föreslagna

107 256 109 22 förbudet
232 256 74 21 skulle
322 256 117 21 dessutom
455 257 8 20 i
478 257 62 21 vissa
555 256 125 22 afseenden
693 263 56 15 vara
760 255 106 29 omöjligt

108 293 35 19 att
165 290 164 29 upprätthålla.
360 291 64 21 Enär
447 291 118 28 nämligen
588 298 28 14 en
638 290 37 22 del
694 298 74 21 vapen
786 290 80 21 kunna

108 325 67 21 bäras
191 325 26 21 sä
232 326 35 20 att
282 324 28 22 de
325 325 51 21 icke
392 328 40 18 äro
443 325 93 28 synliga
546 324 43 22 och
600 324 45 22 den
656 324 209 29 omständigheten,

108 361 36 19 att
159 358 7 22 i
182 358 70 29 lagen
267 366 37 14 om
320 359 117 21 allmänna
452 359 207 21 sammankomster
673 359 92 28 intoges
776 361 33 19 ett
819 358 48 22 för-

109 393 47 21 bud
172 395 49 19 mot
237 392 100 22 bärande
353 393 26 21 af
391 400 83 22 vapen,
490 394 8 20 i
513 394 71 28 ingen
599 393 110 22 händelse
720 393 69 29 gäfve
797 392 70 29 polis-

109 427 141 29 myndighet
265 431 46 18 rätt
319 430 34 19 att
361 428 99 21 anställa
466 428 119 21 visitation
592 435 37 14 om
640 428 28 21 de
677 428 14 21 ä
699 428 168 21 sammankom-

108 464 53 19 sten
169 462 144 21 närvarande
320 462 115 21 innehade
444 469 81 22 vapen,
532 462 76 22 blefve
614 462 109 21 förbudet
729 462 7 21 i
744 463 83 27 antydt
833 461 34 22 af-

110 496 83 21 seende
204 496 183 29 uppenbarligen
399 499 57 19 utan
465 496 145 22 effektivitet.
638 491 22 26 Ä
672 496 144 21 andrasidan
825 496 43 22 har

110 531 52 21 icke
175 531 73 21 heller
257 531 41 21 hos
307 538 36 15 oss
351 531 63 28 gjort
420 531 36 28 sig
465 531 108 28 gällande
584 526 64 38 nägot
660 531 99 28 verkligt
767 530 70 22 behof
845 531 26 21 af

107 569 37 17 ett
153 565 137 28 stadgande,
297 572 48 14 som
355 565 104 29 förbjöde
468 565 100 22 bärande
577 565 25 22 af
608 573 75 21 vapen
692 566 13 21 ä
713 565 86 22 allmän
810 573 58 14 sam-

109 599 139 21 mankomst.
263 599 34 28 Ty
305 599 40 21 det
353 599 65 21 torde
426 599 52 21 icke
486 607 40 13 ens
534 599 80 22 kunna
621 600 78 28 pästäs
709 602 34 18 att
749 600 119 28 deltagare

108 633 282 28 isammankomster,som
399 633 177 29 ifrågavarande
583 634 128 28 lagförslag
717 634 71 27 berör,
794 634 75 21 skulle

109 668 106 22 användt
229 675 75 21 vapen
321 668 55 21 eller
392 676 40 13 ens
448 668 155 22 öfverhufvud
611 669 40 21 vid
660 668 86 22 sädana
756 675 113 15 samman-

109 702 103 22 komster
217 702 83 21 skridit
306 702 35 21 till
350 702 207 29 väldshandlingar
564 702 189 22 mothvarandra.
762 703 34 21 Pä
803 702 67 22 dessa

110 736 51 22 skäl
175 736 42 22 har
227 736 126 22 utskottets
371 736 121 29 pluralitet
502 737 107 21 uteslutit
620 738 10 20 7
642 738 12 27 $
668 738 8 20 i
687 737 180 29 propositionen.

179 775 67 21 Inom
275 774 116 22 utskottet
423 775 43 22 har
495 775 166 29 lämpligheten
698 776 24 21 af
748 775 120 29 uttrycket
887 778 14 22 6
918 778 24 28 $.

108 809 68 29 vicke
195 809 78 22 tillåta
290 809 109 21 hållande
418 810 23 21 af
460 809 149 29 andragande
628 823 27 2 —
668 822 28 3 —
707 822 28 3 —
745 817 48 15 som
803 810 64 21 inne-
881 820 26 25 (g
914 805 12 44 g
941 819 9 20 ;

111 844 42 22 bär
171 843 110 22 straffbar
299 843 113 29 handling
431 844 56 21 eller
510 844 143 29 uppmaning
672 844 91 22 därtill*
784 844 85 28 ifräga-
878 848 72 27 prop.)

108 880 69 25 satts,
196 877 149 22 alldenstund
363 878 40 21 det
438 878 78 22 kunde
534 879 65 28 gifva
623 878 128 29 anledning
768 878 38 22 till
824 878 45 21 den

111 912 162 29 uppfattning,
300 914 35 19 att
353 912 139 22 ordförande
511 913 75 22 skulle
604 913 79 29 äligga
701 921 28 14 en
748 912 122 29 preventiv

112 946 103 22 kontroll
251 947 66 21 öfver
353 947 28 21 de
413 947 135 29 yttranden,
576 955 48 14 som
657 947 91 22 komme
772 949 35 20 att
830 946 41 23 vid

113 981 215 22 sammankomsten
339 989 44 21 ega
391 989 57 14 rum.
473 982 172 22 Ordförandens
655 982 135 29 skyldighet
798 981 73 23 borde

113 1023 56 14 vara
199 1016 126 21 inskränkt
360 1016 37 22 till
432 1018 36 20 att
502 1016 84 23 hindra
613 1016 106 23 fattande
743 1017 24 21 af
787 1016 84 28 beslut,

112 1057 49 15 som
189 1050 99 22 innebär
315 1050 109 22 straffbar
448 1050 120 30 handling.
604 1051 123 22 Utskottet
743 1051 42 22 har
803 1050 68 22 emel-

112 1084 72 22 lertid
204 1087 78 19 ansett
301 1087 35 19 att
353 1085 73 29 sagda
443 1086 95 28 uttryck
556 1085 51 22 icke
626 1086 46 22 kan
690 1086 65 28 gifva
772 1093 50 14 rum
835 1085 36 22 för

113 1118 106 30 antydda
247 1119 215 29 missuppfattning,
481 1122 56 20 utan
556 1122 35 20 att
608 1120 40 22 det
663 1120 106 29 tydligen
782 1120 89 28 åsyftar

114 1153 61 22 blott
193 1156 36 19 att
247 1154 138 21 ordförande
403 1154 62 21 skall
484 1154 92 29 afbryta
593 1155 81 28 talare,
693 1162 49 15 som
757 1155 7 21 i
777 1154 42 22 sitt
831 1162 40 13 an-

110 1187 123 29 dragande
260 1192 43 24 gör
330 1188 36 29 sig
388 1188 95 29 skyldig
501 1189 36 21 till
556 1189 109 22 straffbar
683 1189 114 28 handling
815 1188 56 22 eller

112 1222 147 29 uppmaning
277 1222 86 22 därtill.

183 1256 47 22 För
247 1259 35 19 att
299 1257 143 22 förekomma
461 1265 29 14 en
508 1257 92 29 obilligt
623 1260 81 26 sträng
722 1257 109 28 tolkning
848 1257 23 22 af

114 1290 143 29 stadgandet
269 1291 43 22 har
324 1291 115 22 utskottet
449 1291 59 22 dock
516 1295 76 18 ansett
598 1294 36 19 att
640 1292 67 21 ordet
714 1291 156 30 ,uppenbart*

116 1325 71 22 borde
206 1325 117 29 inskjutas
345 1326 96 21 framför
458 1326 120 29 uttrycket
597 1327 122 28 ,straffbar
737 1325 135 30 handling".

114 1359 93 29 Frågan
221 1367 37 14 om
271 1367 27 14 en
312 1360 126 29 handlings
449 1360 149 22 straffbarhet
608 1361 46 21 kan
664 1361 118 28 nämligen
789 1360 83 22 under-

115 1393 110 22 stundom
245 1395 96 21 framstå
355 1395 25 21 så
392 1395 74 27 oklar,
479 1397 35 20 att
526 1395 40 22 det
578 1395 51 22 icke
641 1403 54 14 vore
708 1395 95 22 rättvist
815 1397 35 20 att
865 1394 8 21 i

115 1427 81 30 hvarje
209 1429 44 21 fall
267 1429 110 22 åhvälfva
384 1429 253 22 ordföranden
544 1423 14 39 i
566 1429 70 22 denna
644 1429 58 22 hans
709 1429 116 29 egenskap
833 1437 39 14 an-

114 1469 56 15 svar
182 1463 37 21 för
233 1465 36 19 att
278 1463 70 21 hafva
355 1463 84 21 tillåtit
446 1464 120 21 straffbart
572 1464 149 28 andragande
727 1464 56 21 eller
789 1463 83 22 beslut.

186 1506 133 23 Lagutskottets
331 1507 111 18 betänkande
454 1507 37 18 N:o
504 1507 16 18 3.
