1070 1770
803 158 12 19 3

96 221 202 28 stiftningsarbete,
323 229 48 14 som
397 221 61 22 afser
483 221 28 22 de
533 221 81 22 hittills
638 221 88 22 mindre
750 221 95 28 lyckligt

95 257 85 21 lottade
203 257 236 22 samhällsklassernas
460 257 99 28 höjande
580 259 74 19 såsom
674 257 172 28 betydelsefullt

96 293 42 21 och
157 293 149 28 nödvändigt.
337 293 55 22 Men
412 300 29 14 en
462 293 127 28 betingelse
606 293 77 21 härför
699 296 24 18 är
739 306 29 3 —
783 295 63 19 utom

96 336 29 14 en
143 328 129 29 betryggad
293 329 42 21 och
354 329 52 22 med
427 329 152 28 rättrådighet
597 329 169 28 upprätthållen
781 331 64 19 rätts-

97 364 99 29 ordning
218 378 29 2 —
271 368 32 18 att
322 365 45 22 den
387 365 287 29 representationsreform,
693 365 106 28 grundad
818 367 29 26 på

97 400 44 22 den
158 400 112 22 allmänna
286 401 42 21 och
344 401 46 21 lika
407 403 135 20 rösträttens
556 400 156 29 grundsatser,
723 408 48 14 som
783 400 63 22 stälts

95 436 9 21 i
119 436 73 28 utsigt
207 443 82 21 genom
306 437 71 21 Eders
393 437 132 28 Kejserliga
538 437 116 28 Majestäts
671 436 89 29 Nådiga
775 436 71 21 Mani-

97 472 50 26 fest,
164 472 81 21 varder
260 475 54 18 utan
332 472 108 29 dröjsmål
456 472 143 29 genomförd.

168 508 80 22 Såvidt
269 508 71 22 kändt
356 511 30 23 är,
410 508 61 22 afser
490 508 111 22 Senatens
617 508 87 29 förslag
722 508 8 21 i
746 508 101 28 enlighet

97 544 52 21 med
174 544 200 29 bestämningarna
402 544 8 22 i
438 544 38 22 det
500 544 89 29 Nådiga
612 544 132 22 Manifestet
767 544 80 22 endast

97 579 149 29 stadganden,
255 580 142 22 hänförande
409 580 36 29 sig
456 580 35 22 till
502 580 270 29 folkrepresentationens
783 588 64 21 orga-

97 616 105 26 nisation,
219 623 51 14 men
282 616 40 22 alls
336 616 51 22 icke
403 616 110 29 frågorna
529 624 36 14 om
581 616 110 22 Finlands
705 616 142 22 förhållande

97 652 34 21 till
139 652 178 29 Kejsaredömet.
334 653 48 21 Vid
394 653 83 22 sådant
489 653 149 26 förhållande,
647 653 43 21 och
702 653 29 21 då
738 653 110 28 förslaget

97 688 65 21 alltså
182 688 68 21 berör
276 696 28 13 en
327 689 50 21 inre
395 689 64 21 finsk
483 689 173 28 angelägenhet,
676 689 87 28 hoppas
783 688 64 22 Stän-

98 724 76 26 derna,
191 727 33 18 att
247 724 191 22 kommissionens
462 725 131 28 befattning
615 725 51 21 med
686 724 93 22 ärendet
797 724 50 22 icke

98 760 56 21 skall
170 760 78 21 kunna
271 760 137 22 nämnvärdt
431 761 102 28 fördröja
557 761 52 21 dess
628 760 164 29 föredragning
812 760 36 21 för

97 796 73 21 Eders
185 796 128 29 Kejserliga
328 797 113 28 Majestät.
466 797 55 21 Men
535 797 51 21 med
597 796 124 29 anledning
732 796 23 21 af
766 797 28 20 de
805 796 42 21 far-

97 832 79 29 hågor,
195 839 49 15 som
263 832 9 21 i
290 832 78 22 landet
386 833 95 21 utbredt
500 833 43 28 sig,
564 833 68 21 hafva
648 832 135 26 Ständerna,
800 839 48 15 som

99 871 37 18 äro
152 868 128 22 förvissade
296 876 36 16 om
348 871 32 19 att
396 869 113 21 Finlands
525 869 43 21 fria
584 868 133 28 utveckling
728 868 57 21 efter
797 868 51 21 dess

99 911 58 21 egna
170 903 71 22 behof
262 904 42 21 och
319 904 8 21 i
344 904 76 28 skydd
440 904 23 22 af
483 904 52 22 dess
554 904 122 22 nationella
692 904 157 28 rättsordning

97 939 51 22 icke
168 940 57 21 skall
243 940 109 22 innebära
370 948 53 14 men
442 940 37 22 för
496 940 38 22 det
550 940 69 29 ryska
634 940 59 21 riket
709 940 54 21 eller
778 942 71 26 något

99 982 48 15 som
169 976 59 21 hälst
252 976 169 22 åsidosättande
446 976 23 22 af
492 976 112 22 Finlands
626 975 155 29 förpliktelser
803 978 46 19 mot

99 1012 129 26 detsamma,
253 1014 55 20 trott
331 1012 36 29 sig
383 1012 79 22 kunna
486 1012 76 22 vända
587 1012 42 29 sigi
644 1012 35 22 till
699 1013 35 21 sin
753 1012 96 22 Monark

99 1048 52 21 med
166 1048 116 21 uttalande
299 1048 22 21 af
338 1048 44 21 den
400 1048 167 29 förhoppning,
587 1051 31 19 att
634 1048 72 22 Eders
721 1048 129 29 Kejserliga

99 1084 104 30 Mgjestät
222 1084 57 21 skall
299 1084 7 21 i
326 1084 72 22 nåder
414 1084 59 21 vaka
491 1084 65 22 öfver
571 1084 196 29 förverkligandet
782 1084 23 22 af
821 1084 28 21 de

98 1120 8 20 i
127 1120 90 28 Nädiga
239 1120 131 22 Manifestet
392 1120 22 21 af
435 1120 45 21 den
501 1123 14 19 4
530 1120 130 22 November
677 1123 56 19 1905
750 1120 99 22 uttalade

99 1156 60 28 höga
177 1156 131 28 afsigterna.

170 1192 111 21 Finlands
310 1191 98 22 Ständer
441 1196 60 24 våga
531 1192 76 22 därför
632 1192 8 21 i
667 1192 183 28 underdånighet

99 1228 90 21 anhälla
212 1230 32 19 att
260 1228 72 21 Eders
347 1227 133 29 Kejserliga
496 1227 106 29 Majestät
617 1228 94 25 täcktes,
727 1228 50 21 icke
793 1227 56 22 tillä-

99 1263 69 22 tande
184 1266 76 26 någon
276 1264 50 21 från
340 1264 113 21 Finlands
465 1264 141 28 grundlagar
616 1264 122 21 afvikande
750 1263 99 22 behand-

99 1299 49 29 ling
168 1299 22 22 af
209 1299 169 22 ofvannämnda
398 1300 73 28 fråga,
492 1300 9 20 i
516 1300 72 21 nåder
603 1300 109 21 förordna
728 1300 38 21 det
782 1299 68 22 Sena-

99 1338 51 18 tens
173 1335 87 28 förslag
283 1335 34 21 till
337 1335 71 28 nådig
424 1335 145 28 proposition
585 1335 57 22 skall
657 1335 52 22 med
726 1335 38 21 det
779 1335 72 21 första

99 1370 151 22 underställas
284 1371 72 21 Eders
389 1371 132 29 Kejserliga
555 1371 115 29 Majestäts
704 1378 58 22 egen
790 1371 61 29 höga

100 1401 115 28 pröfning.

171 1436 110 22 Finlands
299 1437 97 21 Ständer
412 1436 132 22 framhärda
561 1439 42 19 etc.

170 1472 147 29 Helsingfors
333 1472 45 22 den
394 1476 28 18 28
440 1480 59 14 mars
518 1476 63 19 1906.

175 1518 124 41 Helsingfors,
313 1518 136 42 Frenckellska
461 1518 244 42 Tryckeri-Aktiebolaget,
721 1532 49 18 1906.
