1078 1756
321 156 27 22 U.
365 156 25 21 B.
408 168 27 2 —
453 155 71 28 Prop.
543 156 41 21 N:o
601 155 34 22 14.
823 154 28 22 45

95 224 55 22 eller
173 224 87 28 sprider
283 224 71 22 sådan
378 224 69 26 skrift,
471 225 53 21 utan
548 225 31 21 att
595 224 140 28 delaktighet
750 224 6 22 i
773 223 78 29 själfva

96 258 84 22 brottet
202 258 44 22 kan
269 258 91 22 tillvitas
384 258 59 26 dem,
467 259 125 21 motsvaras
617 258 59 22 hvad
698 258 105 22 beträffar
818 258 33 21 ut-

97 292 82 22 ländsk
202 293 112 27 litteratur,
338 299 50 16 som
411 292 31 22 till
466 292 76 22 landet
565 292 129 27 inhämtats,
710 292 21 22 af
747 293 29 21 de
792 292 59 22 stad-

97 326 93 29 ganden
213 327 28 22 55
263 328 14 26 $
301 326 130 23 innehåller.
469 326 129 22 Emellertid
621 327 122 28 föreligger
759 333 27 15 en
803 326 48 22 icke

97 362 120 28 obetydlig
233 362 86 22 olikhet
335 361 82 23 mellan
434 361 67 22 dessa
517 362 44 21 fall.
598 361 44 22 Det
658 362 67 26 straff,
742 368 51 15 som
809 361 42 21 kan

96 396 56 28 följa
175 396 70 28 enligt
267 396 28 22 33
317 396 21 28 $,
361 396 66 22 beror
442 396 70 28 därpå
528 397 31 21 att
579 395 12 23 å
607 396 99 26 skriften,
722 402 51 16 som
789 395 64 29 gifvit

97 430 127 28 anledning
246 430 31 22 till
301 430 72 27 åtalet,
395 430 92 22 saknats
503 430 76 28 någon
604 430 6 21 i
635 430 26 22 10
676 431 14 26 $
705 430 147 22 föreskrifven

97 465 99 28 uppgift,
219 465 6 21 i
248 464 55 29 följd
328 464 76 23 hvaraf
427 464 28 22 de
471 471 115 22 personer,
603 470 50 16 som
669 464 131 23 medverkat
815 463 38 22 vid

98 499 106 22 skriftens
219 499 110 22 tillkomst
345 499 43 22 och
405 499 127 28 spridning,
549 499 46 22 haft
611 499 47 22 skäl
674 500 32 21 att
721 505 60 22 egna
797 505 56 22 upp-

98 533 155 22 märksamhet
268 533 65 23 äfven
350 533 22 22 åt
388 533 53 22 dess
458 533 106 22 innehåll.
585 533 75 23 Annat
671 536 24 19 är
704 533 150 23 förhållandet

99 568 53 22 med
176 568 67 27 skrift,
267 574 50 16 som
341 568 78 22 införts
442 567 47 23 från
513 568 108 22 utlandet.
654 568 140 29 Importören
810 567 42 22 kan

98 603 51 22 icke
165 603 130 22 förutsättas
311 609 44 22 ega
367 603 131 22 kännedom
510 609 38 16 om
559 603 29 22 de
599 602 254 29 ordningsföreskrifter,

99 643 51 16 som
174 637 60 28 gälla
257 637 40 22 där
313 637 92 22 skriften
421 637 108 29 utgifvits.
561 637 124 22 Dessutom
702 637 109 22 behöfver
826 643 27 16 en

99 671 70 27 skrift,
193 677 50 17 som
266 672 85 29 tryckts
374 672 6 21 i
403 673 69 21 annat
494 672 54 22 land
571 673 54 21 utan
641 672 67 22 tanke
724 671 29 30 på
769 672 31 22 att
815 671 40 22 där

99 705 99 29 spridas,
221 706 54 22 eller
298 705 65 23 hvars
387 705 100 23 innehåll
512 706 39 22 där
574 707 20 27 ej
618 708 24 20 är
663 706 118 26 straffbart,
805 706 49 22 icke

98 746 88 23 genom
203 740 36 22 sitt
255 741 56 28 yttre
327 740 64 22 skick
406 739 89 23 förråda
511 740 129 23 innehållet.
670 741 37 22 Att
718 740 46 23 åter
775 740 80 23 endast

100 774 29 29 på
145 775 75 28 grund
236 775 69 26 däraf,
321 775 30 22 att
366 775 129 22 författaren
512 775 49 22 icke
577 775 43 22 kan
638 775 39 22 här
692 775 6 22 i
714 775 77 22 landet
807 775 48 22 dra-

100 815 43 22 gas
166 809 32 22 till
221 815 87 21 ansvar,
331 809 103 22 åhvälfva
458 809 105 22 inhemsk
579 809 100 29 spridare
695 809 160 29 skyldigheten

100 844 32 21 att
148 843 29 28 på
193 843 96 22 förhand
305 844 98 28 granska
419 843 122 23 innehållet
555 843 21 23 af
587 844 75 29 hvarje
674 844 115 22 utländskt
799 844 56 21 litte-

101 878 134 26 raturalster,
253 884 50 15 som
320 877 44 22 han
381 879 114 25 omsätter,
511 884 54 16 vore
581 878 7 22 i
600 878 82 29 högsta
694 878 54 29 grad
761 878 94 28 obilligt.

100 911 56 23 Med
180 912 109 22 afseende
312 911 12 22 å
347 912 93 22 anförda
457 912 196 29 omständigheter
669 913 39 22 har
724 913 37 22 det
777 913 78 22 befun-

102 946 44 22 nits
170 946 81 28 nödigt
275 947 30 21 att
328 947 6 21 i
357 946 28 22 55
407 947 14 27 $
444 948 56 26 göra
516 947 38 22 det
569 947 86 28 tillägg,
672 948 30 21 att
718 947 138 28 importören

101 980 120 22 äfvensom
238 980 101 29 spridare
355 981 6 21 i
377 981 70 22 andra
463 981 68 27 hand,
548 982 91 22 hvilken
654 982 20 28 ej
691 982 43 22 kan
750 982 49 21 visa
815 980 41 22 till-

101 1014 60 22 baka
178 1014 29 30 på
223 1015 146 29 importören,
388 1017 38 21 äro
442 1016 103 22 förfallna
560 1016 33 22 till
609 1016 61 22 straff
685 1016 81 22 endast
782 1016 39 21 där
836 1014 20 29 ej

101 1049 88 22 sådana
206 1050 197 28 omständigheter
417 1050 118 29 föreligga,
552 1056 50 17 som
615 1050 200 28 vidhandengifva,
827 1050 31 22 att

102 1084 107 22 skriftens
232 1084 100 22 innehåll
353 1084 48 22 icke
417 1084 87 22 kunnat
519 1091 52 16 vara
587 1085 52 22 dem
656 1085 89 22 bekant.
776 1085 81 24 Kunna

101 1118 30 22 de
147 1118 156 22 öfverbevisas
323 1124 38 16 om
378 1118 139 29 delaktighet
533 1120 6 21 i
556 1119 38 22 det
609 1126 85 22 genom
710 1120 92 21 skriften
819 1119 38 22 be-

102 1152 94 29 gångna
212 1153 88 26 brottet,
317 1159 94 16 ansvara
427 1153 28 22 de
473 1154 111 28 själffallet
599 1154 86 28 jämlikt
700 1154 28 22 30
743 1154 21 27 $.

172 1186 31 22 På
226 1187 55 27 skäl,
305 1194 49 16 som
371 1188 85 22 anförts
472 1188 7 22 i
495 1188 44 22 den
556 1188 112 22 allmänna
684 1188 173 28 motiveringen,
869 1188 138 29 (561prop.)

102 1221 41 22 har
158 1221 28 22 56
202 1222 14 26 $
232 1222 6 21 i
255 1222 173 28 propositionen
445 1222 120 22 uteslutits.

172 1256 7 21 I
203 1256 146 22 betraktande
373 1256 22 22 af
417 1257 28 21 de
467 1258 61 20 stora
543 1257 113 22 allmänna
672 1257 119 26 intressen,
807 1262 51 16 som
884 1258 28 22 57
930 1257 26 29 $.

103 1289 52 22 med
172 1290 222 29 tryckirihetslagens
410 1291 181 28 genomförande
603 1293 38 20 äro
651 1291 151 29 förknippade
813 1290 44 23 och

101 1323 30 22 dä
156 1324 25 22 sä
205 1324 53 28 lång
280 1324 32 22 tid
335 1325 55 21 efter
412 1331 124 16 censurens
553 1325 140 23 aiskaifande
712 1325 99 27 förflutit,
828 1326 31 21 att

103 1358 71 28 nägra
198 1358 164 23 förberedande
385 1359 105 29 ätgärder
511 1360 35 22 för
568 1360 80 28 lagens
671 1360 117 22 införande
809 1360 50 22 icke

103 1392 66 22 torde
185 1399 52 16 vara
254 1393 76 23 vidare
346 1394 153 28 erforderliga,
515 1394 40 22 har
569 1394 209 29 tryckirihetslagen
795 1395 64 27 synts

101 1427 79 23 kunna
204 1428 43 22 och
271 1428 55 22 böra
349 1428 62 22 träda
427 1429 5 21 i
450 1429 106 28 gällande
577 1429 56 22 krait
648 1430 142 22 omedelbart
805 1429 55 22 efter

173 1507 131 23 Lagutskottets
316 1508 111 18 betänkande
439 1509 38 17 N:o
489 1509 18 17 2.
