<?xml version="1.0" encoding="UTF-8"?>
<alto xmlns="http://www.loc.gov/standards/alto/ns-v3#" xmlns:xlink="http://www.w3.org/1999/xlink" xmlns:xsi="http://www.w3.org/2001/XMLSchema-instance" xsi:schemaLocation="http://www.loc.gov/standards/alto/ns-v3# http://www.loc.gov/alto/v3/alto-3-0.xsd">
	<Description>
		<MeasurementUnit>pixel</MeasurementUnit>
		<sourceImageInformation>
			<fileName>/tmp/tess_qh7qybyj_input.PNG</fileName>
		</sourceImageInformation>
		<OCRProcessing ID="OCR_0">
			<ocrProcessingStep>
				<processingSoftware>
					<softwareName>tesseract 5.3.4</softwareName>
				</processingSoftware>
			</ocrProcessingStep>
		</OCRProcessing>
	</Description>
	<Layout>
		<Page WIDTH="1086" HEIGHT="1767" PHYSICAL_IMG_NR="0" ID="page_0">
			<PrintSpace HPOS="0" VPOS="0" WIDTH="1086" HEIGHT="1767">
				<ComposedBlock ID="cblock_0" HPOS="787" VPOS="165" WIDTH="24" HEIGHT="19">
					<TextBlock ID="block_0" HPOS="787" VPOS="165" WIDTH="24" HEIGHT="19">
						<TextLine ID="line_0" HPOS="787" VPOS="165" WIDTH="24" HEIGHT="19">
							<String ID="string_0" HPOS="787" VPOS="165" WIDTH="24" HEIGHT="19" WC="0.96" CONTENT="11"/>
						</TextLine>
					</TextBlock>
				</ComposedBlock>
				<ComposedBlock ID="cblock_1" HPOS="87" VPOS="220" WIDTH="755" HEIGHT="55">
					<TextBlock ID="block_1" HPOS="87" VPOS="220" WIDTH="755" HEIGHT="55">
						<TextLine ID="line_1" HPOS="156" VPOS="220" WIDTH="686" HEIGHT="27">
							<String ID="string_1" HPOS="156" VPOS="222" WIDTH="28" HEIGHT="20" WC="0.96" CONTENT="På"/><SP WIDTH="16" VPOS="222" HPOS="184"/>
							<String ID="string_2" HPOS="200" VPOS="221" WIDTH="66" HEIGHT="26" WC="0.96" CONTENT="grund"/><SP WIDTH="15" VPOS="221" HPOS="266"/>
							<String ID="string_3" HPOS="281" VPOS="222" WIDTH="19" HEIGHT="19" WC="0.96" CONTENT="af"/><SP WIDTH="15" VPOS="222" HPOS="300"/>
							<String ID="string_4" HPOS="315" VPOS="221" WIDTH="53" HEIGHT="20" WC="0.96" CONTENT="hvad"/><SP WIDTH="16" VPOS="221" HPOS="368"/>
							<String ID="string_5" HPOS="384" VPOS="221" WIDTH="86" HEIGHT="20" WC="0.96" CONTENT="Senaten"/><SP WIDTH="16" VPOS="221" HPOS="470"/>
							<String ID="string_6" HPOS="486" VPOS="221" WIDTH="36" HEIGHT="20" WC="0.96" CONTENT="här"/><SP WIDTH="14" VPOS="221" HPOS="522"/>
							<String ID="string_7" HPOS="536" VPOS="221" WIDTH="59" HEIGHT="20" WC="0.96" CONTENT="ofvan"/><SP WIDTH="16" VPOS="221" HPOS="595"/>
							<String ID="string_8" HPOS="611" VPOS="220" WIDTH="113" HEIGHT="25" WC="0.96" CONTENT="framhållit,"/><SP WIDTH="15" VPOS="220" HPOS="724"/>
							<String ID="string_9" HPOS="739" VPOS="221" WIDTH="36" HEIGHT="20" WC="0.93" CONTENT="har"/><SP WIDTH="7" VPOS="221" HPOS="775"/>
							<String ID="string_10" HPOS="782" VPOS="221" WIDTH="60" HEIGHT="22" WC="0.92" CONTENT="Sena-"/>
						</TextLine>
						<TextLine ID="line_2" HPOS="87" VPOS="250" WIDTH="421" HEIGHT="25">
							<String ID="string_11" HPOS="87" VPOS="252" WIDTH="34" HEIGHT="19" WC="0.96" CONTENT="ten"/><SP WIDTH="16" VPOS="252" HPOS="121"/>
							<String ID="string_12" HPOS="137" VPOS="251" WIDTH="45" HEIGHT="20" WC="0.96" CONTENT="bort"/><SP WIDTH="16" VPOS="251" HPOS="182"/>
							<String ID="string_13" HPOS="198" VPOS="251" WIDTH="5" HEIGHT="19" WC="0.93" CONTENT="i"/><SP WIDTH="17" VPOS="251" HPOS="203"/>
							<String ID="string_14" HPOS="220" VPOS="250" WIDTH="159" HEIGHT="25" WC="0.91" CONTENT="underdånighet"/><SP WIDTH="15" VPOS="250" HPOS="379"/>
							<String ID="string_15" HPOS="394" VPOS="250" WIDTH="114" HEIGHT="19" WC="0.91" CONTENT="hemställa:"/>
						</TextLine>
					</TextBlock>
				</ComposedBlock>
				<ComposedBlock ID="cblock_2" HPOS="294" VPOS="306" WIDTH="549" HEIGHT="226">
					<TextBlock ID="block_2" HPOS="294" VPOS="306" WIDTH="549" HEIGHT="226">
						<TextLine ID="line_3" HPOS="362" VPOS="306" WIDTH="481" HEIGHT="26">
							<String ID="string_16" HPOS="362" VPOS="307" WIDTH="34" HEIGHT="19" WC="0.96" CONTENT="det"/><SP WIDTH="23" VPOS="307" HPOS="396"/>
							<String ID="string_17" HPOS="419" VPOS="307" WIDTH="77" HEIGHT="20" WC="0.93" CONTENT="täcktes"/><SP WIDTH="24" VPOS="307" HPOS="496"/>
							<String ID="string_18" HPOS="520" VPOS="307" WIDTH="61" HEIGHT="20" WC="0.81" CONTENT="Eders"/><SP WIDTH="24" VPOS="307" HPOS="581"/>
							<String ID="string_19" HPOS="605" VPOS="307" WIDTH="109" HEIGHT="25" WC="0.94" CONTENT="Kejserliga"/><SP WIDTH="15" VPOS="307" HPOS="714"/>
							<String ID="string_20" HPOS="729" VPOS="307" WIDTH="92" HEIGHT="25" WC="0.96" CONTENT="Majestät"/><SP WIDTH="15" VPOS="307" HPOS="821"/>
							<String ID="string_21" HPOS="836" VPOS="306" WIDTH="7" HEIGHT="19" WC="0.96" CONTENT="i"/>
						</TextLine>
						<TextLine ID="line_4" HPOS="295" VPOS="335" WIDTH="548" HEIGHT="26">
							<String ID="string_22" HPOS="295" VPOS="335" WIDTH="67" HEIGHT="20" WC="0.91" CONTENT="Nåder"/><SP WIDTH="14" VPOS="335" HPOS="362"/>
							<String ID="string_23" HPOS="376" VPOS="335" WIDTH="121" HEIGHT="26" WC="0.93" CONTENT="bemyndiga"/><SP WIDTH="13" VPOS="335" HPOS="497"/>
							<String ID="string_24" HPOS="510" VPOS="335" WIDTH="293" HEIGHT="20" WC="0.90" CONTENT="Minister-Statssekreteraren"/><SP WIDTH="10" VPOS="335" HPOS="803"/>
							<String ID="string_25" HPOS="813" VPOS="335" WIDTH="30" HEIGHT="19" WC="0.96" CONTENT="för"/>
						</TextLine>
						<TextLine ID="line_5" HPOS="294" VPOS="363" WIDTH="549" HEIGHT="26">
							<String ID="string_26" HPOS="294" VPOS="364" WIDTH="84" HEIGHT="19" WC="0.96" CONTENT="Finland"/><SP WIDTH="16" VPOS="364" HPOS="378"/>
							<String ID="string_27" HPOS="394" VPOS="364" WIDTH="37" HEIGHT="19" WC="0.92" CONTENT="och"/><SP WIDTH="15" VPOS="364" HPOS="431"/>
							<String ID="string_28" HPOS="446" VPOS="363" WIDTH="210" HEIGHT="26" WC="0.91" CONTENT="Generalguvernören"/><SP WIDTH="15" VPOS="363" HPOS="656"/>
							<String ID="string_29" HPOS="671" VPOS="365" WIDTH="30" HEIGHT="18" WC="0.96" CONTENT="att"/><SP WIDTH="14" VPOS="365" HPOS="701"/>
							<String ID="string_30" HPOS="715" VPOS="364" WIDTH="6" HEIGHT="19" WC="0.96" CONTENT="i"/><SP WIDTH="16" VPOS="364" HPOS="721"/>
							<String ID="string_31" HPOS="737" VPOS="364" WIDTH="40" HEIGHT="19" WC="0.96" CONTENT="den"/><SP WIDTH="14" VPOS="364" HPOS="777"/>
							<String ID="string_32" HPOS="791" VPOS="363" WIDTH="52" HEIGHT="24" WC="0.96" CONTENT="mån,"/>
						</TextLine>
						<TextLine ID="line_6" HPOS="295" VPOS="391" WIDTH="548" HEIGHT="27">
							<String ID="string_33" HPOS="295" VPOS="392" WIDTH="72" HEIGHT="20" WC="0.96" CONTENT="sådant"/><SP WIDTH="16" VPOS="392" HPOS="367"/>
							<String ID="string_34" HPOS="383" VPOS="393" WIDTH="29" HEIGHT="19" WC="0.93" CONTENT="för"/><SP WIDTH="15" VPOS="393" HPOS="412"/>
							<String ID="string_35" HPOS="427" VPOS="392" WIDTH="191" HEIGHT="26" WC="0.92" CONTENT="embetsgöromålen"/><SP WIDTH="10" VPOS="392" HPOS="618"/>
							<String ID="string_36" HPOS="628" VPOS="393" WIDTH="33" HEIGHT="19" WC="0.93" CONTENT="vid"/><SP WIDTH="8" VPOS="393" HPOS="661"/>
							<String ID="string_37" HPOS="669" VPOS="391" WIDTH="174" HEIGHT="21" WC="0.91" CONTENT="Statssekretaria-"/>
						</TextLine>
						<TextLine ID="line_7" HPOS="296" VPOS="421" WIDTH="547" HEIGHT="26">
							<String ID="string_38" HPOS="296" VPOS="423" WIDTH="28" HEIGHT="18" WC="0.96" CONTENT="tet"/><SP WIDTH="15" VPOS="423" HPOS="324"/>
							<String ID="string_39" HPOS="339" VPOS="421" WIDTH="37" HEIGHT="20" WC="0.93" CONTENT="och"/><SP WIDTH="16" VPOS="421" HPOS="376"/>
							<String ID="string_40" HPOS="392" VPOS="421" WIDTH="282" HEIGHT="26" WC="0.90" CONTENT="Generalguvernörskansliet"/><SP WIDTH="15" VPOS="421" HPOS="674"/>
							<String ID="string_41" HPOS="689" VPOS="421" WIDTH="45" HEIGHT="20" WC="0.96" CONTENT="med"/><SP WIDTH="15" VPOS="421" HPOS="734"/>
							<String ID="string_42" HPOS="749" VPOS="421" WIDTH="94" HEIGHT="19" WC="0.96" CONTENT="afseende"/>
						</TextLine>
						<TextLine ID="line_8" HPOS="295" VPOS="449" WIDTH="548" HEIGHT="26">
							<String ID="string_43" HPOS="295" VPOS="449" WIDTH="12" HEIGHT="20" WC="0.92" CONTENT="å"/><SP WIDTH="15" VPOS="449" HPOS="307"/>
							<String ID="string_44" HPOS="322" VPOS="450" WIDTH="61" HEIGHT="25" WC="0.96" CONTENT="ryska"/><SP WIDTH="15" VPOS="450" HPOS="383"/>
							<String ID="string_45" HPOS="398" VPOS="449" WIDTH="82" HEIGHT="26" WC="0.96" CONTENT="språket"/><SP WIDTH="15" VPOS="449" HPOS="480"/>
							<String ID="string_46" HPOS="495" VPOS="450" WIDTH="64" HEIGHT="19" WC="0.96" CONTENT="finnes"/><SP WIDTH="17" VPOS="450" HPOS="559"/>
							<String ID="string_47" HPOS="576" VPOS="456" WIDTH="46" HEIGHT="13" WC="0.93" CONTENT="vara"/><SP WIDTH="15" VPOS="456" HPOS="622"/>
							<String ID="string_48" HPOS="637" VPOS="450" WIDTH="75" HEIGHT="25" WC="0.92" CONTENT="nödigt,"/><SP WIDTH="15" VPOS="450" HPOS="712"/>
							<String ID="string_49" HPOS="727" VPOS="452" WIDTH="72" HEIGHT="22" WC="0.93" CONTENT="antaga"/><SP WIDTH="16" VPOS="452" HPOS="799"/>
							<String ID="string_50" HPOS="815" VPOS="449" WIDTH="28" HEIGHT="20" WC="0.92" CONTENT="bi-"/>
						</TextLine>
						<TextLine ID="line_9" HPOS="294" VPOS="478" WIDTH="549" HEIGHT="25">
							<String ID="string_51" HPOS="294" VPOS="479" WIDTH="70" HEIGHT="19" WC="0.96" CONTENT="träden"/><SP WIDTH="14" VPOS="479" HPOS="364"/>
							<String ID="string_52" HPOS="378" VPOS="478" WIDTH="61" HEIGHT="20" WC="0.96" CONTENT="bland"/><SP WIDTH="16" VPOS="478" HPOS="439"/>
							<String ID="string_53" HPOS="455" VPOS="479" WIDTH="61" HEIGHT="24" WC="0.96" CONTENT="ryske"/><SP WIDTH="14" VPOS="479" HPOS="516"/>
							<String ID="string_54" HPOS="530" VPOS="479" WIDTH="111" HEIGHT="24" WC="0.96" CONTENT="infödingar"/><SP WIDTH="13" VPOS="479" HPOS="641"/>
							<String ID="string_55" HPOS="654" VPOS="480" WIDTH="53" HEIGHT="18" WC="0.95" CONTENT="emot"/><SP WIDTH="13" VPOS="480" HPOS="707"/>
							<String ID="string_56" HPOS="720" VPOS="478" WIDTH="85" HEIGHT="19" WC="0.93" CONTENT="särskild"/><SP WIDTH="8" VPOS="478" HPOS="805"/>
							<String ID="string_57" HPOS="813" VPOS="484" WIDTH="30" HEIGHT="13" WC="0.90" CONTENT="er-"/>
						</TextLine>
						<TextLine ID="line_10" HPOS="295" VPOS="507" WIDTH="97" HEIGHT="25">
							<String ID="string_58" HPOS="295" VPOS="507" WIDTH="97" HEIGHT="25" WC="0.96" CONTENT="sättning."/>
						</TextLine>
					</TextBlock>
				</ComposedBlock>
				<ComposedBlock ID="cblock_3" HPOS="90" VPOS="564" WIDTH="755" HEIGHT="140">
					<TextBlock ID="block_3" HPOS="90" VPOS="564" WIDTH="755" HEIGHT="140">
						<TextLine ID="line_11" HPOS="160" VPOS="564" WIDTH="684" HEIGHT="26">
							<String ID="string_59" HPOS="160" VPOS="564" WIDTH="99" HEIGHT="26" WC="0.96" CONTENT="Slutligen"/><SP WIDTH="15" VPOS="564" HPOS="259"/>
							<String ID="string_60" HPOS="274" VPOS="564" WIDTH="31" HEIGHT="20" WC="0.96" CONTENT="får"/><SP WIDTH="15" VPOS="564" HPOS="305"/>
							<String ID="string_61" HPOS="320" VPOS="564" WIDTH="85" HEIGHT="20" WC="0.96" CONTENT="Senaten"/><SP WIDTH="16" VPOS="564" HPOS="405"/>
							<String ID="string_62" HPOS="421" VPOS="564" WIDTH="5" HEIGHT="19" WC="0.93" CONTENT="i"/><SP WIDTH="17" VPOS="564" HPOS="426"/>
							<String ID="string_63" HPOS="443" VPOS="564" WIDTH="158" HEIGHT="25" WC="0.90" CONTENT="underdånighet"/><SP WIDTH="15" VPOS="564" HPOS="601"/>
							<String ID="string_64" HPOS="616" VPOS="565" WIDTH="83" HEIGHT="24" WC="0.96" CONTENT="anmäla,"/><SP WIDTH="15" VPOS="565" HPOS="699"/>
							<String ID="string_65" HPOS="714" VPOS="566" WIDTH="29" HEIGHT="17" WC="0.96" CONTENT="att"/><SP WIDTH="15" VPOS="566" HPOS="743"/>
							<String ID="string_66" HPOS="758" VPOS="564" WIDTH="86" HEIGHT="19" WC="0.95" CONTENT="Senaten"/>
						</TextLine>
						<TextLine ID="line_12" HPOS="90" VPOS="592" WIDTH="754" HEIGHT="26">
							<String ID="string_67" HPOS="90" VPOS="593" WIDTH="62" HEIGHT="25" WC="0.92" CONTENT="bilagt"/><SP WIDTH="15" VPOS="593" HPOS="152"/>
							<String ID="string_68" HPOS="167" VPOS="593" WIDTH="66" HEIGHT="20" WC="0.93" CONTENT="denna"/><SP WIDTH="15" VPOS="593" HPOS="233"/>
							<String ID="string_69" HPOS="248" VPOS="593" WIDTH="136" HEIGHT="25" WC="0.91" CONTENT="underdåniga"/><SP WIDTH="14" VPOS="593" HPOS="384"/>
							<String ID="string_70" HPOS="398" VPOS="593" WIDTH="105" HEIGHT="19" WC="0.93" CONTENT="skrifvelse"/><SP WIDTH="15" VPOS="593" HPOS="503"/>
							<String ID="string_71" HPOS="518" VPOS="593" WIDTH="76" HEIGHT="25" WC="0.93" CONTENT="aftryck"/><SP WIDTH="17" VPOS="593" HPOS="594"/>
							<String ID="string_72" HPOS="611" VPOS="593" WIDTH="21" HEIGHT="19" WC="0.93" CONTENT="af"/><SP WIDTH="7" VPOS="593" HPOS="632"/>
							<String ID="string_73" HPOS="639" VPOS="593" WIDTH="96" HEIGHT="20" WC="0.92" CONTENT="Senatens"/><SP WIDTH="9" VPOS="593" HPOS="735"/>
							<String ID="string_74" HPOS="744" VPOS="593" WIDTH="29" HEIGHT="19" WC="0.93" CONTENT="till"/><SP WIDTH="8" VPOS="593" HPOS="773"/>
							<String ID="string_75" HPOS="781" VPOS="592" WIDTH="63" HEIGHT="20" WC="0.92" CONTENT="Eders"/>
						</TextLine>
						<TextLine ID="line_13" HPOS="91" VPOS="621" WIDTH="754" HEIGHT="26">
							<String ID="string_76" HPOS="91" VPOS="621" WIDTH="110" HEIGHT="26" WC="0.95" CONTENT="Kejserliga"/><SP WIDTH="17" VPOS="621" HPOS="201"/>
							<String ID="string_77" HPOS="218" VPOS="621" WIDTH="92" HEIGHT="26" WC="0.96" CONTENT="Majestät"/><SP WIDTH="15" VPOS="621" HPOS="310"/>
							<String ID="string_78" HPOS="325" VPOS="622" WIDTH="39" HEIGHT="19" WC="0.96" CONTENT="den"/><SP WIDTH="16" VPOS="622" HPOS="364"/>
							<String ID="string_79" HPOS="380" VPOS="622" WIDTH="26" HEIGHT="19" WC="0.96" CONTENT="22"/><SP WIDTH="16" VPOS="622" HPOS="406"/>
							<String ID="string_80" HPOS="422" VPOS="621" WIDTH="133" HEIGHT="20" WC="0.96" CONTENT="innevarande"/><SP WIDTH="16" VPOS="621" HPOS="555"/>
							<String ID="string_81" HPOS="571" VPOS="621" WIDTH="37" HEIGHT="26" WC="0.93" CONTENT="Maj"/><SP WIDTH="16" VPOS="621" HPOS="608"/>
							<String ID="string_82" HPOS="624" VPOS="621" WIDTH="75" HEIGHT="20" WC="0.92" CONTENT="aflåtna"/><SP WIDTH="11" VPOS="621" HPOS="699"/>
							<String ID="string_83" HPOS="710" VPOS="621" WIDTH="135" HEIGHT="25" WC="0.91" CONTENT="underdåniga"/>
						</TextLine>
						<TextLine ID="line_14" HPOS="91" VPOS="649" WIDTH="754" HEIGHT="26">
							<String ID="string_84" HPOS="91" VPOS="650" WIDTH="125" HEIGHT="24" WC="0.93" CONTENT="hemställan,"/><SP WIDTH="24" VPOS="650" HPOS="216"/>
							<String ID="string_85" HPOS="240" VPOS="651" WIDTH="41" HEIGHT="19" WC="0.92" CONTENT="deri"/><SP WIDTH="24" VPOS="651" HPOS="281"/>
							<String ID="string_86" HPOS="305" VPOS="650" WIDTH="86" HEIGHT="20" WC="0.95" CONTENT="Senaten"/><SP WIDTH="22" VPOS="650" HPOS="391"/>
							<String ID="string_87" HPOS="413" VPOS="650" WIDTH="6" HEIGHT="19" WC="0.96" CONTENT="i"/><SP WIDTH="23" VPOS="650" HPOS="419"/>
							<String ID="string_88" HPOS="442" VPOS="649" WIDTH="54" HEIGHT="26" WC="0.96" CONTENT="fråga"/><SP WIDTH="16" VPOS="649" HPOS="496"/>
							<String ID="string_89" HPOS="512" VPOS="656" WIDTH="31" HEIGHT="13" WC="0.93" CONTENT="om"/><SP WIDTH="16" VPOS="656" HPOS="543"/>
							<String ID="string_90" HPOS="559" VPOS="650" WIDTH="155" HEIGHT="25" WC="0.92" CONTENT="grundlagarnes"/><SP WIDTH="14" VPOS="650" HPOS="714"/>
							<String ID="string_91" HPOS="728" VPOS="650" WIDTH="117" HEIGHT="24" WC="0.96" CONTENT="kodifiering"/>
						</TextLine>
						<TextLine ID="line_15" HPOS="91" VPOS="678" WIDTH="574" HEIGHT="26">
							<String ID="string_92" HPOS="91" VPOS="678" WIDTH="105" HEIGHT="20" WC="0.96" CONTENT="utvecklat"/><SP WIDTH="16" VPOS="678" HPOS="196"/>
							<String ID="string_93" HPOS="212" VPOS="679" WIDTH="115" HEIGHT="19" WC="0.96" CONTENT="hithörande"/><SP WIDTH="16" VPOS="679" HPOS="327"/>
							<String ID="string_94" HPOS="343" VPOS="678" WIDTH="125" HEIGHT="26" WC="0.96" CONTENT="stadganden"/><SP WIDTH="14" VPOS="678" HPOS="468"/>
							<String ID="string_95" HPOS="482" VPOS="679" WIDTH="7" HEIGHT="19" WC="0.96" CONTENT="i"/><SP WIDTH="15" VPOS="679" HPOS="489"/>
							<String ID="string_96" HPOS="504" VPOS="678" WIDTH="87" HEIGHT="20" WC="0.96" CONTENT="nämnda"/><SP WIDTH="14" VPOS="678" HPOS="591"/>
							<String ID="string_97" HPOS="605" VPOS="678" WIDTH="60" HEIGHT="26" WC="0.96" CONTENT="lagar."/>
						</TextLine>
					</TextBlock>
				</ComposedBlock>
				<ComposedBlock ID="cblock_4" HPOS="366" VPOS="753" WIDTH="387" HEIGHT="25">
					<TextBlock ID="block_4" HPOS="366" VPOS="753" WIDTH="387" HEIGHT="25">
						<TextLine ID="line_16" HPOS="366" VPOS="753" WIDTH="387" HEIGHT="25">
							<String ID="string_98" HPOS="366" VPOS="753" WIDTH="153" HEIGHT="20" WC="0.90" CONTENT="Transsumtets"/><SP WIDTH="15" VPOS="753" HPOS="519"/>
							<String ID="string_99" HPOS="534" VPOS="753" WIDTH="94" HEIGHT="25" WC="0.96" CONTENT="riktighet"/><SP WIDTH="15" VPOS="753" HPOS="628"/>
							<String ID="string_100" HPOS="643" VPOS="753" WIDTH="110" HEIGHT="25" WC="0.95" CONTENT="bestyrker:"/>
						</TextLine>
					</TextBlock>
				</ComposedBlock>
				<ComposedBlock ID="cblock_5" HPOS="297" VPOS="792" WIDTH="549" HEIGHT="50">
					<TextBlock ID="block_5" HPOS="297" VPOS="792" WIDTH="549" HEIGHT="50">
						<TextLine ID="line_17" HPOS="297" VPOS="792" WIDTH="549" HEIGHT="26">
							<String ID="string_101" HPOS="297" VPOS="793" WIDTH="130" HEIGHT="25" WC="0.93" CONTENT="Helsingfors,"/><SP WIDTH="23" VPOS="793" HPOS="427"/>
							<String ID="string_102" HPOS="450" VPOS="792" WIDTH="12" HEIGHT="20" WC="0.92" CONTENT="&amp;"/><SP WIDTH="14" VPOS="792" HPOS="462"/>
							<String ID="string_103" HPOS="476" VPOS="793" WIDTH="223" HEIGHT="25" WC="0.91" CONTENT="Justitieexpeditionen"/><SP WIDTH="15" VPOS="793" HPOS="699"/>
							<String ID="string_104" HPOS="714" VPOS="793" WIDTH="6" HEIGHT="19" WC="0.96" CONTENT="i"/><SP WIDTH="15" VPOS="793" HPOS="720"/>
							<String ID="string_105" HPOS="735" VPOS="792" WIDTH="111" HEIGHT="26" WC="0.96" CONTENT="Kejserliga"/>
						</TextLine>
						<TextLine ID="line_18" HPOS="298" VPOS="821" WIDTH="473" HEIGHT="21">
							<String ID="string_106" HPOS="298" VPOS="822" WIDTH="87" HEIGHT="20" WC="0.92" CONTENT="Senaten"/><SP WIDTH="16" VPOS="822" HPOS="385"/>
							<String ID="string_107" HPOS="401" VPOS="822" WIDTH="29" HEIGHT="19" WC="0.96" CONTENT="för"/><SP WIDTH="15" VPOS="822" HPOS="430"/>
							<String ID="string_108" HPOS="445" VPOS="822" WIDTH="85" HEIGHT="19" WC="0.96" CONTENT="Finland"/><SP WIDTH="15" VPOS="822" HPOS="530"/>
							<String ID="string_109" HPOS="545" VPOS="822" WIDTH="38" HEIGHT="20" WC="0.96" CONTENT="den"/><SP WIDTH="18" VPOS="822" HPOS="583"/>
							<String ID="string_110" HPOS="601" VPOS="822" WIDTH="24" HEIGHT="20" WC="0.96" CONTENT="16"/><SP WIDTH="16" VPOS="822" HPOS="625"/>
							<String ID="string_111" HPOS="641" VPOS="822" WIDTH="54" HEIGHT="19" WC="0.96" CONTENT="Mars"/><SP WIDTH="17" VPOS="822" HPOS="695"/>
							<String ID="string_112" HPOS="712" VPOS="821" WIDTH="59" HEIGHT="20" WC="0.96" CONTENT="1906."/>
						</TextLine>
					</TextBlock>
				</ComposedBlock>
				<ComposedBlock ID="cblock_6" HPOS="635" VPOS="987" WIDTH="144" HEIGHT="74">
					<TextBlock ID="block_6" HPOS="635" VPOS="987" WIDTH="144" HEIGHT="74">
						<TextLine ID="line_19" HPOS="635" VPOS="987" WIDTH="144" HEIGHT="25">
							<String ID="string_113" HPOS="635" VPOS="988" WIDTH="19" HEIGHT="18" WC="0.91" CONTENT="T."/><SP WIDTH="15" VPOS="988" HPOS="654"/>
							<String ID="string_114" HPOS="669" VPOS="987" WIDTH="110" HEIGHT="25" WC="0.92" CONTENT="Langolain"/>
						</TextLine>
						<TextLine ID="line_20" HPOS="656" VPOS="1037" WIDTH="105" HEIGHT="24">
							<String ID="string_115" HPOS="656" VPOS="1037" WIDTH="105" HEIGHT="24" WC="0.90" CONTENT="Expeditör."/>
						</TextLine>
					</TextBlock>
				</ComposedBlock>
			</PrintSpace>
		</Page>
	</Layout>
</alto>
