1084 1764
224 125 27 21 10
454 127 22 22 U.
494 127 21 21 B.
533 139 28 2 —
578 127 61 27 Prop.
658 127 34 22 N:o
709 127 31 22 16.

223 193 112 24 staterats,
353 191 64 21 alltid
434 192 127 27 berättigad
579 195 32 18 att
627 193 90 20 besluta
735 199 28 14 en
781 193 170 26 framställning
968 193 6 20 i

223 227 72 20 saken
312 227 34 20 till
364 227 108 27 Kejsaren
490 228 44 21 och
551 228 151 26 Storfursten;
720 228 115 21 hvarefter
849 228 25 20 af
883 229 91 20 Monar-

223 263 46 20 ken
286 263 73 20 skulle
376 263 62 26 bero,
455 264 96 20 hvilken
569 264 79 27 åtgärd
665 264 7 20 i
690 264 72 21 saken
782 264 72 21 borde
871 264 104 27 vidtagas

223 298 54 21 eller
294 305 37 14 om
349 299 43 20 den
417 299 71 21 borde
505 299 22 21 få
544 300 97 20 förfalla.
677 300 86 21 Härvid
781 300 65 20 torde
863 300 56 21 böra
936 301 38 26 på-

224 334 73 27 pekas
313 337 39 23 att,
369 341 37 14 om
432 336 129 20 Monarken
579 336 6 20 i
602 336 70 27 något
688 336 39 21 fall
744 337 26 20 af
784 343 32 14 nu
833 336 88 27 antydd
938 337 37 20 be-

223 370 130 21 skaffenhet
369 371 111 27 pröfvade
497 372 79 26 nödigt
593 372 109 21 förordna
719 372 33 21 till
765 372 53 26 åtal,
835 372 83 21 sådant
930 373 45 20 åtal

223 405 82 22 endast
321 406 6 21 i
345 407 46 26 fall,
408 414 50 14 som
476 407 60 21 afses
553 408 6 19 i
577 409 13 19 6
606 407 21 28 &,
653 408 74 21 skulle
749 408 88 21 utföras
854 408 61 21 inför
931 409 44 20 den

223 442 114 21 särskilda
355 443 108 24 domstol,
481 450 37 14 om
536 444 96 21 hvilken
650 445 92 26 stadgas
760 445 6 20 i
784 445 11 19 7
814 445 20 25 $,
855 445 121 20 hvaremot

223 477 6 20 i
247 479 73 20 andra
336 479 40 20 fall
393 480 24 19 af
431 480 128 27 lagstridigt
573 480 172 27 handlingssätt
757 480 80 27 frågan
850 487 37 14 om
899 480 75 21 forum

223 514 94 21 komme
335 517 32 18 att
383 522 53 14 vara
454 516 115 20 beroende
586 516 25 20 af
625 517 28 20 de
670 517 156 26 grundsatser,
851 523 51 14 som
919 516 7 20 i
943 516 32 21 öf-

223 550 44 26 rigt
283 552 39 19 äro
339 551 7 20 i
363 551 36 27 lag
415 552 112 26 gällande.
546 551 87 22 Sådant
649 552 101 27 framgår
767 552 25 20 af
807 559 80 14 senare
904 559 70 14 mom.

223 586 25 20 af
264 587 23 20 11
307 586 14 28 &
337 589 60 18 samt
413 587 25 21 af
452 588 27 20 de
497 588 5 20 i
520 589 12 19 6
549 587 15 28 &
580 588 112 27 ingående
714 588 84 21 orden:
832 588 81 21 Såsom
931 589 44 26 lag-

223 622 126 27 stridighet,
367 623 35 21 för
418 624 94 20 hvilken
530 625 199 26 styrelseledamot
752 625 47 20 kan
823 625 72 20 åtalas
911 624 67 27 enligt

222 658 73 21 denna
320 659 43 27 lag,
387 660 58 20 skall
471 667 67 14 anses
556 667 19 14 o.
593 667 16 13 s.
628 667 19 13 v.
681 661 111 20 Däremot
816 660 74 21 skulle
907 660 69 27 enligt

223 694 45 20 den
286 695 83 26 nådiga
386 696 174 27 propositionen
582 697 152 26 landtdagens
760 697 45 20 rätt
821 698 33 18 att
870 696 50 27 själf
939 696 36 20 be-

223 730 60 21 sluta
299 731 33 20 till
350 731 57 21 ätals
424 732 145 20 anställande
582 739 53 14 vara
647 732 123 21 inskränkt
783 732 35 20 till
830 732 87 20 sädana
929 731 46 26 fall,

223 772 51 14 som
292 767 27 20 de
336 767 7 20 i
360 768 13 20 3
390 768 43 20 och
450 769 13 19 4
480 769 131 26 punkterna
629 769 25 20 af
667 769 13 20 6
698 769 12 25 &
728 768 102 21 afsedda.

294 803 124 27 Angäende
435 804 76 21 denna
528 804 171 27 inskränkning
718 805 44 19 har
779 804 63 20 inom
861 804 115 20 Utskottet

224 839 55 19 utan
297 839 262 28 meningsskiljaktighet
577 840 100 25 uttaiats,
699 842 32 19 att
748 840 44 20 den
811 839 50 21 icke
878 840 42 20 har
936 839 39 27 gil-

222 873 46 27 tiga
293 875 50 20 skäl
367 875 36 21 för
426 876 40 26 sig,
490 883 54 13 men
569 876 115 20 äsikterna
709 876 71 20 hafva
797 875 59 21 varit
872 875 103 21 delade
958 869 20 38 i

223 909 87 27 frägan,
335 911 115 21 huruvida
474 912 109 27 förslaget
606 912 142 20 härutinnan
770 912 60 20 dock
848 912 78 20 kunde
942 911 33 20 till

222 947 130 26 antagande
370 947 104 21 förordas
491 948 54 20 eller
557 954 38 14 om
607 948 162 26 förändringar
780 947 72 21 borde
865 947 110 27 vidtagas.

296 982 8 20 I
321 983 433 27 representationsreformkommittens
772 985 61 19 samt
849 983 127 20 iSenatens

223 1017 86 28 förslag
333 1019 114 21 saknades
472 1020 37 20 det
528 1019 55 21 sista
601 1020 89 26 stycket
706 1019 25 21 af
746 1020 12 19 6
777 1020 13 25 8
808 1019 6 20 i
832 1019 44 20 den
894 1019 82 26 nådiga

222 1055 183 26 propositionen.
423 1056 87 20 Genom
527 1055 149 27 tilläggandet
692 1056 26 20 af
732 1055 71 26 sagda
821 1055 79 26 stycke
917 1054 59 21 afses

223 1096 28 13 en
269 1090 72 21 sädan
359 1091 129 26 anordning
504 1093 32 18 att
553 1091 139 27 landtdagen
705 1091 18 27 ej
737 1087 76 24 skulle
825 1091 151 20 tillerkännas

222 1127 45 18 rätt
284 1128 32 18 att
333 1127 54 26 själf
401 1127 88 20 besluta
506 1127 33 20 till
557 1127 45 20 åtal
620 1127 35 20 för
671 1127 127 24 förseelser,
824 1133 50 14 som
892 1127 83 20 omför-

223 1161 75 21 mälas
315 1162 7 20 i
341 1163 8 19 1
369 1163 43 20 och
430 1164 12 19 2
460 1163 137 27 punkterna.
632 1163 51 20 Med
708 1162 127 27 anledning
852 1162 69 20 häraf
935 1162 42 20 har

222 1197 64 20 inom
306 1198 114 21 Utskottet
436 1199 121 20 anmärkts
573 1201 32 18 att
625 1205 37 14 om
676 1199 130 20 Ständerna
826 1197 151 21 oförändradt

221 1233 124 26 godkände
362 1236 31 18 ett
409 1234 82 21 sädant
508 1235 128 26 lagförslag,
654 1241 49 14 som
716 1235 38 20 det
772 1234 6 20 i
796 1234 44 19 den
858 1233 52 20 näd.
928 1239 49 21 pro-

222 1269 132 26 positionen
368 1270 120 27 ingäende,
505 1271 64 26 lagen
588 1271 92 20 komme
692 1272 32 18 att
736 1270 73 20 blifva
821 1269 59 20 bäde
892 1269 84 20 oform-

222 1305 31 26 lig
270 1305 44 21 och
330 1305 6 20 i
354 1306 67 27 öfrigt
437 1306 234 26 otillfredsställande,
688 1305 136 28 isynnerhet
841 1311 37 14 om
897 1305 80 20 försla-

222 1343 49 24 gets
289 1341 100 27 mening,
406 1342 76 20 säsom
500 1348 54 14 man
571 1342 153 27 tilläfventyrs
743 1341 29 27 pä
790 1341 75 26 grund
877 1341 25 20 af
911 1340 65 21 orda-

222 1377 103 26 lydelsen
344 1377 25 20 af
383 1377 174 27 ifrågavarande
582 1378 54 20 sista
661 1378 79 26 stycke
758 1377 7 20 i
782 1378 14 19 6
812 1377 13 25 $
847 1376 79 21 kunde
938 1383 39 14 an-

221 1414 59 24 taga,
306 1419 54 14 vore
385 1413 51 26 den,
461 1415 31 18 att
512 1413 139 27 landidagen
668 1413 7 20 i
691 1413 47 25 fall,
756 1419 52 14 som
825 1413 99 20 nämnas
941 1412 6 19 i
966 1413 9 18 1

221 1448 46 20 och
290 1449 12 19 2
323 1449 130 26 punkterna
470 1449 25 20 af
508 1450 76 19 denna
601 1449 20 26 $,
639 1449 49 20 icke
706 1449 76 20 skulle
800 1448 68 21 hafva
886 1449 44 19 rätt
947 1449 31 18 att
