1084 1756
235 149 29 21 26
460 149 28 23 U.
506 150 28 21 B.
552 162 27 3 —
595 150 77 29 Prop.
684 150 41 23 N:o
740 150 35 22 17.

540 245 33 22 22
595 245 51 28 (23)
669 245 22 29 8.

304 295 38 23 Dä
370 296 107 22 domstol
508 296 126 23 förklarar
664 297 117 28 förening
808 296 109 29 upplöst,
942 296 47 22 för-

236 330 79 23 ordne
333 330 49 22 den
401 330 79 23 tillika
499 337 31 16 en
550 331 60 22 eller
628 331 61 22 flere
707 337 123 23 personer
848 332 35 21 att
901 331 88 22 utreda

235 365 163 29 föreningens
417 365 40 22 bo.

304 399 99 22 Varder
430 399 118 30 förening
568 400 149 22 annorledes
735 399 108 30 upplöst,
862 406 60 16 vare
942 401 47 27 sty-

234 433 96 23 relsens
358 434 161 23 medlemmar
546 435 216 28 utredningsmän,
791 434 27 22 sä
843 434 75 22 framt
936 434 53 22 icke

236 475 32 15 en
287 468 59 23 eller
364 468 61 23 flere
444 469 97 22 sädana
561 469 82 22 blifvit
663 469 25 22 af
705 469 149 29 föreningen
872 468 117 23 särskildt

233 503 114 22 utsedde.

304 537 214 30 Utredningsman
537 545 60 22 eger
616 539 49 21 rätt
684 540 36 21 att
738 538 62 22 söka
821 537 168 29 ärsstämning

235 571 14 22 å
267 571 100 24 okände
385 572 163 29 borgenärer.

534 642 33 22 23
590 642 49 28 (24)
662 642 22 29 8.

303 686 105 36 Åtnöjes
437 694 22 28 ej
479 694 237 29 föreningsmedlem
741 694 57 22 med
817 694 98 29 åtgärd,
936 700 52 16 som

238 726 26 23 af
282 728 207 29 utredningsman
508 728 129 29 vidtagits,
658 735 46 23 ege
722 728 108 23 klandra
844 728 144 22 densamma

235 761 43 23 vid
299 762 112 26 domstol,
435 762 77 22 innan
538 764 34 21 ett
591 763 28 22 år
638 763 160 29 tilländagått
816 763 56 22 från
892 763 42 22 det
952 765 35 20 ut-

234 796 140 29 redningen
394 796 142 24 slutfördes.

534 866 34 22 24
590 866 49 28 (25)
661 866 23 30 8.

302 916 96 24 Varder
418 916 92 31 f(utesl.)
530 918 117 29 förening
666 918 102 28 upplöst
792 918 60 22 eller
877 918 110 22 afträdes

232 950 59 23 dess
305 952 122 28 egendom
446 952 36 22 till
501 952 121 26 konkurs,
643 952 63 22 skall
719 952 88 22 därom
822 952 111 22 anmälas
949 952 39 22 för

233 985 152 30 anteckning
403 986 7 22 i
428 986 256 30 föreningsregistret.
714 986 84 23 Sådan
812 987 115 23 anmälan
948 994 39 15 an-

234 1019 113 23 kommer
370 1020 33 29 pä
428 1021 115 26 domstol,
563 1023 68 21 utom
651 1021 31 23 då
702 1021 150 29 föreningen
872 1022 71 30 själf,
950 1021 37 23 be-

234 1054 69 22 slutit
322 1055 47 21 sin.
378 1055 160 29 upplösning.

567 1164 12 16 3
593 1163 64 22 kap.

397 1218 36 23 Om
450 1218 121 28 inskrifning
588 1218 5 22 i
607 1218 209 28 föreningsregister.

528 1285 33 22 25
584 1285 50 28 (26)
659 1285 21 29 8.

300 1335 11 22 I
330 1335 89 30 hvarje
445 1335 42 22 län
515 1336 64 22 skall
598 1336 44 23 vid
659 1335 184 30 länestyrelsen
861 1335 69 23 föras
948 1341 37 16 re-

231 1369 79 29 gister
337 1369 71 23 öfver
435 1370 154 29 föreningar,
612 1371 87 22 hvilka
726 1371 79 22 hafva
830 1370 38 22 sin
887 1369 98 23 hemort

229 1403 8 22 i
255 1403 75 23 länet.

298 1503 130 23 Lagutskottets
441 1504 110 17 betänkande
565 1504 37 18 N:o
615 1505 17 17 4.
