1086 1761
352 128 21 21 U.
391 128 22 21 B.
431 140 27 2 —
476 128 61 26 Prop.
555 127 37 23 N:o
608 127 29 22 16.
678 141 2 2 -
848 127 12 20 7

113 194 42 20 kas
172 194 24 20 af
214 194 151 26 landtdagens
377 193 95 21 utskott.
498 194 48 20 Har
556 196 72 18 annat
640 194 88 20 utskott
739 195 30 19 än
779 194 82 26 grund-

113 230 161 26 lagsutskottet
297 229 77 21 funnit
399 229 50 21 skäl
473 229 35 21 till
532 229 156 27 anmärkning
708 230 153 25 förekomma,

111 265 60 21 skall
188 265 94 21 ärendet
298 265 75 21 direkt
389 265 139 27 hänskjutas
543 266 34 20 till
595 266 38 20 det
648 266 153 20 sistnämnda.
818 265 43 20 Vid

113 301 154 26 beredningen
280 301 25 20 af
314 301 62 26 fräga
393 307 39 14 om
444 301 164 26 anmärkning,
625 307 50 14 som
689 301 25 20 af
722 301 139 26 landtdagen

114 336 55 21 eller
186 337 69 26 nägot
271 337 52 20 dess
343 337 88 20 utskott
447 337 34 20 till
497 337 238 26 grundlagsutskottet
750 337 111 26 hänskju-

115 373 45 25 tits,
178 372 99 21 likasom
293 373 39 20 vid
349 373 204 26 handläggningen
572 373 24 20 af
610 375 72 18 annat
698 373 91 26 ärende,
811 379 50 14 som

113 409 64 20 inom
190 409 145 20 sistnämnda
347 409 89 20 utskott
447 409 34 20 till
493 409 127 26 beredning
631 409 118 26 föreligger
758 409 44 20 och
811 415 51 14 som

113 444 113 21 föranledt
250 445 111 20 utskottet
384 447 33 18 att
441 445 128 20 framställa
596 445 162 26 anmärkning,
780 445 83 26 äligger

112 481 38 20 det
173 481 237 26 grundlagsutskottet
434 483 33 18 att
492 481 79 20 lämna
592 481 44 20 den
658 481 205 26 styrelseledamot,

115 518 48 19 mot
179 516 95 21 hvilken
291 517 187 26 anmärkningen
497 517 89 26 riktats,
597 517 89 20 tillfälle
698 519 31 18 att
740 517 64 20 inom
817 516 46 21 viss

114 554 69 19 utsatt
207 552 33 21 tid
260 552 84 27 afgifva
361 553 134 26 förklaring,
513 553 97 26 skriftlig
628 553 54 20 eller
698 553 103 26 muntlig.
835 552 28 21 Sä

116 594 49 14 som
179 588 135 26 stadgandet
325 588 82 21 härom
419 588 7 20 i
438 588 45 20 den
495 588 83 27 nädiga
591 588 174 28 propositionen
777 588 86 21 formu-

115 624 75 26 lerats,
207 624 119 27 föreligger
337 624 35 21 för
383 624 175 21 vederbörande
570 624 120 27 möjlighet
701 626 32 19 att
744 624 120 20 underläta

117 660 139 26 förklarings
279 660 138 26 afgifvande,
438 667 55 14 men
509 660 65 21 torde
590 660 71 27 enligt
677 660 126 21 Utskottets
819 659 44 21 för-

117 696 113 20 menande
247 696 65 26 dylik
328 696 93 20 tredska
438 696 7 20 i
465 696 158 27 verkligheten
640 696 116 27 knappast
767 702 54 14 vara
833 697 32 19 att

116 732 84 24 befara,
226 732 29 20 dä
276 731 26 27 ju
326 732 127 20 uteblifven
478 732 126 27 förklaring
628 732 51 20 icke
700 732 95 20 hindrar
811 732 54 20 eller

117 767 135 27 uppehäller
269 767 84 21 sakens
369 767 60 27 gäng
453 767 44 21 och
515 768 117 20 dessutom
650 767 139 27 landtdagen
800 767 7 20 i
819 767 45 27 ple-

116 810 55 13 num
187 803 93 26 jämlikt
303 804 5 19 5
334 802 6 29 &
356 804 11 19 2
386 810 71 14 mom.
475 803 7 20 i
499 804 52 20 dess
568 803 24 21 af
607 803 115 21 Utskottet
738 803 128 26 föreslagna

117 839 86 27 lydelse
220 841 52 25 äger
288 839 100 21 affordra
405 840 90 20 honom
512 840 134 26 förklaring,
665 839 72 21 innan
749 839 71 21 saken
831 839 34 20 till

116 875 87 26 slutligt
219 875 124 26 afgörande
360 875 120 27 företages.

186 911 162 27 Anmärkning
364 911 59 21 skall
435 918 69 14 anses
515 911 70 21 hafva
597 911 101 24 förfallit,
710 911 76 20 därest
797 910 70 20 minst

117 946 86 21 hälften
228 946 25 21 af
274 947 251 26 grundlagsutskotitets
550 947 144 21 närvarande
716 946 152 21 medlemmar

116 982 81 28 pröfva
222 985 32 18 att
272 983 213 26 -styrelseledamot,
510 983 69 20 hvars
606 982 169 27 ämbetsätgärd
802 983 66 25 utgör

116 1018 96 21 föremål
237 1018 35 21 för
288 1019 195 26 anmärkningen,
501 1018 50 21 icke
567 1018 89 21 förfarit
672 1018 127 27 lagstridigt
814 1018 55 20 eller

117 1056 32 18 att
167 1054 64 21 inom
248 1054 112 21 utskottet
375 1054 132 21 framställd
523 1054 155 27 anmärkning
694 1054 19 27 ej
730 1054 43 21 bör
789 1054 78 20 anmä-

116 1090 34 20 las
174 1090 33 20 till
232 1090 85 26 åtgärd.
350 1090 66 21 Dock
439 1092 55 25 äger
510 1090 110 21 utskottet
636 1091 82 20 härom
735 1090 43 20 hos
794 1089 74 21 landt-

119 1126 73 26 dagen
210 1126 100 26 anmäla,
327 1128 57 18 utan
401 1126 25 21 sä
443 1128 26 19 är
486 1128 32 19 att
534 1126 184 26 anmärkningen
735 1125 134 21 framställts

116 1162 64 20 inom
206 1162 110 20 utskottet
340 1163 44 20 och
406 1162 129 27 förklaring
551 1162 106 21 däröfver
673 1162 18 26 ej
710 1162 74 20 blifvit
799 1161 70 20 infor-

117 1197 57 20 drad
191 1197 21 28 (4
228 1197 14 28 8
264 1199 6 19 2
288 1197 85 27 mom).

191 1234 71 20 Dessa
289 1234 142 21 föreskrifter
457 1234 64 27 lägga
546 1234 122 27 onekligen
692 1240 28 14 en
743 1235 46 19 stor
806 1232 64 21 makt

118 1269 7 20 i
153 1270 123 20 utskottets
300 1270 70 20 band.
404 1270 84 21 Därest
512 1271 71 20 minst
606 1269 87 21 hälften
710 1269 24 20 af
748 1269 122 20 utskottets

120 1306 145 20 närvarande
292 1306 127 20 ledamöter
446 1306 65 27 hyllä
538 1313 27 14 en
592 1306 89 20 friande
706 1305 103 27 opinion,
828 1304 43 20 har

123 1341 139 27 landtdagen.
288 1341 68 27 ingen
377 1341 122 27 möjlighet
515 1344 32 18 att
563 1342 6 20 i
586 1342 94 20 ärendet
697 1341 70 20 uttala
784 1340 39 26 sig,
841 1341 29 19 än

121 1377 91 20 mindre
229 1379 32 18 att
277 1377 33 20 till
327 1378 80 25 ätgärd
424 1377 98 21 besluta.

191 1413 82 20 Denna
305 1413 174 27 omständighet
510 1413 43 20 har
579 1420 28 13 en
634 1413 36 20 del
696 1413 25 19 af
746 1412 125 20 Utskottets

120 1448 128 21 ledamöter
274 1448 78 21 funnit
375 1448 127 27 betänklig.
543 1450 41 19 Det
609 1449 42 20 har
677 1448 138 20 framhållits
840 1449 31 19 att
