1084 1756
332 144 29 23 U.
377 144 27 22 B.
421 156 28 3 —
465 143 74 29 Prop.
554 144 42 22 N:o
612 144 34 22 17.
844 143 28 21 23

117 242 3 3 N
185 216 36 22 att
240 215 81 23 säsom
340 215 163 29 föreningens
513 215 84 23 beslut
609 214 80 30 gäller
702 215 49 23 den
761 214 109 30 mening,

114 249 41 23 för
173 250 103 22 hvilken
295 250 31 22 de
345 250 72 22 flesta
436 250 115 22 rösterna
571 249 127 29 afgifvits;

185 285 36 21 att
247 284 43 22 vid
317 284 52 22 lika
396 284 103 22 röstetal
527 284 42 22 val
588 284 101 29 afgöres
708 290 91 23 genom
817 283 54 23 lott-

115 318 69 30 ning,
204 325 57 16 men
279 318 8 22 i
307 319 78 22 andra
410 318 87 30 frägor
521 318 50 23 den
589 318 103 30 mening
710 318 88 30 gäller,
817 324 54 16 som

115 352 108 23 biträdts
243 352 25 23 af
285 354 90 22 mötets
393 352 165 28 ordförande;
578 354 65 21 samt

185 386 90 31 (utesl.)

186 423 35 21 att
240 422 81 22 beslut
340 428 39 16 om
401 422 89 28 (utesl.)
513 422 109 29 ändring
634 422 8 22 i
656 422 138 29 stadgarna
811 421 60 23 eller

116 463 39 16 om
183 456 163 29 föreningens
373 457 154 28 upplösning
554 457 54 22 icke
636 457 31 22 är
692 457 95 29 giltigt,
813 456 58 23 med

115 491 102 22 mindre
244 491 122 29 samtliga
393 491 168 22 medlemmar
588 491 101 23 förenat
712 486 42 34 sig
780 491 91 22 därom

115 525 62 22 eller
199 525 103 23 beslutet
321 525 88 23 fattats
428 525 17 23 ä
464 525 110 23 årsmöte
593 526 45 22 och
657 526 79 22 minst
754 527 36 21 tre
809 525 62 29 fjär-

116 560 107 22 dedelar
250 560 31 23 af
305 561 31 22 de
363 560 122 23 röstande
509 560 99 23 biträdt
632 561 156 26 detsamma;
808 559 63 23 dock

116 595 38 22 alt
180 594 85 23 sådan
292 595 121 28 ändring,
434 601 54 16 som
515 595 113 22 minskar
652 595 108 22 medlem
785 594 86 23 tillför-

115 629 95 22 säkrad
238 629 108 22 särskild
364 630 57 26 rätt,
442 629 54 22 icke
514 631 62 21 utan
596 629 56 23 dess
672 629 128 29 samtycke
819 629 50 22 kan

116 663 26 22 af
161 664 77 22 mötet
256 663 118 23 beslutas.

421 733 30 22 15
473 733 49 28 (16)
545 733 23 28 S.

185 778 20 28 Å
225 783 198 30 föreningsmöte
450 785 41 22 mä
519 785 21 28 ej
570 785 83 22 beslut
674 784 76 23 fattas
770 791 40 16 om
829 785 42 21 än-

114 818 76 29 dring
210 818 25 22 af
254 818 137 29 stadgarna
410 819 61 22 eller
484 825 39 16 om
532 819 163 29 föreningens
708 819 161 28 upplösning,

115 853 23 29 ej
158 853 79 22 heller
263 859 39 16 om
330 853 59 28 köp,
416 853 153 30 försäljning
596 853 60 23 eller
680 853 145 29 inteckning
846 853 26 22 af

115 887 98 28 (utesl.)
231 887 128 29 fastighet,
379 887 46 23 där
444 888 22 29 ej
487 888 92 23 sådant
600 888 94 22 ärende
714 889 28 21 är
759 888 9 22 i
786 887 84 23 kallel-

114 928 46 16 sen
184 921 119 34 särskildt
321 922 112 22 nämndt.

185 955 79 23 Öfver
291 956 88 27 beslut,
406 963 54 16 som
487 957 77 22 fattas
592 957 43 22 vid
664 956 205 29 föreningsmöte,

114 990 48 23 bör
189 991 69 22 föras
282 991 133 28 protokoll,
435 991 97 22 hvilket
556 991 64 23 skall
642 992 108 29 justeras
770 990 46 23 och
835 990 36 23 till

114 1025 154 29 riktigheten
295 1025 134 30 bestyrkas
458 1026 26 22 af
510 1026 76 22 minst
612 1028 92 20 tvenne
732 1025 43 23 vid
794 1025 77 22 mötet

113 1059 163 23 närvarande
294 1059 302 30 föreningsmedlemmar.

421 1129 32 23 16
476 1130 46 28 (17)
546 1130 22 29 8.

184 1181 95 26 Beslut,
301 1186 52 17 som
373 1181 42 22 vid
433 1181 199 29 föreningsmöte
650 1181 7 22 i
677 1181 62 22 strid
757 1180 58 23 med
827 1180 43 29 lag

114 1215 60 22 eller
192 1215 164 28 föreningens
375 1215 105 29 stadgar
498 1215 149 27 tillkommit,
667 1221 61 17 vare
741 1217 61 20 utan
815 1221 55 16 ver-

113 1249 51 22 kan
183 1251 52 21 mot
253 1249 246 30 föreningsmedlem,
519 1257 54 15 som
592 1251 110 28 motsagt
719 1249 108 23 beslutet
837 1249 32 22 el-

112 1283 38 23 ler
169 1284 61 29 eljes
249 1284 51 23 kan
320 1285 54 22 visa
393 1286 36 21 att
447 1284 52 23 han
518 1284 84 23 därtill
620 1284 54 23 icke
692 1284 119 29 bidragit.

182 1318 55 22 Har
264 1318 115 27 beslutet,
399 1319 106 22 oaktadt
529 1319 43 22 det
594 1319 82 29 ligger
693 1319 67 22 inom
779 1318 90 22 mötets

112 1351 161 31 befogenhet,
294 1353 54 22 icke
367 1353 141 22 tillkommit
527 1353 4 22 i
550 1353 49 22 den
618 1353 109 29 ordning
745 1353 45 22 ske
802 1352 65 27 bort,

113 1393 61 16 vare
202 1387 237 30 föreningsmedlem
468 1387 143 30 berättigad
640 1389 35 21 att
701 1387 87 23 fordra
813 1387 56 28 nytt

113 1421 66 22 möte
197 1421 41 22 för
257 1422 116 22 ärendets
392 1421 127 30 pröfning.

180 1498 132 22 Lagutskottets
325 1499 109 18 betänkande
446 1499 38 18 N:o
497 1500 16 17 4.
