1089 1770
226 167 26 20 18
565 167 28 22 U.
610 167 28 22 B.

224 236 107 30 lingarna
341 237 117 30 begagnas
472 238 92 22 landets
576 238 110 22 officiella
704 238 76 29 språk,
791 238 91 22 hvilket
891 238 93 22 medför

225 274 35 20 att
279 272 36 21 till
333 272 173 29 Ridderskapet
524 272 42 22 och
584 272 89 22 Adelns
691 272 117 30 protokoll
830 272 82 22 endast
933 272 47 22 kan

224 306 135 29 föredragas
376 306 61 23 hvad
456 314 49 15 som
523 311 26 18 är
566 307 98 22 sälunda
683 307 117 22 affattadt.
827 306 90 22 Endast
928 306 54 22 med

224 340 90 29 hänsyn
329 341 37 21 till
379 342 127 21 Monarken
519 342 80 28 gäller,
618 342 30 28 pä
666 341 76 29 grund
762 342 24 21 af
804 341 63 27 häfd,
886 343 35 20 att
939 341 42 22 där

223 375 136 29 Monarken,
378 376 73 22 säsom
471 378 15 19 t.
505 376 55 22 ex.i
579 376 94 28 trontal,
692 376 90 22 direkte
795 375 89 23 vänder
895 376 35 28 sig
943 376 37 21 till

224 409 270 29 folkrepresentationen,
518 410 45 22 han
587 418 55 21 eger
660 410 108 30 begagna
787 410 40 22 det
844 410 76 29 språk,
940 410 40 22 ho-

225 451 52 14 nom
297 444 34 22 för
349 444 57 29 godt
424 452 75 21 synes.

294 478 76 23 Sedan
389 479 156 29 affattningen
564 479 22 22 af
605 479 133 22 Utskottets
751 478 149 23 betänkande
909 478 71 23 redan

223 513 6 21 i
249 513 44 22 allt
310 513 128 29 väsentligt
455 513 112 28 slutförts,
586 513 42 22 har
652 521 27 14 en
705 513 138 29 förordning
862 513 120 29 angäende

223 547 71 28 ryska
321 548 94 29 språket
442 548 39 22 vid
506 547 28 22 de
559 547 187 23 administrativa
774 548 178 22 ämbetsvärken
971 548 8 21 i

223 581 102 22 Finland
349 582 122 22 utfärdats.
508 582 88 22 Genom
622 582 134 22 densamma
778 582 132 22 äterställes
928 582 51 22 huf-

223 616 154 29 vudsakligen
403 617 39 22 det
463 617 47 22 före
531 617 64 22 1899
615 616 102 23 rådande
736 617 133 22 tillståndet
887 617 8 21 i
912 617 71 28 fråga.

224 658 36 14 om
288 651 28 21 de
343 651 120 22 inhemska
486 651 110 29 språkens
619 651 153 29 användning
791 651 75 22 såsom
884 651 95 22 förvalt-

224 685 100 29 ningens
352 686 75 29 språk,
453 687 7 20 i
485 686 39 21 det
548 689 36 18 att
602 685 176 25 ofvanberörda,
799 685 52 22 med
869 685 109 30 gällande

223 720 40 28 lag
287 720 51 21 icke
363 720 249 22 öfverensstämmande
637 720 110 22 manifest
771 721 23 21 af
813 720 45 22 den
878 721 32 21 20
928 721 50 28 juni

226 754 65 22 1900
317 754 44 23 och
387 755 166 28 förordningen
578 755 24 22 af
626 754 44 22 den
692 755 29 21 19
740 755 51 28 juni
813 755 63 22 1902
896 761 82 22 genom

223 788 134 23 densamma
374 789 173 29 undanrödjats.
584 789 136 22 Emellertid
739 789 49 28 bar,
801 789 53 22 med
867 789 115 22 afvikelse

223 823 52 22 från
299 823 113 22 Senatens
440 824 7 21 i
472 823 95 22 ärendet
590 823 130 30 uppgjorda
743 823 95 29 förslag,
857 824 8 21 i
889 823 90 22 författ-

223 857 87 29 ningen
329 858 99 22 lämnats
446 858 145 22 föreskrifter
609 858 80 21 därom

293 894 35 20 att
345 892 109 28 samtliga
472 892 132 22 skrifvelser
622 892 51 22 från
686 891 292 30 generalguvernörskans-

222 926 49 28 liet,
290 926 65 22 skola
375 927 92 21 affattas
485 927 8 21 i
511 927 100 28 original
630 927 29 29 på
677 927 71 28 ryska
767 926 102 29 språket,
879 926 98 22 hvarvid

221 960 62 22 finsk
302 961 57 21 eller
377 961 84 21 svensk
480 961 170 28 öfversättning
668 961 107 29 bilägges
794 960 134 22 skrifvelser
941 960 39 22 till

223 994 101 22 Senaten
349 995 43 22 och
416 995 73 22 andra
513 995 76 22 finska
613 995 156 29 styrelsevärk
794 995 120 22 äfvensom
933 998 46 18 äm-

222 1030 61 21 bets-
301 1030 43 21 och
362 1030 139 28 tjänstemän
520 1030 62 22 inom
600 1029 90 27 landet;

291 1066 36 20 att
350 1064 220 22 statssekreteriatet
593 1064 44 22 och
660 1064 76 22 finska
759 1063 218 29 passexpeditionen

221 1098 66 22 skola
306 1098 108 22 använda
432 1099 70 28 ryska
520 1099 94 28 språket
632 1099 7 21 i
658 1097 136 23 skrifvelser
817 1098 38 22 till
873 1098 104 28 general-

221 1136 158 24 guvernörens
399 1133 87 27 kansli;
505 1136 59 18 samt

292 1170 35 19 att
353 1171 182 25 guvernörernes
559 1167 135 22 skrifvelser
712 1166 38 22 till
768 1166 212 29 generalguvernö-

221 1209 41 14 ren
281 1202 8 20 i
308 1201 108 28 ärenden,
434 1201 80 22 hvilka
533 1202 51 21 icke
603 1206 39 18 äro
662 1201 96 22 afsedda
777 1203 36 19 att
831 1200 149 28 offentliggö-

221 1243 44 20 ras,
290 1236 117 21 äfvensom
433 1236 32 21 all
489 1236 166 28 skriftväxling
679 1236 50 21 frän
748 1238 119 25 guvernör
886 1234 35 21 till
940 1241 38 22 ge-

221 1270 211 29 neralguvernören
457 1270 7 21 i
488 1270 57 21 form
570 1271 24 21 af
612 1270 114 22 handbref
744 1269 44 22 och
808 1269 118 28 telegram,
946 1269 34 21 af-

221 1305 72 21 fattas
311 1305 30 27 pä
360 1305 69 27 ryska
448 1305 99 27 spräket.

290 1338 144 22 Förberörda
462 1338 173 28 bestämningar
661 1338 113 22 innebära
802 1336 122 23 införande
956 1337 24 21 af

220 1372 71 28 ryska
315 1373 95 28 spräket
434 1374 73 20 säsom
527 1372 105 22 officiellt
650 1373 70 28 spräk
739 1372 42 22 vid
800 1371 180 29 generalguver-

221 1407 156 22 nörskansliet
396 1410 59 18 samt
473 1407 73 21 delvis
558 1406 40 22 vid
611 1406 225 23 statssekreteriatet
848 1405 43 23 och
904 1405 75 23 finska

220 1441 218 29 passexpeditionen
459 1442 117 21 äfvensom
596 1442 7 20 i
622 1441 88 22 mindre
730 1440 146 29 omfattning
894 1440 40 21 vid
947 1440 34 22 lä-

220 1476 178 28 nestyrelserna.
416 1476 70 22 Hvad
496 1476 111 22 särskildt
614 1476 110 21 beträffar
731 1475 153 22 föreskriften
892 1474 88 28 därom,

290 1519 131 22 Lagutskottets
433 1519 109 18 betänkande
554 1519 38 17 N:o
605 1520 15 16 1.
