1086 1767
788 162 26 19 17

87 229 103 20 struktion
212 229 19 19 af
253 229 38 20 den
310 229 25 19 17
353 234 51 13 mars
422 228 54 20 1826
492 227 51 26 bjöd,
559 227 44 20 med
626 226 126 26 egenhändig
773 225 74 20 under-

87 257 60 20 skrift
162 258 54 19 förse
230 257 152 25 ifrågavarande
397 256 101 25 handling,
520 255 63 26 ansåg
601 255 98 21 Senatorn
715 255 4 19 i
735 255 55 19 detta
806 256 41 17 sär-

88 286 65 20 skilda
175 285 39 24 fall,
240 286 140 25 förordningen
404 285 69 19 kunna
496 285 136 25 promulgeras
647 285 6 18 i
668 283 39 20 den
730 284 52 19 form
799 283 48 19 den-

88 321 77 14 samma
180 314 110 20 meddelats
307 314 91 24 Senaten,
413 313 51 20 dock
480 313 85 20 sålunda
579 315 30 18 att
625 312 140 25 förordningen
782 311 66 20 skulle

87 343 64 20 förses
166 343 46 20 med
227 343 67 25 vanlig
309 343 79 25 ingress
405 342 36 19 och
457 344 30 17 att
502 342 69 19 orden:

159 394 97 25 »Nådigst
271 394 102 20 faststäldt
389 394 7 19 i
411 393 95 20 Peterhof
522 393 37 20 den
577 393 26 20 13
618 393 48 19 Juni
683 393 59 19 1891.

633 449 28 21 W.
677 457 16 12 v.
709 449 71 20 Dehn»

91 481 52 25 finge
157 481 31 19 sin
205 480 52 26 plats
273 480 49 19 efter
337 482 75 17 texten.

161 543 131 20 Senatorerne
314 543 112 25 Hornborg,
442 541 96 22 Sohlman
553 543 37 19 och
605 542 91 25 Ignatius
712 541 92 20 förenade
820 541 30 24 sig

92 572 47 20 med
155 571 97 20 Senatorn
268 571 87 25 Gylling.

163 600 95 20 Senatorn
282 600 162 25 Yrjö-Koskinen
467 600 90 20 förmälte
579 601 30 18 att
630 599 64 20 ehuru
717 599 97 20 Senatorn
834 598 17 25 ej

94 629 46 20 ville
155 629 129 25 undandraga
299 629 31 24 sig
345 631 29 17 att
390 628 141 20 underskrifva
546 628 141 25 förordningen
708 627 66 20 derest
792 627 60 20 Sena-

94 660 47 17 torn
156 657 94 25 Gyllings
266 657 81 25 mening
362 662 68 14 vunne
446 657 108 25 pluralitet,
564 657 97 19 Senatorn
675 657 50 19 dock
740 655 64 26 ansäg
818 655 34 19 det

95 692 48 13 vara
165 686 92 25 riktigast
279 687 30 18 att
330 686 145 24 författningen
496 685 137 26 publicerades
649 685 6 19 i
670 685 39 19 den
732 685 50 19 form
804 684 48 20 den-

96 720 75 14 samma
186 714 109 20 meddelats
310 714 110 25 Kejserliga
435 714 94 26 Senaten,
543 714 91 20 hvarföre
650 714 98 20 Senatorn
763 714 47 18 fann
822 712 32 25 sig

95 744 48 19 böra
157 743 82 19 omfatta
255 742 96 20 Senatorn
366 742 84 26 Strengs
467 743 77 24 förslag.

166 772 97 19 Senatorn
278 770 96 26 Nybergh
389 771 137 20 understödde
541 771 97 20 Senatorn
657 770 91 26 Gyllings
766 770 86 25 mening.

167 800 129 20 Senatorarne
311 800 75 19 Lerche
402 800 37 20 och
454 800 107 25 Björkstén
577 806 46 13 voro
639 806 48 13 ense
702 799 44 20 med
757 799 98 20 Senatorn

99 829 78 25 Streng.

167 857 97 20 Senatorn
280 857 116 19 Cederholm
412 858 89 23 yttrade:
524 857 77 25 »Enligt
616 857 134 22 häidvunnen,
766 856 11 20 &
793 856 63 25 regle-

99 888 75 18 mentet
189 886 29 19 för
233 885 207 25 regeringskonseljen
456 886 37 20 och
508 886 110 20 ärendenas
634 886 95 19 särskilda
747 886 109 19 beskaffen-

99 916 40 22 het,
154 914 92 26 grundad
262 914 72 25 praxis,
351 914 55 19 skola
421 914 40 20 alla
476 914 56 20 Hans
548 914 111 26 Kejserliga
671 914 103 25 Majestäts
784 914 73 24 nädiga

100 943 67 26 päbud
190 943 36 19 och
248 943 138 24 författningar
406 943 92 20 utfärdas
513 944 95 24 antingen
624 943 44 19 med
683 943 55 19 Hans
754 943 104 25 Majestäts

100 972 56 25 Egen
172 972 122 19 underskrift
309 971 48 19 eller
371 972 20 18 af
407 971 88 20 Senaten
510 972 5 19 i
532 972 54 19 Hans
603 972 102 25 Majestäts
721 971 50 25 höga
791 976 67 18 namn,

101 1000 80 20 hvilken
204 1006 70 13 senare
296 1000 50 19 form
361 1000 5 19 i
382 1000 70 25 regeln
474 1001 96 24 iakttages
587 1002 34 18 när
635 1000 225 25 författningsförslaget

101 1029 67 25 utgätt
183 1028 44 20 frän
244 1028 93 24 Senaten,
353 1029 103 19 hvaremot
472 1029 38 19 den
523 1029 52 19 förra
590 1029 75 19 formen
684 1028 98 26 sjelffallet
802 1028 57 20 alltid

102 1058 34 19 bör
158 1058 99 24 begagnas
281 1057 25 19 dä
329 1057 88 25 päbudet
440 1058 107 19 innefattar
568 1064 25 13 en
616 1058 63 19 direkt
701 1057 123 25 viljeyttring
840 1056 19 19 af

102 1086 56 19 Hans
180 1086 93 25 Majestät
296 1085 44 26 sjelf
362 1086 37 19 och
418 1086 61 25 utgär
494 1086 43 19 frän
553 1086 72 19 honom
642 1088 48 17 utan
707 1086 97 19 Senatens
820 1084 40 20 till-

103 1115 83 24 styrkan
202 1114 48 19 eller
266 1114 59 25 något
341 1114 47 19 dess
406 1114 119 25 tillgörande
548 1115 41 24 och,
613 1114 67 20 såsom
703 1113 158 21 understundom

104 1143 59 24 skett,
179 1145 49 17 utan
244 1145 29 17 att
288 1143 86 19 Senaten
390 1149 36 13 ens
442 1143 67 19 blifvit
524 1143 6 19 i
546 1143 60 20 saken
622 1143 54 20 hörd.

173 1172 59 19 Detta
247 1171 99 20 allmänna
361 1171 167 24 sakförhällande,
544 1172 44 19 frän
604 1172 76 19 hvilket
693 1171 71 20 endast
774 1173 30 18 ett
814 1171 49 20 eller

105 1202 61 17 annat
180 1200 84 19 enstaka
278 1200 103 25 undantag
396 1200 96 25 möjligen
508 1201 38 18 kan
561 1200 87 25 pävisas,
664 1201 116 19 förutsätter
802 1199 61 20 emel-

105 1229 58 19 lertid
179 1229 45 19 med
240 1229 147 24 nödvändighet
402 1231 30 17 att
448 1229 100 20 ärendena
565 1228 60 20 ocksä
641 1229 5 19 i
662 1229 93 25 regelrätt
778 1228 86 24 ordning

105 1257 37 20 hos
164 1257 56 20 Hans
244 1257 90 25 Majestät
356 1257 121 25 föredragas,
493 1258 18 19 d.
527 1264 18 13 v.
561 1264 16 13 s.
593 1259 29 18 att
637 1257 99 20 desamma
754 1257 60 20 redan
831 1256 33 19 vid

105 1286 169 28 föredragningen
287 1288 33 17 äro
335 1285 79 20 iklädda
429 1286 40 19 den
487 1287 49 19 form
551 1286 41 20 dei
603 1287 68 19 anförd
682 1285 61 20 måtto
758 1285 106 25 rätteligen

107 1315 46 19 böra
169 1315 63 19 hafva.
265 1308 123 25 Äsidosättes
404 1315 68 19 denna
487 1315 58 25 regel,
560 1315 23 19 sä
597 1317 29 17 att
646 1315 144 19 vederbörande
814 1315 50 18 före-

108 1343 101 25 dragande
232 1343 99 19 medvetet
353 1343 49 20 eller
425 1343 116 20 omedvetet
563 1344 64 25 gifver
647 1343 82 20 ärendet
752 1349 25 14 en
793 1343 72 24 oriktig

108 1371 49 20 form
173 1371 25 20 dä
213 1372 110 19 detsamma
337 1371 110 26 förelägges
463 1372 57 19 Hans
536 1372 93 25 Majestät
651 1372 30 19 till
699 1372 112 25 afgörande,
827 1371 39 19 kan

109 1401 29 18 ett
161 1399 71 20 sådant
253 1400 167 25 föredragandens
443 1401 116 24 missgrepp
581 1401 108 24 ingalunda
705 1407 46 12 vara
766 1399 100 20 bindande

109 1429 30 18 för
153 1427 94 26 Senaten,
262 1428 12 19 å
289 1429 79 18 hvilken
392 1429 102 25 päbudets
517 1429 81 25 slutliga
615 1429 117 19 utfärdande
748 1429 68 19 städse
832 1434 35 13 an-

109 1457 95 24 kommer,
216 1459 48 17 utan
281 1457 64 19 måste
360 1457 33 20 det
408 1457 26 19 då
451 1457 33 20 stå
500 1457 86 20 Senaten
601 1459 59 24 öppet
675 1459 29 18 att
714 1458 49 19 efter
774 1457 94 26 pröfning

111 1485 79 25 vidtaga
211 1486 38 19 den
272 1485 75 25 åtgärd,
370 1491 43 14 som
430 1486 47 19 med
493 1486 90 19 afseende
599 1485 12 20 &
626 1486 70 19 sakens
712 1485 134 20 beskaffenhet
863 1485 5 18 i

802 1524 10 17 2
