1084 1759
285 155 84 23 Ständ.
386 155 39 23 Sv.
442 167 27 5 —
484 156 75 28 Prop.
577 156 40 22 N:o
634 156 36 22 16.
845 156 15 21 3

104 226 101 22 affordra
229 226 200 29 styrelseledamot
455 227 132 28 förklaring
615 226 65 22 öfver
703 226 160 30 anmärkning

102 261 158 22 innebärande
289 263 36 20 att
351 261 174 29 ämbetsåtgärd
549 261 63 23 varit
636 261 133 29 lagstridig.
805 260 56 23 Med

103 295 108 22 afseende
237 295 56 22 härå
321 295 71 22 hafva
420 294 134 23 Ständerna
581 295 94 29 antagit
694 296 14 21 5
729 297 13 26 8
759 295 53 22 med
831 303 29 14 en

104 329 165 30 omstilisering
288 330 7 21 i
309 329 84 30 antydt
412 330 67 28 syfte.

172 363 82 30 Enligt
274 365 164 28 lagförslagets
463 365 14 21 6
502 365 20 27 $,
547 363 72 23 sådan
638 363 45 22 den
702 363 67 30 lyder
788 365 8 21 i
814 364 47 22 den

104 397 87 30 nådiga
220 399 181 29 propositionen,
431 399 76 22 skulle
536 398 145 29 landtdagen
712 398 149 23 beträffande

104 433 61 22 vissa
192 433 61 28 slags
281 433 121 22 förseelser
424 434 23 27 (3
467 433 43 22 och
528 434 17 21 4
563 433 142 29 punkterna)
724 433 71 22 hafva
813 435 49 20 rätt

104 469 36 20 att
166 467 79 22 fordra
270 468 85 21 besked
380 468 23 21 af
421 467 208 30 styrelseledamot,
649 469 48 20 rätt
716 470 35 19 att
769 467 92 22 besluta

105 501 37 23 till
168 502 174 29 framställning
369 502 37 22 till
433 503 114 28 Kejsaren
573 501 42 23 och
641 501 151 29 Storfursten,
817 502 44 22 och

104 539 48 20 rätt
179 539 35 20 att
240 537 110 22 förordna
377 544 36 15 om
432 537 60 27 åtal;
520 537 81 22 vidare
620 536 76 22 skulle
714 536 144 29 landtdagen

105 571 144 22 beträffande
267 571 101 29 rådslag,
388 579 36 14 om
442 571 82 22 hvilka
543 571 116 29 stadgas
652 566 12 38 i
675 572 9 20 1
702 570 42 23 och
758 572 14 21 2
786 571 75 29 punk-

105 609 72 26 terna,
205 613 43 22 ega
273 606 82 22 endast
378 606 143 29 rättigheten
540 608 36 20 att
593 606 56 28 ingå
668 605 51 22 med
738 605 123 23 framställ-

105 641 59 28 ning
190 640 37 22 till
254 641 113 28 Kejsaren
395 640 43 22 och
465 641 156 27 Storfursten;
651 640 110 29 slutligen
786 640 75 22 skulle

106 675 143 29 landtdagen
273 675 52 22 med
351 675 129 29 anledning
504 675 24 22 af
547 675 46 22 alla
611 674 73 23 andra
702 675 51 28 slag
772 675 24 22 af
813 675 48 28 lag-

106 709 98 29 stridiga
228 709 109 29 åtgärder
361 709 81 22 kunna
460 709 78 22 fordra
557 709 87 22 besked
664 709 23 22 af
704 709 92 22 felande
814 712 48 25 sty-

106 743 161 22 relseledamot
285 744 42 22 och
347 744 117 22 dessutom
484 744 91 22 besluta
588 743 37 22 till
637 743 147 29 underdånig
794 744 68 22 fram-

106 778 119 29 ställning,
250 778 30 22 dä
303 778 40 22 det
361 779 91 21 komme
471 781 35 20 att
524 779 24 21 af
566 778 113 29 Kejsaren
699 778 43 22 och
761 778 102 22 Storfur-

106 815 51 20 sten
181 813 62 27 bero,
262 813 95 22 hvilken
376 813 24 22 af
418 813 28 21 de
464 813 9 22 i
491 813 40 22 det
549 813 139 28 föregående
707 812 103 29 antydda
829 813 34 21 ät-

106 847 84 28 gärder
216 847 72 22 borde
314 847 108 29 vidtagas
451 848 57 21 eller
534 855 36 14 om
593 847 72 22 saken
683 847 61 28 finge
763 847 99 22 förfalla.

106 882 46 21 För
179 884 34 19 ett
237 881 77 30 dylikt
340 882 137 22 inveckladt
504 881 155 30 särskiljande
686 881 84 22 mellan
798 882 64 21 olika

107 916 50 29 slag
185 916 23 22 af
235 916 41 22 fall
300 917 45 22 kan
371 917 75 28 enligt
474 916 142 22 Ständernas
643 916 71 22 tanke
741 916 51 22 icke
823 924 41 14 an-

106 951 61 22 föras
177 951 73 28 något
259 951 102 22 hållbart
375 951 57 22 skäl.
461 951 63 22 Enär
536 951 40 22 det
585 951 132 28 väsentliga
732 950 132 23 ändamålet

107 985 52 24 med
186 993 28 14 en
246 985 39 29 lag
318 985 23 22 af
373 985 181 29 ifrågavarande
589 985 161 22 beskaffenhet
786 985 77 22 hblefve

106 1022 89 19 vunnet
221 1027 84 21 genom
332 1020 206 29 bestämningarna
560 1020 8 21 i
587 1020 14 21 3
621 1020 43 21 och
689 1020 15 21 4
723 1020 141 29 punkterna,

107 1054 70 22 hafva
202 1054 131 22 Ständerna
356 1055 79 21 funnit
459 1055 41 21 det
522 1055 93 21 enklast
639 1054 43 22 och
706 1054 103 29 redigast
828 1056 37 20 att

106 1089 103 21 utesluta
242 1089 65 22 såväl
333 1090 10 20 1
374 1089 43 22 och
451 1090 14 20 2
496 1089 133 29 punkterna
659 1096 47 14 som
736 1089 40 21 det
805 1089 59 21 sista

106 1123 93 28 stycket
217 1123 24 22 af
259 1123 146 29 paragrafen,
423 1123 130 30 hvarjämte
573 1131 27 14 en
623 1123 122 29 obetydlig
763 1123 101 28 ändring

107 1157 23 22 af
155 1158 13 21 3
188 1158 117 29 punktens
333 1157 147 29 ordalydelse
504 1158 113 28 vidtagits
636 1158 8 21 i
669 1157 59 29 syfte
754 1160 35 19 att
806 1161 59 26 göra

106 1191 40 22 det
163 1192 56 21 fullt
241 1192 88 29 tydligt
354 1195 35 19 att
412 1192 54 22 med
490 1192 141 29 stadgandet
655 1193 70 21 afses:
754 1195 36 19 att
812 1199 53 22 pro-

106 1226 130 29 mulgation
264 1227 43 21 och
330 1227 150 28 publikation
508 1227 24 22 af
559 1227 104 29 olagliga
689 1227 66 21 akter
782 1226 83 28 skulle,

106 1261 29 28 på
159 1268 88 15 samma
265 1264 48 19 sätt
331 1269 48 14 som
398 1261 8 22 i
425 1261 74 22 andra
517 1261 82 22 länder
617 1261 202 28 kontrasignation
840 1261 23 21 af

106 1294 88 23 sådana
211 1295 125 28 urkunder,
355 1303 57 14 vara
430 1296 97 21 föremål
539 1296 37 22 för
588 1295 129 22 kriminellt
729 1295 48 22 åtal
790 1295 76 29 enligt

107 1329 44 22 den
179 1329 42 22 här
247 1330 179 29 ifrågavarande
448 1338 47 21 nya
512 1330 77 29 lagen.
627 1329 177 30 Förändringen
822 1329 44 22 har

106 1363 119 22 befunnits
244 1364 71 22 hafva
332 1365 25 21 så
376 1365 95 28 mycket
489 1372 48 14 mer
555 1364 50 22 skäl
623 1365 36 21 för
671 1365 37 28 sig
719 1372 49 14 som
781 1371 83 22 genom

109 1400 10 19 1
141 1397 43 22 och
203 1399 14 20 2
237 1399 133 28 punkterna
389 1399 23 22 af
432 1399 14 22 6
467 1400 20 27 $,
505 1399 53 22 med
577 1399 44 22 den
640 1399 159 28 begränsning
808 1399 58 21 slut-

106 1432 109 29 tillägget
239 1433 36 22 till
299 1433 72 28 sagda
398 1434 111 28 paragraf
538 1433 75 29 enligt
640 1433 44 22 den
709 1433 87 28 nädiga
814 1440 52 21 pro-

106 1466 132 29 positionen
251 1467 137 29 innehäller,
401 1467 145 29 landtdagen
560 1468 52 21 icke
625 1467 154 22 tillförsäkras
792 1467 75 28 nägra
