1081 1756
304 151 29 22 U.
352 151 27 21 B.
396 163 26 3 —
439 151 73 28 Prop.
532 151 42 22 N:o
590 151 36 22 14.
829 150 24 22 21

167 219 127 22 Emellertid
319 219 75 22 mäste
419 220 36 21 det
479 220 71 27 enligt
573 220 120 21 utskottets
716 220 67 21 tanke
799 219 57 22 före-

98 253 74 22 finnas
196 253 98 22 särdeles
318 254 74 21 starka
415 254 48 22 skäl
486 254 35 21 för
537 255 36 26 att,
590 254 29 28 pä
635 255 44 21 sätt
694 254 6 21 i
717 253 138 29 propositio-

98 294 44 15 nen
165 287 102 28 föresläs,
291 289 6 21 i
321 288 64 28 fräga
408 294 37 16 om
468 289 99 21 idkande
591 288 21 22 af
628 289 80 28 näring
723 288 64 28 bryta
803 288 52 21 med

98 322 118 29 principen
240 329 37 15 om
301 323 71 22 bättre
396 324 41 21 rätt
458 323 35 22 för
515 323 88 22 landets
628 329 59 22 egna
706 323 149 28 medborgare

99 357 6 21 i
129 356 140 23 förhällande
292 357 32 22 till
347 357 59 27 dem,
432 364 50 15 som
509 357 49 22 icke
583 357 86 28 ätnjuta
694 357 161 28 medborgare-

99 392 41 21 rätt
162 391 6 22 i
192 391 82 22 landet.
304 391 35 22 Då
371 392 108 21 utskottet
509 393 74 20 ansett
613 391 86 22 sådana
725 391 49 22 skäl
807 391 48 22 icke

98 425 111 29 föreligga
237 426 39 21 har
302 427 109 21 utskottet
438 427 80 26 funnit,
547 427 37 21 det
613 426 78 29 frågan
722 433 38 15 om
797 426 58 22 icke-

98 461 61 21 finsk
181 467 65 15 mans
269 462 41 21 rätt
330 462 31 21 att
384 461 70 22 drifva
477 461 81 28 näring
573 461 21 22 af
611 467 29 16 nu
657 461 134 22 omförmäld
817 461 38 22 be-

100 495 126 22 skaffenhet
249 496 76 21 rättast
348 495 91 29 afgöres
455 502 85 22 genom
563 502 26 16 en
611 496 148 28 lagstiftning,
777 495 78 29 byggd

100 529 29 28 pä
152 529 71 22 basen
246 530 21 21 af
282 530 105 28 gällande
406 531 132 27 näringslag
561 531 43 21 och
621 530 52 21 med
689 530 129 22 beaktande
835 530 22 21 af

100 563 28 22 de
145 564 110 21 särskilda
273 564 192 28 förutsättningar,
483 571 49 15 som
549 567 38 19 äro
603 565 130 28 uppställda
748 565 35 21 för
799 564 57 22 utöf-

100 598 84 22 vandet
200 599 20 21 af
236 598 169 29 ifrägavarande
427 599 112 28 näringar.
570 599 34 22 De
626 599 87 28 lagrum
729 599 6 21 i
752 599 104 28 proposi-

100 632 85 27 tionen,
202 639 50 15 som
269 633 79 22 beröra
365 633 121 22 icke-finsk
499 640 64 15 mans
577 633 141 28 näringsrätt,
735 633 65 22 hafva
813 633 43 22 för-

102 667 103 22 denskull
222 667 22 22 af
259 668 108 22 utskottet
383 667 158 23 underkastats
557 668 98 22 revision
670 668 70 28 enligt
751 668 105 28 grunder,

102 707 50 16 som
174 702 38 21 vid
235 702 171 28 behandlingen
430 702 21 22 af
474 708 58 22 resp.
556 702 127 29 paragrafer
702 705 100 19 närmare
819 708 38 16 an-

101 736 80 28 giivas.

170 770 34 22 En
220 770 62 28 fräga
298 771 22 21 af
332 771 125 28 principiell
471 771 124 28 betydelse,
609 771 62 22 hvari
683 772 108 21 utskottet
803 771 54 22 lika-

102 805 63 21 ledes
181 805 80 28 intagit
277 811 28 16 en
320 805 47 22 frän
384 806 175 28 propositionen
575 806 120 21 afvikande
708 805 150 29 ständpunkt,

103 839 125 22 behandlas
245 840 6 21 i
267 840 27 22 56
310 840 14 27 &
340 840 21 21 af
383 840 110 28 förslaget
517 840 31 22 till
564 840 187 28 tryckfrihetslag.
782 840 77 28 Enligt

103 874 120 22 utskottets
240 874 93 28 mening
349 874 34 22 stä
399 874 28 22 de
444 875 6 21 i
467 875 72 28 sagda
556 874 103 29 paragraf
668 874 191 22 förekommande

102 908 200 28 bestämningarna
319 909 5 21 i
341 909 54 21 strid
419 909 52 21 med
495 909 44 21 den
555 909 6 21 i
578 909 79 28 lagens
675 909 8 21 1
701 909 14 27 $
731 908 128 28 fastslagna

102 943 160 27 grundsatsen,
286 944 31 21 att
340 943 120 29 spridning
483 944 22 21 af
531 944 62 21 skrift
618 944 49 21 icke
693 943 32 22 fär
749 944 6 21 i
779 943 80 28 förväg

103 977 99 26 hindras,
226 978 6 21 i
249 978 37 22 det
309 979 31 21 att
363 978 140 28 paragrafen,
527 978 73 22 under
624 978 47 22 viss
689 978 170 27 förutsättning,

103 1012 123 28 möjliggör
249 1013 130 27 preventiva
402 1012 82 22 förbud
509 1014 47 20 mot
579 1012 120 28 spridning
715 1012 20 22 af
751 1012 109 22 utländsk

103 1046 117 28 periodisk
243 1047 132 28 tryckskrift,
398 1048 52 21 utan
475 1048 32 20 att
530 1047 27 21 de
581 1046 92 27 skrifter,
697 1052 50 16 som
773 1046 21 22 af
815 1046 44 22 för-

103 1080 71 22 budet
190 1081 72 21 skulle
282 1081 106 27 drabbas,
409 1082 101 21 behöfde
531 1080 112 22 innehälla
662 1080 134 29 nägonting,
809 1086 50 16 som

103 1115 71 27 enligt
199 1115 74 22 denna
296 1116 38 28 lag
353 1122 54 15 vore
430 1116 117 22 strafibart.
578 1116 65 22 Detta
665 1115 127 28 stadgande
809 1115 51 21 här-

103 1149 62 22 leder
180 1150 37 28 sig
232 1156 26 15 ur
273 1156 87 16 samma
376 1150 193 28 äskädningssätt,
586 1156 49 16 som
651 1150 136 22 framträdde
804 1150 6 21 i
827 1149 33 22 in-

104 1184 243 28 dragningssystemet.
378 1184 79 22 Under
479 1185 112 28 perioder,
615 1184 28 22 dä
669 1185 30 21 ett
721 1184 140 22 reaktionärt

104 1218 53 22 eller
172 1219 56 28 eljes
243 1219 168 28 ofördragsamt
426 1219 181 22 betraktelsesätt
632 1219 39 21 har
691 1218 142 22 öfvervikten
853 1218 6 21 i

104 1253 119 23 samhället
248 1254 44 22 och
316 1254 80 27 staten,
413 1254 76 22 kunde
509 1254 60 22 detta
592 1253 127 28 stadgande
741 1252 119 23 föranleda

105 1288 104 28 skadliga
232 1289 114 28 störingar
361 1289 6 21 i
385 1289 28 21 de
435 1289 97 21 litterära
555 1288 179 22 förbindelserna
757 1288 53 21 med
827 1288 34 21 ut-

105 1322 83 27 landet,
207 1322 25 23 sä
247 1323 86 28 viktiga
348 1323 35 22 för
398 1323 211 22 framätskridandet
625 1323 43 22 och
680 1322 181 29 upplysningen.

105 1356 45 22 För
172 1357 274 28 indragningssystemets
469 1357 160 22 bibehällande
653 1357 7 21 i
683 1356 62 29 fräga
768 1362 37 16 om
828 1357 33 20 ut-

105 1391 82 22 ländsk
202 1392 105 26 literatur,
323 1391 34 22 för
373 1392 91 21 hvilken
484 1391 138 29 importören
643 1391 43 22 och
705 1390 104 29 spridare
827 1389 35 22 stä

106 1425 6 22 i
128 1426 52 27 laga
203 1432 88 20 ansvar,
314 1427 43 20 tala
380 1426 35 21 för
431 1426 68 27 öfrigt
515 1426 50 21 icke
578 1425 133 22 nämnvärdt
726 1426 71 21 större
813 1424 48 22 skäl

106 1461 28 20 än
150 1459 35 22 för
200 1460 54 21 dess
270 1460 149 28 användning
434 1461 48 20 mot
499 1460 115 21 inhemskt
629 1460 69 27 tryck,
717 1459 86 22 hvilket
818 1459 44 21 kan

175 1505 130 23 Lagutskottets
318 1506 109 17 betänkande
442 1505 37 18 N:o
491 1505 20 18 2.
