1081 1761
252 147 14 20 2
567 148 41 22 N:o
621 148 27 21 14

224 216 46 21 kan
292 216 68 22 lända
380 216 36 22 till
431 217 102 28 verkligt
547 224 69 21 gagn,
641 224 35 14 om
693 216 99 29 tryckeri
807 216 62 29 finge
884 216 96 21 inrättas

224 249 67 23 äfven
307 251 30 28 på
351 251 182 29 landsbyggden,
549 253 113 27 upptager
673 251 110 28 förslaget
794 253 33 19 att
838 251 80 21 sådant
929 250 51 21 med

224 284 103 22 tillstånd
343 285 23 21 af
382 285 99 22 Senaten
496 285 45 21 kan
557 288 44 26 äga
616 293 55 13 rum.
694 286 50 20 Den
756 285 141 21 vidsträckta
908 284 72 28 sprid-

224 318 63 28 ning,
310 326 49 14 som
378 327 26 13 en
423 326 84 21 genom
525 320 66 28 tryck
606 319 173 29 mångfaldigad
794 318 68 22 skrift
876 319 44 21 lätt
935 318 44 21 kan

223 352 76 29 vinna,
318 353 94 22 likasom
434 354 42 22 ock
491 356 76 19 rätten
582 354 36 21 till
634 353 262 29 författareanonymitet
911 352 69 23 hafva

224 387 114 22 föranledt
353 390 34 20 att
403 388 48 22 dels
466 396 27 14 ur
508 388 97 28 tidigare
620 388 111 28 inhemsk,
747 388 49 21 dels
811 395 27 14 ur
852 388 70 21 andra
932 388 48 20 län-

224 421 49 22 ders
289 422 148 29 lagstiftning
451 423 62 21 vissa
529 422 251 29 ordningsföreskrifter
796 422 110 28 därjämte
917 422 7 21 i
935 422 45 21 för-

224 456 73 29 slaget
312 457 123 28 upptagits.

292 491 143 29 Lagbunden
459 491 136 29 tryckfrihet
617 491 95 22 innebär
734 491 49 28 ock,
806 493 34 19 att
858 491 50 28 den,
931 497 47 14 som

224 525 139 22 missbrukar
379 525 131 22 densamma
525 525 36 22 för
574 526 121 28 spridande
706 525 24 22 af
739 525 141 27 uttalanden,
896 532 82 21 genom

223 557 79 24 hvilka
317 559 24 22 af
355 560 185 29 rättsordningen
554 560 117 29 skyddade
683 559 119 29 offentliga
812 560 54 21 eller
877 559 103 22 enskilda

224 593 110 22 intressen
349 594 105 28 kränkas,
478 594 64 28 skall,
565 594 52 22 med
638 593 208 30 tillgodonjutande
862 593 22 21 af
898 593 81 29 rättig-

224 628 67 21 heten
312 630 34 20 att
362 628 79 22 endast
456 628 61 22 inför
531 629 53 28 laga
600 628 98 22 domstol
714 636 66 14 svara
795 628 35 22 för
845 628 49 21 sina
909 627 71 22 hand-

224 662 80 29 lingar,
325 662 58 22 efter
397 664 82 20 måttet
495 663 26 21 af
533 663 35 21 sin
583 663 68 21 skuld
667 663 95 22 drabbas
779 662 23 22 af
817 662 69 22 straff.
915 662 12 21 I
942 670 38 13 en-

223 696 74 29 lighet
318 697 93 22 härmed
433 700 114 26 upptager
569 698 151 28 lagförslaget
744 700 35 18 att
804 697 175 28 ansvarigheten

222 730 37 22 för
273 731 116 29 handling,
413 732 66 22 hvars
499 732 144 22 straffbarhet
661 732 100 29 grundar
776 732 36 28 sig
828 732 12 20 å
854 731 126 21 innehållet

223 765 8 21 i
246 766 79 29 tryckt
347 766 73 29 skrift,
443 767 59 21 skall
525 767 106 21 bedömas
655 766 57 22 efter
727 766 28 22 de
770 766 80 28 regler,
873 765 106 29 gällande

224 800 109 29 Strafflag
357 802 127 27 uppställer
508 801 35 22 för
565 801 252 29 gärningsmannaskap
840 800 42 22 och
902 800 77 21 delak-

223 834 76 28 tighet
313 834 39 22 vid
367 835 68 29 brott,
451 835 97 22 hvarhos
564 836 58 21 dock
637 836 52 20 med
704 835 94 22 hänsikt
812 834 36 22 till
859 834 120 28 förbrytel-

222 876 36 13 ser
273 876 82 21 genom
367 869 130 28 periodiska
512 870 135 28 tryckalster
662 872 58 19 samt
735 870 79 21 därtill
830 871 34 19 att
878 868 40 22 vid
933 868 46 21 till-

222 902 105 22 komsten
345 903 43 22 och
404 903 148 29 spridningen
567 903 24 22 af
605 904 136 28 tryckskrift
757 903 154 22 öfverbufvud
926 903 52 20 flere

222 943 108 21 personer
344 938 129 28 medverka,
489 945 27 14 en
533 938 35 21 del
584 938 111 21 särskilda
710 937 172 29 bestämningar
900 937 78 21 befun-

221 971 47 21 nits
283 979 55 14 vara
353 971 26 22 af
391 972 81 21 nöden.

291 1006 102 22 Emedan
410 1006 136 29 Strafflagen
559 1007 51 21 icke
619 1007 127 21 innehåller
756 1006 140 28 tillämpliga
906 1005 72 22 straff-

221 1039 173 30 bestämningar
409 1041 35 21 för
459 1041 60 22 vissa
534 1041 143 29 handlingar,
700 1041 91 21 hvilkas
806 1039 172 29 förebyggande

221 1074 84 22 hittills
327 1075 52 21 hört
401 1075 36 21 till
460 1075 43 22 den
526 1075 133 29 preventiva
678 1082 121 15 censurens
814 1074 99 29 uppgift,
936 1074 42 21 och

220 1108 81 22 hvilka
315 1109 8 21 i
339 1109 41 22 och
397 1109 34 22 för
447 1109 36 29 sig
501 1110 70 21 måste
591 1117 64 14 anses
679 1109 119 22 straffbara
821 1109 74 22 såsom
917 1109 61 21 brott

222 1145 61 19 emot
299 1143 83 22 allmän
399 1144 104 28 ordning,
518 1144 69 21 hafva
601 1143 197 29 kompletterande
813 1143 141 28 stadganden
971 1143 7 20 i

222 1176 63 22 detta
301 1177 106 22 afseende
421 1178 119 28 upptagits
556 1178 7 21 i
579 1178 107 22 särskildt
701 1178 87 28 förslag
804 1177 36 21 till
855 1178 45 27 lag,
915 1177 63 21 inne-

220 1210 105 25 fattande
339 1212 85 28 tillägg
438 1212 37 21 till
492 1212 26 22 16
533 1212 50 28 kap.
599 1212 143 28 Strafflagen.

291 1246 155 22 Omförmälda
461 1249 83 19 tvenne
558 1247 131 28 lagförslag,
700 1254 50 14 som
760 1246 94 22 härmed
865 1246 35 21 till
911 1246 67 21 Stän-

221 1276 80 34 dernas
325 1281 128 32 antagande
475 1280 157 32 öfyverlämnas,
656 1284 37 22 äro
715 1280 27 22 af
761 1280 101 32 följande
882 1280 95 32 lydelse;
