1084 1761
311 148 28 22 U.
356 147 27 25 B.
400 160 24 3 —
443 147 74 28 Prop.
533 147 44 23 N:o
593 147 34 23 17.
820 146 27 23 33

90 220 62 22 lems
179 219 51 23 rätt
257 220 35 22 att
322 218 102 23 utträda
457 225 31 16 ur
514 218 129 30 förening;
672 219 8 22 i
709 219 32 22 12
769 218 16 30 $
807 224 40 17 om

91 253 107 23 förande
228 254 25 22 af
282 253 159 29 förteckning
467 253 73 23 öfver
569 253 131 29 förenings
731 253 116 23 medlem-

91 294 65 20 mar;
176 288 8 21 i
204 288 31 22 14
254 288 15 29 8
288 294 73 16 mom.
381 288 22 25 2,
422 287 97 22 hvilket
540 288 141 22 innehåller
703 287 144 23 subsidiära

91 322 191 29 bestämningar
300 322 39 22 för
357 321 49 23 den
425 321 121 23 händelse
570 323 35 21 att
625 321 132 30 förenings
782 321 66 23 stad-

92 363 48 22 gar
158 356 54 23 icke
231 357 126 22 innehälla
376 363 151 22 noggranna
546 356 157 23 föreskrifter
715 356 134 29 angäende

92 391 212 29 föreningsmöte;
323 391 8 22 i
351 391 30 22 17
402 391 22 28 &,
443 391 103 22 hvilken
574 391 140 22 innehåller
741 392 35 21 ett
795 391 54 22 vik-

93 425 48 30 tigt
159 425 141 30 stadgande
318 425 36 22 till
374 425 84 29 skydd
483 425 39 22 för
541 425 172 23 minoritetens
733 425 60 27 rätt;
817 425 32 22 19

94 460 14 29 8
129 467 40 15 om
197 460 250 29 föreningsstyrelses
471 460 174 29 skyldigheter
673 467 31 15 m.
725 467 31 15 m.
796 459 51 22 Vis-

94 495 109 28 serligen
228 495 28 22 är
274 495 42 22 det
334 494 25 23 af
378 495 80 22 större
486 494 130 29 betydelse
636 496 36 21 att
690 495 75 22 dessa
784 494 65 23 stad-

94 529 101 30 ganden
223 529 75 29 följas
325 529 46 22 där
398 529 43 22 det
459 529 29 22 är
505 529 74 29 fräga
605 535 40 16 om
670 535 30 16 en
726 529 125 28 förening,

94 564 104 22 hvilken
226 570 60 22 eger
315 563 198 29 rättskapacitet,
542 570 57 15 men
627 565 61 21 utan
719 563 130 29 betydelse

96 599 44 21 äro
158 598 31 22 de
208 598 138 29 ingalunda
365 598 56 22 med
448 598 101 28 hänsyn
568 598 37 22 till
623 598 147 29 föreningar
788 599 61 21 utan

95 632 197 29 rättskapacitet.
330 632 72 22 Huru
416 632 91 29 viktigt
520 634 16 20 t.
548 638 39 16 ex.
607 632 88 26 detär,
706 634 35 20 att
758 632 91 29 hvarje

96 667 117 29 förening
240 667 47 22 har
314 667 112 29 stadgar,
445 666 7 22 i
473 666 86 23 hvilka
584 666 33 23 bl
638 673 22 16 a.
686 667 163 29 föreningens

97 702 117 22 ändamål
231 701 91 29 tydligt
339 701 122 29 angifves,
480 703 65 20 samt
564 703 35 21 att
611 701 159 29 förteckning
782 701 68 22 föres

96 736 72 22 öfver
196 736 58 22 dess
281 736 169 26 medlemmar,
478 736 113 29 framgär
615 736 80 22 redan
714 736 74 22 däraf
816 737 35 21 att

97 770 78 29 enligt
202 770 32 22 22
264 770 14 29 S
298 770 7 21 i
323 770 94 29 nådiga
451 770 190 28 propositionen
677 770 90 29 hvarje
804 770 48 22 för-

97 805 76 28 ening
184 817 32 3 —
228 811 60 16 vare
302 805 38 28 sig
359 805 179 28 inregistrerad
558 805 59 22 eller
636 805 54 22 icke
709 805 142 28 inregistre-

96 839 46 22 rad
163 852 32 3 —
215 839 50 22 kan
284 839 119 28 upplösas
432 845 89 22 genom
548 839 120 22 domstols
687 839 92 28 utslag,
799 839 53 22 ifall

98 873 47 22 den
165 873 101 22 utöfvar
286 880 30 15 en
335 873 169 26 verksamhet,
515 880 54 15 som
589 873 118 22 äristrid
726 873 57 22 med
793 873 58 22 dess

96 908 8 22 i
126 908 138 28 stadgarna
292 907 102 29 angifna
420 907 72 29 syfte,
520 908 59 22 eller
604 914 40 16 om
673 908 96 22 sädana
799 914 54 22 per-

97 949 82 19 soner,
199 942 86 22 hvilka
304 942 53 22 icke
382 942 66 22 varit
472 942 159 29 berättigade
651 944 36 20 att
705 948 62 16 vara
787 942 66 22 med-

96 977 104 21 lemmar
220 976 24 22 af
263 976 156 29 föreningen,
439 976 93 23 tillätas
557 977 62 22 höra
642 976 36 22 till
697 976 154 23 densamma.

98 1011 87 29 Enligt
208 1011 134 22 utskottets
367 1010 165 30 formulering
552 1011 25 22 af
595 1011 165 29 lagförslaget
779 1011 73 29 äläge

98 1046 138 22 emellertid
255 1052 30 16 en
310 1045 54 22 icke
392 1046 181 28 inregistrerad
591 1046 118 28 förening
737 1046 115 22 hvarken

98 1082 36 20 att
152 1080 77 22 hafva
249 1080 103 28 stadgar
370 1080 61 22 eller
448 1080 56 22 föra
522 1080 160 29 förteckning
707 1080 72 22 öfver
798 1080 55 22 sina

98 1114 168 22 medlemmar.

167 1148 48 23 Det
233 1150 28 21 är
280 1149 85 22 därför
384 1149 46 22 vär
455 1149 66 22 äsikt
540 1151 43 24 att,
603 1149 52 22 ifall
675 1156 34 16 nu
727 1149 127 28 ifrägava-

98 1183 79 22 rande
196 1183 41 29 lag
252 1183 138 28 uppställes
402 1183 77 29 enligt
489 1183 135 22 utskottets
635 1183 104 30 förslag,
754 1183 100 22 komme

98 1217 220 30 lagstadgandena
346 1217 132 29 angäende
506 1217 55 23 icke
585 1217 196 30 inregistrerade
805 1217 49 22 för-

99 1252 106 29 eningar
224 1253 36 21 att
271 1251 79 23 blifva
363 1252 99 29 mycket
481 1252 158 29 bristfälliga.
663 1253 38 22 De
710 1252 26 23 få
747 1252 107 22 bestäm-

98 1287 99 28 ningar,
214 1286 86 23 hvilka
326 1286 78 29 enligt
427 1286 135 24 utskottets
587 1287 96 28 förslag
701 1287 98 22 komme
820 1287 35 21 att

99 1320 91 23 beröra
210 1321 82 26 dessa,
309 1320 71 29 gifva
398 1321 22 29 ej
441 1327 45 16 ens
505 1321 165 22 närmelsevis
689 1320 166 23 tillfredsstä]-

98 1355 76 22 lande
200 1355 126 29 garantier
352 1355 48 26 för,
420 1357 36 21 att
484 1355 77 22 äfven
585 1355 88 23 dessas
693 1355 162 23 verksamhet

99 1389 98 22 komme
216 1391 36 21 att
270 1391 93 27 antaga
382 1391 36 21 uti
437 1391 35 21 ett
490 1390 140 29 lagbundet
649 1390 120 23 samhälle
783 1389 73 23 önsk-

100 1423 79 23 värda
199 1424 99 22 former.

168 1458 152 29 Ytterligare
338 1458 40 23 mä
397 1459 114 26 nämnas,
524 1460 35 21 att
577 1458 164 29 lagförslaget
754 1465 41 16 om
809 1458 48 22 för-

168 1500 130 23 Lagutskottets
310 1501 110 18 betänkande
432 1501 38 18 N:o
482 1503 17 16 4.
777 1502 11 17 3
