1081 1759
274 152 84 22 Ständ.
374 151 39 23 Sv.
430 164 28 3 —
473 152 74 28 Prop.
568 152 42 22 N:o
626 152 36 22 14.
815 151 26 22 21

86 220 83 22 brottet
191 221 45 21 kan
258 220 90 22 tillvitas
372 220 60 26 dem,
455 222 128 21 motsvaras
607 220 59 22 hvad
690 220 104 22 beträffar
810 221 33 21 ut-

86 254 82 23 ländsk
190 255 113 27 litteratur,
327 261 50 16 som
400 255 32 22 till
456 255 76 22 landet
556 255 128 26 inhämtats,
701 255 21 22 af
738 256 29 21 de
784 255 60 22 stad-

86 289 92 29 ganden
200 289 29 23 55
251 290 14 27 $
288 289 131 23 innehåller.
457 289 131 23 Emellertid
610 290 123 28 föreligger
748 296 28 15 en
794 290 50 21 icke

86 324 120 28 obetydlig
222 324 85 22 olikhet
322 324 83 22 mellan
422 324 68 22 dessa
505 324 45 22 fall.
588 324 44 22 Det
648 324 67 26 straff,
731 330 52 16 som
799 324 44 22 kan

86 358 54 28 följa
163 359 71 28 enligt
256 359 27 21 33
306 359 20 27 $,
350 359 66 21 beror
432 358 69 29 därpå
518 360 30 20 att
569 358 12 23 å
597 358 99 27 skriften,
712 364 51 16 som
780 358 64 28 gifvit

87 393 125 29 anledning
234 393 31 22 till
288 393 74 27 åtalet,
382 393 94 22 saknats
492 393 77 28 någon
594 393 6 22 i
625 393 26 22 10
666 394 14 27 &
695 393 148 22 föreskrifven

87 428 96 28 uppgift,
207 428 6 22 i
236 428 55 28 följd
316 428 76 22 hvaraf
414 428 28 22 de
458 434 117 22 personer,
592 434 50 16 som
659 428 131 22 medverkat
805 428 39 21 vid

88 462 104 22 skriftens
208 462 109 22 tillkomst
332 462 44 22 och
393 462 127 28 spridning,
537 462 47 22 haft
600 462 47 22 skäl
664 463 30 21 att
710 468 60 22 egna
786 468 58 22 upp-

87 497 153 22 märksamhet
256 497 65 22 äfven
338 497 21 22 åt
375 497 54 22 dess
446 497 107 22 innehåll.
574 497 76 22 Annat
660 499 24 19 är
694 496 151 23 förhållandet

88 532 51 21 med
163 532 68 26 skrift,
254 538 50 16 som
328 532 78 22 införts
430 531 47 22 från
501 532 109 22 utlandet.
643 532 141 28 Importören
800 531 42 22 kan

87 566 50 22 icke
152 566 130 22 förutsättas
299 572 43 22 ega
355 566 131 22 kännedom
498 573 37 15 om
548 567 28 21 de
588 566 255 28 ordningsföreskrifter,

88 607 50 15 som
162 601 60 28 gälla
245 601 39 22 där
299 601 93 22 skriften
408 601 110 28 utgifvits.
549 601 124 22 Dessutom
690 601 110 22 behöfver
815 606 28 16 en

88 636 68 26 skrift,
180 642 50 16 som
254 636 83 28 tryckts
361 636 6 21 i
390 637 69 21 annat
482 636 53 22 land
559 636 54 22 utan
628 636 68 21 tanke
712 635 28 29 på
757 636 31 21 att
804 635 40 22 där

88 670 96 28 spridas,
209 670 53 22 eller
284 670 66 22 hvars
374 670 100 22 innehåll
497 670 41 22 där
561 670 19 28 ej
606 672 23 20 är
651 670 118 26 straffbart,
793 670 51 22 icke

88 710 85 22 genom
190 705 37 21 sitt
241 705 57 28 yttre
314 704 64 22 skick
393 704 89 22 förråda
498 704 130 22 innehållet.
658 704 37 22 Att
706 704 46 22 åter
762 704 84 22 endast

88 738 29 29 på
133 739 73 28 grund
224 739 67 27 däraf,
307 740 31 20 att
353 739 129 22 författaren
499 739 49 22 icke
564 739 44 22 kan
626 739 38 21 här
680 739 6 22 i
702 739 76 22 landet
796 739 49 22 dra-

88 780 42 21 gas
152 774 32 21 till
207 780 87 20 ansvar,
317 773 104 23 åhvälfva
444 774 107 22 inhemsk
566 774 101 28 spridare
683 774 161 28 skyldigheten

88 809 31 21 att
135 808 29 28 på
179 808 96 22 förhand
291 808 98 28 granska
405 808 124 22 innehållet
542 808 21 22 af
574 808 76 28 hvarje
661 808 115 22 utländskt
787 808 58 22 litte-

90 843 134 26 raturalster,
240 848 50 16 som
307 842 45 22 han
368 843 116 26 omsätter,
498 848 55 16 vore
570 843 6 21 i
588 843 83 27 högsta
682 842 55 28 grad
749 842 96 28 obilligt.

90 876 54 23 Med
168 877 109 22 afseende
299 877 12 22 å
334 877 95 23 anförda
446 877 196 29 omständigheter
658 877 39 23 har
713 877 37 23 det
766 877 79 22 befun-

91 912 44 22 nits
158 912 82 28 nödigt
262 913 31 21 att
316 913 5 21 i
344 912 28 22 55
395 913 14 27 $
432 914 57 26 göra
505 912 37 22 det
558 912 86 28 tillägg,
661 913 30 21 att
707 912 139 28 importören

91 946 118 22 äfvensom
226 947 100 28 spridare
342 948 6 21 i
365 947 69 22 andra
451 947 69 27 hand,
536 947 92 22 hvilken
644 948 19 27 ej
680 947 43 21 kan
739 947 49 21 visa
804 946 42 22 till-

91 980 59 22 baka
166 981 29 29 på
211 982 145 28 importören,
375 984 39 20 äro
430 982 104 22 förfallna
549 982 32 21 till
598 982 61 21 straff
674 982 81 21 endast
771 981 39 21 där
826 980 20 29 ej

91 1015 86 23 sådana
194 1016 196 28 omständigheter
404 1016 120 28 föreligga,
540 1022 51 16 som
604 1016 200 27 vidhandengifva,
816 1016 31 21 att

92 1050 105 22 skriftens
220 1050 99 23 innehåll
339 1051 49 22 icke
405 1051 87 22 kunnat
506 1057 53 16 vara
576 1051 52 21 dem
644 1050 90 22 bekant.
764 1050 83 24 Kunna

92 1084 28 22 de
136 1085 154 22 öfverbevisas
311 1091 38 16 om
366 1085 140 28 delaktighet
522 1086 6 21 i
545 1085 37 22 det
598 1091 85 22 genom
700 1084 91 22 skriften
808 1085 38 21 be-

91 1119 93 29 gångna
200 1120 88 26 brottet,
304 1126 95 16 ansvara
416 1120 28 22 de
460 1120 113 28 själffallet
588 1120 86 28 jämlikt
688 1119 29 22 30
732 1120 22 26 $.

160 1154 30 22 På
214 1154 55 27 skäl,
293 1161 49 15 som
360 1155 84 21 anförts
460 1154 7 22 i
484 1154 44 22 den
545 1155 111 21 allmänna
672 1154 173 28 motiveringen,

92 1188 40 22 har
146 1188 28 22 56
190 1189 14 27 $
220 1189 6 21 i
243 1189 43 21 den
303 1188 84 29 nådiga
403 1189 175 28 propositionen
596 1189 119 21 uteslutits.

160 1223 7 21 I
191 1223 146 22 betraktande
361 1224 21 21 af
405 1224 28 21 de
454 1224 62 21 stora
532 1223 113 22 allmänna
661 1223 119 26 intressen,
796 1228 51 16 som

92 1258 52 21 med
160 1258 222 28 tryckfrihetslagens
391 1258 182 28 genomförande
585 1260 37 20 äro
634 1258 157 28 förknippade,
804 1256 44 23 och

92 1292 28 22 då
144 1292 25 22 så
192 1292 54 28 lång
268 1292 31 22 tid
323 1292 55 22 efter
400 1298 125 16 censurens
541 1292 141 22 afskaffande
701 1292 100 26 förflutit,
818 1292 31 21 att

92 1326 70 29 några
185 1327 164 22 förberedande
372 1326 105 29 åtgärder
499 1327 35 21 för
556 1327 80 28 lagens
660 1326 116 22 införande
798 1326 50 22 icke

92 1362 64 21 torde
172 1368 53 15 vara
240 1362 76 21 vidare
333 1361 152 29 erforderliga,
502 1362 40 21 har
556 1361 209 29 tryckfrihetslagen
784 1361 64 28 synts

92 1396 76 22 kunna
192 1396 43 22 och
258 1396 56 22 böra
336 1396 62 22 träda
415 1396 5 22 i
437 1396 107 28 gällande
566 1396 56 22 kraft
638 1396 140 22 omedelbart
794 1396 55 21 efter

92 1430 54 22 dess
169 1430 143 27 utfärdande;
335 1430 44 22 och
403 1431 39 21 har
467 1431 8 21 1
502 1437 68 15 mom.
587 1430 28 22 57
631 1431 13 27 $
660 1430 6 22 i
683 1430 101 28 enlighet
800 1430 48 22 här-

92 1465 52 22 med
161 1465 103 22 affattats.

859 1145 58 39 (5668
926 1149 89 29 iprop.'

904 1220 27 22 57
950 1219 26 29 8.
