1081 1756
302 151 26 22 U.
345 151 26 22 B.
390 164 26 2 —
431 151 74 28 Prop.
522 151 43 22 N:o
581 151 35 22 14.
826 151 14 21 3

155 218 115 24 Utskottet
286 220 142 22 hemställer:

362 289 38 21 att
412 288 77 22 denna
501 288 103 28 ändring
613 288 71 22 måtte
694 288 148 28 godkännas.

156 356 135 29 Paragrafen
317 358 39 22 har
379 358 21 22 af
422 357 171 29 Ridderskapet
614 357 42 22 och
678 357 76 22 Adeln
778 358 67 21 samt
861 357 58 25 138.

86 391 177 23 Bondeståndet
298 392 136 22 oförändrad
470 392 115 28 godkänts
616 392 68 26 enligt
714 392 130 22 Utskottets

87 426 93 28 förslag.

156 459 89 23 Preste-
261 461 42 22 och
318 460 203 29 Borgarestånden
537 461 66 22 hafva
619 461 92 22 beslutit
727 460 116 29 upphäfva

88 495 38 21 det
141 495 6 21 i
163 495 108 28 förslaget
294 495 80 28 gjorda
398 495 140 28 undantaget
563 495 35 22 för
613 495 113 28 småtryck
741 495 103 26 sålunda,

89 530 31 21 att
135 529 71 28 enligt
221 529 155 22 förstnämnda
393 529 79 22 stånds
488 530 75 21 beslut
579 535 46 21 sex,
642 529 43 22 och
702 530 71 27 enligt
788 529 58 22 Bor-

86 563 164 28 gareståndets
273 564 75 21 beslut
370 565 30 20 ett
424 564 115 28 exemplar
562 564 20 22 af
598 563 81 23 sådant
695 564 61 28 tryck
772 563 72 23 borde

88 598 33 22 till
137 598 278 22 universitetsbiblioteket
430 598 116 22 insändas.

158 632 59 22 Enär
240 632 43 22 den
304 633 130 28 föreslagna
450 633 127 28 ändringen
593 632 83 29 åsyftar
692 633 30 21 ett
737 632 109 29 tillgodo-

90 667 85 22 seende
198 667 22 22 af
241 667 197 22 kulturhistoriska
460 667 111 22 intressen
588 667 43 22 och
648 673 69 22 synes
734 667 109 22 utskottet

90 701 6 22 i
113 701 44 22 allo
172 701 172 27 beaktansvärd,
360 701 81 22 tillåter
456 702 38 28 sig
508 701 116 23 Utskottet
640 701 96 22 föreslå:

366 771 37 21 att
423 770 171 29 Ridderskapet
615 770 42 22 och
680 770 80 25 Adeln,
783 770 65 22 samt

298 805 88 22 Preste-
400 805 42 22 och
456 805 181 22 Bondestånden
648 805 71 22 måtte
726 804 42 29 för
774 811 72 22 para-

295 839 85 28 grafen
395 840 89 27 antaga
495 839 112 29 följande
622 839 100 29 lydelse:

162 908 163 29 »Boktryckare
348 915 52 15 vare
424 909 81 28 pliktig
528 910 30 20 att
582 909 21 21 af
624 909 42 21 alla
683 908 92 26 skrifter,
792 914 50 15 som

91 943 43 21 hos
157 943 86 21 honom
267 943 89 28 tryckas
375 943 88 28 (utesl.)
479 943 62 22 inom
558 949 40 15 sex
614 943 108 21 månader
738 943 54 21 efter
808 942 38 22 det

91 977 91 21 skriften
206 978 126 25 utkommit,
355 977 39 22 vid
416 977 41 22 bot
479 977 48 22 frän
544 977 43 22 och
604 977 52 22 med
672 977 64 28 tjugu
752 976 31 22 till
800 976 44 22 och

91 1010 53 23 med
159 1011 136 28 fyrahundra
311 1012 69 26 mark,
396 1012 53 21 utan
466 1012 126 28 ersättning
608 1012 47 22 mot
667 1012 71 21 kvitto
749 1011 98 22 tillställa

92 1045 279 23 universitetsbiblioteket
393 1046 7 21 i
423 1046 145 28 Helsingfors
584 1052 40 16 sex
639 1046 70 22 felfria
725 1046 123 28 exemplar.

91 1079 28 23 Af
149 1080 68 22 dessa
248 1080 64 22 skola
335 1086 85 22 genom
443 1080 291 22 universitetsbibliotekets
756 1080 91 28 försorg

92 1114 116 28 exemplar
230 1114 84 22 sändas
337 1115 32 21 till
392 1114 111 22 bibliotek
526 1114 54 22 eller
595 1115 69 21 andra
680 1114 75 28 dylika
772 1114 74 22 inrätt-

92 1148 87 28 ningar,
197 1148 74 22 hvilka
287 1148 85 29 ätnjuta
386 1148 71 22 sädan
473 1148 95 22 förmän.
591 1148 27 23 Af
634 1149 131 28 periodiska
774 1148 74 28 tryck-

92 1183 94 26 skrifter,
204 1189 50 16 som
271 1184 116 21 utkomma
404 1184 66 21 minst
486 1190 29 15 en
531 1183 63 29 gång
610 1184 5 21 i
631 1184 86 21 veckan
730 1183 117 22 äfvensom

93 1218 22 22 af
137 1218 151 28 planschverk
311 1218 87 22 hvilkas
422 1218 46 28 pris
494 1218 134 28 öfverstiger
643 1218 78 22 femtio
737 1218 68 26 mark,
821 1217 28 21 sd

93 1252 43 22 ock
156 1251 30 28 af
203 1252 115 28 smätryck
338 1252 37 22 mä
391 1252 60 22 dock
467 1252 81 22 endast
564 1253 31 21 ett
611 1252 115 28 exemplar
740 1251 109 22 universi-

92 1286 181 22 tetsbiblioteket
288 1287 159 28 ovillkorligen
463 1287 132 21 tillställas.”

162 1320 171 29 Ridderskapet
343 1321 43 21 och
397 1320 81 26 Adeln,
492 1321 112 28 Borgare-
616 1321 42 21 och
668 1320 180 22 Bondeständen
860 1320 28 22 16
901 1320 25 28 8.

94 1354 66 22 hafva
177 1355 86 28 antagit
278 1356 133 28 paragrafen
428 1356 71 28 enligt
515 1355 129 23 Utskottets
660 1355 92 28 förslag.

163 1388 175 23 Presteståndet
360 1390 39 21 har
422 1390 93 21 beslutit
538 1390 31 22 att
591 1391 41 20 rätt
654 1390 32 21 till
710 1389 98 22 idkande
829 1388 21 22 af

94 1423 261 28 kolportörverksamhet
378 1424 72 22 borde
474 1424 127 22 tillkomma
623 1424 82 28 jämväl
728 1423 121 22 icke-finsk

94 1457 151 29 medborgare
260 1458 72 22 under
348 1458 145 28 iakttagande
510 1458 22 22 af
548 1458 28 22 de
591 1458 87 27 villkor,
694 1464 51 16 som
760 1458 34 22 för
809 1458 40 21 be-

163 1503 133 22 Lagutskottets
308 1503 112 18 betänkande
432 1503 38 18 N:o
483 1503 18 17 2.
