1081 1761
238 181 13 21 2
429 181 83 23 Ständ.
529 182 38 22 Sv.
584 195 27 2 —
627 182 76 28 Prop.
719 182 40 22 N:o
777 181 35 23 14.

239 250 72 22 melse
334 251 52 21 med
410 251 70 22 Eders
504 251 125 28 Kejserliga
648 251 118 28 Majestäts
783 250 95 23 sålunda
895 250 99 23 uttalade

239 285 62 27 höga
322 285 53 28 vilja
391 285 40 21 har
446 285 6 21 i
469 285 70 28 nådig
555 286 145 28 proposition
716 286 32 21 till
764 292 30 15 nu
811 285 102 22 samlade
930 285 64 22 Stän-

239 318 51 22 ders
313 319 129 28 antagande
466 320 160 22 öfverlämnats
649 320 87 28 förslag
759 320 30 21 till
806 319 187 29 tryckfrihetslag.

238 353 55 22 Med
314 354 125 28 anledning
460 354 21 22 af
499 354 74 22 denna
589 354 146 28 proposition
751 354 21 22 få
789 354 125 22 Ständerna
931 354 5 22 i
954 360 40 15 un-

238 388 151 28 derdånighet
405 388 78 22 anföra
499 388 106 29 följande.

305 491 49 22 Alla
378 491 89 22 länders
491 492 93 21 historia
607 492 39 21 har
661 491 122 29 ådagalagt
799 497 124 16 censurens
939 498 53 15 van-

236 525 63 22 makt
316 526 43 21 och
384 526 134 28 skadlighet.
549 526 118 22 Försöken
689 527 30 20 att
738 526 105 22 använda
859 526 133 21 densamma

236 559 32 22 till
292 560 194 29 undertryckande
510 561 21 21 af
555 560 88 27 åsikter,
669 567 49 15 som
740 561 105 21 förefallit
868 561 124 28 olämpliga

236 594 54 22 eller
314 595 125 28 hinderliga
455 594 34 22 för
505 601 27 15 en
548 595 47 21 viss
612 595 92 28 politiks
720 595 189 28 förverkligande,
927 595 64 21 hafva

239 628 102 22 öfverallt
364 629 149 29 misslyckats.
549 629 86 22 Endast
657 629 105 28 tillfälligt
785 629 66 22 hafva
881 629 54 22 dess
959 630 32 20 in-

237 669 73 23 grepp
331 663 71 23 ernått
421 670 26 16 en
465 664 96 22 skenbar
583 664 126 28 framgång.
739 664 55 21 Men
811 664 6 21 i
834 670 87 16 samma
937 663 52 22 mån

235 698 40 21 har
300 698 209 28 regeringsmakten
534 698 113 22 vilseförts
670 698 139 22 beträffande
833 698 158 28 samhällsopi-

234 732 117 22 nionerna.
389 732 77 23 Under
496 739 123 15 censurens
648 733 63 28 tryck
742 733 65 21 hafva
833 733 28 21 de
886 732 105 28 förföljda

234 766 113 23 åsikterna
371 767 80 22 endast
473 767 79 21 vunnit
575 768 5 20 i
598 768 81 27 styrka,
702 767 115 22 anseende
834 767 42 23 och
899 767 90 22 utbred-

234 801 62 28 ning.
328 802 89 28 Klyftan
441 802 80 21 mellan
545 802 105 28 regering
673 802 43 21 och
738 802 47 21 folk
801 802 40 21 har
855 801 133 29 fördjupats.

232 835 123 29 Missnöjet
372 836 39 22 har
425 836 62 22 vuxit
503 836 6 22 i
525 836 122 28 spänning.
678 831 109 27 Öfverallt
810 836 39 22 har
865 842 123 16 censurens

233 870 149 28 användning
409 871 106 28 slutligen
537 871 43 21 fört
603 871 31 21 till
658 871 68 21 insikt
755 877 38 15 om
816 871 171 27 tryckfrihetens

232 905 180 28 nödvändighet.

302 939 181 28 Tryckfrihetens
505 939 121 28 grundsats
651 941 22 20 är
695 939 79 28 byggd
791 939 28 28 på
836 939 104 26 insikten,
957 940 32 21 att

232 973 39 22 det
292 974 57 21 blott
365 974 43 21 kan
425 974 66 21 lända
508 974 118 22 samhället
641 974 32 21 till
689 974 78 26 skada,
784 980 37 15 om
838 974 148 21 statsmakten

231 1007 124 29 berättigas
372 1009 5 21 i
394 1009 79 27 förväg
489 1009 67 27 lägga
573 1009 80 22 hinder
663 1009 34 21 för
708 1008 194 28 medborgarenes
913 1009 74 20 natur-

231 1042 46 28 liga
294 1043 41 21 rätt
352 1044 30 20 att
397 1043 132 28 offentligen
545 1043 61 28 gifva
623 1043 86 28 uttryck
721 1043 21 21 åt
754 1043 49 21 sina
815 1043 84 21 tankar.
924 1042 62 22 Små-

231 1077 104 28 ningom,
352 1083 84 22 genom
447 1078 71 27 tunga
529 1077 156 27 erfarenheter,
698 1078 39 21 har
749 1077 74 22 denna
835 1077 68 22 insikt
915 1077 73 21 under

230 1111 125 22 historiens
374 1112 54 28 lopp
448 1112 85 21 arbetat
544 1112 36 28 sig
590 1112 55 21 fram
657 1112 31 21 till
700 1118 67 21 seger
776 1112 5 21 i
791 1112 43 21 alla
843 1111 143 22 civiliserade

230 1146 85 21 länder.
332 1146 50 22 Icke
392 1147 52 21 utan
454 1146 48 21 skäl
514 1147 39 21 har
563 1146 37 22 det
617 1147 70 27 sagts,
699 1147 31 21 att
743 1153 52 15 man
806 1146 44 21 kan
862 1147 59 20 mäta
933 1146 53 21 civi-

230 1179 135 23 lisationens
389 1180 54 28 grad
467 1186 84 22 genom
574 1180 111 22 fastheten
705 1180 21 22 af
742 1180 28 22 de
787 1180 118 28 garantier,
922 1180 64 21 hvar-

229 1214 53 22 med
298 1214 159 28 tryckfriheten
474 1215 6 21 i
496 1216 31 20 ett
539 1215 52 21 land
608 1217 23 19 är
647 1214 110 29 skyddad.
789 1214 44 22 Det
848 1214 45 22 kan
908 1215 78 27 tryggt

229 1248 85 28 påstås,
332 1250 31 20 att
378 1250 53 20 utan
447 1249 136 28 lagstadgad
598 1249 129 28 tryckfrihet
744 1248 72 22 skulle
833 1248 44 22 den
894 1249 90 21 mänsk-

229 1282 46 29 liga
291 1284 116 21 kulturens
420 1284 99 28 mäktiga
531 1284 130 28 utveckling
672 1284 72 21 under
757 1284 90 21 senaste
861 1284 62 21 sekel
935 1284 50 20 icke

228 1318 56 21 varit
300 1318 101 22 tänkbar.
432 1318 60 22 Utan
508 1318 133 22 densamma
657 1320 23 20 är
693 1318 50 22 icke
755 1317 69 22 heller
834 1317 78 28 någon
920 1318 65 21 verk-

228 1357 50 16 sam
294 1352 98 22 kontroll
408 1352 63 22 öfver
483 1352 187 28 myndigheterna
682 1352 43 22 och
737 1352 105 28 lagarnas
854 1352 130 22 efterlefnad

228 1386 86 28 möjlig.

297 1417 72 25 Äfven
390 1422 5 21 i
416 1421 47 22 vårt
483 1421 52 22 land
556 1422 39 21 har
613 1422 110 28 jämsides
740 1421 52 22 med
809 1421 37 22 det
862 1421 123 22 nationella

228 1455 44 21 och
296 1456 107 27 politiska
426 1456 73 21 lifvets
516 1456 131 27 utveckling
663 1456 167 27 öfvertygelsen
853 1462 38 15 om
911 1455 73 28 tryck-

226 1489 109 22 frihetens
361 1490 117 28 betydelse
501 1490 72 21 blifvit
596 1491 37 20 allt
656 1491 138 20 allmännare
813 1490 44 21 och
874 1495 61 16 mera
951 1489 33 21 lif-
