1084 1767
137 268 52 28 81.

133 1100 12 26 $
157 1100 29 26 5.

221 130 27 20 14
440 130 27 22 U.
486 131 27 21 B.
529 144 28 2 --
573 131 74 28 Prop.
663 131 41 22 N:o
721 131 36 22 17.

553 211 12 22 1
589 212 70 27 kap.

291 270 112 22 Emedan
432 270 123 23 utskottet
582 273 82 20 ansett
689 272 35 21 ett
748 270 184 29 uppräknande
951 270 28 23 af

222 304 49 22 alla
290 304 31 22 de
340 304 66 22 olika
426 305 91 29 syften,
537 305 40 22 för
589 306 87 22 hvilka
689 305 148 29 föreningar
850 305 57 22 med
920 305 56 23 stöd

222 339 25 21 af
265 338 174 30 föreliggande
457 340 141 29 lagförslag
622 340 69 29 finge
713 340 91 26 bildas,
824 346 62 16 vara
905 340 71 29 ogör-

220 373 54 29 ligt,
294 375 64 21 samt
376 374 90 28 hvarje
484 374 87 22 försök
591 374 84 22 därtill
687 374 88 22 kunna
788 374 57 22 leda
859 374 35 22 till
907 374 70 22 miss-

219 407 124 27 förständ,
363 408 46 22 har
427 408 122 23 utskottet
567 409 8 22 i
594 409 91 22 sädant
714 408 119 23 afseende
851 409 124 22 förkortat

219 442 197 30 formuleringen
436 443 25 22 af
475 443 14 29 $
505 444 22 21 1.
559 443 44 22 Ett
621 444 56 22 stöd
695 443 40 23 för
749 443 68 22 detta
829 443 146 29 förfarings-

220 477 50 22 sätt
294 477 119 29 erbjuder
438 478 75 22 äfven
532 478 197 29 formuleringen
749 478 26 22 af
793 478 42 22 det
853 478 78 22 redan
951 477 25 23 af

221 510 143 24 Ständerna
383 513 111 28 antagna
512 512 297 29 grundlagsstadgandet
835 512 139 29 angäende,

220 547 68 21 utom
317 548 83 25 annat,
429 546 248 30 föreningsfriheten.
715 548 12 21 I
746 546 63 30 följd
837 546 74 22 häraf
928 547 47 21 har

220 582 35 20 ett
273 580 81 22 under
372 581 209 22 remissdebatten
600 582 7 21 i
627 582 192 22 Prästeståndet
836 581 75 22 väckt
926 581 48 22 för-

220 614 62 30 slag,
307 616 35 21 att
369 616 7 21 i
396 616 80 28 sagda
500 616 123 29 paragraf
648 616 78 22 bland
751 616 98 22 tillåtna
867 615 107 23 förenin-

219 656 48 22 gar
294 650 120 22 särskildt
440 650 81 22 skulle
549 652 105 20 nämnas
683 650 76 23 äfven
783 650 125 29 religiösa,
927 650 47 22 fått

219 684 109 22 förfalla.

290 718 69 22 Enär
383 719 143 22 militäriskt
550 720 181 28 organiserade
753 719 46 22 och
824 718 150 29 beväpnade

219 752 147 30 föreningar
389 753 55 23 icke
471 754 86 22 kunna
582 754 93 22 tillåtas
693 754 7 22 i
721 755 34 21 ett
779 754 110 22 ordnadt
912 760 61 15 sam-

218 787 75 27 hälle,
312 788 56 22 med
388 788 96 22 mindre
503 788 74 22 dessa
596 788 147 30 föreningar
762 788 154 22 underkasta
935 788 38 28 sig

220 822 178 22 statsmaktens
414 822 125 22 särskilda
559 823 114 26 kontroll,
692 823 47 22 har
759 823 122 22 utskottet
893 822 80 22 beslu-

218 856 30 22 tit
267 856 126 22 bibehålla
412 858 35 21 ett
466 857 141 29 stadgande
624 858 86 22 härom
730 858 7 21 i
760 857 129 29 förslaget.
919 857 54 22 Till-

217 890 53 22 lika
294 890 46 22 har
364 891 128 27 utskottet,
512 892 39 22 för
571 893 35 21 att
625 892 166 29 stadgandets
809 892 164 28 formulering

218 925 54 21 icke
298 926 76 21 måtte
398 926 70 28 gifva
494 926 137 29 anledning
649 926 36 22 till
704 933 30 15 en
754 926 175 29 utsträckning
948 926 25 22 af

218 959 59 22 dess
296 960 110 22 innehåll
425 960 36 22 till
481 961 79 21 andra
579 960 153 30 föreningar,
751 960 47 22 och
816 961 39 21 för
875 961 35 21 att
922 961 51 21 sär-

218 993 78 23 skildt
322 994 169 29 uppkomsten
516 995 45 22 och
585 995 178 29 utvecklingen
789 994 26 23 af
831 994 143 30 jaktvårds-

217 1028 147 29 föreningar
388 1028 54 23 icke
466 1029 77 23 måtte
567 1030 138 26 försvåras,
726 1030 57 22 sökt
803 1031 35 20 att
856 1030 8 21 i
883 1029 91 22 sådant

218 1062 120 23 afseende
356 1063 136 29 förtydliga
511 1064 166 28 paragrafens
695 1064 173 28 formulering.

288 1097 71 22 Inom
377 1098 122 22 utskottet
517 1098 47 22 har
578 1098 128 22 anmärkts
721 1100 36 20 att
771 1098 136 28 anledning
919 1098 56 22 icke

217 1131 93 22 funnes
330 1133 42 25 att,
392 1132 83 22 såsom
494 1132 7 22 i
520 1133 15 21 5
556 1132 14 29 $
590 1133 150 28 föreslagits,
753 1132 120 29 förbjuda
889 1138 84 22 omyn-

218 1166 60 28 diga
305 1173 121 21 personer
454 1168 35 20 att
518 1167 101 29 deltaga
643 1168 8 21 i
675 1167 119 28 politiska
819 1167 153 28 föreningar.

219 1200 193 30 Behöfligheten
433 1201 25 22 af
476 1207 31 16 en
526 1201 163 29 åldersgräns
708 1202 7 21 i
734 1201 169 23 förevarande
930 1200 44 22 fall

219 1234 47 22 har
285 1235 63 22 dock
368 1235 101 23 erkänts
489 1236 25 22 af
532 1236 134 22 utskottets
685 1236 135 28 majoritet,
840 1242 53 15 som
906 1235 67 28 förty

218 1268 132 24 bibehållit
368 1270 167 28 paragrafens
554 1270 79 22 första
652 1272 111 20 moment
782 1269 165 23 oförändradt
965 1269 8 22 i

218 1304 84 28 öfrigt,
331 1306 68 20 utom
426 1306 35 20 att
485 1304 126 28 uttrycket
639 1304 132 29 »förening
789 1304 57 22 med
865 1304 107 22 särskild

217 1338 102 29 uppgift
341 1340 35 20 att
403 1338 105 22 inverka
532 1339 33 28 på
591 1338 131 30 offentliga
747 1338 224 30 angelägenheter»

217 1374 73 26 synts
314 1372 122 23 utskottet
461 1373 82 22 alltför
562 1373 142 23 obestämdt
723 1373 46 22 och
791 1372 24 23 af
834 1372 79 23 sådan
933 1379 40 15 an-

216 1406 104 30 ledning
356 1407 97 29 utbytts
484 1409 50 20 mot
566 1408 137 28 »förening,
733 1414 54 16 som
815 1407 157 28 väsentligen

216 1440 121 30 fullföljer
355 1442 113 28 politiskt
486 1442 90 28 syfte».

286 1484 131 23 Lagutskottets
429 1485 109 17 betänkande
551 1485 36 17 N:o
600 1486 17 16 4.
