1084 1764
435 137 41 22 N:o
489 137 26 23 17
818 137 13 20 5

172 206 22 28 5)
215 206 113 22 huruvida
356 206 68 29 afgift
451 206 41 22 bör
515 206 23 22 af
555 206 98 22 medlem
669 206 81 28 gäldas
766 206 37 21 till
817 205 44 22 för-

104 241 99 28 eningen
219 241 42 21 och
278 240 106 30 afgiftens
400 241 83 29 belopp
500 242 55 21 eller
569 241 59 22 huru
642 241 63 22 detta
715 241 145 27 bestämmes;

172 276 22 26 6)
208 276 58 21 huru
281 275 147 29 föreningens
444 276 95 28 styrelse
555 279 25 18 är
595 275 86 22 ordnad
697 276 42 21 och
754 275 35 22 för
803 275 59 21 huru

103 310 55 28 lång
173 310 35 21 tid
223 310 178 22 medlemmarna
416 310 50 22 däri
481 310 65 22 skola
560 312 73 25 utses;

173 345 21 27 7)
210 344 63 22 tiden
293 344 35 22 för
350 344 299 29 räkenskapsafslutningen
667 346 58 20 samt
740 344 64 22 tiden
819 343 42 21 och

104 380 70 20 sättet
184 378 34 22 för
228 379 171 29 granskningen
412 378 22 22 af
443 379 183 29 räkenskaperna
634 378 42 22 och
683 378 178 28 förvaltningen;

172 413 22 27 8)
209 413 69 28 tiden,
294 413 62 22 inom
371 413 95 23 hvilken
481 414 98 22 årsmöte
595 414 59 21 skall
668 414 81 27 hållas;

172 448 22 27 9)
210 450 69 19 sättet
297 448 35 22 för
350 450 73 20 mötes
446 448 209 22 sammankallande
670 448 42 21 och
728 447 73 29 öfriga
816 447 46 21 till-

104 482 202 28 kännagifvanden
322 483 23 21 åt
360 482 147 29 föreningens
523 482 156 28 medlemmar;
695 483 42 21 och

174 517 35 27 10)
224 517 59 21 huru
298 517 8 21 i
320 516 110 22 händelse
449 517 23 21 af
489 517 146 29 föreningens
654 517 141 29 upplösning
810 516 51 22 med

105 552 51 21 dess
170 551 107 22 behällna
292 552 125 28 tillgångar
432 552 58 22 skall
505 552 102 22 förfaras.

453 610 27 22 10
495 610 19 29 &.

174 650 116 28 Förening
306 650 100 22 anmäles
422 650 37 22 till
469 650 140 28 inskrifning
620 650 7 21 i
638 649 225 29 föreningsregistret

105 685 30 28 pä
150 687 46 19 sätt
218 685 4 21 i
242 685 13 21 3
272 685 51 28 kap.
342 688 71 25 säges.

175 719 57 21 Sker
257 719 97 29 ändring
382 719 25 21 af
432 719 147 29 föreningens
602 719 93 29 stadgar
713 720 54 20 eller
783 718 80 29 styrel-

106 760 51 14 sens
181 754 205 28 sammansättning
410 754 54 22 eller
486 754 141 22 beträffande
643 754 27 20 de
685 761 113 21 personer,
814 760 49 14 som

106 791 38 18 äro
160 788 108 28 behöriga
284 790 34 20 att
332 788 82 22 teckna
430 788 146 29 föreningens
591 796 76 20 namn,
682 788 69 22 varde
767 788 42 21 ock
825 786 38 22 det

106 823 36 21 till
157 822 139 29 inskrifning
310 823 8 21 i
332 823 226 29 föreningsregistret
573 823 107 21 anmäldt.
704 823 73 21 Innan
793 822 69 21 sådan

105 857 139 29 inskrifning
264 856 66 29 skett,
354 857 45 22 kan
422 858 126 28 ändringen
571 858 51 21 icke
644 857 51 22 med
710 858 53 27 laga
778 856 85 22 verkan

106 892 109 28 gberopas
231 894 49 19 mot
296 899 73 14 annan
386 895 28 19 än
430 892 50 28 den,
497 900 49 14 som
561 892 60 22 visas
637 891 68 22 hafva
721 892 77 21 därom
813 890 50 22 haft

106 926 102 28 vetskap.

454 962 26 20 11
496 961 20 29 8.

176 1001 122 28 Förening,
315 1008 48 14 som
373 1001 50 21 icke
434 1001 78 22 blifvit
522 1001 7 21 i
540 1001 223 28 föreningsregistret
773 1000 91 22 inskrif-

106 1043 51 20 ven,
195 1036 45 21 kan
281 1036 19 28 ej
333 1036 116 22 förvärfva
477 1036 136 28 rättigheter
636 1036 54 21 eller
719 1035 77 22 ikläda
829 1035 35 28 sig

107 1069 163 29 skyldigheter,
287 1070 19 28 ej
323 1070 71 21 heller
408 1070 60 22 inför
484 1070 98 22 domstol
599 1070 54 21 eller
669 1078 73 13 annan
757 1069 107 29 myndig-

106 1104 40 22 het
164 1104 61 28 söka,
241 1104 55 22 kära
311 1105 54 21 eller
380 1112 71 15 svara.

175 1139 70 28 Ingås
268 1138 138 23 förbindelse
428 1140 36 21 för
480 1140 112 28 förening,
609 1147 48 14 som
672 1140 51 20 icke
738 1138 78 23 blifvit
831 1138 33 21 in-

107 1174 107 27 skrifven,
230 1182 52 14 vare
298 1174 34 28 de,
348 1182 49 14 som
408 1174 77 28 ingått
499 1174 162 28 förbindelsen,
678 1174 119 28 ansvarige
815 1173 49 21 där-

106 1208 37 22 för
168 1209 75 21 såsom
269 1208 35 22 för
328 1216 75 14 annan
427 1209 35 21 sin
484 1209 61 28 gäld,
570 1217 28 13 en
620 1209 36 21 för
682 1209 44 21 alla
751 1208 43 22 och
820 1208 45 20 alla

107 1243 35 21 för
157 1251 33 14 en.

175 1278 153 29 Rättigheter,
352 1286 48 14 som
423 1279 29 28 på
476 1279 77 28 grund
571 1278 22 21 af
611 1279 68 28 lagen
697 1285 37 14 om
750 1278 115 21 allmänna

107 1312 203 22 sammankomster
325 1316 38 18 äro
377 1313 139 22 tillerkända
526 1313 139 28 föreningar,
675 1313 130 21 tillkomma
815 1311 50 22 icke

107 1346 112 29 förening,
235 1347 94 22 hvilken
346 1348 18 28 ej
381 1347 79 22 blifvit
475 1348 7 21 i
498 1347 225 29 föreningsregistret
733 1345 132 23 inskrifven.

456 1411 26 20 12
499 1412 19 26 8.

175 1449 99 23 Medlem
295 1451 8 20 i
322 1450 106 29 förening
447 1458 54 21 eger
519 1453 47 19 rätt
585 1453 33 19 att
633 1453 41 18 när
689 1457 48 14 som
751 1450 62 21 helst
827 1456 39 21 ge-

107 1491 54 14 nom
176 1484 102 29 skriftlig
293 1485 105 22 anmälan
414 1484 41 23 hos
471 1485 113 28 styrelsen
600 1485 55 21 eller
669 1484 51 22 dess
731 1483 135 23 ordförande
