1081 1759
421 138 41 22 N:o
474 138 27 21 14
791 138 25 20 11

88 206 60 29 tagit
163 207 25 21 så
203 209 57 19 stort
274 209 119 26 utrymme,
404 214 52 14 men
472 207 34 21 för
522 207 38 21 det
578 206 185 29 öfverskjutande
774 207 72 27 erläg-

88 248 40 22 ges
144 241 126 29 betalning,
287 242 158 21 motsvarande
460 242 76 28 lägsta
550 241 162 28 annonsafgift.

157 276 46 21 För
224 275 175 22 underlåtenhet
422 278 34 19 att
478 276 56 21 slikt
552 276 137 21 bemötande
704 275 75 22 införa
794 275 52 21 böto

89 310 224 21 hufvudredaktören
332 310 51 21 från
398 310 40 22 och
455 310 53 22 med
522 310 68 28 tjugu
610 310 36 21 till
662 310 42 21 och
719 310 52 21 med
786 309 61 29 fyra-

88 344 89 22 hundra
195 345 70 28 mark,
282 345 42 21 och
340 345 42 27 må,
398 352 36 14 om
450 345 116 28 genmälet
581 344 39 22 det
635 344 94 22 oaktadt
743 344 51 21 icke
814 344 33 21 in-

89 378 66 28 föres,
178 381 75 19 rätten
275 379 40 21 vid
337 379 106 29 lämpligt
465 380 47 20 vite
531 379 99 21 tillhälla
652 379 44 21 den
711 378 136 22 tredskande

90 415 34 19 att
140 413 34 21 sin
190 413 132 29 skyldighet
337 413 105 29 fullgöra.

414 518 13 20 5
450 517 70 21 KAP.

126 575 34 22 Om
177 575 109 27 utgifvande
302 575 20 21 af
336 575 99 27 offentliga
450 576 112 27 handlingar
577 576 36 21 och
628 576 53 21 vissa
696 575 61 21 andra
772 575 42 27 slag

408 616 20 21 af
446 616 84 22 skrifter.

437 678 29 21 25
481 680 19 26 8.

159 718 27 29 Ej
204 719 37 21 mä
256 719 76 27 någon
348 720 55 19 utan
418 718 156 28 vederbörligt
590 718 103 22 tillstånd
708 718 8 21 i
731 718 67 28 tryck
812 720 36 18 ut-

91 753 65 28 gifva
174 756 112 24 senatens,
306 752 234 29 statssekretariatets,
560 752 288 29 generalguvernörskans-

91 788 52 20 liets
159 790 59 18 samt
234 788 174 20 statskontorets
424 787 43 21 och
477 787 110 21 Finlands
597 787 73 21 banks
680 787 115 28 protokoll
806 786 42 22 och

91 822 143 28 handlingar,
246 822 19 28 ej
276 822 71 20 heller
357 822 36 20 till
404 822 88 28 ärende,
504 829 49 14 som
564 822 13 20 å
588 829 73 14 annan
674 821 59 22 finsk
744 820 104 28 offentlig

92 856 148 28 myndighets
255 856 174 28 handläggning
445 856 137 28 ankommer,
594 855 100 22 hörande
704 855 143 28 handlingar,

92 890 78 22 hvilka
190 890 74 28 enligt
283 890 111 22 särskilda
413 890 141 22 föreskrifter
573 890 56 22 böra
648 890 72 22 hällas
739 889 109 28 hemliga,

92 925 75 21 förrän
183 924 79 22 femtio
279 926 24 20 är
314 924 58 22 efter
382 924 150 29 protokollets
543 925 55 21 eller
607 924 151 28 handlingens
770 924 78 21 datum

93 959 102 22 förflutit.

162 994 90 21 Sådana
271 994 25 21 af
315 994 144 21 ämbetsvärk
476 994 42 22 och
538 994 160 28 myndigheter
712 993 41 21 hos
768 992 81 29 Kejsa-

92 1036 39 14 ren
148 1029 42 21 och
206 1028 138 22 Storfursten
361 1028 80 28 gjorda
456 1028 202 28 framställningar,
670 1029 13 20 å
697 1027 79 22 hvilka
791 1027 58 21 före-

92 1063 122 21 skrifterna
229 1063 8 21 i
253 1063 11 21 1
280 1070 67 14 mom.
364 1063 19 28 ej
401 1066 37 18 äro
456 1063 145 28 tillämpliga,
617 1063 37 21 må
672 1062 49 22 icke
740 1064 56 19 utan
811 1062 38 20 be-

92 1098 77 28 hörigt
184 1098 104 21 tillstånd
302 1097 8 21 i
325 1097 66 29 tryck
406 1097 102 28 utgifvas
523 1098 70 20 innan
604 1097 93 21 ärendet
707 1096 77 22 blifvit
794 1096 55 21 slut-

92 1132 62 28 ligen
171 1131 107 29 afgjordt.

161 1166 93 21 Förbud
279 1169 48 18 mot
352 1166 136 28 utgifvande
503 1166 8 21 i
525 1166 67 28 tryck
614 1165 21 22 af
652 1165 142 29 handlingar,
810 1164 40 22 hö-

93 1201 69 21 rande
180 1201 36 21 till
236 1200 87 28 ärende,
340 1208 48 13 som
408 1200 132 22 ankommer
548 1195 13 37 ä
583 1200 103 28 offentlig
702 1199 147 29 myndighets

93 1236 7 20 i
116 1235 174 28 Kejsaredömet
304 1234 181 29 handläggning,
498 1235 77 28 gäller,
592 1235 40 21 där
647 1234 83 21 sådana
745 1233 104 21 handlin-

93 1277 41 21 gar
149 1270 75 28 enligt
239 1269 110 21 särskilda
364 1268 140 22 föreskrifter
519 1269 55 21 böra
590 1269 71 21 hållas
676 1268 106 28 hemliga,
793 1268 57 28 jäm-

93 1304 36 22 väl
146 1304 8 21 i
170 1304 219 21 Storfurstendömet
403 1303 107 22 Finland.

441 1373 28 21 26
486 1374 19 26 8.

162 1413 164 28 Landtdagens
335 1412 113 29 protokoll
456 1412 41 22 vid
508 1412 119 29 offentliga
633 1411 175 29 förhandlingar
817 1410 33 22 äf-

94 1455 93 14 vensom
203 1447 143 28 redogörelse
361 1446 35 22 för
411 1446 60 22 hvad
488 1447 112 21 därunder
617 1446 107 28 förelupit
742 1453 54 15 vare
812 1453 38 13 en-
