1084 1764
260 144 15 22 4
576 144 42 23 N:o
630 145 26 22 17

585 215 15 20 4
615 216 19 25 8.

301 253 78 22 Såsom
395 254 97 22 medlem
512 255 38 21 mä
564 254 7 21 i
587 254 107 29 förening
711 254 56 28 ingå
789 254 20 28 ej
826 254 59 22 blott
900 254 87 22 enskild

234 295 88 21 person,
344 290 57 20 utan
423 289 43 21 ock
485 289 76 29 bolag,
578 289 98 21 stiftelse
692 289 42 22 och
748 296 75 14 annan
838 288 112 29 förening.

586 352 14 22 5
615 354 19 26 s.

299 391 12 21 I
326 391 106 30 förening
447 392 52 22 med
521 393 98 21 särskild
642 392 92 30 uppgift
752 394 35 20 att
802 392 94 22 inverka
911 393 30 28 på
956 392 32 22 of-

232 425 98 30 fentliga
345 427 192 28 angelägenheter
552 428 37 20 må
608 427 52 22 icke
679 435 75 14 annan
772 434 55 15 vara
844 427 95 21 medlem
959 430 29 18 än

230 460 61 22 finsk
307 468 51 14 man
375 462 54 20 eller
443 462 93 28 kvinna,
548 469 48 14 som
607 462 55 28 fyllt
673 462 102 28 tjuguett
785 462 30 28 år,
825 462 41 21 och
877 461 110 28 förening,

231 494 122 23 bestående
369 496 80 22 endast
464 496 22 22 af
501 496 84 22 sådana
599 496 153 23 medlemmar.

301 530 12 21 I
330 530 75 22 denna
420 531 110 28 paragraf
542 531 100 22 nämnda
657 531 132 29 föreningar
804 532 37 21 må
855 531 72 22 likväl
938 531 50 22 icke

230 564 97 29 tillegna
350 565 36 28 sig
408 566 142 28 rättigheter,
574 573 48 14 som
640 566 129 22 tillkomma
787 565 127 29 regerings-
934 566 54 21 eller

232 599 71 22 andra
319 599 120 30 offentliga
454 600 166 29 myndigheter.

585 664 14 22 6
614 666 20 26 8.

298 703 89 29 Näring
409 705 56 21 eller
487 712 74 14 annan
584 704 243 23 förvärfsverksamhet
847 705 37 21 mä
902 704 23 22 af
943 704 44 22 för-

230 737 70 29 ening
321 737 66 22 idkas
409 739 81 21 endast
512 739 75 22 sävidt
610 739 80 22 sädant
710 742 24 19 är
752 739 8 21 i
776 739 51 22 dess
843 739 92 28 stadgar
949 739 38 21 be-

230 772 91 21 stämdt.

585 804 47 26 78.

298 841 127 29 Förenings
443 843 147 21 medlemmar
608 850 96 15 ansvara
723 842 51 22 icke
791 843 145 28 personligen
952 841 35 23 för

229 875 147 30 föreningens
391 877 157 22 förbindelser.

584 941 14 22 8
614 943 18 25 8.

299 979 36 22 Då
358 980 106 30 förening
487 980 80 29 bildas,
586 981 42 22 bör
649 982 77 22 därom
742 983 121 27 upprättas
878 981 107 28 dagteck-

228 1014 47 21 nad
293 1014 101 30 skriftlig
417 1015 141 29 afhandling,
574 1016 160 21 innehållande
765 1016 93 28 stadgar
882 1015 36 22 för
942 1015 44 22 för-

229 1048 105 29 eningen,
350 1050 43 21 och
408 1050 164 29 afhandlingen
587 1050 167 22 undertecknas
770 1050 24 22 af
808 1050 70 22 minst
892 1054 34 17 tre
937 1058 48 20 per-

229 1090 72 22 soner,
317 1083 80 23 hvilka
411 1084 55 29 ingä
481 1086 74 20 säsom
574 1085 147 21 medlemmar
736 1085 7 21 i
760 1085 140 28 föreningen.

584 1142 48 27 98.

297 1180 12 22 1
323 1180 118 30 förenings
457 1182 93 30 stadgar
565 1183 59 21 skall
639 1186 123 26 upptagas:

299 1216 20 27 1)
344 1216 147 29 föreningens
520 1224 76 20 namn,
622 1217 151 22 utmärkande
794 1217 144 28 egenskapen
963 1216 23 22 af

228 1248 115 30 förening;

296 1284 21 27 2)
333 1284 44 22 den
396 1287 35 19 ort
446 1286 9 20 i
469 1286 85 28 landet,
570 1293 49 15 som
642 1286 58 22 skall
718 1286 64 28 gälla
797 1286 74 22 säsom
886 1285 99 22 förenin-

226 1325 59 21 gens
299 1318 98 29 hemort;

297 1353 20 27 3)
333 1353 38 21 det
387 1354 112 28 ändamål,
515 1354 89 22 hvilket
618 1354 136 30 föreningen
765 1354 58 22 afser
833 1357 34 19 att
877 1354 108 28 fullfölja;

295 1387 22 28 4)
332 1388 113 21 villkoren
460 1388 35 22 för
510 1388 89 22 inträde
616 1389 75 22 säsom
708 1388 100 23 medlem
826 1389 8 21 i
852 1388 132 29 föreningen

226 1421 44 22 och
285 1421 36 22 för
335 1422 110 22 medlems
459 1423 145 22 uteslutande
620 1426 58 19 samt
694 1425 30 28 pä
740 1424 68 21 hvem
824 1423 128 29 antagande
963 1423 23 22 af

226 1463 34 21 ny
274 1456 97 22 medlem
388 1457 42 21 och
446 1457 108 22 medlems
570 1458 145 21 uteslutande
731 1458 140 27 ankommer;
