1084 1764
233 145 14 20 4
465 145 21 22 U.
505 146 21 21 B.
545 157 28 3 —
591 145 61 28 Prop.
670 146 34 21 N:o
720 145 30 22 16.

233 211 100 26 enlighet
351 213 54 18 utan
422 211 44 20 ock
483 211 35 20 för
534 211 126 26 styrelsens
677 211 181 20 handhafvande
870 210 115 21 öfverhuf-

233 247 54 20 vud.
320 247 53 20 Men
390 247 28 20 dä
435 247 45 26 det,
498 247 29 27 pä
544 248 45 19 sätt
606 247 160 20 erfarenheten
785 253 39 20 ger
836 247 37 20 vid
885 247 100 23 handen,

233 283 74 20 mäste
331 289 68 14 anses
423 289 54 14 vara
501 283 25 20 af
545 283 181 27 utomordentlig
743 283 50 20 vikt
809 285 31 18 att
857 283 38 20 det
911 283 74 20 finska

235 318 73 21 folket
319 319 97 20 erhäller
425 319 27 20 de
465 319 120 26 garantier,
599 325 50 14 som
662 319 74 20 under
748 319 102 20 rädande
863 319 123 20 förhällan-

233 354 46 21 den
296 355 40 20 äro
353 354 99 27 möjliga,
470 355 36 20 för
522 355 38 20 det
577 355 140 20 elementära
730 355 126 26 anspräket
867 357 33 18 att
911 355 76 26 styrel-

235 397 41 14 sen
293 390 70 21 mätte
379 391 147 20 handhafvas
544 391 70 26 enligt
630 391 43 26 lag,
691 393 59 18 samt
764 391 29 20 dä
810 391 38 20 det
859 391 35 20 för
906 390 81 21 sädant

233 426 110 21 ändamål
368 427 25 20 är
416 426 144 27 erforderligt
584 429 33 18 att
633 427 140 26 landtdagen
790 427 98 20 erhåller
904 432 82 21 genom

233 462 114 27 grundlag
363 463 94 26 stadgad
471 464 43 19 rätt
526 465 33 18 att
573 463 143 20 kontrollera
727 462 169 27 lagenligheten
908 462 25 21 af
942 464 44 25 sty-

233 498 88 21 relsens
337 498 180 21 handhafvande
534 499 45 20 och
591 501 33 18 att
640 499 91 26 vidtaga
743 498 70 21 häraf
822 499 122 26 päkallade
955 498 32 20 ät-

232 534 89 27 gärder,
340 534 43 21 har
404 534 114 21 Utskottet
540 537 75 18 ansett
638 535 38 20 det
692 541 55 14 vara
765 534 104 27 riktigast
886 536 32 19 att
933 534 54 27 god-

233 570 79 20 känna
324 570 44 20 den
369 566 12 35 i
394 570 145 27 lagförslaget
548 571 113 26 ingäende
673 571 155 26 grundsatsen
840 572 32 18 att
884 570 103 27 styrelse-

233 605 157 21 ledamöterne
406 607 40 20 äro
464 606 60 21 inför
540 607 139 26 landtdagen
696 606 122 26 ansvarige
830 605 35 21 för
876 606 112 26 ätgärder-

233 648 44 14 nas
295 642 138 26 lagenlighet
446 644 56 18 utan
514 644 32 18 att
557 642 178 27 ansvarigheten
747 642 62 20 inför
820 642 167 26 folkrepresen-

232 678 105 20 tationen
353 678 129 20 utsträckes
499 678 84 27 längre.
617 678 152 27 Landtdagen
786 678 42 20 har
832 673 16 37 i
868 678 44 20 alla
925 677 38 21 fall
980 677 7 20 i

233 714 202 26 interpellations-,
452 714 119 27 petitions-
589 715 45 20 och
651 714 163 26 adressrätten,
832 714 29 26 pä
878 714 44 20 sätt
943 713 43 21 den

233 756 46 20 nya
296 749 262 28 Landtdagsordningen
583 750 99 27 stadgar,
704 750 76 20 medel
797 752 32 18 att
846 749 95 21 inverka
958 749 29 27 pä

233 786 124 26 styrelsens
381 786 82 27 politik
490 786 163 26 öfverhufvud,
673 786 44 21 och
737 786 53 20 med
807 785 107 21 afseende
931 785 55 21 härä

234 822 47 20 kan
293 822 70 26 enligt
376 822 126 21 Utskottets
513 823 70 20 tanke
595 829 29 14 en
636 822 78 21 vidare
732 821 161 27 utsträckning
909 821 25 20 af
948 827 38 14 an-

233 858 243 26 svarighetsinstitutet
492 858 90 21 lemnas
599 858 22 21 ät
638 858 131 20 framtiden.
803 857 77 27 Enligt
892 857 44 20 den
948 857 39 20 nä-

233 893 54 27 diga
313 894 175 27 propositionen
515 894 95 20 komme
635 894 154 26 landtdagens
813 893 174 27 ifrägavarande

234 930 45 20 rätt
295 931 33 19 att
343 930 121 20 innebära:
482 931 44 19 rätt
542 932 33 18 att
591 930 78 20 fordra
690 930 87 20 besked
795 929 52 21 med
864 928 124 26 anledning

233 965 25 20 af
272 966 156 26 anmärkning
444 966 89 26 därom,
551 968 32 18 att
601 965 177 27 styrelseätgärd
803 965 52 20 icke
872 971 54 14 vore
942 964 46 26 lag-

233 1001 68 27 enlig,
326 1002 44 20 rätt
396 1004 32 18 att
455 1002 24 20 af
501 1002 72 20 sådan
601 1002 125 26 anledning
751 1001 35 21 till
811 1001 109 26 Kejsaren
944 1000 44 20 och

233 1036 142 22 Storfursten
400 1038 52 26 ingå
474 1038 52 20 med
558 1038 178 26 framställning,
764 1044 51 14 som
841 1037 83 20 sakens
950 1036 37 20 be-

234 1073 131 21 skaffenhet
398 1073 74 21 finnes
500 1074 93 26 påkalla
621 1074 44 20 och
692 1080 50 14 som
772 1072 146 26 naturligtvis
942 1072 45 20 kan

234 1108 113 22 innebära
363 1110 110 20 anhållan
490 1116 38 14 om
547 1110 90 20 felande
649 1108 212 28 styrelseledamots
873 1108 114 26 åtalande,

233 1146 61 19 samt
318 1146 44 19 rätt
387 1145 34 21 för
445 1146 140 26 landtdagen
607 1148 33 18 att
671 1146 7 20 i
695 1146 62 20 vissa
774 1144 40 21 fall
831 1144 53 27 själf
898 1144 89 20 besluta

233 1180 35 20 till
292 1180 83 21 sådant
408 1180 53 21 åtal.
505 1182 72 20 Dessa
601 1181 151 27 grundsatser
778 1186 69 14 anser
873 1180 115 20 Utskottet

233 1216 58 20 böra
307 1216 143 26 godkännas.

308 1252 132 22 Emellertid
466 1253 42 20 har
532 1254 13 19 5
570 1254 13 25 S
609 1254 6 19 i
638 1253 147 26 lagförslaget
809 1251 90 21 erhållit
916 1251 71 20 sådan

235 1288 129 27 affattning,
381 1290 33 19 att
430 1289 177 27 styrelsedamot
623 1289 78 20 kunde
713 1288 153 26 undandraga
878 1287 34 27 sig
923 1287 65 20 efter-

236 1323 153 21 kommandet
405 1324 25 21 af
444 1331 27 14 en
488 1325 25 20 af
527 1325 140 26 landtdagen
684 1324 34 20 till
735 1324 89 20 honom
842 1323 76 20 riktad
930 1329 57 20 upp-

236 1359 96 26 maning
351 1362 33 18 att
401 1360 84 26 afgifva
501 1360 127 27 förklaring
645 1360 63 20 öfver
724 1359 159 26 anmärkning
905 1358 82 21 beträf-

234 1394 71 21 fande
322 1395 137 27 lagligheten
475 1396 25 20 af
509 1403 28 13 en
554 1396 25 20 af
587 1396 88 20 honom
687 1395 109 27 vidtagen
808 1394 179 27 ämbetsåtgärd.

235 1429 36 21 En
296 1430 72 21 sådan
386 1432 105 27 tolkning
508 1432 82 20 vinner
606 1431 50 21 stöd
674 1431 25 20 af
712 1431 46 20 den
776 1430 211 27 omständigheten,

233 1468 32 18 att
283 1466 175 27 ifrågavarande
473 1467 15 28 &
504 1468 7 20 i
527 1468 45 20 den
589 1467 169 21 förberedande
778 1466 151 21 kommitténs
941 1465 45 26 lag-
