1086 1759
376 475 196 23 Reservationer.

467 541 18 22 I:

167 610 54 22 Med
240 610 122 23 Utskottet
381 614 25 18 är
427 611 39 28 jag
485 618 53 14 ense
557 610 86 27 därom,
663 612 35 19 att
717 611 13 20 2
750 610 14 26 $
782 609 26 22 L.
828 609 26 22 O.

98 646 52 21 icke
177 646 35 21 får
240 645 76 28 gifvas
343 653 29 13 en
390 645 26 21 så
435 644 128 29 begränsad
591 645 116 27 tolkning,
732 646 35 20 att
786 643 69 22 Stän-

99 680 72 21 derna
198 679 76 29 enligt
301 679 133 22 densamma
461 687 54 14 vore
542 679 114 22 hindrade
683 681 36 19 att
736 679 13 20 å
768 679 88 21 urtima

99 714 113 29 landtdag
230 713 116 22 behandla
367 716 35 19 ett
420 714 92 27 ärende,
531 713 90 22 hvilket
639 713 36 22 för
694 715 34 20 att
745 713 110 28 begagna

99 749 126 21 utskottets
258 749 100 28 uttryck,
386 748 127 22 innefattar
540 748 83 21 hinder
649 748 35 21 för
711 747 144 22 Ständernas

99 783 151 22 värksamhet
267 783 74 28 enligt
359 782 274 29 Landtdagsordningen,
652 781 95 22 emedan
767 784 35 19 ett
820 782 35 21 så-

100 817 57 22 dant
181 817 85 22 ärende
290 817 76 22 städse
390 817 73 21 måste
486 817 139 22 åtminstone
643 816 93 22 formelt
753 823 45 22 ega
816 823 40 21 ge-

99 852 111 29 menskap
236 851 51 22 med
312 851 39 22 det
376 851 91 27 ärende,
492 852 69 21 hvars
579 851 144 28 behandling
741 850 114 22 hindrats.

100 887 33 21 De
153 886 36 22 till
208 886 131 21 Ständerna
362 886 74 21 under
457 885 77 22 denna
552 885 113 29 landtdag
684 885 122 27 ankomna,
825 885 33 28 på

99 921 71 28 ryska
188 921 94 28 språket
307 920 113 22 affattade
446 919 44 23 och
508 921 23 20 af
548 920 55 29 rysk
622 928 52 14 man
693 919 162 29 kontrasigne-

99 955 55 22 rade
173 955 163 22 skrifvelserna
354 955 80 21 kunna
452 955 31 28 på
501 955 58 21 visst
577 957 47 19 sätt
643 954 117 22 betraktas
780 955 75 20 såsom

100 990 104 21 formella
229 989 82 22 hinder
335 990 35 21 för
397 989 155 29 landtdagens
571 989 118 28 lagenliga
707 987 151 23 värksamhet

101 1025 42 21 och
162 1024 76 22 skulle
259 1024 51 21 icke
329 1024 99 21 allenast
446 1024 122 28 berättiga,
587 1026 56 19 utan
663 1023 42 22 ock
723 1023 74 21 under
816 1030 40 14 an-

101 1059 41 21 dra
160 1058 162 22 förhållanden
342 1062 27 18 än
390 1058 28 21 de
440 1057 136 23 nuvarande
594 1058 111 29 förplikta
724 1057 132 22 Ständerna

101 1096 35 19 att
159 1093 52 21 med
236 1092 52 22 stöd
312 1093 23 22 af
358 1093 101 28 gammal
478 1093 78 28 praxis
574 1093 35 21 uti
628 1092 77 22 adress
724 1091 77 22 vända
819 1092 38 27 sig

101 1128 36 21 till
163 1128 67 21 Hans
257 1127 132 29 Kejserliga
415 1127 111 29 Majestät
551 1127 52 21 med
628 1126 107 23 anmälan
754 1134 37 14 om
810 1125 46 22 den

101 1161 212 30 representationen
340 1161 73 22 under
440 1161 144 29 landtdagen
612 1161 97 22 sålunda
732 1160 126 29 tillfogade

101 1197 171 28 kränkningen.
308 1195 54 22 Med
381 1196 109 21 afseende
509 1195 55 22 därå
583 1198 34 19 att
635 1195 136 28 Monarken,
784 1194 73 22 sedan

101 1231 65 22 detta
192 1231 114 27 inträffat,
334 1230 100 22 stadfäst
461 1238 29 14 en
518 1238 31 21 ny
573 1230 138 29 förordning
735 1229 122 29 angående

100 1265 70 28 ryska
189 1265 106 29 språkets
314 1265 151 28 användning
484 1265 9 21 i
511 1264 112 22 Finlands
635 1265 149 28 förvaltning,
797 1263 60 22 hvil-

101 1300 44 21 ken
165 1299 42 22 den
227 1299 121 22 inhemska
372 1299 122 28 styrelsen,
514 1299 89 22 oafsedt
621 1299 28 21 de
669 1298 191 29 anmärkningar,

101 1341 56 21 som,
175 1335 30 28 på
224 1337 48 18 sätt
290 1333 122 22 Utskottet
432 1333 85 29 riktigt
536 1333 83 28 anfört,
638 1333 79 22 kunna
735 1335 49 20 mot
802 1332 55 21 den-

101 1376 87 14 samma
212 1372 75 25 göras,
313 1368 22 22 af
359 1368 45 21 lätt
427 1367 119 22 förstådda
565 1367 50 28 och,
634 1368 73 21 såsom
726 1367 39 22 det
783 1367 77 22 måste

101 1403 115 22 erkännas
236 1403 23 21 af
277 1402 106 29 vägande
402 1402 58 28 skäl,
480 1405 77 19 ansett
575 1403 36 27 sig
629 1402 57 21 böra
709 1401 151 30 promulgera

101 1437 37 21 till
156 1437 139 22 efterlefnad
314 1439 59 20 samt
386 1436 52 22 med
456 1437 92 27 hänsyn
567 1436 86 29 jämväl
671 1436 80 22 därtill
769 1438 36 19 att
824 1435 33 21 äf-

100 1478 44 14 ven
172 1471 414 21 ministerstatssekreterareämbetet
613 1478 31 14 nu
671 1470 135 22 innehafves
834 1469 24 21 af
