1081 1759
224 153 32 37 20
444 158 29 22 U.
490 159 27 21 B.
534 170 25 4 —
578 158 73 28 Prop.
669 158 39 22 N:o
724 158 34 22 14.

228 226 61 28 tade,
309 228 30 21 att
355 227 81 22 endast
452 227 44 22 den
512 227 117 28 verkligen
644 226 119 28 brottslige
779 226 56 22 skall
852 226 97 22 drabbas
965 225 21 23 af

230 261 90 22 straffet.
347 261 33 22 En
395 261 130 29 jämförelse
541 262 22 21 af
574 261 109 28 förslaget
694 261 51 22 med
755 261 43 21 den
808 260 120 23 utländska
938 260 47 28 lag-

230 296 131 28 stiftningen
379 296 6 22 i
400 297 76 21 ämnet
491 296 73 28 gifver
575 296 108 28 därjämte
693 296 38 21 vid
748 295 97 27 handen,
861 296 31 21 att
907 295 78 22 försla-

230 331 39 27 get
284 330 32 22 till
331 330 181 29 tryckirihetslag
531 330 140 22 beträffande
687 330 121 28 tidsenliga
828 330 158 28 förbättringar

230 365 45 21 och
291 364 38 22 det
345 366 49 25 sätt,
411 365 84 28 hvarpä
506 364 173 29 tryckfrihetens
695 364 113 28 principer
822 364 164 28 förverkligats,

230 400 64 27 tager
313 399 108 28 försteget
437 400 94 21 framom
548 399 94 22 flertalet
658 399 22 22 af
694 398 113 22 utlandets
824 398 133 29 presslagar.

299 433 44 22 Vid
367 433 80 23 sädant
469 433 141 23 förhällande
633 436 39 19 äro
694 433 28 22 de
739 433 181 28 anmärkningar,
936 439 50 16 som

230 468 63 22 inom
305 468 109 22 utskottet
425 468 78 22 riktats
514 469 49 21 mot
574 468 115 28 förslaget,
698 468 21 22 af
726 467 165 29 jämförelsevis
899 467 87 22 mindre

229 502 116 28 väsentlig
368 502 165 23 beskaffenhet.
558 502 66 22 Hvad
647 502 108 22 utskottet
771 502 47 22 haft
833 502 31 22 att
879 502 107 28 påminna

231 538 49 21 mot
295 537 147 29 lagförslaget
458 538 39 21 har
517 538 6 21 i
540 537 122 22 allmänhet
679 536 115 22 inskränkt
810 536 36 28 sig
862 536 31 22 till
909 536 77 28 detalj-

230 570 179 30 bestämningar.
425 572 67 21 Dock
507 571 73 29 gifves
599 571 38 22 det
652 571 65 22 äfven
733 570 76 28 frågor
824 570 22 22 af
861 570 125 29 principiell

230 604 127 30 betydelse,
379 606 6 21 i
401 606 76 22 hvilka
501 606 108 22 utskottet
633 606 45 22 haft
701 612 28 16 en
749 605 47 22 från
812 605 174 29 propositionen

231 639 120 23 afvikande
367 640 100 28 mening.

303 674 116 22 Utskottet
442 675 39 21 har
503 674 57 22 först
583 674 44 22 och
650 674 77 22 främst
743 674 49 22 icke
808 674 86 22 kunnat
908 674 79 22 förena

231 708 38 28 sig
292 714 38 16 om
353 709 190 28 propositionens
567 708 127 29 stadgande
710 709 6 21 i
732 708 13 22 6
768 708 20 28 $,
810 708 70 28 enligt
903 708 84 22 hvilket

231 743 137 28 rättigheten
385 744 30 21 att
431 743 53 22 idka
499 743 227 29 boktryckerirörelse
742 742 29 29 på
782 742 76 22 landet
868 744 68 27 göres
947 742 39 23 be-

231 778 87 21 roende
333 778 22 22 af
371 779 106 21 senatens
493 777 106 23 tillstånd.
620 778 73 21 Motiv
707 778 32 21 till
756 777 75 22 denna
841 777 146 29 bestämning

232 812 41 22 har
294 812 57 22 varit
373 812 109 29 farhägan
505 813 31 21 att
561 812 44 22 den
631 812 104 26 kontroll,
761 818 50 16 som
837 812 149 28 tryckerierna

232 847 72 27 enligt
328 847 109 28 förslaget
457 849 38 20 äro
511 846 173 27 underkastade,
700 846 74 22 blefve
789 846 123 27 försvårad,
928 847 6 21 i
950 847 37 21 fall

231 881 96 28 tryckeri
350 882 53 20 utan
426 881 76 22 vidare
525 880 44 23 och
592 882 53 20 utan
667 881 88 28 hänsyn
771 881 31 21 till
819 880 168 23 ortsförhållan-

231 915 68 27 dena,
317 915 64 29 finge
395 915 112 29 anläggas
523 915 29 29 på
568 915 82 22 landet.
671 915 30 22 På
712 916 44 21 sätt
767 915 109 22 utskottet
886 917 101 20 närmare

232 950 114 22 utvecklat
369 950 38 22 vid
431 950 170 28 behandlingen
625 950 21 22 af
668 950 13 22 6
698 950 14 27 $
728 950 7 21 i
751 950 181 28 propositionen,
949 950 40 21 har

232 984 111 22 utskottet
366 984 49 22 icke
439 984 60 22 delat
514 984 75 22 denna
604 984 162 28 betänklighet,
782 984 54 22 utan
852 985 79 25 ansett,
958 985 30 21 att

232 1018 97 28 tryckeri
349 1018 30 28 pä
395 1018 76 22 landet
487 1019 6 21 i
509 1018 144 22 omförmäldt
669 1018 107 22 afseende
792 1018 72 22 borde
880 1018 108 22 likställas

233 1052 52 22 med
302 1052 94 28 tryckeri
413 1053 6 21 i
435 1052 57 22 stad.

303 1086 33 22 En
360 1086 70 29 fråga,
454 1087 61 22 hvari
539 1087 108 22 utskottet
668 1087 82 26 jämväl
774 1087 80 28 intagit
870 1093 27 15 en
914 1093 75 15 annan

233 1120 141 29 ständpunkt
390 1123 29 20 än
435 1121 181 29 propositionen,
627 1124 24 19 är
663 1121 44 22 den
718 1121 140 22 beträffande
869 1121 121 22 icke-finsk

232 1155 165 29 medborgares
420 1157 42 21 rätt
484 1157 31 21 att
539 1156 52 22 idka
614 1156 29 22 de
665 1156 112 28 näringar,
801 1162 51 15 som
876 1156 66 22 hafva
957 1156 32 22 till

233 1190 93 28 uppgift
348 1190 194 28 framställningen
564 1190 43 22 och
625 1190 149 28 spridningen
790 1190 21 22 ai
832 1190 157 28 tryckskrifter.

232 1223 79 29 Enligt
326 1225 267 28 propositionsförslaget
609 1226 23 20 är
644 1225 121 21 icke-finsk
776 1224 150 28 medborgare
937 1224 52 22 med

233 1258 110 22 afseende
359 1258 13 22 ä
387 1260 72 20 rätten
475 1260 30 20 att
521 1259 53 22 idka
589 1258 227 29 boktryckerirörelse
831 1258 44 22 och
898 1258 91 28 kolpor-

231 1292 194 22 törsverksamhet
435 1294 58 21 samt
509 1294 31 21 att
549 1299 54 16 vara
619 1293 191 22 hufvudredaktör
824 1292 38 22 vid
874 1292 117 29 periodisk

232 1326 129 29 tryckskrift
377 1327 98 22 likställd
488 1327 52 23 med
551 1328 60 21 finsk
622 1327 150 29 medborgare
784 1327 43 22 och
839 1327 29 22 de
879 1327 111 22 föreskrif-

232 1361 40 26 ter,
292 1367 51 16 som
359 1362 71 28 enligt
445 1362 108 28 förslaget
564 1362 64 22 skola
643 1362 35 22 för
695 1362 69 22 dessa
774 1362 142 28 rättigheters
932 1362 58 21 utöf-

233 1395 58 29 ning
302 1396 119 28 iakttagas,
433 1398 40 20 äro
483 1397 54 21 utan
545 1396 77 22 vidare
631 1397 135 28 tillämpliga
774 1396 13 22 ä
800 1396 120 22 icke-finsk
931 1402 59 16 man.

232 1429 88 23 Endast
337 1430 6 22 i
359 1430 64 29 fräga
445 1437 38 16 om
506 1431 131 22 bokhandel
659 1431 71 22 skulle
754 1431 175 28 näringslagens
952 1430 39 22 be-

233 1464 142 29 stämningar
389 1465 67 28 gälla.

303 1510 132 23 Lagutskotteta
447 1512 109 17 betänkande
568 1512 37 17 N:o
628 1511 18 18 2.
