1086 1767
289 154 83 24 Ständ.
390 155 38 22 Sv.
443 168 28 3 —
487 155 74 28 Prop.
578 155 40 22 N:o
634 155 35 22 18.
846 154 11 21 ?

102 225 201 32 värnepliktslag,
331 228 27 21 är
378 225 111 32 utförligt
507 226 152 32 ädagalagdt,
686 226 114 23 hurusom
820 225 37 28 af-

102 259 140 25 vikelserna
259 260 56 24 frän
339 260 187 32 ifrägavarande
547 260 132 32 grundsats
698 260 102 24 hänföra
819 260 39 31 sig

103 294 40 24 till
161 294 96 31 mycket
275 294 146 32 begränsade
440 295 117 30 omräden,
570 296 31 30 pä
614 294 87 24 hvilka
714 294 144 24 ätminstone

103 329 9 23 i
131 328 27 24 de
182 328 70 24 flesta
270 329 46 23 fall
335 336 29 17 en
382 329 52 23 viss
453 329 58 24 häfd
529 329 96 23 kunnat
643 337 72 16 anses
733 328 125 32 föreligga,

103 365 64 22 samt
190 366 35 21 att
255 364 26 23 de
309 363 52 24 icke
387 363 85 24 kunna
498 364 126 31 upphäfva
650 363 90 32 själfva
767 363 91 32 grund-

104 400 89 28 satsen,
205 400 58 22 utan
283 406 44 24 ega
345 398 146 24 karaktären
510 398 25 24 af
550 398 104 24 enstaka
666 398 125 31 undantag
803 398 55 25 frän

104 432 146 29 densamma,
268 440 28 15 en
318 432 108 31 slutsats,
445 432 101 24 hvilken
566 432 134 24 Ständerna
719 433 27 23 sä
764 432 96 31 mycket

104 465 77 25 hellre
208 469 79 21 ansett
311 467 39 31 sig
373 466 84 24 kunna
481 467 76 32 draga
584 474 52 17 som
654 467 125 31 undantag
797 466 61 23 före-

105 501 100 24 kommit
231 501 92 30 jämväl
350 501 75 24 under
448 501 65 24 tiden
537 501 49 24 före
607 501 72 24 1809.
715 501 40 24 Ett
773 500 87 32 riktigt

105 535 143 24 bedömande
269 535 26 24 af
313 535 63 24 hvad
396 543 49 16 som
464 535 159 24 härförinnan
641 535 151 24 förekommit
810 535 50 24 kan

105 569 54 24 icke
177 569 53 24 leda
248 570 38 24 till
305 571 44 23 den
368 570 139 30 slutsatsen,
522 573 35 21 att
570 570 118 24 afvikelse
702 570 53 23 frän
769 569 91 33 grund-

106 606 82 22 satsen
207 612 55 16 vore
281 605 132 31 berättigad
431 607 32 30 pä
481 605 127 24 områdena
626 605 36 23 för
681 605 44 24 den
739 604 122 32 egentliga

107 639 126 30 styrelsen,
255 639 180 32 förvaltningen
455 639 44 24 och
517 639 197 32 lagskipningen,
733 639 43 24 och
795 639 8 23 i
821 639 39 23 in-

107 681 45 24 gen
178 673 114 24 händelse
310 673 79 24 skulle
408 677 33 20 ett
459 674 87 24 sädant
564 673 194 25 betraktelsesätt
777 673 84 24 kunna

107 707 120 24 erkännas
258 710 79 22 såsom
366 708 94 32 riktigt,
487 709 77 31 enligt
590 708 96 24 hvilket
712 708 149 31 undantaget

107 742 80 24 kunde
210 743 138 24 utsträckas
372 743 39 23 till
438 743 188 32 ifrågavarande
645 743 95 32 viktiga
757 743 103 23 ämbets-

107 776 67 31 verk,
198 778 30 30 på
252 777 44 24 den
315 777 77 32 grund
412 780 35 21 att
465 780 104 29 gränsen
589 777 37 24 för
644 778 38 23 det
700 777 100 30 område,
818 777 43 23 där

108 811 153 34 undantagen
299 811 83 24 kunna
418 820 60 16 vara
514 812 124 31 tillätliga,
674 815 27 20 är
736 811 125 24 obestämd.

111 846 74 23 Annu
204 846 92 23 mindre
314 846 47 23 kan
381 847 25 23 åt
424 847 44 23 den
483 846 207 32 omständigheten
703 846 161 24 tillerkännas

111 880 98 29 vitsord,
237 883 35 21 att
298 881 159 31 oberättigade
482 881 125 31 undantag
632 881 54 24 från
709 881 43 23 den
771 880 95 32 lagliga

111 914 82 32 regeln
212 915 64 24 förut
293 918 40 29 egt
350 923 59 16 rum.
443 915 97 24 Sådana
552 915 126 32 undantag
690 915 54 24 från
756 915 45 24 den
813 915 52 23 rik-

111 949 53 32 tiga
181 949 133 32 ordningen
333 949 146 24 förekomma
497 958 47 24 nog
562 950 70 23 såväl
651 950 45 23 här
714 957 49 16 som
780 957 85 16 annor-

113 983 86 30 städes,
221 991 53 16 men
293 984 85 23 kunna
396 984 53 24 icke
467 985 114 31 åberopas
600 987 62 21 emot
680 984 141 32 giltigheten
841 983 25 24 af

112 1018 82 31 regeln
214 1018 41 24 och
275 1019 56 23 böra
349 1019 85 24 endast
454 1019 122 24 föranleda
593 1019 40 23 till
651 1019 103 24 rättelse.

181 1053 44 23 Att
258 1053 255 32 Generalguvernören
544 1053 48 24 kan
625 1061 59 16 vara
713 1053 60 31 rysk
803 1060 64 22 man,

113 1087 108 31 grundar
239 1087 39 32 sig
296 1089 31 30 på
345 1090 32 21 ett
395 1088 159 30 förhållande,
572 1095 49 17 som
640 1088 135 23 fortbestått
794 1087 72 24 sedan

113 1121 80 32 Borgå
221 1121 115 33 landtdag
363 1123 27 23 år
416 1123 73 30 1809,
514 1123 42 23 och
582 1122 45 24 har
646 1122 91 24 således
755 1121 57 24 häfd
831 1121 37 24 för

114 1156 45 31 sig.
194 1155 92 25 Likaså
307 1157 79 24 skulle
406 1156 136 25 Ständerna
560 1157 53 24 icke
631 1157 68 24 finna
717 1158 79 30 någon
814 1156 53 31 lag-

115 1190 128 32 stridighet
261 1191 67 32 ligga
347 1191 58 31 däri,
424 1194 35 21 att
475 1191 98 32 skäliga
586 1191 88 32 anslag
686 1191 130 31 beviljades
829 1190 40 23 till

115 1224 126 24 aflönande
268 1225 25 24 af
320 1226 91 23 sådana
438 1226 74 31 ryske
539 1229 56 20 män
620 1227 78 22 såsom
718 1225 107 24 biträden
844 1226 26 22 åt

115 1258 261 33 Generalguvernören,
389 1260 25 24 af
426 1261 88 24 hvilka
526 1260 253 31 Generalguvernören
790 1259 80 24 kunde

115 1301 60 16 vara
193 1293 8 24 i
221 1294 69 24 behof
308 1295 51 24 med
378 1295 111 24 afseende
502 1297 14 22 å
528 1295 69 24 deras
610 1295 133 23 kännedom
756 1294 25 24 af
792 1293 78 31 ryska

115 1327 99 31 språket
241 1329 43 23 och
307 1329 61 31 rysk
391 1329 171 32 lagstiftning;
582 1329 43 23 och
644 1336 37 16 om
699 1328 77 24 denna
794 1330 77 30 utväg

116 1361 89 31 valdes,
233 1362 80 25 skulle
336 1364 9 22 i
369 1364 124 31 praktiskt
517 1364 110 23 afseende
646 1363 38 24 det
702 1370 60 16 vara
780 1362 90 30 ernådt,

116 1403 50 16 som
184 1404 57 16 man
260 1398 63 24 torde
342 1398 92 24 önskat.
464 1398 143 32 Veterligen
620 1398 45 23 har
678 1398 37 23 det
726 1397 52 24 icke
794 1397 78 23 heller

116 1431 120 31 någonsin
264 1432 112 24 bestridts
401 1434 35 22 att
455 1432 159 24 translatorer
633 1432 43 24 och
694 1432 74 24 andra
786 1431 86 31 dylika

116 1464 145 32 tjänstemän
275 1466 79 24 kunde
372 1466 94 24 erhålla
485 1467 153 31 anställning
656 1466 9 24 i
683 1466 93 24 landets
789 1467 83 30 tjänst,
