1084 1761
220 149 15 21 4
408 149 86 23 Ständ.
511 149 40 23 Sv.
567 161 28 4 —
610 149 74 29 Prop.
702 149 43 22 N:o
762 149 34 22 16.

222 227 49 22 nya
288 220 165 29 befogenheter
470 221 93 22 utöfver
581 220 59 29 dem,
653 228 49 15 som
715 219 119 24 allaredan
847 220 8 22 i
867 219 77 30 grund
956 219 24 24 af

222 254 270 30 Landtdagsordningen
510 255 131 22 tillkomma
659 255 141 22 densamma.
824 256 2 2 '

293 289 47 22 Till
367 289 51 22 dess
436 290 84 28 frågan
538 297 37 15 om
593 289 289 30 justitiedepartementets
900 289 79 22 afskil-

223 323 72 29 jande
315 323 44 23 och
383 324 149 22 ombildande
556 324 38 22 till
612 332 28 14 en
659 324 99 22 särskild
776 323 86 29 högsta
879 323 100 23 domstol

222 357 83 23 blifvit
328 358 98 30 afgjord,
444 358 72 28 skola,
535 358 76 30 enligt
630 358 45 22 den
693 358 87 29 nådiga
798 358 180 29 propositionen,

221 392 54 22 icke
298 392 90 23 mindre
412 397 29 18 än
460 400 40 15 sex
518 394 25 21 af
560 393 46 22 den
625 392 114 23 särskilda
757 392 141 22 domstolens
916 392 63 23 leda-

222 429 75 19 möter
315 429 68 27 tagas
400 427 51 23 från
470 427 65 23 detta
553 428 167 29 departement.

293 461 131 23 Ständerna
441 462 70 22 hafva
530 462 105 22 däremot
653 464 77 20 ansett
748 461 40 22 det
806 461 52 22 med
876 460 102 24 rådande

221 496 193 29 rättsåskådning
440 497 125 29 oförenligt
591 499 36 20 att
653 503 114 23 personer,
795 496 82 22 hvilka
894 496 85 30 själfva

222 530 95 22 tillhöra
344 531 144 29 regeringen,
511 532 76 21 skulle
611 532 57 21 sitta
685 531 37 22 till
740 530 66 22 doms
824 530 66 22 öfver
907 530 72 22 andra

222 564 150 24 medlemmar
396 566 23 22 af
442 573 88 15 samma
553 566 115 29 regering.
704 566 42 22 Ett
770 565 138 28 ytterligare
926 564 53 23 stöd

222 599 36 22 för
285 599 76 22 denna
389 600 94 29 mening
511 600 78 22 bildar
607 600 86 29 jämväl
712 599 44 23 den
775 598 202 30 omständigheten

223 636 36 19 att
285 634 286 29 justitiedepartementets
599 634 127 23 ledamöter
752 636 126 19 utnämnas
896 633 83 23 endast

222 669 37 22 för
286 671 34 19 tre
345 669 26 22 är
388 669 84 22 framåt
490 669 44 22 och
552 669 53 22 icke
623 669 81 29 intaga
722 669 46 22 den
786 668 131 22 oberoende
935 667 43 23 och

222 703 117 28 tryggade
363 703 119 30 ställning,
506 711 49 15 som
583 704 42 22 bör
651 703 132 22 tillkomma
800 702 46 23 den
864 702 115 23 särskilda

222 737 143 22 domstolens
390 738 153 23 medlemmar.
574 735 158 32 Öfvertygade
756 737 80 22 därom
854 739 36 20 att
907 737 70 22 inrät-

222 772 83 22 tandet
338 772 23 22 af
393 780 28 14 en
451 773 84 29 högsta
565 773 100 22 domstol
695 773 61 22 inom
787 771 45 22 den
862 774 115 19 närmaste

221 806 125 23 framtiden
383 807 72 22 måste
488 807 109 28 beslutas,
629 807 71 22 hafva
734 806 134 23 Ständerna
900 806 78 22 funnit

222 841 42 22 det
282 841 119 29 sakenligt
426 844 36 19 att
489 841 77 23 denna
590 842 39 28 lag
648 842 94 21 affattas
760 841 32 28 så,
812 843 35 20 att
865 841 45 22 den
928 841 52 22 icke

222 875 113 22 behöfver
367 875 84 23 ändras
481 877 23 21 af
531 876 45 22 den
603 876 127 28 anledning
758 878 36 19 att
820 875 161 29 nyssantydda

222 910 86 21 reform
331 910 84 22 varder
438 910 127 30 företagen.
599 910 131 22 Ständerna
748 909 71 23 hafva
842 909 63 29 förty
928 908 51 23 med

222 944 110 22 afseende
356 945 14 21 &
393 945 12 21 7
430 946 33 26 $:s
481 945 74 22 första
581 947 102 19 moment
709 944 103 29 vidtagit
835 944 83 22 främst
935 943 44 22 den

223 978 138 29 förändring
380 982 34 19 att
432 979 155 22 ordföranden
601 980 8 21 i
622 979 44 22 den
685 978 121 22 blifvande
821 978 84 28 högsta
918 978 62 22 dom-

221 1013 77 22 stolen
325 1014 72 28 jämte
423 1014 75 28 några
521 1014 24 22 af
569 1014 52 22 dess
648 1013 127 22 ledamöter
802 1012 90 22 komme
919 1012 61 22 att
967 1008 16 39 i

222 1047 47 22 den
289 1047 115 23 särskilda
422 1048 128 22 domstolen
568 1048 63 29 ingå.

294 1082 47 22 För
369 1084 35 20 att
430 1082 45 22 den
502 1082 116 22 särskilda
642 1082 130 22 domstolen
790 1082 73 21 måtte
881 1081 99 22 tillföras

223 1117 140 27 erfarenhet,
390 1117 134 22 förvärfvad
542 1117 75 22 under
635 1117 109 29 beröring
762 1116 54 22 med
835 1116 63 22 olika
922 1123 58 15 sam-

222 1151 133 29 hällslager,
366 1151 43 22 och
427 1151 160 29 förtrogenhet
605 1151 52 22 med
675 1151 62 22 inom
750 1151 118 22 desamma
878 1150 102 22 rådande

223 1184 198 30 äskädningssätt,
448 1186 71 22 hafva
550 1185 132 23 Ständerna
708 1185 82 22 vidare
821 1185 93 29 antagit
946 1186 35 20 ett

222 1219 131 29 stadgande
371 1220 8 22 i
398 1220 72 22 sådan
497 1220 114 29 riktning,
639 1222 34 20 att
693 1220 74 29 några
791 1218 149 23 medlemmar
957 1219 24 21 af

226 1253 46 22 den
301 1254 60 29 höga
386 1254 128 22 domstolen
538 1255 73 21 måtte
630 1257 62 19 utses
711 1254 69 22 äfven
799 1252 73 23 bland
890 1252 90 23 landets

221 1288 176 22 underdomare.

292 1322 83 30 Enligt
393 1323 45 22 den
456 1323 87 29 nådiga
569 1323 175 29 propositionen
762 1322 93 22 komme
873 1321 107 23 medlem-

222 1364 93 15 marnas
343 1358 64 21 antal
434 1358 8 21 i
470 1358 77 22 denna
580 1357 99 22 domstol
712 1360 36 19 att
774 1359 86 27 utgöra
886 1356 94 29 fjorton,

222 1391 158 22 ordföranden
401 1392 152 22 inberäknad.
589 1392 47 22 För
654 1394 35 20 att
707 1392 63 21 inom
790 1390 134 22 densamma
942 1390 38 22 be-

221 1425 58 23 reda
297 1426 62 28 plats
377 1426 69 22 äfven
464 1427 26 21 åt
507 1426 166 22 underdomare
691 1426 43 22 har
752 1425 91 23 antalet
854 1424 127 23 ledamöter

222 1459 53 22 från
295 1460 83 29 högsta
391 1460 129 22 domstolen
538 1462 73 27 något
623 1460 113 22 minskats
750 1459 45 22 och
807 1459 45 22 den
866 1458 114 23 särskilda
