1086 1770
235 161 28 21 32
579 161 29 22 U.
625 161 26 23 B.

238 232 62 22 allan
319 234 47 20 rätt
388 232 104 28 hållnan,
511 232 66 22 Hans
596 232 44 22 och
658 232 91 27 Vårom,
769 238 48 15 som
836 234 83 26 trogne
937 231 55 21 Män

237 266 43 23 och
298 266 138 22 undersåtar
456 271 73 25 ägnar
546 266 44 22 och
608 266 62 22 bör.”

307 301 82 22 Kändt
417 305 33 24 är,
468 301 109 22 hurusom
597 301 77 22 denna
693 300 106 30 urgamla
817 300 124 29 grundsats
960 300 32 22 äf-

237 343 46 14 ven
310 335 74 22 under
402 336 67 28 tider,
488 336 30 21 då
536 336 215 28 regeringsmakten
769 335 62 21 varit
849 334 65 22 fotad
933 335 13 21 å
964 342 28 14 en

238 370 161 22 absolutistisk
424 370 121 22 statsläras
563 370 157 29 grundsatser,
738 368 114 23 erkändes
871 368 43 22 och
932 371 61 19 utta-

237 404 64 22 lades
321 404 24 22 af
356 404 78 22 denna
445 405 76 21 makts
530 404 95 22 främste
635 404 97 22 bärare
727 399 12 38 i
743 404 94 28 Sverge.
855 404 62 21 Från
928 403 65 22 tiden

237 439 59 21 efter
315 439 72 27 1682,
402 439 30 22 då
451 441 110 26 regenten
580 439 76 28 enligt
674 439 107 28 Sveriges
793 438 201 28 statsförfattning

237 481 42 14 var
303 473 116 30 enväldig,
446 473 141 22 förekomma
605 473 116 22 särskilda
744 472 139 22 uttalanden
904 472 23 22 af
954 472 39 21 ko-

239 515 65 21 nung
331 507 53 22 Carl
408 508 44 27 XI,
470 507 81 22 hvilka
570 511 39 18 äro
629 507 159 22 betecknande
807 507 36 22 för
861 507 57 21 hans
936 514 57 21 upp-

236 542 107 29 fattning
367 543 23 21 af
414 543 36 21 sin
469 543 71 21 makt.
576 542 43 22 Uti
637 542 64 22 detta
720 541 108 23 afseende
847 542 36 21 må
902 541 91 22 anföras

237 576 43 22 det
307 577 102 22 bekanta
428 577 125 28 reskriptet
581 577 37 21 till
637 577 59 22 Svea
714 577 104 26 Hofrätt,
837 576 50 21 däri
906 576 88 21 konun-

238 618 47 21 gen
305 611 121 28 förklarar,
445 614 35 19 att
490 619 36 14 om
539 612 8 21 i
564 611 58 22 hans
632 611 50 22 bref
691 611 55 22 eller
755 611 155 21 resolutioner
919 609 75 22 skulle

237 645 72 22 hafva
328 646 123 21 inkommit
470 647 72 28 något
561 653 61 21 ,som
641 645 83 22 strider
742 648 62 19 emot
822 645 39 28 lag
879 645 56 21 eller
954 651 40 15 ens

236 679 58 22 eller
315 687 88 15 annans
422 680 127 29 välfångna
567 680 68 28 rätt",
654 680 70 22 borde
742 679 28 22 de
789 680 8 21 i
816 679 45 22 den
879 679 67 22 delen
960 679 34 28 ,ej

237 722 69 14 anses
332 715 56 21 eller
412 714 151 23 attenderes".
600 715 87 22 Likaså
708 714 41 22 har
768 721 87 14 samme
873 713 95 29 konung
986 714 8 21 i

238 749 128 22 resolution
385 750 29 28 på
433 757 28 14 en
481 749 177 28 landshöfdings
677 749 102 29 begäran
800 756 37 14 om
853 756 28 14 en
899 748 95 29 tjänste-

238 791 67 14 mans
324 784 130 29 afsättning
472 787 86 25 yttrat:
596 784 124 28 ,Hvarken
738 783 42 22 vår
799 782 46 23 nåd
864 782 56 22 eller
938 784 56 20 rätt-

238 818 51 22 visa
303 818 56 21 eller
386 818 108 29 Sveriges
521 818 39 28 lag
589 818 88 21 tillåter
699 819 77 28 någon
804 818 36 21 sin
869 817 73 29 tjänst
960 819 35 19 att

237 852 85 29 betaga
340 856 57 18 utan
416 853 69 21 skuld
503 853 43 21 och
565 853 65 22 brott
648 852 44 22 och
709 853 142 28 föregången
870 850 72 23 dom."

306 886 103 29 Vägledt
422 887 22 21 af
456 886 76 22 denna
546 886 191 29 rättsåskådning
764 886 44 22 och
821 886 6 21 i
841 885 153 22 medvetande

237 928 37 14 om
288 923 35 19 att
339 922 29 28 på
382 921 65 21 detta
457 924 47 18 sätt
513 922 101 28 fullgöra
624 922 35 20 sin
670 921 61 29 plikt
740 922 21 28 ej
772 920 101 22 allenast
882 922 61 19 emot
952 919 42 22 sitt

236 954 57 22 land
318 958 55 19 utan
394 956 67 21 äfven
482 959 61 18 emot
561 956 35 21 sin
616 956 106 24 Monark,
741 956 44 21 har
803 954 40 22 det
860 954 76 22 finska
954 954 40 22 fol-

236 989 42 21 ket
295 990 52 21 icke
365 990 102 29 upphört
485 992 35 20 att
538 990 85 28 kämpa
641 990 36 22 för
695 989 144 23 bevarandet
857 988 23 22 af
893 989 51 21 sina
961 988 33 22 la-

235 1031 44 21 gar
297 1024 43 22 och
359 1024 227 22 vidmakthållandet
603 1024 62 22 inom
684 1025 36 28 sig
731 1025 22 21 af
763 1032 29 14 en
803 1023 113 22 nationell
926 1025 68 19 rätts-

236 1058 107 28 ordning.
380 1059 35 21 De
434 1058 109 29 åtgärder
562 1059 43 21 och
616 1059 159 29 förfoganden,
786 1066 37 14 om
833 1057 92 22 hvilkas
934 1057 60 21 oför-

233 1092 110 29 enlighet
370 1093 52 21 med
448 1093 133 29 grunderna
609 1094 36 20 för
673 1092 113 23 Finlands
808 1092 126 22 statsskick
952 1092 41 21 här

237 1127 73 21 ofvan
329 1127 142 28 afhandlats,
490 1128 97 21 likasom
607 1128 43 21 ock
663 1128 28 20 de
704 1127 175 27 författningar,
894 1127 10 21 å
913 1126 81 21 hvilka

234 1161 31 21 de
285 1162 64 21 stödt
367 1162 44 28 sig,
430 1162 71 22 hafva
520 1162 87 28 åsyftat
626 1169 27 14 en
672 1162 29 28 på
720 1162 89 28 olaglig
827 1164 47 25 väg
892 1161 8 21 i
912 1160 82 22 värket

235 1198 48 19 satt
310 1196 138 28 förändring
476 1197 23 21 af
517 1196 254 29 regeringsgrunderna
790 1195 43 22 och
852 1195 142 28 styrelsefor-

236 1237 52 14 men
307 1231 8 20 i
335 1230 225 22 Storfurstendömet
578 1231 43 21 och
640 1231 70 21 afsett
729 1233 35 20 att
783 1230 84 28 främja
886 1229 51 21 dess
955 1236 39 21 ge-

234 1265 158 21 nomförande.
420 1265 72 22 Detta
510 1268 68 25 utgör
597 1265 45 21 den
661 1265 104 22 innersta
784 1263 107 30 grunden
910 1263 36 21 till
959 1265 35 19 att

234 1298 29 21 de
291 1299 135 28 härigenom
453 1299 134 29 uppkomna
615 1299 178 22 förhållandena
818 1299 8 20 i
850 1298 59 21 intet
937 1297 57 22 afse-

235 1332 59 22 ende
322 1333 79 21 kunna
426 1333 70 22 hafva
514 1334 101 28 anspråk
639 1334 30 28 på
688 1336 35 19 att
749 1334 24 21 få
802 1332 101 21 kvarstå.
939 1331 55 21 För-

233 1366 144 23 hållandena
394 1368 14 21 å
424 1368 276 28 tjänstemannaområdet
718 1368 77 26 hafva,
809 1366 48 22 lika
876 1366 52 21 litet
946 1374 47 14 som

233 1401 78 29 öfriga
334 1402 170 27 förhållanden,
535 1402 26 22 de
591 1402 41 21 där
659 1404 106 27 uppstått
793 1401 75 21 under
898 1400 96 29 olaglig-

232 1435 117 29 hetsåren,
397 1437 115 27 någonsin
562 1436 118 22 «framstått
723 1437 57 21 eller
822 1435 95 21 erkänts
958 1436 35 20 sä-

233 1477 50 15 som
311 1470 126 22 bestående
465 1472 30 28 på
513 1471 82 21 sådant
618 1473 53 25 sätt,
690 1478 47 14 som
756 1470 77 23 skulle
852 1473 57 25 göra
928 1469 65 22 deras

303 1515 133 23 Lagutskottets
448 1516 110 17 betänkande
570 1515 37 17 N:o
620 1516 14 17 1.
