1081 1761
343 125 22 22 U.
383 125 21 22 B.
421 137 27 2 —
466 125 60 28 Prop.
545 125 36 22 N:o
598 125 31 22 16.
848 125 12 20 3

110 191 170 20 underkastade
305 191 148 26 ansvarighet
477 191 68 27 enligt
569 191 78 20 denna
667 191 42 26 lag.
743 191 118 26 Därjämte

109 227 43 20 har
173 227 167 27 Ridderskapet
356 227 45 20 och
417 227 73 20 Adeln
507 227 94 20 beslutit
617 233 84 20 genom
719 233 28 14 en
764 227 96 26 deputa-

109 263 49 20 tion
179 263 97 26 inbjuda
295 263 153 20 medstånden
466 265 31 18 att
513 263 79 20 förena
610 263 34 26 sig
660 269 38 14 om
716 263 61 20 detta
795 262 65 21 Stån-

110 299 49 20 dets
183 298 81 26 beslut,
286 298 44 21 och
347 298 42 21 har
406 298 76 20 denna
499 298 114 27 inbjudan
630 298 25 20 af
669 298 107 27 samtliga
794 298 67 20 dessa

110 334 71 21 Stånd
199 334 100 21 bifallits.

182 370 52 20 Med
260 370 167 21 föranledande
454 370 68 20 häraf
546 370 34 20 får
605 370 116 21 Utskottet
741 370 120 20 vördsamt

110 406 83 20 föreslå

398 455 31 20 att
452 454 123 21 Ständerna
600 454 48 21 ville
671 454 122 27 godkänna
818 455 12 18 9
847 453 15 27 $

327 490 7 20 i
348 489 98 28 följande
463 490 86 26 lydelse:

185 567 64 21 »Med
266 567 224 27 styrelseledamöter
501 568 83 21 förstås
596 567 7 21 i
615 568 77 20 denna
703 568 37 26 lag
751 569 110 19 senatens

110 603 189 21 viceordförande
317 603 43 21 och
377 603 128 21 ledamöter
521 605 59 19 samt
593 603 153 27 prokurator.»

183 639 117 27 Därjämte
317 639 134 21 hemställer
468 639 115 21 Utskottet
598 639 121 21 vördsamt

398 718 32 20 att
456 717 123 21 Siänderna
597 716 55 26 ville,
667 716 36 27 för
719 716 121 27 intagande
856 716 8 20 i

327 754 35 19 det
385 753 154 27 underdåniga
561 754 73 19 svaret
656 753 31 27 på
713 752 149 27 förevarande

326 789 52 20 nåd.
400 789 144 27 proposition,
564 789 123 27 godkänna
703 790 28 19 ett
751 788 112 20 uttalande

329 825 26 27 af
367 825 99 27 följande
483 825 107 20 innehåll:

184 902 135 26 Ständerna,
347 909 50 14 som
415 909 56 14 anse
495 903 117 26 synnerlig
636 903 49 20 vikt
706 902 59 27 ligga
789 901 73 27 därpå

112 940 32 18 att
172 938 153 27 grundsatsen
353 945 37 14 om
419 939 266 26 styrelseledamöternes
712 937 148 27 ansvarighet

112 974 133 27 uttryckligt
260 974 124 21 fastställes
400 980 85 21 genom
501 975 43 26 lag,
561 974 70 21 hafva
647 974 51 21 icke
710 974 60 21 velat
783 973 79 21 skrida

111 1009 34 21 till
162 1009 73 21 sådan
246 1010 99 27 ändring
357 1009 24 21 af
390 1010 45 20 den
447 1017 32 13 nu
491 1010 156 27 föreliggande
658 1009 53 21 nåd.
724 1009 138 28 propositio-

112 1052 45 14 nen
176 1048 32 18 att
224 1046 53 21 dess
293 1046 175 27 bestämningar
487 1046 94 21 komme
592 1048 32 18 att
636 1046 47 20 afse
693 1045 88 27 jämväl
793 1044 68 21 mini-

112 1082 261 21 sterstatssekreteraren
387 1082 44 21 och
445 1082 88 21 dennes
547 1082 95 27 adjoint.
668 1082 53 20 Men
736 1083 55 19 enär
805 1081 58 20 före-

112 1117 141 27 dragningen
266 1117 24 21 af
300 1117 75 21 finska
387 1118 98 20 ärender
495 1119 44 20 hos
550 1118 109 27 Kejsaren
669 1118 44 21 och
723 1117 140 21 Storfursten

112 1155 25 18 är
153 1160 28 13 en
198 1153 210 27 ämbetshandling,
426 1160 51 14 som
494 1154 84 21 hänför
595 1154 33 26 sig
644 1154 34 20 till
691 1153 112 21 Finlands
816 1155 45 24 sty-

111 1189 65 26 relse,
193 1190 44 20 och
254 1189 202 27 styrelseåtgärder
473 1190 104 26 vidtagas
593 1190 68 20 äfven
678 1191 56 19 utan
751 1191 34 19 att
803 1188 59 27 Kejs.

113 1224 98 21 Senaten
236 1225 151 21 därförinnan
405 1227 56 19 satts
478 1226 7 20 i
501 1225 88 21 tillfälle
607 1228 31 18 att
655 1226 7 20 i
679 1225 95 21 ärendet
791 1224 72 21 utlåta

113 1260 33 27 sig
170 1260 54 21 eller
245 1266 58 22 egna
319 1262 130 20 detsamma
466 1262 76 26 någon
559 1261 134 27 beredning,
710 1261 108 21 kommer
835 1266 28 14 en

112 1296 37 26 lag
176 1303 38 14 om
238 1297 266 27 styrelseledamöternes
521 1297 154 27 ansvarighet,
692 1297 25 21 så
734 1297 67 26 länge
819 1296 44 20 den

112 1332 50 20 icke
179 1334 129 20 utsträckes
324 1333 34 20 till
375 1333 321 21 ministerstatssekreteraren
713 1333 44 20 och
776 1333 88 19 dennes

113 1367 95 27 adjoint,
232 1370 33 19 att
288 1368 107 22 förblifva
413 1369 7 20 i
437 1369 46 27 hög
499 1369 55 27 grad
571 1368 156 27 ofullständig.
761 1368 54 20 Med
832 1368 32 20 af-

113 1404 83 20 seende
213 1404 57 21 härä
287 1405 44 20 och
347 1405 7 20 i
371 1405 241 21 öfverensstämmelse
632 1405 52 20 med
701 1411 28 14 en
746 1404 68 21 äfven
826 1410 38 14 an-

113 1439 120 21 norstädes
250 1440 136 26 genomförd
404 1441 123 26 grundsats
544 1440 119 27 angäende
680 1440 118 20 ministers
811 1440 54 20 eller
