1086 1767
448 149 29 22 U.
493 149 27 22 B.
835 149 26 21 27

110 221 137 28 utländings
265 219 121 23 brukande
404 220 8 21 i
431 221 139 28 statstjänst.
590 220 166 29 Stadgandena
769 227 36 14 om
818 220 45 21 för-

111 255 50 29 slag
188 259 40 18 äro
255 255 49 22 äter
331 254 95 22 afsedda
445 257 36 19 att
502 255 138 21 säkerställa
658 254 164 29 iakttagandet
840 254 23 21 af

113 289 287 29 befordringsgrunderna,
419 289 25 22 sä
458 291 34 20 att
504 289 128 22 Monarken
643 289 51 22 icke
704 289 40 21 vid
754 289 109 28 tjänsters

109 324 139 22 besättande
275 324 37 21 mä
339 323 128 22 åsidosätta
493 323 159 29 grundlagens
678 323 133 28 fordringar
834 323 29 28 pä

111 358 136 29 kompetens
265 361 60 18 samt
349 357 104 22 enskilde
478 359 153 28 tjänstemäns
657 360 48 20 rätt
723 357 37 22 till
778 357 86 29 grund-

113 393 117 28 lagsenlig
248 392 130 22 befordran.
414 392 71 22 Hvad
497 392 116 29 grundlag
623 392 129 22 innehåller
763 400 35 13 om
816 392 48 21 Mo-

112 427 100 22 narkens
231 427 143 29 förpliktelse
392 429 35 19 att
446 427 120 28 beskydda
584 427 61 28 höga
663 426 43 23 och
720 427 54 28 låga
786 426 78 21 äfven-

113 469 48 14 som
180 464 35 19 att
242 462 71 28 ingen
340 461 120 22 fördärfva
478 461 36 22 till
536 461 57 22 hans
611 461 98 27 välfärd,
727 461 138 22 inskränker

114 496 113 22 likaledes
255 495 140 22 Monarkens
418 496 209 29 utnämningsrätt,
649 496 4 21 i
671 495 40 22 det
731 496 76 27 någon
827 495 37 22 be-

113 531 111 28 fogenhet
241 531 51 21 icke
311 530 111 21 existerar
441 532 35 19 att
494 530 91 22 besätta
603 531 105 28 tjänster,
721 531 51 21 från
784 529 82 22 hvilka

113 565 28 22 de
159 565 61 22 förre
247 565 183 22 innehafvarena
456 565 52 21 icke
533 565 79 21 blifvit
639 572 83 21 genom
740 565 54 28 laga
812 564 53 22 dom

114 600 56 21 eller
197 599 137 22 annorledes
361 599 104 28 lagligen
484 599 83 22 skilda.
603 599 97 22 XKlarast
728 598 138 22 framträder

114 634 65 22 detta
197 635 8 20 i
224 635 65 27 fråga
308 641 36 14 om
363 633 28 22 de
410 634 147 28 tjänstemän,
577 641 50 14 som
643 635 91 27 åtnjuta
746 634 120 21 förmånen

115 669 23 21 af
156 668 167 28 oafsättlighet.
359 668 53 21 Men
432 668 68 21 äfven
520 675 35 14 om
574 676 54 13 man
646 668 98 28 utginge
761 668 51 21 från
832 669 35 20 att

113 703 186 29 grundlagarnas
309 702 145 28 stadganden
465 710 37 14 om
512 703 110 28 tjänsters
637 702 143 27 besättande,
793 709 74 14 exem-

116 738 73 28 pelvis
214 737 34 28 de,
267 744 48 14 som
339 737 60 28 angå
423 736 156 29 upprättande
599 737 23 21 af
639 736 87 29 förslag
745 736 43 22 och
806 736 62 21 vissa

116 770 255 30 befordringsgrunder,
390 778 54 14 vore
464 771 82 21 endast
563 771 145 22 föreskrifter
726 772 34 21 för
778 774 90 18 utnäm-

115 807 159 27 ningsrättens
297 806 115 28 utöfning,
434 805 52 21 icke
505 813 28 13 en
554 806 157 28 begränsning
730 806 22 21 af
771 805 44 21 den
833 807 35 19 ut-

115 840 131 22 nämnande
264 840 179 28 myndighetens
458 840 145 28 befogenhet,
614 840 79 22 kunna
703 837 166 31 ifrågakomma

115 875 167 28 utnämningar
308 874 51 22 icke
386 882 40 14 ens
450 874 74 22 under
548 874 104 29 antydda
675 874 195 28 förutsättningar

116 910 154 21 tillerkänvas
288 909 116 29 giltighet,
424 908 41 22 där
484 909 197 28 utnämningarna
693 908 113 29 vidtagits
818 908 51 22 med

117 944 117 28 afsigtligt
252 943 42 22 och
313 944 35 20 för
367 943 45 22 alla
421 944 133 28 uppenbart
564 943 177 22 öfverträdande
752 944 23 21 af
784 942 86 30 grund-

117 978 38 29 lag
173 978 37 22 till
230 978 156 28 befrämjande
405 978 23 21 af
446 985 29 14 en
494 978 188 28 statshvälfning.
709 978 35 28 Ty
762 978 8 21 i
786 977 84 29 antydt

115 1013 62 28 syfte
201 1012 113 29 vidtagna
338 1012 142 28 handlingar
504 1016 38 18 äro
567 1012 52 22 icke
637 1012 89 29 giltiga,
746 1012 68 22 äfven
833 1019 36 14 om

116 1047 30 21 de
171 1048 121 28 företagits
316 1047 61 21 inom
402 1046 45 22 den
472 1047 101 21 formella
598 1047 141 28 kompetens,
758 1054 28 14 en
805 1054 64 20 myn-

117 1082 82 28 dighet
222 1082 9 21 i
250 1082 71 27 öfrigt
338 1081 151 27 tillkommer;
509 1082 42 21 och
571 1081 64 22 detta
653 1081 73 28 gäller
744 1081 70 22 också
833 1088 36 14 om

117 1115 109 29 åtgärder
251 1116 62 21 inom
337 1115 187 28 förvaltningens
548 1115 72 29 gebit.
656 1115 69 22 Hvad
746 1116 7 21 i
777 1114 93 23 anfördt

115 1150 109 22 afseende
248 1151 8 20 i
281 1149 57 22 strid
362 1149 51 22 med
437 1149 117 29 grundlag
579 1150 110 29 tillgjorts
714 1151 72 20 måste
807 1150 63 27 förty

117 1185 143 21 frånkännas
278 1184 32 22 all
327 1184 157 22 rättsvärkan.

186 1219 124 22 Huruvida
337 1218 45 22 den
406 1218 126 29 obehöriga
556 1219 168 28 utnämningen
748 1218 122 28 företagits

118 1253 23 22 af
165 1253 71 29 högre
256 1253 56 22 eller
329 1253 64 28 lägre
412 1253 145 28 myndighet,
576 1253 56 21 eller
650 1261 35 14 om
705 1252 165 29 myndigheten

118 1288 62 21 varit
200 1295 29 14 en
252 1287 79 28 sådan,
350 1287 37 22 till
405 1287 70 22 hvars
495 1287 135 29 kompetens
643 1288 57 21 slikt
711 1285 159 24 utnämnande

116 1322 9 21 i
153 1322 126 22 allmänhet
296 1322 49 25 hör,
364 1325 25 18 är
407 1321 41 22 vid
466 1321 84 22 sådant
568 1321 145 22 förhållande
731 1321 140 27 oväsentligt

117 1356 44 22 och
176 1360 69 25 utgör
260 1356 83 21 härvid
359 1355 184 22 innehafvandet
559 1357 23 21 af
600 1355 196 30 tjänstefullmakt
808 1356 8 21 i
828 1355 42 22 och

118 1391 35 21 för
165 1391 36 28 sig
219 1391 51 21 icke
289 1391 71 28 något
372 1391 64 21 bevis
450 1391 31 28 på
492 1391 180 28 utnämningens
685 1390 116 29 giltighet.
820 1390 51 21 Den

118 1425 114 22 utesluter
250 1425 58 27 icke,
327 1427 35 19 att
380 1424 45 22 den
443 1425 128 21 utnämnde
589 1426 62 21 varit
669 1425 37 21 till
722 1425 102 28 tjänsten
837 1424 34 21 in-

119 1459 135 29 kompetent
272 1459 56 21 eller
347 1461 35 20 att
399 1459 40 21 vid
458 1460 170 27 utnämningen
647 1459 115 29 grundlag
780 1459 5 21 i
801 1458 71 28 öfrigt

186 1502 131 23 Lagutskottets
329 1502 109 18 betänkande
451 1502 38 17 N:o
502 1503 14 17 1.
