1086 1770
229 168 13 20 2
569 168 27 22 U.
613 169 27 22 B.

229 239 92 29 gående
345 240 126 22 statsrådet
497 240 171 28 Knipovitschs
693 240 155 22 förordnande
873 240 36 22 till
938 243 16 19 t.
972 240 16 21 f.

230 273 105 23 direktor
361 274 40 22 vid
430 274 326 29 generalguvernörskansliet
778 277 61 19 samt
856 274 133 30 Kejserliga

231 308 114 22 Senatens
374 309 180 29 pleniprotokoll
582 310 36 21 för
644 309 44 22 den
711 311 7 20 1
742 310 94 28 augusti
854 309 44 22 och
917 309 13 21 7
951 308 37 22 de-

231 343 94 21 cember
349 344 62 21 1891
440 343 99 22 rörande
569 344 203 29 promulgationen
803 344 23 21 af
856 344 133 28 Kejserliga

230 377 168 30 förordningen
428 378 23 22 af
477 378 43 22 den
553 380 10 19 1
585 379 93 28 augusti
711 379 72 27 1891,
802 378 120 28 angående
941 382 47 18 sär-

229 411 77 23 skilda
325 412 126 29 ändringar
469 413 8 21 i
495 412 131 29 ordningen
644 413 36 21 för
698 412 128 23 ärendenas
846 412 142 29 behandling

230 445 44 22 och
292 446 149 22 besättandet
459 447 24 21 af
501 447 99 28 tjänster
617 447 41 21 vid
676 447 28 22 de
717 447 71 28 högre
801 447 187 28 styrelsevärken

230 481 7 20 i
257 480 224 23 Storfurstendömet
495 481 109 28 Finland,
619 484 60 19 samt
696 482 36 21 för
750 481 44 22 den
814 481 32 22 20
868 481 120 22 december

233 515 65 22 1905
323 515 40 22 vid
382 515 195 29 föredragningen
597 516 23 21 af
638 523 28 14 en
689 516 23 22 af
730 516 81 22 chefen
830 515 35 22 för
882 516 106 22 Justitie-

230 549 164 29 expeditionen
424 551 7 20 i
450 550 101 22 Senaten
576 550 67 29 gjord
667 550 181 29 framställning,
868 550 119 29 angäende

231 584 110 28 åtgärder
359 584 35 22 för
413 584 117 29 olagligen
550 584 125 22 afskedade
694 586 154 28 tjänstemäns
866 585 121 21 äterinsät-

230 618 72 22 tande
320 619 8 21 i
347 619 73 28 tjänst
438 622 59 19 samt
516 619 117 29 olagligen
648 619 98 22 tillsatte
760 619 153 29 tjänstemäns
926 619 62 28 skyl-

231 652 83 30 dighet
327 656 34 18 att
377 653 53 29 afgä
447 661 29 14 ur
493 653 173 23 innehafvande
684 654 105 29 tjänster,
810 654 116 21 äfvensom
942 654 45 21 den

229 687 52 21 frän
310 688 221 22 statssekretariatet
558 688 36 22 för
618 688 224 22 Storfurstendömet
869 688 8 22 i
896 688 91 22 nästbe-

230 721 69 23 rörda
324 722 90 28 ärende,
434 722 58 22 efter
510 722 73 22 skedd
602 722 167 30 föredragning
787 722 42 22 hos
847 722 66 22 Hans
931 723 56 28 Kej-

229 756 86 29 serliga
341 757 116 29 Majestät,
476 757 37 21 till
535 757 329 29 generalguvernörsämbetet
889 756 97 23 afsända

229 791 210 22 svarsskrifvelsen.

300 825 74 22 Ofvan
394 825 130 29 äberopade
542 826 141 29 handlingar
696 826 119 22 äfvensom
829 826 118 22 afskrifter
963 826 23 22 af

229 859 116 23 särskilda
364 860 72 22 andra
455 860 36 22 till
510 860 96 22 ärendet
624 860 102 23 hörande
746 860 140 29 aktstycken
905 860 81 29 åtfölja

229 894 75 21 säsom
322 894 92 29 bilagor
431 894 133 22 Utskottets
583 895 154 22 betänkande.

301 997 46 22 Vid
365 997 174 30 behandlingen
558 998 23 21 af
599 998 65 22 detta
682 997 85 22 ärende
786 997 41 22 har
845 997 140 29 Lagutskot-

230 1033 35 19 tet
291 1031 81 22 främst
390 1033 61 27 tagit
469 1033 8 20 i
495 1032 179 28 öfvervägande,
692 1031 117 23 huruvida
827 1031 158 22 innevarande

229 1065 169 23 ständermötes
425 1069 69 19 natur
521 1066 23 22 af
570 1067 86 21 urtima
682 1066 116 28 landtdag
821 1066 77 22 kunde
917 1066 69 21 ställa

229 1099 84 23 hinder
340 1100 8 22 i
375 1104 75 25 vägen
477 1101 36 21 för
541 1100 192 30 handläggandet
760 1100 24 22 af
802 1100 28 22 de
849 1100 7 22 i
875 1101 110 21 remissen

229 1134 98 22 berörda
354 1135 115 28 frågorna,
500 1135 80 22 hvilka
607 1135 51 22 icke
686 1135 81 22 blifvit
785 1135 39 21 till
844 1134 141 22 Ständernas

229 1168 112 29 pröfning
368 1169 179 22 öfverlämnade.
582 1170 12 21 I
622 1171 14 20 2
665 1171 13 25 S
706 1170 23 21 af
747 1169 27 21 L.
795 1169 25 21 O.
839 1169 146 22 föreskrifves

231 1203 127 29 nämligen,
386 1206 35 19 att
447 1204 40 21 vid
515 1204 85 22 urtima
624 1204 114 28 landtdag
766 1203 83 22 endast
873 1204 36 21 mä
928 1204 58 21 före-

229 1237 92 23 komma
341 1238 91 27 ärende,
451 1246 48 14 som
517 1238 117 22 föranledt
654 1238 116 22 kallelsen
789 1238 56 21 eller
863 1238 24 21 af
904 1238 81 28 Kejsa-

229 1279 41 14 ren
298 1272 43 22 och
370 1272 143 22 Storfursten
537 1273 55 28 eljes
616 1272 37 23 till
672 1272 134 22 Ständerna
824 1272 161 28 öfverlämnas,

229 1306 26 21 sä
273 1306 44 22 ock
335 1306 61 22 hvad
416 1306 51 22 med
486 1307 77 28 dylikt
585 1307 84 21 ärende
688 1314 54 21 eger
761 1306 148 29 oskiljaktigt
927 1314 58 14 sam-

229 1340 124 29 manhang.

298 1375 91 22 Härvid
408 1375 42 22 har
473 1375 123 22 Utskottet
613 1375 85 28 funnit,
718 1377 42 26 att,
780 1375 30 21 dä
829 1375 156 28 nyssnämnda

228 1408 91 29 lagrum
338 1410 24 21 ät
380 1410 129 21 Monarken
526 1409 76 29 gifver
619 1412 47 19 rätt
685 1412 35 19 att
739 1409 128 22 bestämma
880 1409 27 21 de
921 1413 64 18 ären-

229 1443 52 27 den,
300 1451 49 14 som
368 1444 22 21 af
409 1443 130 23 Ständerna
557 1444 66 21 skola
635 1444 39 22 vid
687 1444 87 21 urtima
787 1443 113 28 landtdag
913 1443 72 22 hand-

228 1477 89 29 läggas,
337 1481 59 19 samt
416 1478 130 22 Ständerna
564 1478 40 22 vid
622 1479 72 21 sädan
713 1478 116 29 landtdag
848 1479 20 28 ej
884 1485 43 21 ega
940 1478 45 21 den

229 1513 110 21 motions-
357 1513 43 21 och
425 1513 164 29 petitionsrätt,
608 1521 48 13 som
676 1514 29 20 51
728 1514 13 25 &
759 1513 27 21 L.
806 1513 24 20 O.
849 1513 136 26 innehäller,

299 1556 132 22 Lagutskottets
443 1556 109 18 betänkande
565 1556 36 18 N:o
614 1557 15 17 1.
