1089 1770
256 166 27 19 34

225 230 30 17 tet
278 228 133 25 återinsättas,
439 232 54 17 samt
515 232 47 17 enär
585 236 76 14 samma
683 230 126 26 synpunkter
829 230 59 20 äfven
918 230 66 24 gällde

225 257 63 24 öfriga
310 258 6 18 i
338 258 141 20 stadfästelsen
501 258 12 19 å
532 259 119 25 Förenings-
674 260 37 19 och
734 258 169 21 Säkerhetsakten
923 258 61 26 jämte

224 285 81 20 domare
327 287 120 19 omnämnda
470 287 125 19 ämbetsmän
621 294 43 13 som
687 288 17 25 ej
726 287 107 20 innehafva
848 289 136 17 tromansvär-

224 314 70 25 dighet
309 314 49 20 eller
373 317 45 23 taga
433 315 31 20 del
480 316 6 18 i
502 316 181 25 landtregeringen,
699 316 46 20 med
760 316 68 19 hvilka
842 316 75 25 jemväl
926 316 58 19 torde

225 342 48 20 böra
288 342 99 21 likställas
403 344 122 25 tjänstemän
540 345 7 19 i
559 345 62 19 andra
637 345 133 25 befattningar
784 345 21 19 af
819 344 39 20 den
873 346 31 18 art
919 346 29 18 att
958 344 25 20 de

224 371 69 19 kunna
308 372 63 25 enligt
386 373 12 19 3
415 372 12 26 $
443 373 4 19 i
464 372 73 26 nådiga
551 374 142 24 förordningen
709 374 19 19 af
742 374 38 19 den
797 374 12 18 3
826 373 93 19 Februari
929 374 54 19 1868

223 400 52 19 efter
291 400 146 20 vederbörande
453 402 129 24 myndighets
598 402 93 25 pröfning
706 402 93 20 afskedas
815 402 49 20 eller
879 402 30 19 till
917 408 66 13 annan

223 428 63 25 tjänst
309 429 106 25 förflyttas,
437 430 68 19 kunde
521 430 96 20 Senatorn
637 431 42 20 icke
695 432 54 18 finna
763 432 63 18 annat
840 432 27 17 än
882 432 34 22 att,
932 430 51 20 efter

223 457 35 19 det
281 457 101 26 åtskilliga
404 458 85 24 domare,
513 459 96 19 särskildt
624 459 5 19 i
645 459 78 20 landets
747 459 42 20 hof-
813 459 38 19 och
866 458 116 20 rädstufvu-

223 487 68 22 rätter,
306 486 103 20 äfvensom
424 487 62 19 andra
498 487 86 20 ämbets-
600 488 37 19 och
653 488 121 25 tjänstemän
789 487 89 20 hörande
889 487 31 20 till
932 493 50 19 nyss

222 514 91 25 antydda
334 515 114 26 kategorier,
472 516 64 19 blifvit
557 516 62 19 sedan
635 517 71 19 hösten
723 517 54 20 1902
795 516 37 19 och
847 516 52 19 intill
916 516 37 19 den
969 517 13 18 4

222 542 114 20 November
353 544 53 19 1905
422 546 49 17 utan
494 545 43 24 laga
552 545 123 25 ransakning
693 545 38 19 och
746 545 46 19 dom
808 545 108 19 afskedade
931 547 51 17 samt

221 571 63 19 andra
299 578 96 19 personer
409 572 65 20 delvis
490 573 61 19 också
566 573 6 19 i
587 580 67 12 annan
670 574 85 24 ordning
770 575 27 18 än
812 572 101 26 grundlag
928 573 54 19 stad-

222 606 36 18 gar
273 600 50 20 efter
338 600 45 20 dem
406 602 110 19 utnämnda
531 602 6 19 i
552 602 111 25 ledigheter
682 608 43 14 som
744 601 61 21 alltså
820 602 44 19 icke
879 602 103 24 laglikmä-

222 628 39 25 tigt
276 628 99 26 uppstått,
391 629 54 20 Hans
469 630 93 26 Majestät
584 630 107 26 Kejsarens
706 632 6 18 i
728 631 51 19 Dess
800 630 74 25 nådiga
890 630 92 20 manifest

303 652 42 55 22
307 656 136 47 OH00T
465 671 54 19 1905
535 670 89 20 uttalade
640 671 47 25 vilja
701 674 30 17 att
746 671 25 19 de
785 670 94 25 åtgärder
889 671 31 19 för
929 670 51 20 åter-

363 686 85 18 ovember

221 708 109 21 ställandet
345 710 20 19 af
385 710 39 20 den
447 710 74 26 lagliga
536 711 110 25 ordningen
662 711 6 19 i
684 711 74 24 landet,
774 716 33 14 om
823 710 79 20 hvilkas
918 710 64 20 vidta-

221 738 65 24 gande
308 738 95 20 Finlands
427 739 86 20 Ständer
534 740 6 19 i
559 740 137 25 underdåniga
719 740 111 25 petitionen
850 739 21 19 af
892 739 39 19 den
954 740 25 19 31

220 766 109 20 December
342 768 54 19 1904
411 768 90 24 anhållit,
518 768 59 20 borde
593 769 80 25 bringas
689 769 6 19 i
711 768 158 24 verkställighet,
890 768 91 19 otvifvel-

219 794 66 26 aktigt
308 796 73 24 kräfde,
404 799 29 17 att
449 796 71 25 åtgärd
535 797 20 19 af
570 797 86 19 Senaten
672 797 91 25 vidtoges
780 796 62 20 också
857 796 81 24 därhän,
951 799 29 17 att

220 824 62 24 sagda
305 827 48 17 utan
375 825 44 25 laga
434 826 123 24 ransakning
575 826 38 19 och
628 826 45 19 dom
689 825 126 25 entledigade
832 824 81 21 domare
928 827 52 17 samt

219 852 63 19 andra
297 854 45 18 med
364 854 44 19 dem
423 854 102 19 likställda
540 854 120 25 tjänstemän
678 854 83 20 beredes
777 853 78 20 tillfälle
870 855 30 18 att
914 854 5 18 i
936 854 44 19 sina

221 880 86 25 tjänster
322 882 53 24 ånyo
391 882 84 19 inträda.

289 909 29 20 På
333 911 65 24 grund
420 911 56 19 häraf
491 911 36 19 och
543 911 25 19 då
583 911 24 20 de
623 911 76 24 hinder,
715 917 44 14 som
775 911 31 18 för
823 910 156 20 verkställandet

219 937 20 18 af
255 937 66 20 denna
344 939 53 20 Hans
422 939 103 26 Majestäts
541 939 73 26 nådiga
630 940 46 25 vilja
691 939 44 26 låge
750 939 6 19 i
773 941 72 22 vägen,
861 939 43 19 icke
920 939 5 19 i
941 939 37 20 allo

218 965 42 20 läte
283 967 123 26 undanrödja
429 968 30 25 sig
482 967 25 26 på
529 971 61 16 annat
605 970 41 17 sätt
661 970 26 17 än
703 974 72 19 genom
793 967 92 24 särskild,
901 967 78 26 förelig-

218 995 67 23 gande
301 996 83 25 stridiga
407 996 86 26 anspråk
513 997 107 24 afgörande
635 997 135 25 lagstiftning,
787 996 81 19 hvartill
884 996 96 19 erfordra-

219 1023 36 19 des
271 1023 122 21 Ständernas
401 1025 126 24 medverkan,
536 1025 47 19 ville
598 1025 97 20 Senatorn
710 1024 151 25 underdånigst
874 1025 106 19 hemställa

219 1051 32 19 till
267 1052 56 20 Hans
338 1052 110 26 Kejserliga
464 1053 103 26 Majestäts
583 1054 72 24 nådiga
671 1053 140 26 bepröfvande,
824 1052 101 20 huruvida
936 1053 43 19 icke

218 1079 30 19 till
265 1086 28 14 nu
309 1082 184 19 sammanträdande
516 1082 84 20 Ständer
615 1082 60 19 borde
690 1082 70 19 aflåtas
777 1081 62 25 nådig
854 1082 124 24 proposition

218 1108 31 19 till
265 1110 116 25 förordning
395 1110 20 20 af
429 1110 86 26 följande
525 1111 90 25 lydelse:

221 668 20 19 af
256 668 39 20 den

496 1158 79 25 Förslag
597 1158 30 19 till
651 1158 60 24 nådig
735 1156 119 25 förordning
876 1156 102 25 angående

425 1186 115 25 skyldighet
555 1187 6 19 i
578 1187 54 19 vissa
647 1187 34 19 fall
698 1187 28 19 för
741 1186 133 19 innehafvare
884 1185 20 19 af
914 1185 63 25 tjänst

425 1217 29 17 att
469 1214 44 20 från
528 1216 39 18 den
583 1216 50 24 afgå.

571 1279 10 23 $
601 1280 17 17 1.

287 1333 40 20 Har
341 1335 86 18 ämbets-
451 1334 48 19 eller
511 1335 126 24 tjänsteman,
647 1335 78 19 hvilken
736 1335 66 24 enligt
810 1334 55 25 lag
849 1329 23 35 ej
883 1333 38 19 kan
930 1336 46 17 utan

216 1361 45 25 laga
277 1362 122 25 ransakning
415 1363 36 19 och
467 1363 45 19 dom
529 1363 42 19 från
587 1364 36 19 sitt
638 1364 77 19 ämbete
731 1363 78 25 skiljas,
820 1363 64 19 blifvit
895 1362 5 19 i
911 1368 65 13 annan

215 1390 86 25 ordning
323 1391 100 23 afskedad,
445 1391 58 20 hafve
525 1393 40 18 rätt
580 1394 29 17 att
624 1393 20 18 af
659 1392 38 19 den
713 1391 126 25 myndighet,
855 1391 26 25 på
897 1391 79 19 hvilken

216 1418 101 25 tjänstens
334 1420 115 19 besättande
464 1420 120 23 ankommer,
599 1420 42 20 åter
657 1421 60 19 varda
731 1421 66 18 insatt
813 1420 5 19 i
835 1420 94 25 tjänsten,
944 1425 31 13 om

216 1447 39 19 han
270 1447 54 20 inom
341 1448 42 24 fyra
399 1448 94 19 månader
508 1449 50 19 efter
573 1449 66 19 denna
654 1449 129 24 förordnings
800 1448 96 19 trädande
907 1448 6 19 i
925 1448 51 19 kraft

215 1475 90 20 anmäler
321 1477 31 18 sin
368 1476 100 20 åstundan
483 1477 36 20 hos
536 1477 60 25 sagda
612 1478 125 25 myndighet.
