1081 1761
430 143 41 21 N:o
484 142 26 22 14

249 502 124 31 Förslag
391 501 37 26 till
448 501 252 34 tryckfrihetslag.

428 603 11 21 1
456 603 70 21 KAP.

274 672 34 22 Om
324 672 40 22 rätt
378 672 30 22 att
423 672 4 21 i
443 672 53 28 tryck
512 672 71 28 utgifva
598 672 82 22 skrifter.

456 746 45 27 1.8:

166 798 94 22 Enhvar
275 801 42 26 äge
332 800 46 19 rätt
394 800 34 19 att
442 800 54 19 utan
513 799 71 27 något
600 798 22 21 af
633 774 221 57 offentlidBnyndig-

98 833 39 21 het
159 833 8 21 i
182 832 81 29 förväg
278 832 66 28 lagdt
358 832 81 21 hinder
454 832 90 29 utgifva
561 832 133 28 tryckskrift
710 832 72 22 under
797 832 57 22 iakt-

98 867 99 28 tagande
213 866 23 21 af
250 867 60 21 hvad
326 867 7 20 i
350 866 74 21 denna
438 867 40 28 lag
494 867 97 28 stadgas.

452 947 48 27 28.

166 999 52 21 Med
241 998 133 29 tryckskrift
396 998 83 22 förstäs
502 999 8 21 i
532 999 74 21 denna
628 999 39 28 lag
686 998 78 29 hvarje
780 998 73 28 skrift,

99 1041 48 13 som
167 1040 81 22 genom
273 1033 149 21 användande
445 1033 23 21 af
486 1034 130 28 tryckpress
632 1034 54 20 eller
702 1035 70 19 annat
787 1033 67 21 likar-

97 1067 51 21 tadt
164 1068 127 20 mekaniskt
308 1068 54 20 eller
377 1067 99 22 kemiskt
492 1068 74 21 medel
581 1067 185 29 mängfaldigats.

166 1102 66 21 Hvad
252 1109 36 14 om
308 1102 135 28 tryckskrift
462 1105 66 25 säges
548 1102 57 21 skall
622 1102 42 21 ock
679 1102 61 28 gälla
755 1101 98 29 bildliga

97 1136 201 28 framställningar,
325 1136 78 21 kartor
432 1136 42 22 och
501 1136 149 21 musikaliska
674 1136 180 28 kompositioner

97 1170 51 21 med
171 1170 109 29 vidfogad
303 1173 55 24 text,
378 1170 118 21 äfvensom
514 1170 7 21 i
542 1170 139 28 tillämpliga
696 1170 62 21 delar
774 1170 79 21 skäde-

96 1205 55 28 spel,
175 1211 48 14 som
247 1204 135 29 offentligen
404 1204 115 28 uppföras,
543 1205 59 21 ändå
617 1207 34 18 att
667 1204 27 21 de
710 1203 18 29 ej
744 1204 109 28 utgifvits

97 1238 7 21 i
120 1239 70 28 tryck.

450 1296 47 27 38.

165 1347 144 28 Tryckskrift
325 1348 58 21 skall
399 1355 65 14 ansos
482 1347 113 29 utgifven,
612 1347 28 22 dä
656 1347 43 22 den
714 1347 78 22 blifvit
803 1347 49 22 säld

95 1382 55 21 eller
164 1382 37 20 till
216 1382 49 21 salu
280 1381 118 29 utbjuden,
414 1383 55 20 eller
486 1382 41 21 ock
542 1381 78 22 blifvit
631 1381 132 22 annorledes
775 1381 77 29 spridd

94 1416 55 21 oller
164 1416 95 21 utställd
275 1417 55 20 eller
345 1417 108 27 anslagen
471 1417 31 27 sä,
518 1419 34 18 att
564 1416 151 21 allmänheten
726 1416 45 21 kan
782 1416 70 21 vinna

94 1450 128 22 kännedom
240 1458 34 13 om
291 1451 137 21 densamma.
