1081 1759
326 168 29 23 U.
371 169 28 22 B.
416 180 27 4 —
458 168 74 29 Prop.
550 168 45 23 N:o
612 168 36 22 15.
851 168 13 20 5

176 239 52 23 Den
253 239 120 23 ordnande
391 238 149 24 verksamhet
557 242 76 20 staten
658 239 95 23 utöfvar
770 239 9 22 i
796 239 68 29 fråga

106 282 39 15 om
163 274 119 22 allmänna
300 274 208 22 sammankomster
527 278 25 18 är
564 274 37 22 till
614 281 28 15 en
656 273 38 23 del
707 274 23 21 af
743 273 122 29 preventiv

108 311 37 20 art
163 308 43 23 och
225 309 60 22 afser
303 311 36 20 att
362 309 25 22 åt
412 309 238 21 sammankomsterna
678 308 91 22 förläna
793 307 73 29 nödig

108 343 155 29 offentlighet.
282 343 47 22 För
340 343 85 22 sådant
446 343 108 22 ändamål
573 346 40 19 äro
631 343 8 21 i
657 342 102 22 flertalet
776 342 89 28 länder,

108 378 8 22 i
134 377 82 23 hvilka
242 377 115 23 särskilda
384 378 67 28 lagar
469 378 8 21 i
496 380 77 19 ämnet
600 377 69 29 gälla,
691 377 176 29 bestämningar

108 412 93 22 införda
228 420 37 14 om
293 412 136 29 skyldighet
452 412 36 22 för
512 412 45 22 den
582 412 56 22 eller
657 411 60 28 dem,
741 419 50 15 som
808 412 58 28 vilja

108 447 139 22 föranstalta
271 446 86 23 allmän
385 447 187 27 sammankomst,
596 448 36 20 att
658 446 80 22 därom
765 446 30 29 pä
821 446 46 22 för-

108 481 64 22 hand
199 482 92 21 anmäla
317 481 42 22 hos
387 483 78 20 ortens
483 480 206 30 polismyndighet.
724 480 85 30 Någon
827 488 39 14 an-

110 523 47 15 nan
187 515 140 30 föregående
357 516 110 28 pröfning
492 520 29 18 än
546 518 35 20 att
606 515 28 22 de
662 517 63 27 yttre
752 514 115 29 betingel-

110 558 67 14 serna
196 551 37 21 för
251 550 177 29 anmälningens
447 550 139 29 behörighet
603 550 122 29 föreligga,
744 550 75 21 såsom
832 551 36 20 att

110 584 133 23 densamma
267 587 115 27 upptager
405 584 36 22 tid
466 584 43 22 och
533 592 50 14 rum
602 585 36 21 för
656 584 211 22 sammankomsten

110 622 60 19 samt
187 620 9 21 i
213 619 64 29 regel
295 620 68 21 äfven
383 618 133 23 ändamålet
533 618 52 23 med
598 619 140 27 densamma,
757 625 54 21 eger
827 625 41 22 po-

110 654 59 22 lisen
183 654 7 22 i
203 654 128 22 allmänhet
349 654 20 28 ej
389 654 89 22 utöfva.
503 654 91 21 Endast
612 654 8 21 i
638 653 40 22 det
696 653 41 22 fall
757 655 35 19 att
809 660 59 14 sam-

111 689 164 21 mankomsten
299 692 25 18 är
349 688 81 22 afsedd
455 690 36 20 att
514 688 75 22 hållas
613 689 14 21 å
644 691 63 26 gata,
735 690 53 26 torg
812 687 56 21 eller

111 730 78 15 annan
217 722 108 30 offentlig
348 722 62 30 plats
436 722 58 22 eller
512 730 84 14 annars
614 722 75 22 under
707 722 42 22 bar
766 721 102 27 himmel,

110 758 74 21 måste
203 758 8 20 i
229 764 29 15 en
277 757 37 21 del
332 757 82 22 länder
432 757 103 29 polisens
562 756 107 23 tillstånd
694 756 37 22 till
755 763 114 15 samman-

111 792 119 22 komstens
249 791 109 23 hållande
371 792 118 28 utverkas,
502 792 57 21 eller
571 791 142 22 tillkommer
725 790 40 22 det
777 790 91 30 polisen

113 829 36 19 att
167 826 80 23 därom
265 826 106 22 meddela
389 826 29 21 de
437 830 106 18 närmare
561 826 151 27 föreskrifter,
731 833 47 14 som
797 825 8 22 i
824 824 45 22 den

114 860 118 24 allmänna
256 860 142 30 ordningens
425 861 99 22 intresse
550 860 57 23 eller
624 860 38 22 till
680 858 189 24 förekommande

114 896 24 22 af
155 896 119 30 störingar
291 896 9 22 i
318 896 100 22 trafiken
437 900 39 17 äro
495 895 158 29 erforderliga.

182 930 13 22 I
212 930 108 23 afseende
339 931 14 21 &
371 930 85 29 själfva
475 930 211 22 sammankomsten
704 929 74 29 gäller
796 928 74 22 öfver-

114 964 49 28 allt,
183 967 35 20 att
236 965 108 29 offentlig
361 964 147 30 myndighet,
526 964 41 22 hos
585 964 97 22 hvilken
701 963 108 23 anmälan
833 970 37 15 om

114 998 73 23 sådan
206 1000 82 29 gjorts,
306 1000 52 21 icke
377 1000 37 21 får
430 1002 86 26 vägras
535 999 104 22 tillträde
652 999 37 21 till
701 998 170 22 sammankom-

114 1036 59 19 sten.
209 1034 152 23 Förekomma
380 1033 84 23 därvid
482 1034 141 22 uttalanden
639 1033 56 22 eller
713 1033 83 26 beslut,
821 1038 49 15 som

114 1068 117 23 innefatta
258 1069 55 21 eller
337 1068 77 28 åsyfta
438 1068 138 22 föröfvande
600 1068 24 22 af
641 1067 139 29 lagstridiga
798 1066 74 22 hand-

114 1102 84 29 lingar,
217 1103 56 22 eller
291 1103 152 29 uppkommer
462 1102 121 29 oordning,
602 1106 26 18 är
646 1102 167 28 myndigheten
832 1101 39 21 be-

114 1136 69 30 hörig
202 1140 35 20 att
255 1137 97 29 upplösa
371 1137 213 22 sammankomsten
602 1137 113 29 antingen
728 1135 144 23 omedelbart

114 1170 57 23 eller
195 1173 30 27 på
249 1172 102 28 begäran
376 1172 23 21 af
418 1172 222 22 sammankomstens
658 1170 139 23 ordförande
815 1170 57 21 eller

114 1205 85 29 ledare,
227 1207 57 21 eller
302 1206 8 22 i
329 1206 111 22 händelse
468 1205 64 23 desse
558 1206 123 22 underlåta
708 1208 35 19 att
769 1204 103 22 förklara

114 1241 210 21 sammankomsten
343 1240 102 29 upplöst.
476 1240 132 22 Detsamma
626 1240 75 29 gäller
718 1239 9 22 i
745 1238 128 23 allmänhet

115 1274 70 22 äfven
203 1275 8 21 i
229 1276 41 21 fall
289 1274 137 30 beväpnade
445 1282 109 22 personer
572 1275 104 21 infunnit
689 1274 36 29 sig
737 1274 76 21 såsom
825 1272 48 22 del-

114 1311 81 27 tagare
214 1310 8 21 i
240 1309 183 23 sammankomst
445 1309 45 22 och
516 1309 58 22 efter
601 1309 145 29 uppmaning
773 1308 21 29 ej
822 1307 52 22 där-

114 1344 62 21 ifrån
195 1344 106 29 aflägsna
319 1344 42 28 sig.

184 1378 36 22 En
234 1379 53 21 kort
299 1378 147 29 redogörelse
459 1378 35 22 för
506 1378 206 28 bestämningarna
723 1377 36 22 uti
771 1376 30 22 de
811 1376 63 22 olika

114 1412 125 22 ländernas
257 1412 198 30 lagstiftningar
444 1408 13 38 i
468 1415 77 19 ämnet
557 1412 42 22 har
612 1415 64 25 synts
689 1412 117 21 utskottet
815 1417 58 15 vara

115 1447 24 21 af
157 1447 104 21 intresse.
297 1447 91 21 Härvid
413 1448 39 20 må
480 1448 93 25 erinras,
592 1448 36 20 att
645 1446 54 22 flere
717 1446 93 21 länders
828 1444 45 22 för-

114 1482 133 28 fattningar
277 1481 116 22 behandla
424 1481 220 29 föreningsfriheten
670 1481 8 21 i
707 1479 168 27 sammanhang

183 1525 133 23 Lagutskottets
329 1525 113 18 betänkande
454 1525 37 17 N:o
504 1525 17 17 3.
