1086 1761
774 142 32 22 41

441 209 22 18 10
474 209 15 23 5.

156 257 29 30 Ej
212 258 39 21 mä
277 257 246 30 lagskipningsätgärd
550 261 68 25 göras
637 257 38 22 till
693 257 97 22 föremål
808 257 37 22 för

89 292 155 28 anmärkning
263 292 56 22 eller
328 292 110 28 pröfning
447 292 8 21 i
464 291 144 29 landtdagen
618 291 57 22 eller
686 291 51 22 dess
746 291 98 22 utskott.

443 353 19 17 11
476 354 15 21 &.

158 394 169 23 Ledamöterne
351 395 23 22 af
398 394 91 23 landets
512 396 98 28 styrelse
633 395 118 29 förblifva,
769 396 76 21 såsom

90 430 68 27 förut,
177 430 114 28 Kejsaren
310 429 43 23 och
372 429 143 23 Storfursten
534 430 36 22 för
582 430 51 22 sina
646 429 200 29 ämbetsätgärder

91 464 128 29 ansvarige.

159 498 98 23 Pröfvar
281 498 114 30 Kejsaren
420 498 44 22 och
483 498 143 22 Storfursten
644 498 85 30 nödigt
746 501 36 19 att
800 498 46 22 för-

92 532 72 23 ordna
191 533 37 22 till
247 533 48 22 åtal
313 535 49 20 mot
379 533 200 29 styrelseledamot
596 534 37 21 för
651 533 84 22 sådant
752 533 94 29 lagstri-

92 567 52 28 digt
161 567 153 28 förhällande,
333 575 46 14 som
399 568 8 21 i
426 568 14 21 6
460 568 13 26 &
492 572 25 17 är
527 568 73 28 sagdt,
611 568 66 21 döme
687 568 68 21 äfven
765 567 81 22 härom

92 601 45 22 den
156 601 106 28 domstol,
280 602 95 22 hvarom
394 601 75 22 finnes
487 601 110 30 stadgadt
614 602 8 21 i
643 602 13 21 7
676 603 19 26 $.
731 602 12 21 I
760 601 86 22 sådant

92 636 41 22 fall
151 637 89 21 utföres
258 637 73 21 åtalet
350 637 22 21 af
391 636 153 29 prokuratorn
563 637 8 21 i
584 639 95 20 senaten
692 637 55 21 eller
760 636 23 22 af
793 636 53 27 den,

93 678 48 14 som
167 671 115 29 Kejsaren
305 671 42 22 och
366 671 145 22 Storfursten
530 672 8 21 i
555 671 59 22 hans
632 671 68 22 ställe
718 671 128 22 förordnar.

445 737 22 17 12
479 738 15 22 &.

161 779 83 22 Denna
267 779 46 29 lag,
332 779 69 22 hvars
419 780 89 21 verkan
527 779 51 22 icke
596 779 130 22 utsträckes
744 779 38 22 till
800 781 48 27 sty-

93 813 198 23 relseledamöters
315 814 206 29 ämbetsätgärder,
546 821 48 15 som
613 814 113 29 vidtagits
744 814 49 21 före
811 816 36 19 ut-

94 848 123 22 färdandet
235 849 23 22 af
276 848 77 23 denna
370 849 47 28 lag,
436 849 61 22 skall
515 849 63 28 gälla
596 849 75 22 säsom
690 848 122 29 grundlag.

164 928 121 29 Härjämte
311 928 71 22 hafva
408 928 30 22 Vi
463 928 97 22 beslutit
577 929 8 21 i
603 928 187 29 underdänighet
808 936 40 14 an-

95 962 63 22 hälla
185 965 36 19 att
245 962 72 30 nädig
341 963 153 29 proposition,
514 963 122 29 äsyftande
655 966 35 19 att
707 966 56 25 göra
781 962 67 22 mini-

95 997 265 22 sterstatssekreteraren
384 997 44 22 och
450 997 87 23 dennes
556 998 90 29 adjoint
665 998 129 28 ansvarige,
812 1004 38 14 en-

95 1032 46 28 ligt
158 1032 77 22 denna
253 1032 46 28 lag,
318 1032 36 22 för
371 1032 145 29 lagligheten
530 1032 23 22 af
565 1032 65 22 deras
642 1031 206 29 ämbetsätgärder,

95 1066 71 22 mätte
185 1066 37 22 till
240 1066 273 22 nästsammanträdande
531 1066 115 30 landtdag
664 1066 87 22 aflätas.

443 1153 29 22 17
487 1155 20 25 &.

166 1208 77 24 Sedan
261 1209 66 23 Hans
345 1210 134 29 Kejserliga
497 1210 109 29 Majestät
624 1210 35 22 uti
677 1210 133 22 manifestet
828 1209 24 23 af

97 1244 44 21 den
166 1244 15 21 4
205 1244 126 22 november
357 1244 65 22 1905
447 1245 8 21 i
480 1244 72 22 näder
575 1244 119 28 förklarat,
712 1247 35 19 att
770 1244 29 22 de
818 1244 34 22 ät-

97 1278 83 29 gärder
198 1278 36 22 för
258 1278 45 22 den
321 1278 89 30 lagliga
434 1279 142 29 ordningens
594 1278 164 23 äterställande
776 1278 8 23 i
802 1278 50 23 lan-

97 1312 46 27 det,
167 1312 81 22 hvilka
272 1313 107 29 utgjorde
406 1313 122 22 föremälet
551 1314 35 22 för
610 1313 141 23 Ständernas
768 1312 84 23 under-

98 1346 86 30 däniga
202 1347 99 29 petition
321 1348 24 21 af
362 1347 45 22 den
427 1348 29 21 31
478 1348 120 22 december
614 1348 71 28 1904,
698 1348 74 22 skulle
790 1347 63 22 brin-

97 1388 42 22 gas
157 1381 8 21 i
183 1382 187 28 verkställighet,
394 1384 61 20 samt
479 1382 38 23 till
541 1382 47 22 Vår
611 1382 143 29 behandling
778 1382 75 22 öfver

97 1416 89 22 lämnat
203 1416 72 29 nädig
294 1416 143 29 proposition
449 1416 8 22 i
470 1417 84 29 frägan
566 1424 37 15 om
615 1417 146 29 tjänstemän,
771 1416 83 22 hvilka

98 1450 80 21 blifvit
196 1450 51 22 från
267 1451 51 21 sina
342 1450 162 29 befattningar
523 1451 123 22 afskedade
664 1451 56 22 eller
737 1451 37 21 till
792 1451 62 28 tjän-
