1086 1767
230 158 29 22 62

235 229 82 23 böter.
353 229 187 30 Fackförening
567 230 51 23 kan
647 231 127 28 uppträda
794 236 53 16 som
867 229 125 30 själfstän-

235 264 45 29 dig
307 266 58 27 part
392 263 66 24 inför
486 265 65 22 rätta
576 266 64 21 samt
659 271 60 23 eger
737 265 50 22 rätt
806 266 35 21 att
859 265 131 22 förvärfva

234 299 136 28 egendom;
390 299 120 29 fastighet
527 299 79 22 likväl
633 299 90 23 endast
741 306 40 15 om
800 299 116 29 förening
936 300 28 21 är
982 299 7 22 i

233 333 161 30 nödvändigt
421 333 78 23 behof
518 333 25 22 af
561 334 147 22 densamma
732 334 39 22 för
795 333 54 23 sina
868 340 123 16 samman-

232 367 99 27 träden,
349 367 144 24 fackskolor
503 368 60 23 eller
572 368 130 23 bibliotek.
739 368 249 34 Fackföreningarna

230 401 91 24 kunna
340 403 180 22 sammansluta
539 403 39 29 sig
597 403 36 22 till
651 403 111 22 förbund
789 402 121 31 (unions).
947 397 43 28 Äf-

231 443 51 16 ven
303 437 74 22 dessa
396 437 110 23 förbund
526 438 44 21 äro
589 437 119 30 skyldiga
727 439 36 21 att
783 437 98 22 anmäla
892 437 40 29 sig
941 437 47 22 hos

230 471 218 30 polismyndighet
478 472 58 22 med
562 472 165 22 närslutande
753 471 26 23 af
803 472 53 22 sina
885 471 103 30 stadgar

231 505 79 29 jämte
329 506 159 29 förteckning
506 507 73 22 öfver
591 506 31 23 de
635 506 155 29 föreningar,
806 513 52 16 som
869 507 44 21 äro
922 505 66 23 med-

230 539 107 24 lemmar
364 541 7 22 i
396 541 143 22 förbundet.
577 541 154 22 Förbunden
762 541 87 22 kunna
876 541 21 28 ej
926 547 62 22 upp-

231 575 74 22 träda
333 581 53 16 som
416 577 86 27 parter
520 576 8 21 i
546 575 136 30 rättegäng
708 576 21 29 ej
759 575 80 22 häller
857 575 129 22 förvärfva

231 609 133 29 egendom,
394 610 45 22 och
465 611 44 22 äro
536 610 158 29 följaktligen
723 611 22 28 ej
769 610 8 21 i
795 609 137 30 besittning
962 609 27 22 af

227 644 199 28 rättskapacitet.

299 678 136 23 Likartade
467 679 127 22 förmäner
622 685 53 16 som
694 678 239 29 fackföreningarna
952 678 34 22 ät-

228 713 73 29 njuta
329 713 93 29 jämväl
448 713 152 29 ömsesidiga
620 713 300 29 understödsföreningar
940 712 45 29 (so-

228 747 76 22 cietés
323 748 30 22 de
371 754 100 16 secours
495 748 119 28 mutuels)
640 748 78 28 enligt
737 754 30 16 en
786 748 42 28 lag
847 747 26 23 af
891 747 48 23 den
954 748 30 21 15

228 782 66 28 april
314 782 75 22 1898.

298 810 89 36 Öfriga
418 817 147 29 föreningar
594 817 39 22 för
661 824 83 15 annan
774 817 32 22 än
837 816 147 22 ekonomisk

226 850 164 23 verksamhet
418 852 179 28 (associations
625 858 61 16 sans
712 851 44 22 but
784 850 115 29 lucratif)
927 850 56 22 med

225 884 64 23 flere
317 886 32 21 än
377 886 34 22 20
438 886 162 22 medlemmar
627 886 70 29 fingo
723 885 79 29 enligt
823 885 66 23 Code
903 885 81 29 pönal

226 920 48 22 och
304 920 74 28 lagen
410 920 25 22 af
464 920 49 22 den
546 920 31 22 10
606 920 64 28 april
700 920 66 22 1834
794 920 53 22 icke
875 919 108 23 existera

225 955 64 21 utan
318 954 110 23 tillständ
458 955 25 22 af
510 955 185 22 administrativ
722 954 156 29 myndighet.
927 954 56 22 Men

226 988 77 22 äfven
331 995 39 16 om
399 989 90 22 sädant
516 989 112 23 tillständ
653 989 94 29 gifvits,
774 988 84 23 kunde
877 988 42 22 det
936 988 47 22 när

226 1029 54 15 som
309 1023 64 22 helst
398 1026 62 20 utan
488 1024 153 28 angifvande
661 1023 26 23 af
705 1023 109 23 orsaken
839 1022 143 23 äterkallas.

226 1056 101 24 Endast
354 1064 39 16 om
425 1058 117 29 förening
577 1058 103 22 erkänts
717 1064 53 16 som
804 1057 179 29 'allmännyttig

225 1091 143 22 institution
403 1092 120 28 (d'utilitö
546 1092 145 29 publigue),
721 1092 64 29 egde
814 1092 48 21 den
890 1098 30 15 en
948 1091 35 22 in-

225 1125 108 23 skränkt
352 1127 49 22 rätt
420 1128 36 21 att
474 1127 130 22 förvärfva
623 1127 133 28 egendom.
795 1125 95 23 Genom
908 1125 74 29 lagen

226 1159 27 22 af
273 1161 12 21 1
307 1161 45 28 juli
372 1161 76 26 1901,
467 1161 103 22 hvilken
589 1161 54 22 icke
654 1161 119 22 omfattar
783 1160 133 29 syndicats
924 1166 59 22 pro-

227 1194 133 23 fessionels
380 1195 60 22 eller
463 1195 104 22 sociötös
585 1195 32 22 de
635 1201 100 16 secours
753 1195 118 25 mutuels,
892 1194 91 22 afskaf-

225 1229 74 22 fades
318 1229 291 29 koncessionssystemet,
629 1230 47 22 och
694 1229 148 29 föreningar
863 1228 57 23 med
933 1228 49 22 ide-

227 1263 49 22 ella
296 1264 117 22 ändamål
432 1265 66 28 (med
517 1264 132 29 undantag
668 1264 26 22 af
704 1264 31 22 de
745 1263 118 29 religiösa
877 1263 105 28 kongre-

224 1298 160 28 gationerna,
396 1298 38 23 för
453 1299 100 22 hvilkas
572 1298 196 23 vidkommande
787 1298 74 29 lagen
872 1297 110 22 innehäl-

223 1331 39 23 ler
293 1333 127 22 särskilda
449 1333 161 29 synnerligen
638 1333 147 22 restriktiva
816 1331 166 29 föreskrifter)

225 1366 164 23 tillerkändes
420 1368 49 21 rätt
500 1369 35 20 att
564 1367 67 22 inom
661 1367 69 22 vissa
759 1367 90 28 trånga
877 1367 106 28 gränser

223 1401 134 22 förvärfva
399 1402 123 29 egendom
564 1401 46 23 och
647 1402 136 28 disponera
819 1401 72 22 öfver
933 1400 49 22 den

224 1437 67 20 samt
310 1437 35 21 att
364 1436 83 23 såsom
466 1436 179 29 själfständiga
669 1435 169 29 rättssubjekt
856 1435 126 28 uppträda

224 1469 67 23 inför
319 1470 107 23 domstol
454 1471 44 22 och
522 1471 79 22 andra
621 1470 186 29 myndigheter.
844 1469 55 22 Den
918 1469 64 29 grad
