1086 1767
438 152 29 22 U.
485 153 26 22 B.
825 152 28 20 25

163 224 50 23 Den
232 223 91 30 politik,
341 223 138 29 regeringen
497 223 99 22 sålunda
610 223 99 28 fullföljt
723 222 40 22 vid
776 223 76 21 besät-

95 258 81 23 tandet
194 259 23 22 af
235 258 108 22 ämbeten
360 257 43 22 och
422 258 98 29 tjänster
538 258 8 21 i
565 257 87 28 landet,
673 257 97 22 hvilken
790 257 62 22 med-

94 293 47 22 fört
160 296 33 19 att
211 293 37 22 till
266 293 140 28 tjänstemän
425 295 84 19 utsetts
522 299 116 22 personer,
652 292 49 21 ofta
714 291 137 22 icke-finske

95 331 60 24 män,
174 328 28 21 de
220 327 42 22 där
279 326 129 22 merändels
426 327 62 22 visat
506 327 36 28 sig
560 327 135 28 oförmögne
715 328 35 20 att
761 325 90 23 behöri-

95 369 46 22 gen
166 361 159 30 upprätthålla
343 362 137 28 tjänsterna,
499 363 61 20 samt
578 361 37 21 till
634 361 43 21 och
696 360 52 22 med
767 360 84 29 ådaga-

95 397 50 28 lagt
165 397 56 28 vilja
239 398 36 20 att
292 395 40 22 vid
351 395 35 22 sin
404 395 198 29 tjänsteutöfning
620 395 85 29 främja
728 397 62 20 orätt
809 395 42 22 och

95 431 104 28 tillämpa
223 430 128 29 veterligen
376 430 103 29 olagliga
502 430 169 28 författningar
696 429 43 22 oeh
766 429 86 29 påbud,

96 465 41 22 har
163 465 86 29 jämväl
276 465 51 21 haft
352 465 37 21 till
408 464 96 29 påföljd,
524 467 35 19 att
577 464 107 22 enskilda
702 463 151 30 medborgare

96 500 75 21 såsom
197 502 78 27 parter
299 500 7 21 i
333 500 125 27 rättegång
477 499 56 22 eller
551 499 40 22 vid
610 499 108 28 beröring
736 498 53 22 med
807 501 46 19 sta-

96 537 51 18 tens
169 533 162 30 myndigheter
349 534 30 28 på
397 533 39 22 det
455 533 156 22 kännbaraste
630 533 78 22 funnit
727 533 35 29 sig
781 533 8 21 i
801 533 52 22 sak-

96 568 47 22 nad
162 569 24 21 af
199 568 40 22 det
250 567 142 30 rättsskydd,
409 567 117 23 desamma
544 570 40 26 egt
602 570 36 19 att
656 567 103 29 påräkna
778 567 76 29 enligt

95 603 92 22 landets
205 603 150 29 grundlagar.

164 637 231 29 Regeringsformens
412 637 32 21 39
458 638 13 25 &
481 636 129 23 innehåller
629 637 125 27 nämligen,
769 639 34 19 att
819 644 34 14 re-

96 672 113 28 geringen
230 672 60 21 skall
313 678 84 22 genom
409 671 141 21 Monarkens
569 670 43 22 och
633 670 143 22 Ständernas
795 678 58 14 sam-

96 706 88 22 värkan
210 706 25 21 sä
259 706 153 27 handhafvas,
432 708 35 19 att
487 706 83 28 ingen
589 705 54 28 olag
661 705 61 22 skall
739 706 31 28 gå
789 705 64 22 öfver

97 743 47 19 rätt
161 740 71 29 Lag*,
252 740 55 22 eller
325 740 179 22 undersätarnes
527 740 69 21 frihet
614 740 49 21 lika
682 740 51 21 litet
751 746 50 15 som
819 747 34 14 re-

97 778 97 26 gentens
207 774 138 30 rättigheter
362 774 75 22 blifva
457 774 137 29 ,vanskötte
608 774 43 22 och
663 774 189 28 undertryckta",

96 812 57 19 utan
172 809 58 22 hvar
243 809 42 22 och
304 816 28 14 en
351 809 92 29 åtnjuta
463 809 65 29 ,sina
545 809 89 28 lagliga
652 809 139 28 rättigheter
809 808 44 22 och

97 844 126 28 välfängne
241 843 155 29 privilegier*.

166 878 129 28 Förenings
313 878 44 21 och
376 878 126 21 Säkerhets
522 878 89 21 Aktens
632 878 13 20 2
660 878 75 28 punkt
751 878 105 21 innehäl-

97 912 34 22 ler
146 912 105 29 Konglig
264 913 121 28 Majestäts
395 912 131 26 försäkran,
540 914 35 20 att
587 912 47 22 han
648 912 60 22 skall
722 912 134 28 ,beskydda

97 947 60 29 höga
171 948 42 21 och
223 947 54 29 låga
294 949 48 19 mot
358 946 30 22 all
401 946 75 22 orätt"
491 946 43 22 och
547 947 70 27 ingen
632 946 77 22 saklös
724 946 132 28 ,förderfva

97 982 37 21 till
153 982 33 27 lif,
204 986 47 23 ära,
269 982 45 21 lem
333 981 43 22 och
394 980 81 30 gods".

167 1016 230 28 Regeringsformens
415 1016 13 20 2
450 1016 13 26 &
483 1015 88 29 bjuder,
590 1017 35 19 att
643 1015 132 28 Konungen
795 1015 60 21 skall

99 1051 139 28 »Yrångvisa
251 1050 43 22 och
307 1053 61 19 orätt
380 1050 116 28 förbjuda,
510 1050 99 21 afskaffa
625 1049 43 22 och
680 1049 174 29 nedertrycka",

99 1084 42 22 och
159 1092 86 14 samma
269 1084 87 29 lagbud
374 1084 132 29 uppställer
524 1084 36 21 till
579 1084 98 28 ledning
696 1084 42 21 och
757 1084 45 21 mål
820 1084 35 21 för

98 1121 88 20 statens
204 1119 96 28 styrelse
319 1119 139 28 styrkandet
478 1119 22 21 af
518 1120 48 19 rätt
583 1118 44 21 och
646 1119 106 28 sanning.

168 1153 70 22 Såväl
262 1153 39 22 det
319 1153 119 22 allmänna
456 1153 68 22 bästa
543 1160 48 14 som
610 1153 44 21 ock
673 1149 182 31 enskildas.-rätt

99 1187 43 22 och
165 1188 91 21 välfärd
283 1188 81 21 kräfva
394 1187 70 22 alltså
485 1187 30 29 på
534 1187 39 21 det
592 1187 162 27 bestämdaste,
774 1188 35 20 att
827 1186 29 21 de

98 1222 179 28 ifrågavarande
295 1221 229 26 missförhållanden,
544 1229 48 14 som
611 1222 30 28 på
659 1221 76 29 grund
754 1221 23 22 af
795 1221 60 28 tjän-

98 1258 59 19 sters
177 1257 139 28 lagstridiga
325 1255 139 23 besättande
482 1255 43 22 och
535 1255 172 22 innehafvande
718 1259 62 18 ännu
790 1255 65 22 bestå

99 1290 42 22 och
154 1298 48 15 som
212 1291 82 22 häröra
304 1291 23 22 af
336 1291 40 21 det
386 1290 110 22 tillstånd
504 1290 24 22 af
534 1290 135 29 olaglighet,
676 1290 90 21 hvilket
772 1297 84 21 genom

99 1325 132 22 manifestet
255 1326 24 21 af
302 1325 44 22 den
371 1325 16 22 4
406 1325 130 21 november
564 1325 64 21 1905
648 1324 124 22 förklarats
791 1324 66 21 skola

98 1359 113 29 upphöra,
230 1361 37 20 må
286 1359 51 22 med
355 1359 40 22 det
414 1361 105 20 snaraste
537 1359 74 22 blifva
629 1358 150 29 undanröjda.

169 1394 77 22 Sedan
271 1393 97 23 sålunda
389 1394 82 27 visats,
495 1394 8 21 i
527 1393 80 30 hvilka
633 1393 124 22 afseenden
776 1393 82 21 ofvan-

99 1428 97 22 berörda
222 1429 156 28 afsättningar
402 1428 44 21 och
465 1428 166 29 utnämningar
650 1427 72 22 strida
741 1429 48 20 mot
808 1427 49 29 gäl-

167 1505 132 23 Lagutskottets
312 1505 110 18 betänkande
434 1505 39 18 N:o
485 1506 15 17 1.
