1081 1759
323 150 30 23 U.
369 150 27 22 B.
413 163 28 2 —
457 150 76 28 Prop.
548 150 42 22 N:o
607 150 36 22 14.
854 150 13 20 3

176 220 103 21 Emedan
302 220 87 20 Preste-
411 220 44 20 och
473 219 199 27 Borgarestånden
688 219 70 21 redan
775 218 38 21 vid
830 218 36 20 be-
888 217 27 21 25
932 216 24 28 8.

106 254 141 27 handlingen
272 254 24 21 af
317 254 123 20 utskottets
456 253 148 21 betänkande
621 255 60 19 samt
697 252 171 22 Bondeståndet

107 294 82 21 genom
216 288 363 28 sammanjämkningsförslagets
605 288 130 26 antagande
765 287 102 27 godkänt

107 323 98 26 ändring
234 323 22 20 af
279 323 44 21 den
349 322 33 21 uti
402 322 137 27 paragrafen
556 322 70 26 enligt
643 322 173 27 propositionen
832 320 34 21 in-

107 357 86 27 gående
209 357 223 26 tidsbestämningen
449 357 80 20 femtio
545 357 26 20 är
586 356 32 21 till
635 356 112 27 tjugufem
763 356 31 26 är,
809 356 58 20 före-

107 391 75 21 finnes
198 392 87 20 således
302 398 97 14 numera
411 391 134 27 erforderlig
561 390 212 28 ständerpluralitet
787 390 8 20 i
811 390 57 20 afse-

108 426 57 20 ende
181 426 13 20 å
210 426 71 26 sagda
295 426 201 26 tidsbestämning.

177 460 156 27 Ridderskapet
354 460 41 20 och
418 460 70 20 Adeln
512 460 43 20 har
585 459 106 21 vidhällit
713 459 38 21 sitt
774 458 94 26 tidigare

108 494 85 21 fattade
216 494 75 21 beslut
313 494 89 26 därom,
423 497 32 18 att
482 496 10 19 1
517 501 70 14 mom.
609 494 7 20 i
639 494 135 27 paragrafen
797 492 71 22 borde

108 528 177 21 omformuleras
308 529 7 20 i
339 528 100 27 enlighet
463 528 53 21 med
539 529 52 20 dess
619 528 86 28 lydelse
731 528 6 20 i
761 528 44 20 den
828 527 40 21 nä-

108 562 51 27 diga
188 563 173 27 propositionen
391 566 60 18 samt
473 563 176 21 äterremitterat
674 563 135 27 paragrafen
834 562 34 20 till

108 598 110 20 utskottet
234 597 34 21 för
284 598 151 26 uppgörande
451 598 26 20 af
491 600 50 24 nytt
556 598 91 26 förslag,
664 598 103 20 närmast
783 596 30 28 pä
828 596 39 20 ba-

109 638 39 14 sen
169 632 25 20 af
214 632 180 21 Presteständets
410 632 39 20 vid
466 632 173 26 behandlingen
655 631 26 21 af
694 632 122 20 utskottets
831 631 38 20 be-

108 666 117 20 tänkande
242 666 85 20 fattade
343 666 81 21 beslut.

178 700 156 20 Presteständet
355 700 44 20 har
417 700 91 27 jämväl
525 700 115 21 vidblifvit
657 700 37 21 sitt
709 701 62 20 förra
787 701 81 25 beslut,

109 736 32 19 att
171 736 2 18 1
202 741 70 14 mom.
296 734 7 21 i
329 735 137 27 paragrafen
492 735 79 26 borde,
595 738 64 18 utom
684 736 61 20 hvad
762 735 108 21 beträffar

109 768 152 28 nyssberörda
286 769 202 27 tidsbestämning,
505 770 88 20 erhälla
609 776 90 14 samma
715 769 86 27 lydelse
817 776 50 14 som

108 803 33 20 uti
158 802 43 22 den
218 804 84 26 nädiga
318 803 183 27 propositionen.

178 838 32 20 På
226 844 90 14 samma
332 838 58 26 skäl,
402 844 51 15 som
470 838 25 20 af
509 838 214 21 utskottet*anförts
739 839 43 20 här
799 838 69 21 ofvan

109 872 74 20 under
198 872 27 20 24
241 873 19 25 &,
277 872 43 21 och
337 872 53 21 med
401 872 132 21 beaktande
545 873 24 20 af
584 872 55 21 hvad
647 873 118 26 angående
774 872 92 22 ändrin-

108 912 42 20 gen
174 906 25 20 af
214 907 72 20 orden
305 906 90 22 »femtio
411 907 38 20 är»
467 907 35 21 till
520 907 123 27 »tjugufem
660 908 37 20 är»
715 908 68 20 ofvan
800 908 69 20 fram-

108 940 85 27 hållits,
209 940 35 21 får
259 942 109 20 utskottet
384 941 135 21 hemställa:

384 1029 33 19 att
434 1028 108 26 Borgare-
563 1028 40 20 och
619 1028 167 21 Bondestånden
803 1029 66 20 måtte

314 1062 123 26 godkänna
462 1062 10 20 1
491 1069 67 14 mom.
581 1063 27 20 25
623 1062 16 28 $
653 1062 67 28 enligt
735 1063 46 21 dess
796 1063 71 27 affatt-

315 1096 54 26 ning
386 1096 7 20 i
408 1096 41 20 den
467 1096 85 28 nådiga
566 1096 162 28 propositionen
741 1099 59 19 utom
809 1097 61 21 hvad

314 1132 73 26 angår
410 1130 66 27 tiden,
493 1131 127 21 hvarunder
636 1132 161 26 myndigheters
827 1132 40 20 och

313 1165 147 21 ämbetsverks
484 1165 173 27 ifrågavarande
672 1166 135 27 handlingar
824 1166 45 20 icke

313 1199 59 27 finge
400 1201 53 19 utan
483 1200 143 26 vederbörligt
649 1200 97 20 tillstånd
760 1200 107 28 offentlig-

313 1235 73 25 göras;
403 1234 40 20 och
457 1234 89 20 komme
554 1234 68 27 sagda
632 1236 97 19 moment
736 1236 32 19 att
775 1235 32 21 till
814 1235 56 27 följd

315 1268 71 26 häraf
399 1268 86 20 erhålla
501 1268 98 27 följande
615 1269 91 27 lydelse:

177 1364 39 27 »Ej
234 1364 38 21 må
289 1364 75 27 någon
382 1367 55 19 utan
455 1366 155 26 vederbörligt
626 1366 195 28 tillstånd
733 1360 13 38 i
757 1366 62 28 tryck
833 1369 33 18 ut-

106 1398 60 26 gifva
192 1401 113 24 senatens,
331 1400 234 26 statssekreteriatets,
592 1401 274 26 generalguvernörskan-

106 1432 62 20 sliets
191 1435 60 18 samt
271 1433 176 21 statskontorets
471 1434 46 21 och
533 1434 112 21 Finlands
661 1434 74 22 banks
751 1436 115 26 protokoll

106 1466 44 21 och
169 1467 146 27 handlingar,
331 1468 18 26 ej
367 1468 72 20 heller
455 1468 34 20 till
507 1468 91 27 ärende,
615 1475 51 14 som
682 1469 13 20 å
711 1476 77 14 annan
805 1470 62 20 finsk

174 1506 133 23 Lagutskottets
319 1507 111 18 betänkande
442 1508 39 17 N:o
495 1508 18 17 2.
