<?xml version="1.0" encoding="UTF-8"?>
<alto xmlns="http://www.loc.gov/standards/alto/ns-v3#" xmlns:xlink="http://www.w3.org/1999/xlink" xmlns:xsi="http://www.w3.org/2001/XMLSchema-instance" xsi:schemaLocation="http://www.loc.gov/standards/alto/ns-v3# http://www.loc.gov/alto/v3/alto-3-0.xsd">
	<Description>
		<MeasurementUnit>pixel</MeasurementUnit>
		<sourceImageInformation>
			<fileName>/tmp/tess_m2o0y96r_input.PNG</fileName>
		</sourceImageInformation>
		<OCRProcessing ID="OCR_0">
			<ocrProcessingStep>
				<processingSoftware>
					<softwareName>tesseract 5.3.4</softwareName>
				</processingSoftware>
			</ocrProcessingStep>
		</OCRProcessing>
	</Description>
	<Layout>
		<Page WIDTH="1089" HEIGHT="1767" PHYSICAL_IMG_NR="0" ID="page_0">
			<PrintSpace HPOS="0" VPOS="0" WIDTH="1089" HEIGHT="1767">
				<ComposedBlock ID="cblock_0" HPOS="340" VPOS="161" WIDTH="521" HEIGHT="30">
					<TextBlock ID="block_0" HPOS="340" VPOS="161" WIDTH="521" HEIGHT="30">
						<TextLine ID="line_0" HPOS="340" VPOS="161" WIDTH="521" HEIGHT="30">
							<String ID="string_0" HPOS="340" VPOS="162" WIDTH="21" HEIGHT="25" WC="0.96" CONTENT="U."/><SP WIDTH="18" VPOS="162" HPOS="361"/>
							<String ID="string_1" HPOS="379" VPOS="164" WIDTH="22" HEIGHT="22" WC="0.86" CONTENT="B."/><SP WIDTH="18" VPOS="164" HPOS="401"/>
							<String ID="string_2" HPOS="419" VPOS="177" WIDTH="27" HEIGHT="2" WC="0.91" CONTENT="—"/><SP WIDTH="18" VPOS="177" HPOS="446"/>
							<String ID="string_3" HPOS="464" VPOS="161" WIDTH="61" HEIGHT="30" WC="0.96" CONTENT="Prop."/><SP WIDTH="19" VPOS="161" HPOS="525"/>
							<String ID="string_4" HPOS="544" VPOS="164" WIDTH="37" HEIGHT="22" WC="0.96" CONTENT="N:o"/><SP WIDTH="16" VPOS="164" HPOS="581"/>
							<String ID="string_5" HPOS="597" VPOS="164" WIDTH="31" HEIGHT="22" WC="0.95" CONTENT="18."/><SP WIDTH="205" VPOS="164" HPOS="628"/>
							<String ID="string_6" HPOS="833" VPOS="166" WIDTH="28" HEIGHT="20" WC="0.96" CONTENT="35"/>
						</TextLine>
					</TextBlock>
				</ComposedBlock>
				<ComposedBlock ID="cblock_1" HPOS="109" VPOS="230" WIDTH="759" HEIGHT="884">
					<TextBlock ID="block_1" HPOS="109" VPOS="230" WIDTH="753" HEIGHT="63">
						<TextLine ID="line_1" HPOS="109" VPOS="230" WIDTH="753" HEIGHT="27">
							<String ID="string_7" HPOS="109" VPOS="230" WIDTH="60" HEIGHT="27" WC="0.96" CONTENT="enlig"/><SP WIDTH="16" VPOS="230" HPOS="169"/>
							<String ID="string_8" HPOS="185" VPOS="230" WIDTH="99" HEIGHT="27" WC="0.96" CONTENT="ordning"/><SP WIDTH="17" VPOS="230" HPOS="284"/>
							<String ID="string_9" HPOS="301" VPOS="231" WIDTH="44" HEIGHT="20" WC="0.93" CONTENT="och"/><SP WIDTH="17" VPOS="231" HPOS="345"/>
							<String ID="string_10" HPOS="362" VPOS="230" WIDTH="80" HEIGHT="20" WC="0.96" CONTENT="hvilka"/><SP WIDTH="17" VPOS="230" HPOS="442"/>
							<String ID="string_11" HPOS="459" VPOS="230" WIDTH="28" HEIGHT="27" WC="0.96" CONTENT="ej,"/><SP WIDTH="17" VPOS="230" HPOS="487"/>
							<String ID="string_12" HPOS="504" VPOS="230" WIDTH="110" HEIGHT="21" WC="0.94" CONTENT="besvaras"/><SP WIDTH="17" VPOS="230" HPOS="614"/>
							<String ID="string_13" HPOS="631" VPOS="230" WIDTH="69" HEIGHT="21" WC="0.92" CONTENT="olika."/><SP WIDTH="26" VPOS="230" HPOS="700"/>
							<String ID="string_14" HPOS="726" VPOS="231" WIDTH="81" HEIGHT="21" WC="0.91" CONTENT="Såsom"/><SP WIDTH="17" VPOS="231" HPOS="807"/>
							<String ID="string_15" HPOS="824" VPOS="231" WIDTH="38" HEIGHT="21" WC="0.90" CONTENT="be-"/>
						</TextLine>
						<TextLine ID="line_2" HPOS="109" VPOS="266" WIDTH="476" HEIGHT="27">
							<String ID="string_16" HPOS="109" VPOS="267" WIDTH="35" HEIGHT="20" WC="0.96" CONTENT="vis"/><SP WIDTH="17" VPOS="267" HPOS="144"/>
							<String ID="string_17" HPOS="161" VPOS="267" WIDTH="37" HEIGHT="20" WC="0.96" CONTENT="må"/><SP WIDTH="17" VPOS="267" HPOS="198"/>
							<String ID="string_18" HPOS="215" VPOS="267" WIDTH="43" HEIGHT="20" WC="0.96" CONTENT="här"/><SP WIDTH="16" VPOS="267" HPOS="258"/>
							<String ID="string_19" HPOS="274" VPOS="266" WIDTH="71" HEIGHT="27" WC="0.96" CONTENT="några"/><SP WIDTH="17" VPOS="266" HPOS="345"/>
							<String ID="string_20" HPOS="362" VPOS="266" WIDTH="106" HEIGHT="27" WC="0.96" CONTENT="exempel"/><SP WIDTH="16" VPOS="266" HPOS="468"/>
							<String ID="string_21" HPOS="484" VPOS="266" WIDTH="101" HEIGHT="21" WC="0.96" CONTENT="anföras."/>
						</TextLine>
					</TextBlock>
					<TextBlock ID="block_2" HPOS="109" VPOS="302" WIDTH="755" HEIGHT="100">
						<TextLine ID="line_3" HPOS="181" VPOS="302" WIDTH="680" HEIGHT="29">
							<String ID="string_22" HPOS="181" VPOS="303" WIDTH="156" HEIGHT="26" WC="0.91" CONTENT="Reglementet"/><SP WIDTH="31" VPOS="303" HPOS="337"/>
							<String ID="string_23" HPOS="368" VPOS="302" WIDTH="35" HEIGHT="20" WC="0.93" CONTENT="för"/><SP WIDTH="32" VPOS="302" HPOS="403"/>
							<String ID="string_24" HPOS="435" VPOS="302" WIDTH="60" HEIGHT="27" WC="0.90" CONTENT="Kejs."/><SP WIDTH="29" VPOS="302" HPOS="495"/>
							<String ID="string_25" HPOS="524" VPOS="302" WIDTH="99" HEIGHT="21" WC="0.96" CONTENT="Senaten"/><SP WIDTH="22" VPOS="302" HPOS="623"/>
							<String ID="string_26" HPOS="645" VPOS="303" WIDTH="24" HEIGHT="20" WC="0.96" CONTENT="af"/><SP WIDTH="24" VPOS="303" HPOS="669"/>
							<String ID="string_27" HPOS="693" VPOS="303" WIDTH="46" HEIGHT="21" WC="0.96" CONTENT="den"/><SP WIDTH="26" VPOS="303" HPOS="739"/>
							<String ID="string_28" HPOS="765" VPOS="304" WIDTH="14" HEIGHT="20" WC="0.95" CONTENT="8"/><SP WIDTH="26" VPOS="304" HPOS="779"/>
							<String ID="string_29" HPOS="805" VPOS="306" WIDTH="56" HEIGHT="25" WC="0.96" CONTENT="sept."/>
						</TextLine>
						<TextLine ID="line_4" HPOS="111" VPOS="338" WIDTH="753" HEIGHT="30">
							<String ID="string_30" HPOS="111" VPOS="339" WIDTH="62" HEIGHT="25" WC="0.96" CONTENT="1902,"/><SP WIDTH="19" VPOS="339" HPOS="173"/>
							<String ID="string_31" HPOS="192" VPOS="345" WIDTH="50" HEIGHT="14" WC="0.96" CONTENT="som"/><SP WIDTH="17" VPOS="345" HPOS="242"/>
							<String ID="string_32" HPOS="259" VPOS="338" WIDTH="43" HEIGHT="20" WC="0.93" CONTENT="hör"/><SP WIDTH="15" VPOS="338" HPOS="302"/>
							<String ID="string_33" HPOS="317" VPOS="338" WIDTH="35" HEIGHT="20" WC="0.96" CONTENT="till"/><SP WIDTH="17" VPOS="338" HPOS="352"/>
							<String ID="string_34" HPOS="369" VPOS="338" WIDTH="28" HEIGHT="20" WC="0.96" CONTENT="de"/><SP WIDTH="16" VPOS="338" HPOS="397"/>
							<String ID="string_35" HPOS="413" VPOS="344" WIDTH="85" HEIGHT="21" WC="0.93" CONTENT="genom"/><SP WIDTH="17" VPOS="344" HPOS="498"/>
							<String ID="string_36" HPOS="515" VPOS="338" WIDTH="271" HEIGHT="21" WC="0.92" CONTENT="november-manifestet"/><SP WIDTH="19" VPOS="338" HPOS="786"/>
							<String ID="string_37" HPOS="805" VPOS="346" WIDTH="59" HEIGHT="22" WC="0.92" CONTENT="upp-"/>
						</TextLine>
						<TextLine ID="line_5" HPOS="109" VPOS="374" WIDTH="602" HEIGHT="28">
							<String ID="string_38" HPOS="109" VPOS="374" WIDTH="71" HEIGHT="21" WC="0.92" CONTENT="häfda"/><SP WIDTH="17" VPOS="374" HPOS="180"/>
							<String ID="string_39" HPOS="197" VPOS="374" WIDTH="201" HEIGHT="26" WC="0.96" CONTENT="förordningarna,"/><SP WIDTH="17" VPOS="374" HPOS="398"/>
							<String ID="string_40" HPOS="415" VPOS="374" WIDTH="94" HEIGHT="27" WC="0.96" CONTENT="stadgar"/><SP WIDTH="16" VPOS="374" HPOS="509"/>
							<String ID="string_41" HPOS="525" VPOS="375" WIDTH="7" HEIGHT="19" WC="0.96" CONTENT="i"/><SP WIDTH="19" VPOS="375" HPOS="532"/>
							<String ID="string_42" HPOS="551" VPOS="376" WIDTH="26" HEIGHT="19" WC="0.96" CONTENT="13"/><SP WIDTH="17" VPOS="376" HPOS="577"/>
							<String ID="string_43" HPOS="594" VPOS="375" WIDTH="117" HEIGHT="27" WC="0.96" CONTENT="punkten:"/>
						</TextLine>
					</TextBlock>
					<TextBlock ID="block_3" HPOS="110" VPOS="410" WIDTH="758" HEIGHT="315">
						<TextLine ID="line_6" HPOS="183" VPOS="410" WIDTH="679" HEIGHT="28">
							<String ID="string_44" HPOS="183" VPOS="410" WIDTH="163" HEIGHT="27" WC="0.74" CONTENT="»Tjänstemän"/><SP WIDTH="22" VPOS="410" HPOS="346"/>
							<String ID="string_45" HPOS="368" VPOS="410" WIDTH="6" HEIGHT="20" WC="0.96" CONTENT="i"/><SP WIDTH="19" VPOS="410" HPOS="374"/>
							<String ID="string_46" HPOS="393" VPOS="410" WIDTH="100" HEIGHT="20" WC="0.96" CONTENT="Senaten"/><SP WIDTH="27" VPOS="410" HPOS="493"/>
							<String ID="string_47" HPOS="520" VPOS="411" WIDTH="44" HEIGHT="20" WC="0.95" CONTENT="och"/><SP WIDTH="27" VPOS="411" HPOS="564"/>
							<String ID="string_48" HPOS="591" VPOS="411" WIDTH="53" HEIGHT="20" WC="0.96" CONTENT="dess"/><SP WIDTH="17" VPOS="411" HPOS="644"/>
							<String ID="string_49" HPOS="661" VPOS="411" WIDTH="76" HEIGHT="21" WC="0.93" CONTENT="kansli"/><SP WIDTH="18" VPOS="411" HPOS="737"/>
							<String ID="string_50" HPOS="755" VPOS="411" WIDTH="107" HEIGHT="27" WC="0.92" CONTENT="underly-"/>
						</TextLine>
						<TextLine ID="line_7" HPOS="110" VPOS="446" WIDTH="757" HEIGHT="28">
							<String ID="string_51" HPOS="110" VPOS="446" WIDTH="76" HEIGHT="21" WC="0.96" CONTENT="dande"/><SP WIDTH="27" VPOS="446" HPOS="186"/>
							<String ID="string_52" HPOS="213" VPOS="446" WIDTH="160" HEIGHT="26" WC="0.96" CONTENT="inrättningar,"/><SP WIDTH="27" VPOS="446" HPOS="373"/>
							<String ID="string_53" HPOS="400" VPOS="446" WIDTH="82" HEIGHT="20" WC="0.93" CONTENT="hvilka"/><SP WIDTH="29" VPOS="446" HPOS="482"/>
							<String ID="string_54" HPOS="511" VPOS="446" WIDTH="125" HEIGHT="21" WC="0.92" CONTENT="innehafva"/><SP WIDTH="26" VPOS="446" HPOS="636"/>
							<String ID="string_55" HPOS="662" VPOS="447" WIDTH="158" HEIGHT="27" WC="0.96" CONTENT="befattningen"/><SP WIDTH="21" VPOS="447" HPOS="820"/>
							<String ID="string_56" HPOS="841" VPOS="447" WIDTH="26" HEIGHT="21" WC="0.96" CONTENT="af"/>
						</TextLine>
						<TextLine ID="line_8" HPOS="110" VPOS="482" WIDTH="753" HEIGHT="28">
							<String ID="string_57" HPOS="110" VPOS="483" WIDTH="60" HEIGHT="25" WC="0.96" CONTENT="lägre"/><SP WIDTH="25" VPOS="483" HPOS="170"/>
							<String ID="string_58" HPOS="195" VPOS="484" WIDTH="29" HEIGHT="18" WC="0.96" CONTENT="än"/><SP WIDTH="25" VPOS="484" HPOS="224"/>
							<String ID="string_59" HPOS="249" VPOS="482" WIDTH="30" HEIGHT="20" WC="0.91" CONTENT="VI"/><SP WIDTH="24" VPOS="482" HPOS="279"/>
							<String ID="string_60" HPOS="303" VPOS="482" WIDTH="160" HEIGHT="27" WC="0.91" CONTENT="rangklassen,"/><SP WIDTH="30" VPOS="482" HPOS="463"/>
							<String ID="string_61" HPOS="493" VPOS="484" WIDTH="133" HEIGHT="22" WC="0.96" CONTENT="utnämnas,"/><SP WIDTH="18" VPOS="484" HPOS="626"/>
							<String ID="string_62" HPOS="644" VPOS="482" WIDTH="53" HEIGHT="21" WC="0.96" CONTENT="med"/><SP WIDTH="18" VPOS="482" HPOS="697"/>
							<String ID="string_63" HPOS="715" VPOS="483" WIDTH="148" HEIGHT="27" WC="0.96" CONTENT="iakttagande"/>
						</TextLine>
						<TextLine ID="line_9" HPOS="110" VPOS="518" WIDTH="753" HEIGHT="28">
							<String ID="string_64" HPOS="110" VPOS="518" WIDTH="25" HEIGHT="20" WC="0.96" CONTENT="af"/><SP WIDTH="22" VPOS="518" HPOS="135"/>
							<String ID="string_65" HPOS="157" VPOS="518" WIDTH="45" HEIGHT="20" WC="0.95" CONTENT="den"/><SP WIDTH="16" VPOS="518" HPOS="202"/>
							<String ID="string_66" HPOS="218" VPOS="518" WIDTH="7" HEIGHT="20" WC="0.95" CONTENT="i"/><SP WIDTH="17" VPOS="518" HPOS="225"/>
							<String ID="string_67" HPOS="242" VPOS="518" WIDTH="83" HEIGHT="26" WC="0.96" CONTENT="nådiga"/><SP WIDTH="20" VPOS="518" HPOS="325"/>
							<String ID="string_68" HPOS="345" VPOS="518" WIDTH="168" HEIGHT="27" WC="0.96" CONTENT="förordningen"/><SP WIDTH="18" VPOS="518" HPOS="513"/>
							<String ID="string_69" HPOS="531" VPOS="518" WIDTH="25" HEIGHT="21" WC="0.96" CONTENT="af"/><SP WIDTH="13" VPOS="518" HPOS="556"/>
							<String ID="string_70" HPOS="569" VPOS="519" WIDTH="45" HEIGHT="20" WC="0.96" CONTENT="den"/><SP WIDTH="18" VPOS="519" HPOS="614"/>
							<String ID="string_71" HPOS="632" VPOS="519" WIDTH="26" HEIGHT="20" WC="0.95" CONTENT="31"/><SP WIDTH="16" VPOS="519" HPOS="658"/>
							<String ID="string_72" HPOS="674" VPOS="518" WIDTH="43" HEIGHT="28" WC="0.95" CONTENT="juli"/><SP WIDTH="19" VPOS="518" HPOS="717"/>
							<String ID="string_73" HPOS="736" VPOS="520" WIDTH="64" HEIGHT="25" WC="0.93" CONTENT="1902,"/><SP WIDTH="17" VPOS="520" HPOS="800"/>
							<String ID="string_74" HPOS="817" VPOS="519" WIDTH="46" HEIGHT="21" WC="0.92" CONTENT="afd."/>
						</TextLine>
						<TextLine ID="line_10" HPOS="111" VPOS="554" WIDTH="754" HEIGHT="27">
							<String ID="string_75" HPOS="111" VPOS="554" WIDTH="32" HEIGHT="21" WC="0.92" CONTENT="III"/><SP WIDTH="17" VPOS="554" HPOS="143"/>
							<String ID="string_76" HPOS="160" VPOS="554" WIDTH="75" HEIGHT="27" WC="0.94" CONTENT="punkt"/><SP WIDTH="17" VPOS="554" HPOS="235"/>
							<String ID="string_77" HPOS="252" VPOS="555" WIDTH="19" HEIGHT="25" WC="0.90" CONTENT="5,"/><SP WIDTH="16" VPOS="555" HPOS="271"/>
							<String ID="string_78" HPOS="287" VPOS="554" WIDTH="94" HEIGHT="26" WC="0.92" CONTENT="angifna"/><SP WIDTH="15" VPOS="554" HPOS="381"/>
							<String ID="string_79" HPOS="396" VPOS="554" WIDTH="107" HEIGHT="27" WC="0.95" CONTENT="ordning,"/><SP WIDTH="14" VPOS="554" HPOS="503"/>
							<String ID="string_80" HPOS="517" VPOS="554" WIDTH="25" HEIGHT="21" WC="0.93" CONTENT="af"/><SP WIDTH="9" VPOS="554" HPOS="542"/>
							<String ID="string_81" HPOS="551" VPOS="554" WIDTH="245" HEIGHT="27" WC="0.91" CONTENT="generalguvernören,"/><SP WIDTH="13" VPOS="554" HPOS="796"/>
							<String ID="string_82" HPOS="809" VPOS="555" WIDTH="56" HEIGHT="21" WC="0.96" CONTENT="efter"/>
						</TextLine>
						<TextLine ID="line_11" HPOS="111" VPOS="590" WIDTH="753" HEIGHT="27">
							<String ID="string_83" HPOS="111" VPOS="590" WIDTH="37" HEIGHT="20" WC="0.95" CONTENT="val"/><SP WIDTH="24" VPOS="590" HPOS="148"/>
							<String ID="string_84" HPOS="172" VPOS="590" WIDTH="25" HEIGHT="20" WC="0.95" CONTENT="af"/><SP WIDTH="17" VPOS="590" HPOS="197"/>
							<String ID="string_85" HPOS="214" VPOS="590" WIDTH="191" HEIGHT="21" WC="0.95" CONTENT="viceordförande"/><SP WIDTH="16" VPOS="590" HPOS="405"/>
							<String ID="string_86" HPOS="421" VPOS="590" WIDTH="7" HEIGHT="20" WC="0.93" CONTENT="i"/><SP WIDTH="15" VPOS="590" HPOS="428"/>
							<String ID="string_87" HPOS="443" VPOS="590" WIDTH="281" HEIGHT="27" WC="0.89" CONTENT="justitiedepartementet,"/><SP WIDTH="17" VPOS="590" HPOS="724"/>
							<String ID="string_88" HPOS="741" VPOS="591" WIDTH="55" HEIGHT="21" WC="0.92" CONTENT="eller"/><SP WIDTH="16" VPOS="591" HPOS="796"/>
							<String ID="string_89" HPOS="812" VPOS="591" WIDTH="52" HEIGHT="21" WC="0.90" CONTENT="che-"/>
						</TextLine>
						<TextLine ID="line_12" HPOS="111" VPOS="626" WIDTH="754" HEIGHT="28">
							<String ID="string_90" HPOS="111" VPOS="626" WIDTH="64" HEIGHT="20" WC="0.91" CONTENT="ferna"/><SP WIDTH="24" VPOS="626" HPOS="175"/>
							<String ID="string_91" HPOS="199" VPOS="626" WIDTH="35" HEIGHT="20" WC="0.96" CONTENT="för"/><SP WIDTH="21" VPOS="626" HPOS="234"/>
							<String ID="string_92" HPOS="255" VPOS="626" WIDTH="190" HEIGHT="27" WC="0.96" CONTENT="expeditionerna"/><SP WIDTH="16" VPOS="626" HPOS="445"/>
							<String ID="string_93" HPOS="461" VPOS="626" WIDTH="8" HEIGHT="20" WC="0.92" CONTENT="i"/><SP WIDTH="17" VPOS="626" HPOS="469"/>
							<String ID="string_94" HPOS="486" VPOS="626" WIDTH="308" HEIGHT="28" WC="0.92" CONTENT="ekonomiedepartementet"/><SP WIDTH="16" VPOS="626" HPOS="794"/>
							<String ID="string_95" HPOS="810" VPOS="627" WIDTH="55" HEIGHT="20" WC="0.95" CONTENT="eller"/>
						</TextLine>
						<TextLine ID="line_13" HPOS="111" VPOS="662" WIDTH="757" HEIGHT="28">
							<String ID="string_96" HPOS="111" VPOS="663" WIDTH="162" HEIGHT="26" WC="0.91" CONTENT="prokuratorn,"/><SP WIDTH="26" VPOS="663" HPOS="273"/>
							<String ID="string_97" HPOS="299" VPOS="662" WIDTH="58" HEIGHT="20" WC="0.96" CONTENT="hvar"/><SP WIDTH="22" VPOS="662" HPOS="357"/>
							<String ID="string_98" HPOS="379" VPOS="662" WIDTH="7" HEIGHT="20" WC="0.95" CONTENT="i"/><SP WIDTH="17" VPOS="662" HPOS="386"/>
							<String ID="string_99" HPOS="403" VPOS="663" WIDTH="36" HEIGHT="19" WC="0.95" CONTENT="sin"/><SP WIDTH="18" VPOS="663" HPOS="439"/>
							<String ID="string_100" HPOS="457" VPOS="662" WIDTH="59" HEIGHT="26" WC="0.96" CONTENT="stad,"/><SP WIDTH="17" VPOS="662" HPOS="516"/>
							<String ID="string_101" HPOS="533" VPOS="664" WIDTH="61" HEIGHT="19" WC="0.95" CONTENT="samt"/><SP WIDTH="15" VPOS="664" HPOS="594"/>
							<String ID="string_102" HPOS="609" VPOS="663" WIDTH="30" HEIGHT="27" WC="0.96" CONTENT="på"/><SP WIDTH="17" VPOS="663" HPOS="639"/>
							<String ID="string_103" HPOS="656" VPOS="662" WIDTH="170" HEIGHT="27" WC="0.96" CONTENT="framställning"/><SP WIDTH="16" VPOS="662" HPOS="826"/>
							<String ID="string_104" HPOS="842" VPOS="663" WIDTH="26" HEIGHT="20" WC="0.96" CONTENT="af"/>
						</TextLine>
						<TextLine ID="line_14" HPOS="111" VPOS="698" WIDTH="362" HEIGHT="27">
							<String ID="string_105" HPOS="111" VPOS="698" WIDTH="362" HEIGHT="27" WC="0.89" CONTENT="generalguvernörsadjointen.»"/>
						</TextLine>
					</TextBlock>
					<TextBlock ID="block_4" HPOS="112" VPOS="734" WIDTH="754" HEIGHT="242">
						<TextLine ID="line_15" HPOS="183" VPOS="734" WIDTH="681" HEIGHT="28">
							<String ID="string_106" HPOS="183" VPOS="734" WIDTH="9" HEIGHT="20" WC="0.93" CONTENT="I"/><SP WIDTH="25" VPOS="734" HPOS="192"/>
							<String ID="string_107" HPOS="217" VPOS="734" WIDTH="57" HEIGHT="20" WC="0.96" CONTENT="brist"/><SP WIDTH="28" VPOS="734" HPOS="274"/>
							<String ID="string_108" HPOS="302" VPOS="734" WIDTH="29" HEIGHT="27" WC="0.96" CONTENT="pä"/><SP WIDTH="25" VPOS="734" HPOS="331"/>
							<String ID="string_109" HPOS="356" VPOS="734" WIDTH="86" HEIGHT="21" WC="0.95" CONTENT="officiel"/><SP WIDTH="21" VPOS="734" HPOS="442"/>
							<String ID="string_110" HPOS="463" VPOS="734" WIDTH="124" HEIGHT="27" WC="0.96" CONTENT="utredning"/><SP WIDTH="16" VPOS="734" HPOS="587"/>
							<String ID="string_111" HPOS="603" VPOS="735" WIDTH="47" HEIGHT="20" WC="0.96" CONTENT="kan"/><SP WIDTH="15" VPOS="735" HPOS="650"/>
							<String ID="string_112" HPOS="665" VPOS="735" WIDTH="38" HEIGHT="27" WC="0.92" CONTENT="jag"/><SP WIDTH="16" VPOS="735" HPOS="703"/>
							<String ID="string_113" HPOS="719" VPOS="735" WIDTH="19" HEIGHT="27" WC="0.96" CONTENT="ej"/><SP WIDTH="19" VPOS="735" HPOS="738"/>
							<String ID="string_114" HPOS="757" VPOS="735" WIDTH="52" HEIGHT="21" WC="0.93" CONTENT="med"/><SP WIDTH="17" VPOS="735" HPOS="809"/>
							<String ID="string_115" HPOS="826" VPOS="735" WIDTH="38" HEIGHT="21" WC="0.90" CONTENT="be-"/>
						</TextLine>
						<TextLine ID="line_16" HPOS="112" VPOS="770" WIDTH="754" HEIGHT="28">
							<String ID="string_116" HPOS="112" VPOS="770" WIDTH="118" HEIGHT="21" WC="0.91" CONTENT="stämdhet"/><SP WIDTH="16" VPOS="770" HPOS="230"/>
							<String ID="string_117" HPOS="246" VPOS="770" WIDTH="117" HEIGHT="27" WC="0.91" CONTENT="uppgifva,"/><SP WIDTH="24" VPOS="770" HPOS="363"/>
							<String ID="string_118" HPOS="387" VPOS="770" WIDTH="62" HEIGHT="20" WC="0.93" CONTENT="huru"/><SP WIDTH="21" VPOS="770" HPOS="449"/>
							<String ID="string_119" HPOS="470" VPOS="770" WIDTH="84" HEIGHT="27" WC="0.92" CONTENT="mänga"/><SP WIDTH="17" VPOS="770" HPOS="554"/>
							<String ID="string_120" HPOS="571" VPOS="770" WIDTH="139" HEIGHT="28" WC="0.92" CONTENT="tjänstemän"/><SP WIDTH="19" VPOS="770" HPOS="710"/>
							<String ID="string_121" HPOS="729" VPOS="771" WIDTH="6" HEIGHT="20" WC="0.93" CONTENT="i"/><SP WIDTH="18" VPOS="771" HPOS="735"/>
							<String ID="string_122" HPOS="753" VPOS="771" WIDTH="113" HEIGHT="21" WC="0.91" CONTENT="Senatens"/>
						</TextLine>
						<TextLine ID="line_17" HPOS="112" VPOS="806" WIDTH="753" HEIGHT="28">
							<String ID="string_123" HPOS="112" VPOS="806" WIDTH="60" HEIGHT="20" WC="0.92" CONTENT="bäda"/><SP WIDTH="26" VPOS="806" HPOS="172"/>
							<String ID="string_124" HPOS="198" VPOS="807" WIDTH="158" HEIGHT="26" WC="0.90" CONTENT="departement"/><SP WIDTH="24" VPOS="807" HPOS="356"/>
							<String ID="string_125" HPOS="380" VPOS="806" WIDTH="45" HEIGHT="20" WC="0.91" CONTENT="och"/><SP WIDTH="25" VPOS="806" HPOS="425"/>
							<String ID="string_126" HPOS="450" VPOS="806" WIDTH="112" HEIGHT="21" WC="0.91" CONTENT="Senatens"/><SP WIDTH="25" VPOS="806" HPOS="562"/>
							<String ID="string_127" HPOS="587" VPOS="806" WIDTH="75" HEIGHT="21" WC="0.91" CONTENT="kansli"/><SP WIDTH="25" VPOS="806" HPOS="662"/>
							<String ID="string_128" HPOS="687" VPOS="807" WIDTH="178" HEIGHT="27" WC="0.92" CONTENT="underlydanda"/>
						</TextLine>
						<TextLine ID="line_18" HPOS="113" VPOS="842" WIDTH="751" HEIGHT="27">
							<String ID="string_129" HPOS="113" VPOS="842" WIDTH="152" HEIGHT="26" WC="0.93" CONTENT="inrättningar"/><SP WIDTH="24" VPOS="842" HPOS="265"/>
							<String ID="string_130" HPOS="289" VPOS="842" WIDTH="76" HEIGHT="20" WC="0.93" CONTENT="blifvit"/><SP WIDTH="20" VPOS="842" HPOS="365"/>
							<String ID="string_131" HPOS="385" VPOS="842" WIDTH="25" HEIGHT="20" WC="0.93" CONTENT="af"/><SP WIDTH="19" VPOS="842" HPOS="410"/>
							<String ID="string_132" HPOS="429" VPOS="842" WIDTH="238" HEIGHT="27" WC="0.92" CONTENT="generalguvernören"/><SP WIDTH="18" VPOS="842" HPOS="667"/>
							<String ID="string_133" HPOS="685" VPOS="843" WIDTH="7" HEIGHT="20" WC="0.96" CONTENT="i"/><SP WIDTH="17" VPOS="843" HPOS="692"/>
							<String ID="string_134" HPOS="709" VPOS="843" WIDTH="60" HEIGHT="20" WC="0.96" CONTENT="kraft"/><SP WIDTH="17" VPOS="843" HPOS="769"/>
							<String ID="string_135" HPOS="786" VPOS="843" WIDTH="25" HEIGHT="20" WC="0.93" CONTENT="af"/><SP WIDTH="13" VPOS="843" HPOS="811"/>
							<String ID="string_136" HPOS="824" VPOS="843" WIDTH="40" HEIGHT="20" WC="0.91" CONTENT="ho-"/>
						</TextLine>
						<TextLine ID="line_19" HPOS="113" VPOS="878" WIDTH="752" HEIGHT="21">
							<String ID="string_137" HPOS="113" VPOS="884" WIDTH="55" HEIGHT="14" WC="0.92" CONTENT="nom"/><SP WIDTH="25" VPOS="884" HPOS="168"/>
							<String ID="string_138" HPOS="193" VPOS="878" WIDTH="97" HEIGHT="20" WC="0.92" CONTENT="sälunda"/><SP WIDTH="27" VPOS="878" HPOS="290"/>
							<String ID="string_139" HPOS="317" VPOS="878" WIDTH="107" HEIGHT="20" WC="0.92" CONTENT="förlänad"/><SP WIDTH="29" VPOS="878" HPOS="424"/>
							<String ID="string_140" HPOS="453" VPOS="879" WIDTH="65" HEIGHT="20" WC="0.96" CONTENT="makt"/><SP WIDTH="24" VPOS="879" HPOS="518"/>
							<String ID="string_141" HPOS="542" VPOS="878" WIDTH="74" HEIGHT="21" WC="0.93" CONTENT="under"/><SP WIDTH="24" VPOS="878" HPOS="616"/>
							<String ID="string_142" HPOS="640" VPOS="878" WIDTH="55" HEIGHT="21" WC="0.92" CONTENT="ären"/><SP WIDTH="24" VPOS="878" HPOS="695"/>
							<String ID="string_143" HPOS="719" VPOS="879" WIDTH="146" HEIGHT="20" WC="0.92" CONTENT="1902—1905"/>
						</TextLine>
						<TextLine ID="line_20" HPOS="113" VPOS="914" WIDTH="753" HEIGHT="28">
							<String ID="string_144" HPOS="113" VPOS="914" WIDTH="118" HEIGHT="20" WC="0.83" CONTENT="utnämda."/><SP WIDTH="34" VPOS="914" HPOS="231"/>
							<String ID="string_145" HPOS="265" VPOS="914" WIDTH="76" HEIGHT="27" WC="0.96" CONTENT="Enligt"/><SP WIDTH="23" VPOS="914" HPOS="341"/>
							<String ID="string_146" HPOS="364" VPOS="914" WIDTH="30" HEIGHT="27" WC="0.92" CONTENT="pä"/><SP WIDTH="25" VPOS="914" HPOS="394"/>
							<String ID="string_147" HPOS="419" VPOS="914" WIDTH="92" HEIGHT="21" WC="0.95" CONTENT="enskild"/><SP WIDTH="26" VPOS="914" HPOS="511"/>
							<String ID="string_148" HPOS="537" VPOS="916" WIDTH="42" HEIGHT="25" WC="0.92" CONTENT="väg"/><SP WIDTH="24" VPOS="916" HPOS="579"/>
							<String ID="string_149" HPOS="603" VPOS="914" WIDTH="104" HEIGHT="21" WC="0.93" CONTENT="erhållna"/><SP WIDTH="21" VPOS="914" HPOS="707"/>
							<String ID="string_150" HPOS="728" VPOS="915" WIDTH="138" HEIGHT="27" WC="0.91" CONTENT="upplysnin-"/>
						</TextLine>
						<TextLine ID="line_21" HPOS="113" VPOS="950" WIDTH="255" HEIGHT="26">
							<String ID="string_151" HPOS="113" VPOS="956" WIDTH="39" HEIGHT="20" WC="0.93" CONTENT="gar"/><SP WIDTH="16" VPOS="956" HPOS="152"/>
							<String ID="string_152" HPOS="168" VPOS="950" WIDTH="85" HEIGHT="20" WC="0.92" CONTENT="funnos"/><SP WIDTH="17" VPOS="950" HPOS="253"/>
							<String ID="string_153" HPOS="270" VPOS="950" WIDTH="98" HEIGHT="20" WC="0.92" CONTENT="sädana:"/>
						</TextLine>
					</TextBlock>
					<TextBlock ID="block_5" HPOS="113" VPOS="986" WIDTH="753" HEIGHT="128">
						<TextLine ID="line_22" HPOS="186" VPOS="986" WIDTH="680" HEIGHT="28">
							<String ID="string_154" HPOS="186" VPOS="986" WIDTH="8" HEIGHT="20" WC="0.91" CONTENT="I"/><SP WIDTH="29" VPOS="986" HPOS="194"/>
							<String ID="string_155" HPOS="223" VPOS="986" WIDTH="286" HEIGHT="27" WC="0.89" CONTENT="Justitiedepartementet:"/><SP WIDTH="41" VPOS="986" HPOS="509"/>
							<String ID="string_156" HPOS="550" VPOS="988" WIDTH="12" HEIGHT="19" WC="0.92" CONTENT="2"/><SP WIDTH="25" VPOS="988" HPOS="562"/>
							<String ID="string_157" HPOS="587" VPOS="987" WIDTH="279" HEIGHT="27" WC="0.92" CONTENT="protokollssekreterare,"/>
						</TextLine>
						<TextLine ID="line_23" HPOS="114" VPOS="1022" WIDTH="752" HEIGHT="28">
							<String ID="string_158" HPOS="114" VPOS="1023" WIDTH="13" HEIGHT="19" WC="0.93" CONTENT="3"/><SP WIDTH="17" VPOS="1023" HPOS="127"/>
							<String ID="string_159" HPOS="144" VPOS="1022" WIDTH="134" HEIGHT="25" WC="0.91" CONTENT="kanslister;"/><SP WIDTH="18" VPOS="1022" HPOS="278"/>
							<String ID="string_160" HPOS="296" VPOS="1022" WIDTH="1" HEIGHT="20" WC="0.93" CONTENT="i"/><SP WIDTH="12" VPOS="1022" HPOS="297"/>
							<String ID="string_161" HPOS="309" VPOS="1022" WIDTH="329" HEIGHT="27" WC="0.92" CONTENT="Ekonomiedepartementet:"/><SP WIDTH="17" VPOS="1022" HPOS="638"/>
							<String ID="string_162" HPOS="655" VPOS="1023" WIDTH="13" HEIGHT="20" WC="0.93" CONTENT="3"/><SP WIDTH="17" VPOS="1023" HPOS="668"/>
							<String ID="string_163" HPOS="685" VPOS="1022" WIDTH="181" HEIGHT="28" WC="0.92" CONTENT="protokollssek-"/>
						</TextLine>
						<TextLine ID="line_24" HPOS="113" VPOS="1058" WIDTH="753" HEIGHT="27">
							<String ID="string_164" HPOS="113" VPOS="1060" WIDTH="106" HEIGHT="22" WC="0.92" CONTENT="reterare,"/><SP WIDTH="18" VPOS="1060" HPOS="219"/>
							<String ID="string_165" HPOS="237" VPOS="1059" WIDTH="12" HEIGHT="19" WC="0.96" CONTENT="2"/><SP WIDTH="18" VPOS="1059" HPOS="249"/>
							<String ID="string_166" HPOS="267" VPOS="1058" WIDTH="70" HEIGHT="20" WC="0.93" CONTENT="första"/><SP WIDTH="13" VPOS="1058" HPOS="337"/>
							<String ID="string_167" HPOS="350" VPOS="1058" WIDTH="234" HEIGHT="26" WC="0.91" CONTENT="kammarförvanter,"/><SP WIDTH="14" VPOS="1058" HPOS="584"/>
							<String ID="string_168" HPOS="598" VPOS="1059" WIDTH="9" HEIGHT="19" WC="0.93" CONTENT="1"/><SP WIDTH="15" VPOS="1059" HPOS="607"/>
							<String ID="string_169" HPOS="622" VPOS="1058" WIDTH="138" HEIGHT="27" WC="0.91" CONTENT="registrator,"/><SP WIDTH="13" VPOS="1058" HPOS="760"/>
							<String ID="string_170" HPOS="773" VPOS="1058" WIDTH="12" HEIGHT="20" WC="0.93" CONTENT="3"/><SP WIDTH="13" VPOS="1058" HPOS="785"/>
							<String ID="string_171" HPOS="798" VPOS="1058" WIDTH="68" HEIGHT="20" WC="0.92" CONTENT="kans-"/>
						</TextLine>
						<TextLine ID="line_25" HPOS="114" VPOS="1094" WIDTH="63" HEIGHT="20">
							<String ID="string_172" HPOS="114" VPOS="1094" WIDTH="63" HEIGHT="20" WC="0.92" CONTENT="lister"/>
						</TextLine>
					</TextBlock>
				</ComposedBlock>
				<ComposedBlock ID="cblock_2" HPOS="343" VPOS="1148" WIDTH="299" HEIGHT="27">
					<TextBlock ID="block_6" HPOS="343" VPOS="1148" WIDTH="299" HEIGHT="27">
						<TextLine ID="line_26" HPOS="343" VPOS="1148" WIDTH="299" HEIGHT="27">
							<String ID="string_173" HPOS="343" VPOS="1148" WIDTH="55" HEIGHT="20" WC="0.91" CONTENT="eller"/><SP WIDTH="17" VPOS="1148" HPOS="398"/>
							<String ID="string_174" HPOS="415" VPOS="1148" WIDTH="175" HEIGHT="27" WC="0.91" CONTENT="sammanlagdt"/><SP WIDTH="17" VPOS="1148" HPOS="590"/>
							<String ID="string_175" HPOS="607" VPOS="1149" WIDTH="35" HEIGHT="19" WC="0.96" CONTENT="14."/>
						</TextLine>
					</TextBlock>
				</ComposedBlock>
				<ComposedBlock ID="cblock_3" HPOS="115" VPOS="1201" WIDTH="753" HEIGHT="315">
					<TextBlock ID="block_7" HPOS="115" VPOS="1201" WIDTH="753" HEIGHT="315">
						<TextLine ID="line_27" HPOS="186" VPOS="1201" WIDTH="680" HEIGHT="28">
							<String ID="string_176" HPOS="186" VPOS="1202" WIDTH="72" HEIGHT="20" WC="0.84" CONTENT="Dessa"/><SP WIDTH="23" VPOS="1202" HPOS="258"/>
							<String ID="string_177" HPOS="281" VPOS="1202" WIDTH="343" HEIGHT="27" WC="0.84" CONTENT="tjänstemannautnämningar"/><SP WIDTH="21" VPOS="1202" HPOS="624"/>
							<String ID="string_178" HPOS="645" VPOS="1202" WIDTH="124" HEIGHT="20" WC="0.96" CONTENT="framkalla"/><SP WIDTH="16" VPOS="1202" HPOS="769"/>
							<String ID="string_179" HPOS="785" VPOS="1202" WIDTH="8" HEIGHT="20" WC="0.93" CONTENT="i"/><SP WIDTH="16" VPOS="1202" HPOS="793"/>
							<String ID="string_180" HPOS="809" VPOS="1201" WIDTH="57" HEIGHT="21" WC="0.93" CONTENT="afse-"/>
						</TextLine>
						<TextLine ID="line_28" HPOS="115" VPOS="1237" WIDTH="752" HEIGHT="28">
							<String ID="string_181" HPOS="115" VPOS="1238" WIDTH="57" HEIGHT="20" WC="0.93" CONTENT="ende"/><SP WIDTH="25" VPOS="1238" HPOS="172"/>
							<String ID="string_182" HPOS="197" VPOS="1238" WIDTH="13" HEIGHT="20" WC="0.91" CONTENT="ä"/><SP WIDTH="23" VPOS="1238" HPOS="210"/>
							<String ID="string_183" HPOS="233" VPOS="1238" WIDTH="36" HEIGHT="20" WC="0.93" CONTENT="sin"/><SP WIDTH="24" VPOS="1238" HPOS="269"/>
							<String ID="string_184" HPOS="293" VPOS="1238" WIDTH="109" HEIGHT="27" WC="0.92" CONTENT="laglighet"/><SP WIDTH="22" VPOS="1238" HPOS="402"/>
							<String ID="string_185" HPOS="424" VPOS="1238" WIDTH="72" HEIGHT="21" WC="0.96" CONTENT="ofvan"/><SP WIDTH="21" VPOS="1238" HPOS="496"/>
							<String ID="string_186" HPOS="517" VPOS="1238" WIDTH="98" HEIGHT="20" WC="0.93" CONTENT="anförda"/><SP WIDTH="22" VPOS="1238" HPOS="615"/>
							<String ID="string_187" HPOS="637" VPOS="1238" WIDTH="146" HEIGHT="21" WC="0.56" CONTENT="tvifvelsmäi."/><SP WIDTH="33" VPOS="1238" HPOS="783"/>
							<String ID="string_188" HPOS="816" VPOS="1237" WIDTH="51" HEIGHT="21" WC="0.96" CONTENT="Kan"/>
						</TextLine>
						<TextLine ID="line_29" HPOS="115" VPOS="1273" WIDTH="752" HEIGHT="28">
							<String ID="string_189" HPOS="115" VPOS="1276" WIDTH="106" HEIGHT="25" WC="0.92" CONTENT="regenten"/><SP WIDTH="25" VPOS="1276" HPOS="221"/>
							<String ID="string_190" HPOS="246" VPOS="1276" WIDTH="55" HEIGHT="18" WC="0.96" CONTENT="utan"/><SP WIDTH="25" VPOS="1276" HPOS="301"/>
							<String ID="string_191" HPOS="326" VPOS="1276" WIDTH="32" HEIGHT="18" WC="0.93" CONTENT="att"/><SP WIDTH="24" VPOS="1276" HPOS="358"/>
							<String ID="string_192" HPOS="382" VPOS="1274" WIDTH="69" HEIGHT="27" WC="0.92" CONTENT="bryta"/><SP WIDTH="25" VPOS="1274" HPOS="451"/>
							<String ID="string_193" HPOS="476" VPOS="1276" WIDTH="49" HEIGHT="19" WC="0.92" CONTENT="mot"/><SP WIDTH="21" VPOS="1276" HPOS="525"/>
							<String ID="string_194" HPOS="546" VPOS="1274" WIDTH="247" HEIGHT="27" WC="0.92" CONTENT="regeringsformernas"/><SP WIDTH="17" VPOS="1274" HPOS="793"/>
							<String ID="string_195" HPOS="810" VPOS="1273" WIDTH="28" HEIGHT="21" WC="0.93" CONTENT="10"/><SP WIDTH="16" VPOS="1273" HPOS="838"/>
							<String ID="string_196" HPOS="854" VPOS="1273" WIDTH="13" HEIGHT="25" WC="0.89" CONTENT="$"/>
						</TextLine>
						<TextLine ID="line_30" HPOS="115" VPOS="1308" WIDTH="753" HEIGHT="29">
							<String ID="string_197" HPOS="115" VPOS="1310" WIDTH="102" HEIGHT="20" WC="0.92" CONTENT="anförtro"/><SP WIDTH="17" VPOS="1310" HPOS="217"/>
							<String ID="string_198" HPOS="234" VPOS="1310" WIDTH="229" HEIGHT="26" WC="0.92" CONTENT="utnämningsrätten"/><SP WIDTH="12" VPOS="1310" HPOS="463"/>
							<String ID="string_199" HPOS="475" VPOS="1310" WIDTH="22" HEIGHT="20" WC="0.93" CONTENT="ät"/><SP WIDTH="11" VPOS="1310" HPOS="497"/>
							<String ID="string_200" HPOS="508" VPOS="1310" WIDTH="237" HEIGHT="27" WC="0.92" CONTENT="generalguvernören"/><SP WIDTH="13" VPOS="1310" HPOS="745"/>
							<String ID="string_201" HPOS="758" VPOS="1310" WIDTH="68" HEIGHT="20" WC="0.92" CONTENT="äfven"/><SP WIDTH="12" VPOS="1310" HPOS="826"/>
							<String ID="string_202" HPOS="838" VPOS="1308" WIDTH="30" HEIGHT="21" WC="0.96" CONTENT="dä"/>
						</TextLine>
						<TextLine ID="line_31" HPOS="115" VPOS="1344" WIDTH="753" HEIGHT="28">
							<String ID="string_203" HPOS="115" VPOS="1346" WIDTH="78" HEIGHT="26" WC="0.93" CONTENT="frägan"/><SP WIDTH="25" VPOS="1346" HPOS="193"/>
							<String ID="string_204" HPOS="218" VPOS="1346" WIDTH="71" HEIGHT="26" WC="0.92" CONTENT="gäller"/><SP WIDTH="23" VPOS="1346" HPOS="289"/>
							<String ID="string_205" HPOS="312" VPOS="1346" WIDTH="148" HEIGHT="20" WC="0.92" CONTENT="besättandet"/><SP WIDTH="17" VPOS="1346" HPOS="460"/>
							<String ID="string_206" HPOS="477" VPOS="1346" WIDTH="24" HEIGHT="20" WC="0.97" CONTENT="af"/><SP WIDTH="14" VPOS="1346" HPOS="501"/>
							<String ID="string_207" HPOS="515" VPOS="1352" WIDTH="29" HEIGHT="14" WC="0.96" CONTENT="en"/><SP WIDTH="17" VPOS="1352" HPOS="544"/>
							<String ID="string_208" HPOS="561" VPOS="1346" WIDTH="70" HEIGHT="26" WC="0.96" CONTENT="tjänst"/><SP WIDTH="16" VPOS="1346" HPOS="631"/>
							<String ID="string_209" HPOS="647" VPOS="1346" WIDTH="38" HEIGHT="20" WC="0.96" CONTENT="vid"/><SP WIDTH="17" VPOS="1346" HPOS="685"/>
							<String ID="string_210" HPOS="702" VPOS="1348" WIDTH="32" HEIGHT="18" WC="0.93" CONTENT="ett"/><SP WIDTH="16" VPOS="1348" HPOS="734"/>
							<String ID="string_211" HPOS="750" VPOS="1344" WIDTH="118" HEIGHT="28" WC="0.92" CONTENT="kollegialt"/>
						</TextLine>
						<TextLine ID="line_32" HPOS="115" VPOS="1380" WIDTH="753" HEIGHT="22">
							<String ID="string_212" HPOS="115" VPOS="1382" WIDTH="160" HEIGHT="20" WC="0.91" CONTENT="embetsvärk?"/><SP WIDTH="32" VPOS="1382" HPOS="275"/>
							<String ID="string_213" HPOS="307" VPOS="1381" WIDTH="51" HEIGHT="21" WC="0.96" CONTENT="Och"/><SP WIDTH="27" VPOS="1381" HPOS="358"/>
							<String ID="string_214" HPOS="385" VPOS="1382" WIDTH="44" HEIGHT="20" WC="0.96" CONTENT="har"/><SP WIDTH="27" VPOS="1382" HPOS="429"/>
							<String ID="string_215" HPOS="456" VPOS="1382" WIDTH="39" HEIGHT="20" WC="0.96" CONTENT="det"/><SP WIDTH="23" VPOS="1382" HPOS="495"/>
							<String ID="string_216" HPOS="518" VPOS="1382" WIDTH="60" HEIGHT="20" WC="0.96" CONTENT="varit"/><SP WIDTH="23" VPOS="1382" HPOS="578"/>
							<String ID="string_217" HPOS="601" VPOS="1382" WIDTH="7" HEIGHT="20" WC="0.93" CONTENT="i"/><SP WIDTH="20" VPOS="1382" HPOS="608"/>
							<String ID="string_218" HPOS="628" VPOS="1380" WIDTH="240" HEIGHT="22" WC="0.93" CONTENT="öfverensstämmelse"/>
						</TextLine>
						<TextLine ID="line_33" HPOS="115" VPOS="1417" WIDTH="752" HEIGHT="27">
							<String ID="string_219" HPOS="115" VPOS="1418" WIDTH="53" HEIGHT="20" WC="0.94" CONTENT="med"/><SP WIDTH="27" VPOS="1418" HPOS="168"/>
							<String ID="string_220" HPOS="195" VPOS="1418" WIDTH="42" HEIGHT="26" WC="0.89" CONTENT="lag,"/><SP WIDTH="18" VPOS="1418" HPOS="237"/>
							<String ID="string_221" HPOS="255" VPOS="1420" WIDTH="32" HEIGHT="18" WC="0.93" CONTENT="att"/><SP WIDTH="16" VPOS="1420" HPOS="287"/>
							<String ID="string_222" HPOS="303" VPOS="1420" WIDTH="120" HEIGHT="24" WC="0.92" CONTENT="regentens"/><SP WIDTH="18" VPOS="1420" HPOS="423"/>
							<String ID="string_223" HPOS="441" VPOS="1419" WIDTH="46" HEIGHT="19" WC="0.96" CONTENT="rätt"/><SP WIDTH="15" VPOS="1419" HPOS="487"/>
							<String ID="string_224" HPOS="502" VPOS="1420" WIDTH="33" HEIGHT="18" WC="0.93" CONTENT="att"/><SP WIDTH="16" VPOS="1420" HPOS="535"/>
							<String ID="string_225" HPOS="551" VPOS="1419" WIDTH="113" HEIGHT="19" WC="0.96" CONTENT="utnämna"/><SP WIDTH="17" VPOS="1419" HPOS="664"/>
							<String ID="string_226" HPOS="681" VPOS="1417" WIDTH="104" HEIGHT="21" WC="0.93" CONTENT="sökande"/><SP WIDTH="16" VPOS="1417" HPOS="785"/>
							<String ID="string_227" HPOS="801" VPOS="1418" WIDTH="66" HEIGHT="18" WC="0.96" CONTENT="utom"/>
						</TextLine>
						<TextLine ID="line_34" HPOS="115" VPOS="1452" WIDTH="753" HEIGHT="28">
							<String ID="string_228" HPOS="115" VPOS="1454" WIDTH="85" HEIGHT="26" WC="0.95" CONTENT="förslag"/><SP WIDTH="33" VPOS="1454" HPOS="200"/>
							<String ID="string_229" HPOS="233" VPOS="1459" WIDTH="83" HEIGHT="21" WC="0.85" CONTENT="genom"/><SP WIDTH="30" VPOS="1459" HPOS="316"/>
							<String ID="string_230" HPOS="346" VPOS="1453" WIDTH="85" HEIGHT="27" WC="0.96" CONTENT="nådiga"/><SP WIDTH="28" VPOS="1453" HPOS="431"/>
							<String ID="string_231" HPOS="459" VPOS="1453" WIDTH="166" HEIGHT="27" WC="0.96" CONTENT="förordningen"/><SP WIDTH="24" VPOS="1453" HPOS="625"/>
							<String ID="string_232" HPOS="649" VPOS="1453" WIDTH="25" HEIGHT="21" WC="0.96" CONTENT="af"/><SP WIDTH="24" VPOS="1453" HPOS="674"/>
							<String ID="string_233" HPOS="698" VPOS="1453" WIDTH="45" HEIGHT="20" WC="0.96" CONTENT="den"/><SP WIDTH="26" VPOS="1453" HPOS="743"/>
							<String ID="string_234" HPOS="769" VPOS="1453" WIDTH="26" HEIGHT="20" WC="0.96" CONTENT="31"/><SP WIDTH="29" VPOS="1453" HPOS="795"/>
							<String ID="string_235" HPOS="824" VPOS="1452" WIDTH="44" HEIGHT="26" WC="0.96" CONTENT="juli"/>
						</TextLine>
						<TextLine ID="line_35" HPOS="117" VPOS="1488" WIDTH="750" HEIGHT="28">
							<String ID="string_236" HPOS="117" VPOS="1489" WIDTH="55" HEIGHT="21" WC="0.93" CONTENT="1902"/><SP WIDTH="25" VPOS="1489" HPOS="172"/>
							<String ID="string_237" HPOS="197" VPOS="1489" WIDTH="124" HEIGHT="26" WC="0.91" CONTENT="delegerats"/><SP WIDTH="22" VPOS="1489" HPOS="321"/>
							<String ID="string_238" HPOS="343" VPOS="1489" WIDTH="23" HEIGHT="20" WC="0.92" CONTENT="ät"/><SP WIDTH="24" VPOS="1489" HPOS="366"/>
							<String ID="string_239" HPOS="390" VPOS="1490" WIDTH="237" HEIGHT="26" WC="0.91" CONTENT="generalguvernören"/><SP WIDTH="20" VPOS="1490" HPOS="627"/>
							<String ID="string_240" HPOS="647" VPOS="1489" WIDTH="43" HEIGHT="20" WC="0.96" CONTENT="och"/><SP WIDTH="21" VPOS="1489" HPOS="690"/>
							<String ID="string_241" HPOS="711" VPOS="1488" WIDTH="72" HEIGHT="20" WC="0.93" CONTENT="andra"/><SP WIDTH="18" VPOS="1488" HPOS="783"/>
							<String ID="string_242" HPOS="801" VPOS="1494" WIDTH="66" HEIGHT="20" WC="0.92" CONTENT="myn-"/>
						</TextLine>
					</TextBlock>
				</ComposedBlock>
			</PrintSpace>
		</Page>
	</Layout>
</alto>
