1084 1767
219 147 29 22 54

221 220 62 22 utan
301 219 196 29 rättskapacitet.
533 218 167 23 Beträffande
718 219 32 22 de
760 218 139 23 sistnämda
910 218 65 23 stad-

220 260 47 23 gar
291 254 83 28 lagen,
395 255 35 21 att
458 254 128 22 desamma
611 254 109 28 rättsligt
748 252 71 24 skola
845 252 129 23 betraktas

221 295 53 15 som
291 297 8 11 »
306 288 209 23 Gesellschaften»
532 288 141 29 (sällskap).
692 288 54 22 Den
760 294 53 16 som
826 287 97 23 ikläder
936 288 39 28 sig

221 329 31 16 en
280 322 153 23 förbindelse
451 323 9 21 i
478 329 31 16 en
529 322 80 23 sådan
637 322 129 30 förenings
785 329 82 19 namn,
886 328 89 16 svarar

220 357 162 29 personligen
409 357 40 22 för
476 357 157 27 densamma;
661 357 78 22 hafva
767 356 61 22 flere
847 356 67 29 gjort
933 356 42 22 det

221 398 76 16 svara
326 392 31 22 de
386 392 151 22 solidariskt.
575 392 159 29 Föreningen
760 392 27 22 är
806 391 86 26 likväl,
912 392 62 21 trots

221 426 159 22 afsaknaden
400 426 25 22 af
442 426 200 29 rättskapacitet,
662 426 7 22 i
688 426 138 28 besittning
844 425 26 22 af
888 425 86 28 passiv

220 460 225 29 processhabilitet,
468 461 24 22 d.
512 467 24 16 v.
556 467 20 16 s.
597 461 48 22 den
673 460 50 23 kan
750 467 62 15 vara
840 459 134 23 svarande-

219 497 59 26 part
296 495 8 22 i
322 495 135 29 rättegång
483 495 46 22 och
557 495 58 22 dess
634 495 136 29 tillgångar
788 495 87 22 kunna
893 495 8 21 i
920 500 54 16 exe-

220 529 72 23 kutiv
311 530 51 29 väg
381 529 131 23 användas
531 529 36 22 till
586 529 130 30 betalning
734 529 26 22 af
778 529 58 22 dess
854 529 67 28 gäld.

290 564 202 29 Rättskapacitet
518 564 96 22 erhålla
641 564 147 29 föreningar
815 563 39 22 för
884 563 90 22 ekono-

220 598 67 23 misk
305 599 162 22 verksamhet
485 605 91 23 genom
595 599 149 22 koncession
764 596 174 33 (Verleihung)
949 597 26 22 af

221 633 50 22 den
290 635 55 24 stat,
364 633 66 22 inom
449 633 103 22 hvilken
571 633 150 29 föreningen
746 633 46 22 har
812 633 38 22 sin
868 632 104 27 hemort,

221 667 90 22 såvida
330 668 54 22 icke
403 674 90 23 genom
512 668 108 22 särskild
639 667 96 30 rikslag
755 667 158 22 annorlunda
926 666 48 23 för-

221 702 113 26 ordnats,
353 702 97 23 hvilket
469 703 28 21 är
515 702 70 23 fallet
606 702 57 22 med
682 702 30 23 de
732 702 136 29 viktigaste
886 701 87 29 slagen

222 736 25 22 af
266 737 86 28 dylika
367 736 154 30 föreningar.
559 737 233 28 Kolonialförening
802 736 46 22 och
858 735 115 29 förening

220 771 58 22 med
297 772 54 21 säte
369 771 8 22 i
396 771 113 22 utlandet
536 771 50 22 kan
611 771 95 22 erhålla
725 770 190 29 rättskapacitet
934 776 39 23 ge-

220 812 59 15 nom
307 805 83 23 beslut
405 806 25 22 af
448 806 205 22 förbundsrådet.
690 805 164 29 Föreningar,
874 804 99 22 hvilkas

221 840 120 22 ändamål
367 840 53 23 icke
449 841 43 22 äro
511 840 99 23 riktade
629 840 32 29 på
681 839 147 23 ekonomisk
848 839 125 22 verksam-

221 874 51 27 het,
292 875 94 26 kunna,
406 875 7 22 i
432 875 121 22 händelse
572 875 31 22 de
623 875 43 22 äro
694 873 180 30 organiserade
896 873 77 29 enligt

221 909 69 22 vissa
311 909 25 22 af
353 909 74 29 lagen
447 909 135 29 uppstälda
611 915 107 20 normer,
738 909 77 22 vinna
834 907 139 29 rättskapa-

220 943 59 22 citet
306 950 90 22 genom
424 943 153 30 inskrifning
595 944 36 21 uti
652 943 192 22 vederbörande
863 943 110 28 Amisge-

219 978 81 22 richts
318 978 244 29 föreningsregister.
601 978 88 22 Såsom
717 977 83 22 vilkor
818 977 39 22 för
876 977 97 22 inskrif-

221 1012 95 29 ningen
336 1012 107 27 fordras,
464 1015 35 20 att
518 1013 149 28 föreningen
692 1012 86 22 består
797 1011 25 22 af
840 1011 76 22 minst
934 1011 39 28 sju

220 1047 171 26 medlemmar,
412 1049 35 20 att
475 1047 47 22 den
548 1047 46 22 har
619 1048 76 21 utsett
720 1046 105 29 styrelse
850 1047 64 20 samt
934 1052 40 15 an-

221 1081 66 29 tagit
305 1081 46 22 och
370 1081 7 22 i
397 1081 108 29 skriftlig
523 1081 64 22 form
607 1081 99 22 affattat
726 1081 112 28 stadgar,
849 1086 53 16 som
912 1080 62 22 böra

220 1115 106 29 angifva
354 1115 161 30 föreningens
543 1122 84 20 namn,
657 1115 117 22 ändamål
802 1115 46 22 och
878 1114 97 22 hemort

221 1151 66 21 samt
305 1150 126 22 innehålla
450 1150 190 29 bestämningar
659 1157 39 15 om
717 1149 125 22 villkoren
857 1148 40 23 för
910 1149 64 22 med-

220 1184 151 22 lemmarnes
399 1185 137 28 intagande
554 1185 8 21 i
581 1185 46 22 och
649 1184 100 22 utträde
768 1190 31 15 ur
817 1183 156 28 föreningen,

221 1225 41 15 om
281 1219 208 22 medlemmarnas
510 1219 107 28 afgifter,
636 1225 40 16 om
695 1219 76 22 sättet
789 1218 39 21 för
838 1217 136 29 styrelsens

220 1253 123 22 utseende
372 1255 64 20 samt
463 1260 39 15 om
530 1253 245 28 förutsättningarna
803 1252 39 22 för
861 1251 114 22 medlem-

220 1293 103 16 marnas
342 1287 118 22 kallande
478 1287 36 23 till
533 1287 194 26 sammanträde,
748 1287 76 22 sättet
842 1286 40 22 för
895 1286 79 22 sådan

221 1321 118 22 kallelses
367 1322 151 22 utfärdande
546 1322 47 22 och
611 1328 41 16 om
670 1321 118 22 förandet
807 1320 26 22 af
850 1320 125 33 protokoll

221 1356 213 29 (Beurkundung)
454 1356 72 22 öfver
544 1356 162 28 föreningens
728 1355 90 22 beslut.
857 1354 51 22 Aro
928 1354 47 22 alla

221 1390 76 22 dessa
323 1390 91 22 villkor
432 1390 131 29 uppfyllda
582 1391 61 28 äger
661 1389 170 29 Amtsgericht
850 1390 124 28 emottaga

219 1424 166 29 föreningens
405 1425 115 21 anmälan
540 1431 39 15 om
599 1424 193 29 inregistrering
811 1425 65 20 samt
889 1423 86 22 därom

219 1458 150 23 underrätta
383 1459 191 22 vederbörande
584 1458 326 30 förvaltningsmyndighet,
923 1464 52 16 som
