1086 1770
784 153 31 22 37

442 223 29 22 15
485 224 20 26 8.

163 275 67 22 Efter
252 274 41 23 det
315 274 31 22 Vi
370 274 24 22 af
417 274 66 22 Hans
509 273 133 30 Kejserliga
668 273 111 30 Majestät
805 273 46 23 fått

95 311 118 27 emottaga
236 309 71 29 nådig
331 309 145 29 proposition
498 308 121 29 angående
637 308 40 29 lag
695 315 36 15 om
749 308 102 22 förenin-

95 351 49 21 gar,
162 343 70 22 hafva
256 343 31 22 Vi
310 344 34 21 uti
365 343 123 23 skrifvelse
507 343 23 22 af
548 342 44 22 den
611 342 15 22 8
645 343 8 22 i
672 342 76 22 denna
767 342 84 23 mänad

96 378 8 21 i
128 377 187 30 underdänighet
340 377 115 23 förklarat
482 380 35 19 att
543 377 178 29 ifrägavarande
747 377 40 29 lag
814 384 37 15 om

96 413 135 28 föreningar
254 412 80 23 blifvit
358 412 23 22 af
405 412 42 21 Oss
472 415 101 26 antagen
598 411 53 22 med
675 411 28 22 de
724 411 128 30 ändringar

96 446 49 22 Vär
162 446 152 22 förenämnda
332 446 122 22 skrifvelse
473 446 135 22 innehäller.

443 515 29 22 16
486 516 21 26 8.

164 566 66 22 Efter
255 566 40 22 det
318 566 66 23 Hans
407 566 134 30 Kejserliga
561 566 110 30 Majestät
688 566 9 22 i
714 566 138 29 anslutning

96 601 37 21 till
157 601 87 29 nådiga
267 601 133 22 manifestet
424 602 119 21 äfvensom
568 600 238 30 landtdagskallelsen
828 601 24 22 af

96 635 45 23 den
165 636 16 21 4
204 636 124 22 november
352 636 63 22 1905
435 636 102 29 förelagt
556 636 42 21 Oss
616 635 72 29 nädig
706 636 145 29 proposition

97 677 36 15 om
160 670 39 29 lag
226 670 120 30 angäende
372 673 48 20 rätt
441 671 36 21 för
496 670 224 22 Storfurstendömet
737 669 115 24 Finlands

96 704 114 30 landtdag
228 707 35 20 att
280 705 103 28 granska
395 704 144 29 lagligheten
552 705 23 22 af
585 704 267 29 styrelseledamöternes

97 739 204 29 ämbetsätgärder,
326 739 70 23 hafva
413 739 86 29 Vi,
470 734 30 39 pä
519 742 47 19 sätt
583 739 102 29 framgär
703 747 27 14 ur
747 739 49 22 Vär
814 738 37 23 till

96 773 65 22 Hans
179 774 133 29 Kejserliga
327 774 111 29 Majestät
453 773 45 23 den
514 775 28 21 12
557 774 8 22 i
577 773 77 23 denna
666 773 85 23 mänad
764 773 89 23 aflätna

96 807 162 30 underdäniga
276 809 128 28 skrifvelse,
424 809 35 21 för
477 809 49 21 Vär
538 808 37 22 del
588 809 93 28 antagit
692 808 99 22 berörda
802 808 49 29 lag-

95 843 88 28 förslag
195 843 52 21 med
265 843 115 22 särskilda
398 843 127 29 ändringar
543 843 43 22 och
598 843 90 29 tillägg,
702 843 25 21 sä
739 843 112 28 lydande:

234 911 51 29 Lag
303 911 120 29 angäende
441 914 49 19 rätt
507 912 36 21 för
562 911 223 23 Storfurstendömet
796 911 56 23 Fin-

165 945 67 22 lands
250 946 113 28 landtdag
382 948 35 20 att
434 946 103 29 granska
552 946 144 29 lagligheten
709 946 23 22 af
744 946 109 29 styrelse-

165 980 169 22 ledamöternes
352 980 207 29 ämbetsätgärder.

456 1048 38 22 18.

165 1088 154 30 Landtdagen
339 1097 54 21 eger
410 1092 48 19 rätt
477 1092 35 20 att
529 1090 9 21 i
550 1090 106 28 enlighet
664 1090 52 22 med
725 1090 78 22 denna
812 1089 40 30 lag

96 1123 102 29 granska
216 1123 144 30 lagligheten
373 1124 24 22 af
406 1124 268 29 styrelseledamöternes
684 1124 167 29 ämbetsåtgär-

97 1157 42 22 der
151 1160 59 20 samt
222 1158 59 22 fatta
294 1158 28 22 de
335 1158 83 28 beslut,
431 1166 49 14 som
494 1159 23 21 af
527 1158 176 30 granskningen
712 1159 139 22 föranledas.

453 1220 40 23 28.

166 1262 64 30 Vilja
248 1262 149 23 medlemmar
415 1263 23 22 af
450 1263 144 29 landtdagen
607 1264 130 22 framställa
746 1263 106 23 anmärk-

97 1297 59 29 ning
182 1297 80 22 därom
290 1299 35 20 att
348 1298 226 28 styrelseledamot
564 1293 17 39 i
596 1298 36 22 sin
651 1298 202 28 ämbetsutöfning

97 1331 93 22 förfarit
207 1331 142 29 lagstridigt,
367 1331 43 22 bör
428 1332 186 29 anmärkningen
634 1332 133 29 skriftligen
783 1332 69 22 affat-

98 1368 36 19 tas
153 1365 43 22 och
214 1366 106 28 skriften,
338 1365 177 23 undertecknad
529 1367 23 21 af
560 1367 72 21 minst
642 1367 45 21 fem
697 1366 155 28 medlemmar,

98 1399 37 23 till
154 1400 134 22 talmannen
306 1400 122 23 inlämnas.
464 1401 37 21 Då
519 1401 72 22 sådan
610 1401 241 29 skrift
690 1395 14 40 i
714 1401 137 29 landtdagen

97 1434 141 29 föredrages,
262 1435 60 21 skall
346 1435 103 28 ärendet,
474 1438 57 19 utan
551 1438 35 20 att
604 1435 179 29 öfverläggning
801 1435 51 22 däri

97 1469 38 21 må
154 1476 42 22 ega
214 1476 58 21 rum,
291 1469 138 29 hänskjutas
447 1470 38 21 till
504 1469 249 29 grundlagsutskottet.
