1086 1767
238 136 11 19 4
460 136 28 22 U.
505 136 27 21 B.
548 148 27 3 —
592 122 75 42 Prop.
685 137 39 21 N:o
741 136 34 22 17.

238 206 73 26 1902,
336 208 65 20 samt
426 206 267 30 stängselföreningar,
718 213 61 20 som,
798 206 123 23 ehuruväl
939 206 53 23 icke

237 241 189 29 obligatoriska,
447 241 112 29 regleras
579 248 90 22 genom
689 241 184 29 förordningen
901 241 25 22 af
944 241 48 22 den

237 275 32 23 19
295 275 131 23 december
452 275 68 23 1864
548 276 133 28 angäende
706 282 75 23 egors
800 276 122 22 fredande
942 277 51 21 mot

237 310 80 22 skada
337 310 25 22 af
380 310 114 29 husdjur.
527 310 95 22 Genom
642 310 187 22 administrativ
845 310 147 28 författning

236 344 77 22 hafva
332 344 158 29 stadganden
510 344 139 23 meddelats
668 345 133 29 angäende
814 344 178 23 studentafdel-

236 378 125 30 ningarna
380 379 42 22 vid
442 379 181 22 universitetet.

306 412 121 30 Slutligen
446 414 47 22 har
511 414 8 21 i
538 414 15 22 3
573 420 73 16 mom.
662 414 26 22 af
704 414 14 22 2
733 414 15 28 &
763 415 98 27 utsagts
877 415 35 21 att
924 413 68 22 hvad

237 448 131 29 angäende
387 448 239 29 religionssamfund
639 449 28 22 är
681 448 121 29 stadgadt
815 449 21 28 ej
851 448 103 23 beröres
968 447 25 23 af

236 482 222 29 bestämningarna
477 483 7 22 i
503 483 169 29 lagförslaget.

306 517 48 22 Vid
376 524 31 15 en
428 517 100 29 rättslig
546 517 129 30 reglering
694 518 26 21 af
738 517 254 29 föreningsväsendet

236 551 47 22 har
310 558 57 15 man
396 553 35 21 att
455 552 75 29 skilja
549 552 91 22 mellan
658 552 253 29 offentligträttsliga
929 551 63 22 före-

236 585 109 27 skrifter,
365 586 86 22 hvilka
480 587 53 22 afse
560 587 14 22 &
594 593 47 16 ena
661 587 72 22 sidan
754 588 37 20 att
809 586 99 29 skydda
927 586 65 22 med-

235 620 155 29 borgarenes
421 622 50 21 rätt
502 622 36 21 att
571 621 144 22 oberoende
750 621 25 22 af
803 621 188 28 myndigheters

236 655 168 29 inblandning
427 655 69 22 bilda
524 655 146 30 föreningar
698 657 65 20 samt
787 655 14 22 ä
821 655 79 22 andra
918 655 73 22 sidan

235 691 36 20 att
299 689 98 29 skydda
425 691 82 21 staten
534 692 51 20 mot
607 690 32 22 de
657 690 77 26 faror,
755 696 54 16 som
828 690 86 21 kunna
932 689 59 22 hota

235 723 50 22 den
312 724 55 22 från
387 724 152 29 föreningar,
557 725 100 22 hvilkas
686 724 119 23 ändamål
824 724 166 28 tilläfventyrs

235 758 39 22 stå
299 759 7 21 i
331 759 61 22 strid
418 759 56 22 med
500 760 95 21 statens
617 759 132 26 intressen,
776 759 47 22 och
847 759 31 22 de
893 758 97 29 privat-

235 793 122 28 rättsliga
376 793 184 29 stadgandena,
574 793 87 22 hvilka
681 793 52 22 afse
755 794 36 21 att
807 793 98 29 reglera
919 793 71 22 rätts-

235 827 169 22 förhållandet
431 828 91 22 mellan
555 828 150 29 föreningen
739 828 48 22 och
817 827 173 23 utomstående

235 862 116 22 enskilda
370 869 121 21 personer
512 863 130 22 äfvensom
664 863 196 28 föreningarnas
881 863 54 21 inre
953 868 37 15 or-

235 897 151 28 ganisation.
430 897 48 22 Det
497 897 175 29 föreliggande
691 897 166 29 lagförslaget
881 896 109 22 innehäl-

234 930 38 22 ler
297 931 159 28 stadganden
476 931 25 22 af
519 931 71 22 såväl
609 931 228 30 offentligträttslig
862 937 53 16 som
942 931 48 28 pri-

235 965 144 29 vaträttslig
398 967 46 20 art.

305 999 46 22 Till
369 1000 49 22 den
437 1000 68 22 förra
524 1007 115 22 gruppen
658 1000 48 22 hör
718 1000 194 28 bestämningen
924 1000 8 21 i
946 999 14 29 $
976 999 11 22 1

235 1035 36 20 att
289 1034 146 29 föreningar
454 1035 24 21 få
498 1035 81 22 bildas
598 1035 90 21 endast
706 1035 40 21 för
764 1034 124 26 ändamål,
901 1040 52 15 som
966 1033 22 29 ej

235 1068 80 22 strida
333 1072 51 19 mot
402 1069 42 28 lag
458 1069 60 22 eller
536 1069 51 28 god
605 1069 52 22 sed.
689 1069 76 22 Detta
785 1068 141 29 stadgande
939 1068 51 22 står

233 1103 8 21 i
260 1103 63 22 nära
342 1103 184 29 sammanhang
545 1103 56 22 med
618 1103 14 29 8
647 1103 42 26 22,
704 1109 54 16 som
772 1103 138 28 berättigar
924 1103 66 21 dom-

233 1137 49 22 stol
308 1139 35 20 att
366 1137 108 28 upplösa
498 1138 123 28 förening,
640 1138 78 21 hvars
737 1137 163 22 verksamhet
918 1138 28 21 är
966 1137 25 22 af

234 1178 85 15 annan
339 1173 38 20 art
395 1173 32 20 än
446 1172 8 21 i
473 1172 14 29 $
510 1173 11 21 1
543 1173 74 28 säges
636 1172 59 22 eller
708 1171 109 22 innebär
829 1171 55 22 fara
897 1171 38 22 för
949 1171 41 22 all-

232 1207 60 20 män
316 1206 124 22 säkerhet.
478 1207 46 21 Till
548 1213 95 15 samma
667 1213 84 22 grupp
771 1206 47 22 hör
839 1205 151 29 stadgandet

232 1240 8 21 i
270 1240 15 29 $
314 1241 22 25 3,
364 1241 78 28 enligt
471 1241 96 22 hvilket
595 1241 125 28 förening,
759 1241 78 21 hvars
873 1240 117 22 ändamål

233 1275 131 22 erfordrar
391 1275 170 22 användande
585 1275 26 22 af
637 1275 163 28 skjutvapen,
830 1275 50 21 kan
908 1274 82 22 bildas

232 1309 92 22 endast
351 1309 63 23 efter
442 1309 25 23 af
494 1311 103 21 senaten
624 1310 8 22 i
659 1309 102 23 samråd
793 1309 56 22 med
880 1308 110 30 general-

232 1345 162 27 guvernören
422 1344 122 29 beviljadt
571 1344 119 22 tillstånd.
728 1344 43 22 Uti
798 1344 69 22 detta
895 1343 95 22 undan-

232 1378 104 28 tagsfall
354 1378 46 22 har
419 1378 43 22 det
480 1380 94 20 ansetts
597 1378 160 29 nödvändigt
777 1379 36 21 att
832 1378 85 22 afvika
933 1378 56 21 från

232 1412 254 29 föreningsfrihetens
512 1413 136 29 grundsats
674 1413 45 21 och
742 1412 129 22 bibehålla
889 1412 101 22 konces-

232 1446 198 29 sionssystemet.
449 1460 26 3 —
496 1447 39 22 En
553 1447 174 29 begränsning
742 1447 27 21 af
781 1446 207 29 föreningsfrihe-

302 1490 130 22 Lagutskottets
445 1490 110 18 betänkande
567 1490 37 17 N:o
616 1491 17 17 4.
