<?xml version="1.0" encoding="UTF-8"?>
<alto xmlns="http://www.loc.gov/standards/alto/ns-v3#" xmlns:xlink="http://www.w3.org/1999/xlink" xmlns:xsi="http://www.w3.org/2001/XMLSchema-instance" xsi:schemaLocation="http://www.loc.gov/standards/alto/ns-v3# http://www.loc.gov/alto/v3/alto-3-0.xsd">
	<Description>
		<MeasurementUnit>pixel</MeasurementUnit>
		<sourceImageInformation>
			<fileName>/tmp/tess_lzi1yl1b_input.PNG</fileName>
		</sourceImageInformation>
		<OCRProcessing ID="OCR_0">
			<ocrProcessingStep>
				<processingSoftware>
					<softwareName>tesseract 5.3.4</softwareName>
				</processingSoftware>
			</ocrProcessingStep>
		</OCRProcessing>
	</Description>
	<Layout>
		<Page WIDTH="1084" HEIGHT="1764" PHYSICAL_IMG_NR="0" ID="page_0">
			<PrintSpace HPOS="0" VPOS="0" WIDTH="1084" HEIGHT="1764">
				<ComposedBlock ID="cblock_0" HPOS="330" VPOS="166" WIDTH="534" HEIGHT="29">
					<TextBlock ID="block_0" HPOS="330" VPOS="166" WIDTH="534" HEIGHT="29">
						<TextLine ID="line_0" HPOS="330" VPOS="166" WIDTH="534" HEIGHT="29">
							<String ID="string_0" HPOS="330" VPOS="167" WIDTH="29" HEIGHT="22" WC="0.91" CONTENT="U."/><SP WIDTH="16" VPOS="167" HPOS="359"/>
							<String ID="string_1" HPOS="375" VPOS="167" WIDTH="28" HEIGHT="22" WC="0.90" CONTENT="B."/><SP WIDTH="17" VPOS="167" HPOS="403"/>
							<String ID="string_2" HPOS="420" VPOS="179" WIDTH="26" HEIGHT="3" WC="0.90" CONTENT="—"/><SP WIDTH="16" VPOS="179" HPOS="446"/>
							<String ID="string_3" HPOS="462" VPOS="167" WIDTH="74" HEIGHT="28" WC="0.95" CONTENT="Prop."/><SP WIDTH="17" VPOS="167" HPOS="536"/>
							<String ID="string_4" HPOS="553" VPOS="166" WIDTH="41" HEIGHT="23" WC="0.96" CONTENT="N:o"/><SP WIDTH="16" VPOS="166" HPOS="594"/>
							<String ID="string_5" HPOS="610" VPOS="166" WIDTH="35" HEIGHT="23" WC="0.92" CONTENT="17."/><SP WIDTH="197" VPOS="166" HPOS="645"/>
							<String ID="string_6" HPOS="842" VPOS="167" WIDTH="22" HEIGHT="20" WC="0.96" CONTENT="11"/>
						</TextLine>
					</TextBlock>
				</ComposedBlock>
				<ComposedBlock ID="cblock_1" HPOS="108" VPOS="238" WIDTH="763" HEIGHT="1096">
					<TextBlock ID="block_1" HPOS="108" VPOS="238" WIDTH="757" HEIGHT="63">
						<TextLine ID="line_1" HPOS="108" VPOS="238" WIDTH="757" HEIGHT="29">
							<String ID="string_7" HPOS="108" VPOS="238" WIDTH="65" HEIGHT="22" WC="0.92" CONTENT="efter"/><SP WIDTH="19" VPOS="238" HPOS="173"/>
							<String ID="string_8" HPOS="192" VPOS="238" WIDTH="129" HEIGHT="22" WC="0.90" CONTENT="verkstäld"/><SP WIDTH="25" VPOS="238" HPOS="321"/>
							<String ID="string_9" HPOS="346" VPOS="238" WIDTH="162" HEIGHT="29" WC="0.92" CONTENT="uppsägning"/><SP WIDTH="25" VPOS="238" HPOS="508"/>
							<String ID="string_10" HPOS="533" VPOS="244" WIDTH="60" HEIGHT="22" WC="0.90" CONTENT="eger"/><SP WIDTH="25" VPOS="244" HPOS="593"/>
							<String ID="string_11" HPOS="618" VPOS="238" WIDTH="50" HEIGHT="21" WC="0.96" CONTENT="rätt"/><SP WIDTH="24" VPOS="238" HPOS="668"/>
							<String ID="string_12" HPOS="692" VPOS="239" WIDTH="36" HEIGHT="20" WC="0.96" CONTENT="att"/><SP WIDTH="19" VPOS="239" HPOS="728"/>
							<String ID="string_13" HPOS="747" VPOS="238" WIDTH="47" HEIGHT="21" WC="0.96" CONTENT="när"/><SP WIDTH="18" VPOS="238" HPOS="794"/>
							<String ID="string_14" HPOS="812" VPOS="243" WIDTH="53" HEIGHT="16" WC="0.96" CONTENT="som"/>
						</TextLine>
						<TextLine ID="line_2" HPOS="110" VPOS="272" WIDTH="408" HEIGHT="29">
							<String ID="string_15" HPOS="110" VPOS="272" WIDTH="65" HEIGHT="22" WC="0.93" CONTENT="helst"/><SP WIDTH="18" VPOS="272" HPOS="175"/>
							<String ID="string_16" HPOS="193" VPOS="273" WIDTH="101" HEIGHT="22" WC="0.92" CONTENT="utträda"/><SP WIDTH="19" VPOS="273" HPOS="294"/>
							<String ID="string_17" HPOS="313" VPOS="279" WIDTH="30" HEIGHT="15" WC="0.93" CONTENT="ur"/><SP WIDTH="19" VPOS="279" HPOS="343"/>
							<String ID="string_18" HPOS="362" VPOS="272" WIDTH="156" HEIGHT="29" WC="0.92" CONTENT="föreningen."/>
						</TextLine>
					</TextBlock>
					<TextBlock ID="block_2" HPOS="109" VPOS="305" WIDTH="762" HEIGHT="1029">
						<TextLine ID="line_3" HPOS="179" VPOS="305" WIDTH="686" HEIGHT="30">
							<String ID="string_19" HPOS="179" VPOS="307" WIDTH="12" HEIGHT="22" WC="0.95" CONTENT="I"/><SP WIDTH="18" VPOS="307" HPOS="191"/>
							<String ID="string_20" HPOS="209" VPOS="307" WIDTH="78" HEIGHT="28" WC="0.96" CONTENT="öfrigt"/><SP WIDTH="18" VPOS="307" HPOS="287"/>
							<String ID="string_21" HPOS="305" VPOS="307" WIDTH="139" HEIGHT="22" WC="0.96" CONTENT="innehåller"/><SP WIDTH="24" VPOS="307" HPOS="444"/>
							<String ID="string_22" HPOS="468" VPOS="306" WIDTH="167" HEIGHT="29" WC="0.96" CONTENT="lagförslaget"/><SP WIDTH="18" VPOS="306" HPOS="635"/>
							<String ID="string_23" HPOS="653" VPOS="306" WIDTH="36" HEIGHT="22" WC="0.96" CONTENT="uti"/><SP WIDTH="20" VPOS="306" HPOS="689"/>
							<String ID="string_24" HPOS="709" VPOS="305" WIDTH="32" HEIGHT="30" WC="0.92" CONTENT="$$"/><SP WIDTH="21" VPOS="305" HPOS="741"/>
							<String ID="string_25" HPOS="762" VPOS="306" WIDTH="103" HEIGHT="22" WC="0.81" CONTENT="23—25"/>
						</TextLine>
						<TextLine ID="line_4" HPOS="111" VPOS="340" WIDTH="755" HEIGHT="29">
							<String ID="string_26" HPOS="111" VPOS="341" WIDTH="162" HEIGHT="26" WC="0.96" CONTENT="föreskrifter,"/><SP WIDTH="28" VPOS="341" HPOS="273"/>
							<String ID="string_27" HPOS="301" VPOS="341" WIDTH="66" HEIGHT="22" WC="0.96" CONTENT="huru"/><SP WIDTH="27" VPOS="341" HPOS="367"/>
							<String ID="string_28" HPOS="394" VPOS="341" WIDTH="42" HEIGHT="22" WC="0.96" CONTENT="vid"/><SP WIDTH="30" VPOS="341" HPOS="436"/>
							<String ID="string_29" HPOS="466" VPOS="341" WIDTH="129" HEIGHT="28" WC="0.96" CONTENT="förenings"/><SP WIDTH="25" VPOS="341" HPOS="595"/>
							<String ID="string_30" HPOS="620" VPOS="340" WIDTH="155" HEIGHT="29" WC="0.96" CONTENT="upplösning"/><SP WIDTH="27" VPOS="340" HPOS="775"/>
							<String ID="string_31" HPOS="802" VPOS="340" WIDTH="64" HEIGHT="22" WC="0.95" CONTENT="skall"/>
						</TextLine>
						<TextLine ID="line_5" HPOS="111" VPOS="375" WIDTH="756" HEIGHT="29">
							<String ID="string_32" HPOS="111" VPOS="375" WIDTH="116" HEIGHT="27" WC="0.91" CONTENT="förfaras,"/><SP WIDTH="27" VPOS="375" HPOS="227"/>
							<String ID="string_33" HPOS="254" VPOS="378" WIDTH="64" HEIGHT="19" WC="0.96" CONTENT="samt"/><SP WIDTH="24" VPOS="378" HPOS="318"/>
							<String ID="string_34" HPOS="342" VPOS="376" WIDTH="7" HEIGHT="21" WC="0.96" CONTENT="i"/><SP WIDTH="26" VPOS="376" HPOS="349"/>
							<String ID="string_35" HPOS="375" VPOS="375" WIDTH="14" HEIGHT="29" WC="0.38" CONTENT="8"/><SP WIDTH="26" VPOS="375" HPOS="389"/>
							<String ID="string_36" HPOS="415" VPOS="375" WIDTH="33" HEIGHT="22" WC="0.93" CONTENT="33"/><SP WIDTH="28" VPOS="375" HPOS="448"/>
							<String ID="string_37" HPOS="476" VPOS="375" WIDTH="168" HEIGHT="29" WC="0.95" CONTENT="stadganden,"/><SP WIDTH="27" VPOS="375" HPOS="644"/>
							<String ID="string_38" HPOS="671" VPOS="381" WIDTH="52" HEIGHT="16" WC="0.93" CONTENT="som"/><SP WIDTH="29" VPOS="381" HPOS="723"/>
							<String ID="string_39" HPOS="752" VPOS="375" WIDTH="54" HEIGHT="22" WC="0.92" CONTENT="afse"/><SP WIDTH="26" VPOS="375" HPOS="806"/>
							<String ID="string_40" HPOS="832" VPOS="376" WIDTH="35" HEIGHT="21" WC="0.96" CONTENT="att"/>
						</TextLine>
						<TextLine ID="line_6" HPOS="111" VPOS="409" WIDTH="755" HEIGHT="30">
							<String ID="string_41" HPOS="111" VPOS="410" WIDTH="98" HEIGHT="29" WC="0.96" CONTENT="reglera"/><SP WIDTH="18" VPOS="410" HPOS="209"/>
							<String ID="string_42" HPOS="227" VPOS="410" WIDTH="100" HEIGHT="29" WC="0.95" CONTENT="frågan,"/><SP WIDTH="19" VPOS="410" HPOS="327"/>
							<String ID="string_43" HPOS="346" VPOS="410" WIDTH="8" HEIGHT="22" WC="0.96" CONTENT="i"/><SP WIDTH="19" VPOS="410" HPOS="354"/>
							<String ID="string_44" HPOS="373" VPOS="410" WIDTH="68" HEIGHT="22" WC="0.96" CONTENT="hvad"/><SP WIDTH="27" VPOS="410" HPOS="441"/>
							<String ID="string_45" HPOS="468" VPOS="410" WIDTH="58" HEIGHT="21" WC="0.95" CONTENT="mån"/><SP WIDTH="20" VPOS="410" HPOS="526"/>
							<String ID="string_46" HPOS="546" VPOS="410" WIDTH="31" HEIGHT="21" WC="0.96" CONTENT="de"/><SP WIDTH="19" VPOS="410" HPOS="577"/>
							<String ID="string_47" HPOS="596" VPOS="410" WIDTH="39" HEIGHT="21" WC="0.96" CONTENT="för"/><SP WIDTH="19" VPOS="410" HPOS="635"/>
							<String ID="string_48" HPOS="654" VPOS="409" WIDTH="161" HEIGHT="22" WC="0.96" CONTENT="närvarande"/><SP WIDTH="19" VPOS="409" HPOS="815"/>
							<String ID="string_49" HPOS="834" VPOS="409" WIDTH="32" HEIGHT="28" WC="0.96" CONTENT="på"/>
						</TextLine>
						<TextLine ID="line_7" HPOS="112" VPOS="443" WIDTH="755" HEIGHT="30">
							<String ID="string_50" HPOS="112" VPOS="445" WIDTH="82" HEIGHT="28" WC="0.96" CONTENT="grund"/><SP WIDTH="21" VPOS="445" HPOS="194"/>
							<String ID="string_51" HPOS="215" VPOS="445" WIDTH="26" HEIGHT="21" WC="0.95" CONTENT="af"/><SP WIDTH="18" VPOS="445" HPOS="241"/>
							<String ID="string_52" HPOS="259" VPOS="444" WIDTH="172" HEIGHT="29" WC="0.96" CONTENT="vederbörligt"/><SP WIDTH="18" VPOS="444" HPOS="431"/>
							<String ID="string_53" HPOS="449" VPOS="444" WIDTH="112" HEIGHT="22" WC="0.96" CONTENT="tillstånd"/><SP WIDTH="20" VPOS="444" HPOS="561"/>
							<String ID="string_54" HPOS="581" VPOS="443" WIDTH="159" HEIGHT="23" WC="0.92" CONTENT="existerande"/><SP WIDTH="18" VPOS="443" HPOS="740"/>
							<String ID="string_55" HPOS="758" VPOS="443" WIDTH="109" HEIGHT="22" WC="0.90" CONTENT="förenin-"/>
						</TextLine>
						<TextLine ID="line_8" HPOS="111" VPOS="477" WIDTH="756" HEIGHT="31">
							<String ID="string_56" HPOS="111" VPOS="485" WIDTH="93" HEIGHT="22" WC="0.91" CONTENT="garnas"/><SP WIDTH="26" VPOS="485" HPOS="204"/>
							<String ID="string_57" HPOS="230" VPOS="479" WIDTH="115" HEIGHT="29" WC="0.95" CONTENT="rättsliga"/><SP WIDTH="28" VPOS="479" HPOS="345"/>
							<String ID="string_58" HPOS="373" VPOS="479" WIDTH="117" HEIGHT="28" WC="0.96" CONTENT="ställning"/><SP WIDTH="25" VPOS="479" HPOS="490"/>
							<String ID="string_59" HPOS="515" VPOS="479" WIDTH="113" HEIGHT="22" WC="0.96" CONTENT="kommer"/><SP WIDTH="19" VPOS="479" HPOS="628"/>
							<String ID="string_60" HPOS="647" VPOS="480" WIDTH="36" HEIGHT="20" WC="0.96" CONTENT="att"/><SP WIDTH="19" VPOS="480" HPOS="683"/>
							<String ID="string_61" HPOS="702" VPOS="478" WIDTH="25" HEIGHT="22" WC="0.96" CONTENT="af"/><SP WIDTH="18" VPOS="478" HPOS="727"/>
							<String ID="string_62" HPOS="745" VPOS="478" WIDTH="49" HEIGHT="22" WC="0.90" CONTENT="den"/><SP WIDTH="19" VPOS="478" HPOS="794"/>
							<String ID="string_63" HPOS="813" VPOS="477" WIDTH="54" HEIGHT="23" WC="0.89" CONTENT="blif-"/>
						</TextLine>
						<TextLine ID="line_9" HPOS="112" VPOS="512" WIDTH="756" HEIGHT="30">
							<String ID="string_64" HPOS="112" VPOS="513" WIDTH="83" HEIGHT="22" WC="0.96" CONTENT="vande"/><SP WIDTH="18" VPOS="513" HPOS="195"/>
							<String ID="string_65" HPOS="213" VPOS="513" WIDTH="75" HEIGHT="29" WC="0.96" CONTENT="lagen"/><SP WIDTH="19" VPOS="513" HPOS="288"/>
							<String ID="string_66" HPOS="307" VPOS="513" WIDTH="111" HEIGHT="22" WC="0.96" CONTENT="beröras."/><SP WIDTH="38" VPOS="513" HPOS="418"/>
							<String ID="string_67" HPOS="456" VPOS="513" WIDTH="56" HEIGHT="22" WC="0.96" CONTENT="Med"/><SP WIDTH="28" VPOS="513" HPOS="512"/>
							<String ID="string_68" HPOS="540" VPOS="513" WIDTH="166" HEIGHT="28" WC="0.96" CONTENT="iakttagande"/><SP WIDTH="25" VPOS="513" HPOS="706"/>
							<String ID="string_69" HPOS="731" VPOS="512" WIDTH="25" HEIGHT="22" WC="0.93" CONTENT="af"/><SP WIDTH="19" VPOS="512" HPOS="756"/>
							<String ID="string_70" HPOS="775" VPOS="512" WIDTH="93" HEIGHT="29" WC="0.92" CONTENT="grund-"/>
						</TextLine>
						<TextLine ID="line_10" HPOS="112" VPOS="547" WIDTH="755" HEIGHT="29">
							<String ID="string_71" HPOS="112" VPOS="550" WIDTH="84" HEIGHT="20" WC="0.96" CONTENT="satsen"/><SP WIDTH="25" VPOS="550" HPOS="196"/>
							<String ID="string_72" HPOS="221" VPOS="555" WIDTH="40" HEIGHT="15" WC="0.88" CONTENT="om"/><SP WIDTH="25" VPOS="555" HPOS="261"/>
							<String ID="string_73" HPOS="286" VPOS="548" WIDTH="162" HEIGHT="22" WC="0.88" CONTENT="förvärfvade"/><SP WIDTH="24" VPOS="548" HPOS="448"/>
							<String ID="string_74" HPOS="472" VPOS="547" WIDTH="163" HEIGHT="29" WC="0.91" CONTENT="rättigheters"/><SP WIDTH="18" VPOS="547" HPOS="635"/>
							<String ID="string_75" HPOS="653" VPOS="547" WIDTH="76" HEIGHT="29" WC="0.92" CONTENT="helgd"/><SP WIDTH="19" VPOS="547" HPOS="729"/>
							<String ID="string_76" HPOS="748" VPOS="547" WIDTH="93" HEIGHT="22" WC="0.96" CONTENT="uttalas"/><SP WIDTH="19" VPOS="547" HPOS="841"/>
							<String ID="string_77" HPOS="860" VPOS="547" WIDTH="7" HEIGHT="21" WC="0.96" CONTENT="i"/>
						</TextLine>
						<TextLine ID="line_11" HPOS="112" VPOS="581" WIDTH="756" HEIGHT="30">
							<String ID="string_78" HPOS="112" VPOS="583" WIDTH="7" HEIGHT="21" WC="0.96" CONTENT="i"/><SP WIDTH="20" VPOS="583" HPOS="119"/>
							<String ID="string_79" HPOS="139" VPOS="582" WIDTH="15" HEIGHT="29" WC="0.88" CONTENT="8"/><SP WIDTH="21" VPOS="582" HPOS="154"/>
							<String ID="string_80" HPOS="175" VPOS="583" WIDTH="32" HEIGHT="22" WC="0.96" CONTENT="33"/><SP WIDTH="20" VPOS="583" HPOS="207"/>
							<String ID="string_81" HPOS="227" VPOS="583" WIDTH="83" HEIGHT="22" WC="0.96" CONTENT="såsom"/><SP WIDTH="26" VPOS="583" HPOS="310"/>
							<String ID="string_82" HPOS="336" VPOS="582" WIDTH="91" HEIGHT="22" WC="0.96" CONTENT="allmän"/><SP WIDTH="25" VPOS="582" HPOS="427"/>
							<String ID="string_83" HPOS="452" VPOS="582" WIDTH="70" HEIGHT="29" WC="0.96" CONTENT="regel"/><SP WIDTH="28" VPOS="582" HPOS="522"/>
							<String ID="string_84" HPOS="550" VPOS="583" WIDTH="35" HEIGHT="21" WC="0.96" CONTENT="att"/><SP WIDTH="19" VPOS="583" HPOS="585"/>
							<String ID="string_85" HPOS="604" VPOS="581" WIDTH="197" HEIGHT="29" WC="0.91" CONTENT="ifrågavarande"/><SP WIDTH="19" VPOS="581" HPOS="801"/>
							<String ID="string_86" HPOS="820" VPOS="581" WIDTH="48" HEIGHT="22" WC="0.93" CONTENT="för-"/>
						</TextLine>
						<TextLine ID="line_12" HPOS="109" VPOS="615" WIDTH="759" HEIGHT="30">
							<String ID="string_87" HPOS="109" VPOS="617" WIDTH="122" HEIGHT="28" WC="0.71" CONTENT="eningars"/><SP WIDTH="11" VPOS="617" HPOS="231"/>
							<String ID="string_88" HPOS="242" VPOS="617" WIDTH="184" HEIGHT="28" WC="0.91" CONTENT="rättsställning"/><SP WIDTH="13" VPOS="617" HPOS="426"/>
							<String ID="string_89" HPOS="439" VPOS="617" WIDTH="46" HEIGHT="22" WC="0.93" CONTENT="bör"/><SP WIDTH="12" VPOS="617" HPOS="485"/>
							<String ID="string_90" HPOS="497" VPOS="616" WIDTH="121" HEIGHT="23" WC="0.92" CONTENT="förblifva"/><SP WIDTH="14" VPOS="616" HPOS="618"/>
							<String ID="string_91" HPOS="632" VPOS="616" WIDTH="123" HEIGHT="22" WC="0.92" CONTENT="orubbad."/><SP WIDTH="27" VPOS="616" HPOS="755"/>
							<String ID="string_92" HPOS="782" VPOS="615" WIDTH="86" HEIGHT="30" WC="0.96" CONTENT="Några"/>
						</TextLine>
						<TextLine ID="line_13" HPOS="112" VPOS="650" WIDTH="756" HEIGHT="30">
							<String ID="string_93" HPOS="112" VPOS="651" WIDTH="160" HEIGHT="29" WC="0.92" CONTENT="stadganden"/><SP WIDTH="36" VPOS="651" HPOS="272"/>
							<String ID="string_94" HPOS="308" VPOS="651" WIDTH="8" HEIGHT="22" WC="0.92" CONTENT="i"/><SP WIDTH="29" VPOS="651" HPOS="316"/>
							<String ID="string_95" HPOS="345" VPOS="651" WIDTH="173" HEIGHT="29" WC="0.92" CONTENT="lagförslaget,"/><SP WIDTH="33" VPOS="651" HPOS="518"/>
							<String ID="string_96" HPOS="551" VPOS="651" WIDTH="153" HEIGHT="28" WC="0.91" CONTENT="exempelvis"/><SP WIDTH="32" VPOS="651" HPOS="704"/>
							<String ID="string_97" HPOS="736" VPOS="650" WIDTH="132" HEIGHT="29" WC="0.90" CONTENT="angäende"/>
						</TextLine>
						<TextLine ID="line_14" HPOS="112" VPOS="685" WIDTH="756" HEIGHT="30">
							<String ID="string_98" HPOS="112" VPOS="685" WIDTH="69" HEIGHT="23" WC="0.92" CONTENT="talan"/><SP WIDTH="25" VPOS="685" HPOS="181"/>
							<String ID="string_99" HPOS="206" VPOS="693" WIDTH="40" HEIGHT="15" WC="0.93" CONTENT="om"/><SP WIDTH="19" VPOS="693" HPOS="246"/>
							<String ID="string_100" HPOS="265" VPOS="685" WIDTH="153" HEIGHT="30" WC="0.91" CONTENT="upplösning"/><SP WIDTH="20" VPOS="685" HPOS="418"/>
							<String ID="string_101" HPOS="438" VPOS="685" WIDTH="25" HEIGHT="22" WC="0.96" CONTENT="af"/><SP WIDTH="18" VPOS="685" HPOS="463"/>
							<String ID="string_102" HPOS="481" VPOS="685" WIDTH="118" HEIGHT="29" WC="0.96" CONTENT="förening"/><SP WIDTH="19" VPOS="685" HPOS="599"/>
							<String ID="string_103" HPOS="618" VPOS="687" WIDTH="64" HEIGHT="20" WC="0.96" CONTENT="samt"/><SP WIDTH="18" VPOS="687" HPOS="682"/>
							<String ID="string_104" HPOS="700" VPOS="685" WIDTH="32" HEIGHT="22" WC="0.96" CONTENT="de"/><SP WIDTH="18" VPOS="685" HPOS="732"/>
							<String ID="string_105" HPOS="750" VPOS="685" WIDTH="8" HEIGHT="22" WC="0.93" CONTENT="i"/><SP WIDTH="19" VPOS="685" HPOS="758"/>
							<String ID="string_106" HPOS="777" VPOS="685" WIDTH="91" HEIGHT="28" WC="0.92" CONTENT="lagför-"/>
						</TextLine>
						<TextLine ID="line_15" HPOS="113" VPOS="719" WIDTH="755" HEIGHT="30">
							<String ID="string_107" HPOS="113" VPOS="720" WIDTH="81" HEIGHT="29" WC="0.92" CONTENT="slaget"/><SP WIDTH="18" VPOS="720" HPOS="194"/>
							<String ID="string_108" HPOS="212" VPOS="721" WIDTH="126" HEIGHT="28" WC="0.92" CONTENT="ingäende"/><SP WIDTH="19" VPOS="721" HPOS="338"/>
							<String ID="string_109" HPOS="357" VPOS="720" WIDTH="306" HEIGHT="29" WC="0.92" CONTENT="straffbestämningarna,"/><SP WIDTH="21" VPOS="720" HPOS="663"/>
							<String ID="string_110" HPOS="684" VPOS="719" WIDTH="77" HEIGHT="22" WC="0.92" CONTENT="hafva"/><SP WIDTH="20" VPOS="719" HPOS="761"/>
							<String ID="string_111" HPOS="781" VPOS="719" WIDTH="63" HEIGHT="22" WC="0.92" CONTENT="dock"/><SP WIDTH="16" VPOS="719" HPOS="844"/>
							<String ID="string_112" HPOS="860" VPOS="719" WIDTH="8" HEIGHT="22" WC="0.92" CONTENT="i"/>
						</TextLine>
						<TextLine ID="line_16" HPOS="114" VPOS="753" WIDTH="754" HEIGHT="30">
							<String ID="string_113" HPOS="114" VPOS="755" WIDTH="112" HEIGHT="28" WC="0.96" CONTENT="enlighet"/><SP WIDTH="27" VPOS="755" HPOS="226"/>
							<String ID="string_114" HPOS="253" VPOS="755" WIDTH="56" HEIGHT="22" WC="0.91" CONTENT="med"/><SP WIDTH="28" VPOS="755" HPOS="309"/>
							<String ID="string_115" HPOS="337" VPOS="755" WIDTH="91" HEIGHT="22" WC="0.95" CONTENT="sakens"/><SP WIDTH="28" VPOS="755" HPOS="428"/>
							<String ID="string_116" HPOS="456" VPOS="756" WIDTH="76" HEIGHT="21" WC="0.92" CONTENT="natur"/><SP WIDTH="27" VPOS="756" HPOS="532"/>
							<String ID="string_117" HPOS="559" VPOS="754" WIDTH="135" HEIGHT="22" WC="0.83" CONTENT="utsträckts"/><SP WIDTH="32" VPOS="754" HPOS="694"/>
							<String ID="string_118" HPOS="726" VPOS="753" WIDTH="75" HEIGHT="22" WC="0.92" CONTENT="äfven"/><SP WIDTH="32" VPOS="753" HPOS="801"/>
							<String ID="string_119" HPOS="833" VPOS="753" WIDTH="35" HEIGHT="22" WC="0.94" CONTENT="till"/>
						</TextLine>
						<TextLine ID="line_17" HPOS="113" VPOS="787" WIDTH="755" HEIGHT="30">
							<String ID="string_120" HPOS="113" VPOS="789" WIDTH="74" HEIGHT="22" WC="0.93" CONTENT="dessa"/><SP WIDTH="18" VPOS="789" HPOS="187"/>
							<String ID="string_121" HPOS="205" VPOS="789" WIDTH="154" HEIGHT="28" WC="0.92" CONTENT="föreningar."/><SP WIDTH="33" VPOS="789" HPOS="359"/>
							<String ID="string_122" HPOS="392" VPOS="789" WIDTH="48" HEIGHT="22" WC="0.96" CONTENT="Det"/><SP WIDTH="19" VPOS="789" HPOS="440"/>
							<String ID="string_123" HPOS="459" VPOS="790" WIDTH="27" HEIGHT="21" WC="0.93" CONTENT="är"/><SP WIDTH="20" VPOS="790" HPOS="486"/>
							<String ID="string_124" HPOS="506" VPOS="789" WIDTH="107" HEIGHT="22" WC="0.90" CONTENT="sälunda"/><SP WIDTH="14" VPOS="789" HPOS="613"/>
							<String ID="string_125" HPOS="627" VPOS="788" WIDTH="126" HEIGHT="29" WC="0.92" CONTENT="själfklart"/><SP WIDTH="13" VPOS="788" HPOS="753"/>
							<String ID="string_126" HPOS="766" VPOS="790" WIDTH="36" HEIGHT="20" WC="0.93" CONTENT="att"/><SP WIDTH="12" VPOS="790" HPOS="802"/>
							<String ID="string_127" HPOS="814" VPOS="787" WIDTH="54" HEIGHT="22" WC="0.93" CONTENT="tidi-"/>
						</TextLine>
						<TextLine ID="line_18" HPOS="112" VPOS="823" WIDTH="757" HEIGHT="30">
							<String ID="string_128" HPOS="112" VPOS="830" WIDTH="63" HEIGHT="22" WC="0.92" CONTENT="gare"/><SP WIDTH="18" VPOS="830" HPOS="175"/>
							<String ID="string_129" HPOS="193" VPOS="823" WIDTH="111" HEIGHT="30" WC="0.92" CONTENT="lagligen"/><SP WIDTH="19" VPOS="823" HPOS="304"/>
							<String ID="string_130" HPOS="323" VPOS="823" WIDTH="101" HEIGHT="22" WC="0.92" CONTENT="bildade"/><SP WIDTH="16" VPOS="823" HPOS="424"/>
							<String ID="string_131" HPOS="440" VPOS="823" WIDTH="147" HEIGHT="29" WC="0.92" CONTENT="föreningar"/><SP WIDTH="19" VPOS="823" HPOS="587"/>
							<String ID="string_132" HPOS="606" VPOS="823" WIDTH="127" HEIGHT="22" WC="0.92" CONTENT="bibehälla"/><SP WIDTH="13" VPOS="823" HPOS="733"/>
							<String ID="string_133" HPOS="746" VPOS="823" WIDTH="38" HEIGHT="22" WC="0.93" CONTENT="sin"/><SP WIDTH="13" VPOS="823" HPOS="784"/>
							<String ID="string_134" HPOS="797" VPOS="823" WIDTH="72" HEIGHT="21" WC="0.92" CONTENT="rätts-"/>
						</TextLine>
						<TextLine ID="line_19" HPOS="113" VPOS="857" WIDTH="756" HEIGHT="29">
							<String ID="string_135" HPOS="113" VPOS="857" WIDTH="132" HEIGHT="29" WC="0.92" CONTENT="kapacitet,"/><SP WIDTH="22" VPOS="857" HPOS="245"/>
							<String ID="string_136" HPOS="267" VPOS="858" WIDTH="74" HEIGHT="22" WC="0.92" CONTENT="äfven"/><SP WIDTH="19" VPOS="858" HPOS="341"/>
							<String ID="string_137" HPOS="360" VPOS="865" WIDTH="41" HEIGHT="15" WC="0.96" CONTENT="om"/><SP WIDTH="12" VPOS="865" HPOS="401"/>
							<String ID="string_138" HPOS="413" VPOS="858" WIDTH="31" HEIGHT="22" WC="0.93" CONTENT="de"/><SP WIDTH="17" VPOS="858" HPOS="444"/>
							<String ID="string_139" HPOS="461" VPOS="858" WIDTH="53" HEIGHT="21" WC="0.90" CONTENT="icke"/><SP WIDTH="14" VPOS="858" HPOS="514"/>
							<String ID="string_140" HPOS="528" VPOS="857" WIDTH="138" HEIGHT="22" WC="0.92" CONTENT="inskrifvas"/><SP WIDTH="13" VPOS="857" HPOS="666"/>
							<String ID="string_141" HPOS="679" VPOS="857" WIDTH="36" HEIGHT="22" WC="0.92" CONTENT="uti"/><SP WIDTH="14" VPOS="857" HPOS="715"/>
							<String ID="string_142" HPOS="729" VPOS="857" WIDTH="140" HEIGHT="28" WC="0.92" CONTENT="förenings-"/>
						</TextLine>
						<TextLine ID="line_20" HPOS="113" VPOS="891" WIDTH="758" HEIGHT="30">
							<String ID="string_143" HPOS="113" VPOS="893" WIDTH="125" HEIGHT="28" WC="0.95" CONTENT="registret."/><SP WIDTH="39" VPOS="893" HPOS="238"/>
							<String ID="string_144" HPOS="277" VPOS="892" WIDTH="46" HEIGHT="23" WC="0.95" CONTENT="Om"/><SP WIDTH="29" VPOS="892" HPOS="323"/>
							<String ID="string_145" HPOS="352" VPOS="892" WIDTH="109" HEIGHT="29" WC="0.95" CONTENT="ändring"/><SP WIDTH="28" VPOS="892" HPOS="461"/>
							<String ID="string_146" HPOS="489" VPOS="892" WIDTH="25" HEIGHT="22" WC="0.93" CONTENT="af"/><SP WIDTH="25" VPOS="892" HPOS="514"/>
							<String ID="string_147" HPOS="539" VPOS="892" WIDTH="139" HEIGHT="29" WC="0.92" CONTENT="stadgarna"/><SP WIDTH="25" VPOS="892" HPOS="678"/>
							<String ID="string_148" HPOS="703" VPOS="891" WIDTH="116" HEIGHT="29" WC="0.92" CONTENT="vidtages"/><SP WIDTH="26" VPOS="891" HPOS="819"/>
							<String ID="string_149" HPOS="845" VPOS="891" WIDTH="26" HEIGHT="22" WC="0.96" CONTENT="af"/>
						</TextLine>
						<TextLine ID="line_21" HPOS="114" VPOS="926" WIDTH="756" HEIGHT="29">
							<String ID="string_150" HPOS="114" VPOS="927" WIDTH="80" HEIGHT="22" WC="0.92" CONTENT="sädan"/><SP WIDTH="23" VPOS="927" HPOS="194"/>
							<String ID="string_151" HPOS="217" VPOS="927" WIDTH="123" HEIGHT="28" WC="0.96" CONTENT="förening,"/><SP WIDTH="25" VPOS="927" HPOS="340"/>
							<String ID="string_152" HPOS="365" VPOS="927" WIDTH="78" HEIGHT="22" WC="0.96" CONTENT="borde"/><SP WIDTH="24" VPOS="927" HPOS="443"/>
							<String ID="string_153" HPOS="467" VPOS="927" WIDTH="78" HEIGHT="28" WC="0.93" CONTENT="enligt"/><SP WIDTH="23" VPOS="927" HPOS="545"/>
							<String ID="string_154" HPOS="568" VPOS="926" WIDTH="97" HEIGHT="22" WC="0.92" CONTENT="härtills"/><SP WIDTH="19" VPOS="926" HPOS="665"/>
							<String ID="string_155" HPOS="684" VPOS="926" WIDTH="118" HEIGHT="29" WC="0.96" CONTENT="gällande"/><SP WIDTH="18" VPOS="926" HPOS="802"/>
							<String ID="string_156" HPOS="820" VPOS="926" WIDTH="50" HEIGHT="21" WC="0.96" CONTENT="rätt"/>
						</TextLine>
						<TextLine ID="line_22" HPOS="114" VPOS="960" WIDTH="756" HEIGHT="30">
							<String ID="string_157" HPOS="114" VPOS="961" WIDTH="142" HEIGHT="29" WC="0.92" CONTENT="ändringen"/><SP WIDTH="24" VPOS="961" HPOS="256"/>
							<String ID="string_158" HPOS="280" VPOS="961" WIDTH="149" HEIGHT="29" WC="0.92" CONTENT="godkännas"/><SP WIDTH="29" VPOS="961" HPOS="429"/>
							<String ID="string_159" HPOS="458" VPOS="961" WIDTH="25" HEIGHT="22" WC="0.96" CONTENT="af"/><SP WIDTH="27" VPOS="961" HPOS="483"/>
							<String ID="string_160" HPOS="510" VPOS="967" WIDTH="95" HEIGHT="16" WC="0.89" CONTENT="samma"/><SP WIDTH="28" VPOS="967" HPOS="605"/>
							<String ID="string_161" HPOS="633" VPOS="960" WIDTH="155" HEIGHT="29" WC="0.89" CONTENT="myndighet,"/><SP WIDTH="29" VPOS="960" HPOS="788"/>
							<String ID="string_162" HPOS="817" VPOS="966" WIDTH="53" HEIGHT="16" WC="0.96" CONTENT="som"/>
						</TextLine>
						<TextLine ID="line_23" HPOS="114" VPOS="994" WIDTH="756" HEIGHT="31">
							<String ID="string_163" HPOS="114" VPOS="996" WIDTH="197" HEIGHT="29" WC="0.96" CONTENT="ursprungligen"/><SP WIDTH="21" VPOS="996" HPOS="311"/>
							<String ID="string_164" HPOS="332" VPOS="995" WIDTH="107" HEIGHT="23" WC="0.93" CONTENT="stadfäst"/><SP WIDTH="17" VPOS="995" HPOS="439"/>
							<String ID="string_165" HPOS="456" VPOS="995" WIDTH="165" HEIGHT="29" WC="0.92" CONTENT="föreningens"/><SP WIDTH="20" VPOS="995" HPOS="621"/>
							<String ID="string_166" HPOS="641" VPOS="995" WIDTH="110" HEIGHT="28" WC="0.92" CONTENT="stadgar."/><SP WIDTH="34" VPOS="995" HPOS="751"/>
							<String ID="string_167" HPOS="785" VPOS="994" WIDTH="85" HEIGHT="23" WC="0.92" CONTENT="Skulle"/>
						</TextLine>
						<TextLine ID="line_24" HPOS="114" VPOS="1029" WIDTH="755" HEIGHT="30">
							<String ID="string_168" HPOS="114" VPOS="1030" WIDTH="70" HEIGHT="22" WC="0.89" CONTENT="detta"/><SP WIDTH="35" VPOS="1030" HPOS="184"/>
							<String ID="string_169" HPOS="219" VPOS="1030" WIDTH="189" HEIGHT="29" WC="0.94" CONTENT="förfaringssätt"/><SP WIDTH="36" VPOS="1030" HPOS="408"/>
							<String ID="string_170" HPOS="444" VPOS="1030" WIDTH="75" HEIGHT="22" WC="0.95" CONTENT="äfven"/><SP WIDTH="37" VPOS="1030" HPOS="519"/>
							<String ID="string_171" HPOS="556" VPOS="1029" WIDTH="150" HEIGHT="23" WC="0.95" CONTENT="hädanefter"/><SP WIDTH="30" VPOS="1029" HPOS="706"/>
							<String ID="string_172" HPOS="736" VPOS="1029" WIDTH="133" HEIGHT="28" WC="0.96" CONTENT="tillämpas,"/>
						</TextLine>
						<TextLine ID="line_25" HPOS="115" VPOS="1063" WIDTH="755" HEIGHT="30">
							<String ID="string_173" HPOS="115" VPOS="1064" WIDTH="84" HEIGHT="22" WC="0.92" CONTENT="blefve"/><SP WIDTH="31" VPOS="1064" HPOS="199"/>
							<String ID="string_174" HPOS="230" VPOS="1065" WIDTH="285" HEIGHT="28" WC="0.92" CONTENT="koncessionssystemet"/><SP WIDTH="30" VPOS="1065" HPOS="515"/>
							<String ID="string_175" HPOS="545" VPOS="1064" WIDTH="136" HEIGHT="22" WC="0.96" CONTENT="bibehållet"/><SP WIDTH="30" VPOS="1064" HPOS="681"/>
							<String ID="string_176" HPOS="711" VPOS="1063" WIDTH="159" HEIGHT="22" WC="0.95" CONTENT="beträffande"/>
						</TextLine>
						<TextLine ID="line_26" HPOS="115" VPOS="1098" WIDTH="754" HEIGHT="30">
							<String ID="string_177" HPOS="115" VPOS="1099" WIDTH="74" HEIGHT="22" WC="0.96" CONTENT="dessa"/><SP WIDTH="19" VPOS="1099" HPOS="189"/>
							<String ID="string_178" HPOS="208" VPOS="1099" WIDTH="154" HEIGHT="29" WC="0.96" CONTENT="föreningar."/><SP WIDTH="37" VPOS="1099" HPOS="362"/>
							<String ID="string_179" HPOS="399" VPOS="1099" WIDTH="47" HEIGHT="22" WC="0.96" CONTENT="Till"/><SP WIDTH="18" VPOS="1099" HPOS="446"/>
							<String ID="string_180" HPOS="464" VPOS="1099" WIDTH="165" HEIGHT="22" WC="0.96" CONTENT="undvikande"/><SP WIDTH="19" VPOS="1099" HPOS="629"/>
							<String ID="string_181" HPOS="648" VPOS="1098" WIDTH="74" HEIGHT="22" WC="0.96" CONTENT="häraf"/><SP WIDTH="18" VPOS="1098" HPOS="722"/>
							<String ID="string_182" HPOS="740" VPOS="1098" WIDTH="104" HEIGHT="29" WC="0.96" CONTENT="stadgas"/><SP WIDTH="19" VPOS="1098" HPOS="844"/>
							<String ID="string_183" HPOS="863" VPOS="1098" WIDTH="6" HEIGHT="21" WC="0.96" CONTENT="i"/>
						</TextLine>
						<TextLine ID="line_27" HPOS="116" VPOS="1132" WIDTH="755" HEIGHT="30">
							<String ID="string_184" HPOS="116" VPOS="1133" WIDTH="15" HEIGHT="29" WC="0.91" CONTENT="8"/><SP WIDTH="24" VPOS="1133" HPOS="131"/>
							<String ID="string_185" HPOS="155" VPOS="1133" WIDTH="33" HEIGHT="22" WC="0.93" CONTENT="33"/><SP WIDTH="28" VPOS="1133" HPOS="188"/>
							<String ID="string_186" HPOS="216" VPOS="1135" WIDTH="35" HEIGHT="20" WC="0.95" CONTENT="att"/><SP WIDTH="25" VPOS="1135" HPOS="251"/>
							<String ID="string_187" HPOS="276" VPOS="1133" WIDTH="109" HEIGHT="29" WC="0.96" CONTENT="ändring"/><SP WIDTH="23" VPOS="1133" HPOS="385"/>
							<String ID="string_188" HPOS="408" VPOS="1133" WIDTH="36" HEIGHT="22" WC="0.93" CONTENT="uti"/><SP WIDTH="25" VPOS="1133" HPOS="444"/>
							<String ID="string_189" HPOS="469" VPOS="1133" WIDTH="166" HEIGHT="22" WC="0.92" CONTENT="härförinnan"/><SP WIDTH="18" VPOS="1133" HPOS="635"/>
							<String ID="string_190" HPOS="653" VPOS="1133" WIDTH="111" HEIGHT="28" WC="0.93" CONTENT="lagligen"/><SP WIDTH="19" VPOS="1133" HPOS="764"/>
							<String ID="string_191" HPOS="783" VPOS="1132" WIDTH="88" HEIGHT="22" WC="0.92" CONTENT="existe-"/>
						</TextLine>
						<TextLine ID="line_28" HPOS="114" VPOS="1167" WIDTH="756" HEIGHT="30">
							<String ID="string_192" HPOS="114" VPOS="1167" WIDTH="81" HEIGHT="23" WC="0.96" CONTENT="rande"/><SP WIDTH="25" VPOS="1167" HPOS="195"/>
							<String ID="string_193" HPOS="220" VPOS="1168" WIDTH="129" HEIGHT="29" WC="0.96" CONTENT="förenings"/><SP WIDTH="27" VPOS="1168" HPOS="349"/>
							<String ID="string_194" HPOS="376" VPOS="1167" WIDTH="104" HEIGHT="30" WC="0.96" CONTENT="stadgar"/><SP WIDTH="19" VPOS="1167" HPOS="480"/>
							<String ID="string_195" HPOS="499" VPOS="1167" WIDTH="54" HEIGHT="22" WC="0.96" CONTENT="icke"/><SP WIDTH="18" VPOS="1167" HPOS="553"/>
							<String ID="string_196" HPOS="571" VPOS="1174" WIDTH="60" HEIGHT="22" WC="0.96" CONTENT="eger"/><SP WIDTH="19" VPOS="1174" HPOS="631"/>
							<String ID="string_197" HPOS="650" VPOS="1167" WIDTH="122" HEIGHT="29" WC="0.96" CONTENT="giltighet,"/><SP WIDTH="20" VPOS="1167" HPOS="772"/>
							<String ID="string_198" HPOS="792" VPOS="1167" WIDTH="78" HEIGHT="21" WC="0.96" CONTENT="innan"/>
						</TextLine>
						<TextLine ID="line_29" HPOS="115" VPOS="1201" WIDTH="756" HEIGHT="30">
							<String ID="string_199" HPOS="115" VPOS="1202" WIDTH="150" HEIGHT="29" WC="0.96" CONTENT="föreningen"/><SP WIDTH="20" VPOS="1202" HPOS="265"/>
							<String ID="string_200" HPOS="285" VPOS="1203" WIDTH="55" HEIGHT="22" WC="0.96" CONTENT="med"/><SP WIDTH="15" VPOS="1203" HPOS="340"/>
							<String ID="string_201" HPOS="355" VPOS="1202" WIDTH="152" HEIGHT="29" WC="0.96" CONTENT="anteckning"/><SP WIDTH="13" VPOS="1202" HPOS="507"/>
							<String ID="string_202" HPOS="520" VPOS="1209" WIDTH="40" HEIGHT="15" WC="0.96" CONTENT="om"/><SP WIDTH="14" VPOS="1209" HPOS="560"/>
							<String ID="string_203" HPOS="574" VPOS="1202" WIDTH="141" HEIGHT="29" WC="0.93" CONTENT="ändringen"/><SP WIDTH="15" VPOS="1202" HPOS="715"/>
							<String ID="string_204" HPOS="730" VPOS="1201" WIDTH="141" HEIGHT="22" WC="0.91" CONTENT="inskrifvits"/>
						</TextLine>
						<TextLine ID="line_30" HPOS="115" VPOS="1236" WIDTH="755" HEIGHT="30">
							<String ID="string_205" HPOS="115" VPOS="1237" WIDTH="8" HEIGHT="20" WC="0.93" CONTENT="i"/><SP WIDTH="19" VPOS="1237" HPOS="123"/>
							<String ID="string_206" HPOS="142" VPOS="1236" WIDTH="256" HEIGHT="30" WC="0.91" CONTENT="föreningsregistret."/><SP WIDTH="39" VPOS="1236" HPOS="398"/>
							<String ID="string_207" HPOS="437" VPOS="1237" WIDTH="89" HEIGHT="22" WC="0.95" CONTENT="Denna"/><SP WIDTH="27" VPOS="1237" HPOS="526"/>
							<String ID="string_208" HPOS="553" VPOS="1236" WIDTH="130" HEIGHT="22" WC="0.96" CONTENT="föreskrift"/><SP WIDTH="27" VPOS="1236" HPOS="683"/>
							<String ID="string_209" HPOS="710" VPOS="1236" WIDTH="46" HEIGHT="21" WC="0.96" CONTENT="har"/><SP WIDTH="20" VPOS="1236" HPOS="756"/>
							<String ID="string_210" HPOS="776" VPOS="1236" WIDTH="94" HEIGHT="21" WC="0.95" CONTENT="ansetts"/>
						</TextLine>
						<TextLine ID="line_31" HPOS="115" VPOS="1269" WIDTH="755" HEIGHT="31">
							<String ID="string_211" HPOS="115" VPOS="1271" WIDTH="100" HEIGHT="22" WC="0.95" CONTENT="komma"/><SP WIDTH="30" VPOS="1271" HPOS="215"/>
							<String ID="string_212" HPOS="245" VPOS="1273" WIDTH="36" HEIGHT="20" WC="0.95" CONTENT="att"/><SP WIDTH="26" VPOS="1273" HPOS="281"/>
							<String ID="string_213" HPOS="307" VPOS="1271" WIDTH="105" HEIGHT="29" WC="0.96" CONTENT="kraftigt"/><SP WIDTH="27" VPOS="1271" HPOS="412"/>
							<String ID="string_214" HPOS="439" VPOS="1271" WIDTH="79" HEIGHT="22" WC="0.96" CONTENT="verka"/><SP WIDTH="30" VPOS="1271" HPOS="518"/>
							<String ID="string_215" HPOS="548" VPOS="1271" WIDTH="35" HEIGHT="22" WC="0.96" CONTENT="till"/><SP WIDTH="25" VPOS="1271" HPOS="583"/>
							<String ID="string_216" HPOS="608" VPOS="1271" WIDTH="31" HEIGHT="22" WC="0.96" CONTENT="de"/><SP WIDTH="19" VPOS="1271" HPOS="639"/>
							<String ID="string_217" HPOS="658" VPOS="1277" WIDTH="34" HEIGHT="15" WC="0.96" CONTENT="nu"/><SP WIDTH="19" VPOS="1277" HPOS="692"/>
							<String ID="string_218" HPOS="711" VPOS="1269" WIDTH="159" HEIGHT="23" WC="0.96" CONTENT="existerande"/>
						</TextLine>
						<TextLine ID="line_32" HPOS="115" VPOS="1305" WIDTH="373" HEIGHT="29">
							<String ID="string_219" HPOS="115" VPOS="1305" WIDTH="195" HEIGHT="29" WC="0.93" CONTENT="föreningarnas"/><SP WIDTH="20" VPOS="1305" HPOS="310"/>
							<String ID="string_220" HPOS="330" VPOS="1305" WIDTH="158" HEIGHT="29" WC="0.92" CONTENT="inskrifning."/>
						</TextLine>
					</TextBlock>
				</ComposedBlock>
				<ComposedBlock ID="cblock_2" HPOS="184" VPOS="1520" WIDTH="334" HEIGHT="23">
					<TextBlock ID="block_3" HPOS="184" VPOS="1520" WIDTH="334" HEIGHT="23">
						<TextLine ID="line_33" HPOS="184" VPOS="1520" WIDTH="334" HEIGHT="23">
							<String ID="string_221" HPOS="184" VPOS="1520" WIDTH="132" HEIGHT="23" WC="0.83" CONTENT="Lagutskotteis"/><SP WIDTH="13" VPOS="1520" HPOS="316"/>
							<String ID="string_222" HPOS="329" VPOS="1520" WIDTH="109" HEIGHT="18" WC="0.96" CONTENT="betänkande"/><SP WIDTH="12" VPOS="1520" HPOS="438"/>
							<String ID="string_223" HPOS="450" VPOS="1520" WIDTH="38" HEIGHT="17" WC="0.96" CONTENT="N:o"/><SP WIDTH="13" VPOS="1520" HPOS="488"/>
							<String ID="string_224" HPOS="501" VPOS="1521" WIDTH="17" HEIGHT="16" WC="0.96" CONTENT="4."/>
						</TextLine>
					</TextBlock>
				</ComposedBlock>
			</PrintSpace>
		</Page>
	</Layout>
</alto>
