1084 1756
301 146 30 23 U.
346 146 26 23 B.
390 158 25 4 —
431 146 75 28 Prop.
522 146 45 22 N:o
583 146 35 22 17.
817 145 28 22 25

392 228 32 23 19
446 229 53 28 (20)
522 229 23 29 8.

161 286 127 29 Styrelsen
314 286 97 30 åligger
436 288 43 25 att,
499 286 7 22 i
526 286 112 29 enlighet
662 286 56 23 med
738 286 42 29 lag
799 286 46 22 och

90 321 163 29 föreningens
273 321 104 29 stadgar
401 323 65 20 samt
489 321 211 29 föreningsmötes
720 320 127 23 anvisnin-

91 362 54 23 gar,
165 355 56 23 med
242 355 31 22 all
292 356 38 22 flit
348 355 47 23 och
411 362 102 22 omsorg
524 356 148 22 handhafva
682 355 163 29 föreningens

92 390 220 29 angelägenheter.

161 424 121 22 Ledamot
309 424 26 22 af
361 424 123 29 styrelsen
512 424 48 29 må,
589 424 66 22 ändå
680 426 36 20 att
734 424 49 22 den
802 424 44 26 tid,

92 459 38 22 för
155 459 103 22 hvilken
286 459 49 22 han
364 459 83 22 blifvit
477 459 99 26 utsedd,
602 459 22 29 ej
645 459 55 29 gått
718 459 36 22 till
774 459 73 26 ända,

92 494 86 22 kunna
206 500 89 23 genom
325 494 83 22 beslut
436 493 25 23 af
488 494 198 29 föreningsmöte
710 493 57 23 från
786 499 61 22 upp-

93 528 91 29 draget
202 528 94 29 skiljas.

389 609 34 22 20
442 609 51 28 (21)
514 609 22 28 8.

162 665 121 24 Ledamot
302 667 25 22 af
346 667 124 28 styrelsen
489 673 74 16 svare
585 666 39 23 för
643 665 90 31 (utesl.)
759 665 88 26 skada,

94 706 52 16 som
172 700 95 23 vållats
295 701 150 29 föreningen
471 708 91 22 genom
586 701 64 22 hans
675 699 173 24 försummelse

94 734 60 23 eller
180 737 52 20 mot
259 735 42 30 lag
329 735 59 23 eHer
406 735 164 30 föreningens
592 735 104 29 stadgar
718 734 130 23 stridande

94 765 98 38 åtgärd.
222 765 51 27 Äro
292 770 31 22 de
342 770 69 27 flere,
431 777 52 16 som
504 770 98 23 skadan
626 769 86 27 vållat,
732 775 74 16 svare
819 774 31 17 en

94 804 39 21 för
153 804 47 22 alla
220 804 45 22 och
285 805 48 22 alla
351 805 40 22 för
409 811 38 16 en.

393 885 31 22 21
449 885 50 28 (22)
522 885 23 28 8.

163 941 36 22 På
218 941 115 28 yrkande
351 941 26 23 af
396 941 91 23 allmän
507 942 121 29 åklagare
641 941 60 23 eller
711 941 137 28 förenings-

96 975 105 22 medlem
221 975 50 23 kan
290 976 107 23 domstol
416 976 111 23 förklara
546 977 117 28 förening
680 975 110 30 upplöst,

166 1016 40 15 om
225 1010 148 30 föreningen
401 1011 102 22 utöfvar
523 1011 168 26 verksamhet,
712 1017 53 16 som
784 1009 67 23 inne-

96 1044 47 22 bär
162 1044 54 22 fara
236 1045 39 22 för
293 1045 49 22 den
362 1045 126 22 allmänna
513 1045 150 23 säkerheten
682 1045 60 26 eller
761 1044 91 23 strider

97 1080 51 21 mot
166 1079 43 28 lag
228 1079 59 22 eller
305 1080 51 29 god
375 1080 45 22 sed
439 1080 60 22 eller
517 1082 52 21 mot
587 1080 162 29 föreningens
767 1079 8 22 i
794 1079 58 22 dess

98 1113 104 29 stadgar
222 1114 103 29 angifna
344 1114 79 29 syfte;
443 1116 65 21 samt

167 1154 39 15 om
226 1155 129 21 personer,
375 1149 87 22 hvilka
481 1149 54 22 icke
554 1149 66 22 varit
639 1148 158 29 berättigade
817 1148 36 22 att

97 1181 60 30 ingå
177 1183 6 21 i
202 1183 157 29 föreningen,
380 1183 93 22 tillåtas
492 1184 63 22 höra
574 1183 36 23 till
628 1183 154 23 densamma.

171 1217 95 28 (Utesl.)

168 1251 54 22 Har
248 1252 108 22 domstol
381 1252 126 23 meddelat
531 1251 171 23 förordnande
727 1257 41 16 om
790 1251 64 22 före-

99 1285 75 29 nings
204 1286 161 29 upplösning,
404 1287 64 22 skall
501 1286 162 29 föreningens
694 1285 161 23 verksamhet

99 1321 91 28 genast
208 1321 126 26 inställas;
363 1321 64 22 dock
452 1327 46 23 ege
523 1321 163 28 föreningens
708 1319 147 24 dävarande

100 1354 113 28 styrelse,
240 1355 50 22 där
308 1355 23 29 ej
350 1355 142 22 domstolen
516 1355 152 22 annorledes
697 1355 158 25 bestämmer,

101 1388 35 22 till
155 1388 58 23 dess
240 1389 79 29 högre
344 1391 63 21 rätts
434 1390 85 29 utslag
546 1389 70 27 fallit,
636 1389 39 22 för
693 1389 163 28 föreningens

100 1422 110 30 räkning
228 1423 117 23 bedrifva
364 1424 99 29 näring,
482 1431 53 15 som
555 1424 25 21 af
598 1423 149 30 föreningen
766 1423 91 26 idkats,

100 1457 46 22 och
165 1457 8 22 i
192 1457 77 30 öfrigt
287 1458 80 23 vårda
387 1459 57 22 dess
464 1459 131 28 egendom.

169 1500 131 23 Lagutskottets
313 1501 110 18 betänkande
435 1501 38 18 N:o
486 1503 17 16 4.
