1084 1761
297 150 85 23 Ständ.
399 150 39 21 Sv.
455 162 26 3 —
497 150 74 28 Prop.
590 150 44 21 N:o
651 150 35 21 15.
856 150 12 20 5

113 221 112 22 mästare"
252 221 57 22 böra
327 221 84 22 ändras
430 221 38 22 till
493 221 54 29 ,hos
566 221 198 29 poliskammare*,
784 221 87 22 allden-

114 255 71 22 stund
207 256 186 29 propositionens
412 255 96 29 ordalag
528 255 77 22 kunde
624 255 53 22 leda
695 256 36 21 till
750 255 44 22 den
813 263 57 21 upp-

113 290 110 28 fattning,
241 293 36 19 att
294 290 176 29 polismästaren
491 290 67 22 alltid
571 290 71 22 borde
655 291 147 28 personligen
814 297 58 21 upp-

114 325 75 21 sökas.

182 359 42 21 Uti
249 359 13 20 2
288 366 66 14 mom.
381 359 13 20 2
414 360 13 25 8
447 358 23 22 af
489 358 174 29 propositionen
682 358 95 29 stadgas
799 358 72 22 bland

114 396 73 19 annat
228 395 35 19 att
305 393 107 21 anmälan
448 393 61 21 skall
548 392 119 22 innehålla
705 393 94 29 uppgift
834 400 36 14 om

115 427 132 22 ändamålet
266 427 52 22 med
337 427 218 22 sammankomsten.
583 428 36 21 Då
637 427 95 22 härmed
750 428 121 29 själffallet

114 463 20 28 ej
159 463 46 21 kan
229 462 70 21 hafva
323 462 82 21 afsetts
424 465 73 19 annat
515 466 29 17 än
564 465 34 18 ett
617 463 52 20 kort
687 462 142 29 angifvande
848 462 24 21 af

114 497 224 22 sammankomstens
354 497 118 21 allmänna
485 500 41 24 art,
540 497 151 28 hvarigenom
704 496 167 29 myndigheten

114 532 21 28 ej
154 531 46 22 kan
219 531 71 22 vinna
309 531 132 22 kännedom
460 539 35 14 om
515 531 46 28 det,
581 539 47 14 som
647 531 40 22 vid
704 531 168 22 sammankom-

114 569 51 18 sten
184 565 136 27 förehafves,
339 568 60 19 samt
417 566 166 28 myndigheten
603 573 54 14 vore
673 565 151 22 oförhindrad
837 568 35 18 att

114 604 99 18 närvara
243 600 40 21 vid
315 600 219 26 sammankomsten,
561 600 42 22 har
626 600 177 28 bestämningen
835 607 36 13 om

115 634 143 22 ändamålets
283 634 169 28 obligatoriska
474 634 160 29 uppgifvande
653 635 7 21 i
680 635 106 21 anmälan
806 636 66 26 synts

115 669 132 22 Ständerna
263 664 14 39 —
287 668 144 30 öfverflödig.
462 669 64 21 Enär
557 669 175 22 föranstaltares
761 669 110 21 funktion

115 703 90 29 upphör
229 704 7 20 i
261 703 43 22 och
329 703 52 21 med
400 703 39 21 val
459 704 23 21 af
500 703 146 27 ordförande,
665 704 42 21 och
727 703 74 22 denne
820 703 51 21 där-

114 738 58 22 efter
191 740 88 19 ansetts
298 737 79 22 kunna
395 745 56 14 vara
464 738 36 21 för
512 738 142 28 ordningens
666 737 205 29 upprätthällande

114 780 78 14 ensam
211 772 116 28 ansvarig,
349 772 71 22 hafva
440 772 131 22 Ständerna
596 773 79 21 funnit
697 772 39 22 det
757 772 113 28 tillfylles,

114 809 35 19 att
167 806 84 22 endast
269 814 27 14 en
315 814 82 21 person
415 806 129 29 uppträder
562 808 73 20 säsom
655 807 168 22 föranstaltare.

185 841 13 21 2
224 848 66 14 mom.
311 842 14 20 3
347 842 13 26 &
382 842 23 20 af
426 842 177 28 propositionen
628 841 42 22 har
692 842 22 21 af
739 841 131 22 Ständerna

114 876 119 21 uteslutits
252 876 76 21 säsom
347 875 155 29 öfverflödigt.

183 909 78 22 Jämte
290 909 39 22 det
363 910 130 21 innehållet
528 911 8 20 i
575 911 62 20 förra
664 909 65 22 delen
764 909 22 22 af
813 909 16 21 4
857 910 12 25 8

114 944 121 28 upptagits
253 944 8 21 i
287 945 6 20 2
314 945 13 26 $
347 945 22 20 af
389 944 145 22 Ständernas
553 945 94 28 förslag,
665 944 42 22 har
720 944 150 30 paragrafens

116 986 81 14 senare
207 978 37 22 del
253 979 51 21 från
316 978 43 22 och
372 979 52 21 med
438 979 72 22 orden
526 979 72 29 ,dock
613 978 160 22 attanmälan*
782 981 88 19 ansetts

115 1012 57 22 böra
181 1014 63 28 utgä.
257 1013 36 22 Dä
307 1013 85 22 allmän
403 1014 184 22 sammankomst
596 1014 167 21 föranstaltas
754 1008 11 40 i
774 1021 27 13 en
812 1013 58 21 före-

116 1048 69 28 nings
209 1056 77 19 namn,
305 1048 76 28 ligger
405 1048 40 21 det
470 1048 36 22 för
524 1048 207 28 ordningsmakten
750 1048 50 21 icke
819 1047 52 21 vikt

116 1081 96 29 därpä,
206 1077 10 39 i
227 1082 91 22 hvilket
335 1082 148 22 förhällande
496 1083 52 28 den,
559 1090 46 14 som
619 1083 63 29 gjort
692 1082 114 28 anmälan,
824 1082 48 21 stär

114 1116 37 21 till
165 1116 142 29 föreningen.
328 1116 81 22 Skulle
423 1116 111 30 obehörig
547 1124 82 22 person
640 1121 56 24 göra
708 1117 72 22 sådan
794 1120 78 18 anmä-

114 1150 45 27 lan,
179 1154 26 18 är
223 1151 40 21 det
281 1158 27 14 en
328 1152 48 26 sak,
395 1159 49 14 som
464 1152 67 22 berör
550 1152 148 27 föreningens
710 1154 54 24 rätt,
778 1150 41 22 och
833 1158 39 14 an-

114 1184 103 22 kommer
235 1185 40 22 det
293 1185 64 28 förty
374 1186 30 28 pä
422 1185 135 22 densamma
582 1188 35 19 att
635 1185 97 29 vidtaga
750 1185 28 22 de
796 1186 76 27 ätgär-

114 1219 47 28 der,
181 1219 44 22 den
250 1220 95 29 pröfvar
363 1220 42 21 sitt
426 1220 99 22 intresse
544 1221 89 21 kräfva.

182 1253 83 22 Denna
284 1254 109 29 paragraf
411 1254 71 22 hafva
496 1254 132 22 Ständerna
639 1257 76 19 ansett
725 1253 103 22 erfordra
838 1256 34 19 ett

114 1287 174 30 förtydligande
307 1288 98 27 därhän,
424 1291 36 19 att
479 1289 64 22 bevis
563 1290 36 21 mä
616 1289 36 21 till
665 1289 162 22 föranstaltare
837 1291 35 18 ut-

114 1321 77 22 färdas
209 1323 84 21 endast
310 1323 30 28 pä
359 1323 88 21 dennes
466 1323 110 29 begäran.
612 1323 35 22 Då
670 1323 132 22 ändamålet
821 1321 51 23 med

114 1356 85 22 allmän
225 1357 182 22 sammankomst
435 1358 110 28 vanligen
574 1361 25 18 är
621 1357 182 29 allmännyttigt,
830 1357 42 22 har

113 1390 90 22 beviset
222 1394 87 19 ansetts
329 1391 56 22 böra
403 1392 107 21 utfärdas
529 1392 140 29 afgiftsfritt.

182 1425 155 29 Paragrafens
356 1426 130 29 affattning
504 1427 43 21 har
564 1429 65 26 synts
645 1426 131 22 Ständerna
792 1425 80 22 alltför

112 1459 137 22 sväfvande.
285 1458 78 23 Äfven
382 1463 58 19 utan
454 1460 111 22 särskildt
575 1460 128 28 stadgande
716 1461 72 21 måste
802 1460 70 28 polis-

909 844 55 28 48.

884 878 104 23 (38iprop.)

895 910 74 27 48i

901 951 64 23 prop.

918 1257 12 22 5
949 1257 25 28 8.

898 1425 74 27 68i

902 1467 65 21 prop.
