1089 1770
811 185 14 22 3

105 255 64 22 1907
197 254 86 30 bevilja
307 257 34 20 ett
368 254 82 29 anslag
478 255 22 22 af
527 253 172 30 sammanlagdt
723 254 134 29 8,678,350

101 289 74 22 mark.
210 289 47 22 Vid
281 289 175 29 behandlingen
480 289 24 22 af
527 289 236 29 folkskolebudgeten
786 289 72 22 hafva

101 323 31 22 Vi
157 323 112 30 därjämte
293 326 66 19 enats
384 331 38 14 om
446 326 36 19 att
502 323 116 22 särskilda
636 323 74 23 andra
727 323 131 29 bildnings-

103 357 150 23 sträfvanden
280 358 57 22 böra
363 365 85 21 genom
475 357 127 23 understöd
630 358 125 29 befrämjas
782 357 42 23 och
851 357 9 22 i

103 392 77 22 denna
198 392 78 29 afsikt,
294 393 75 28 enligt
387 392 63 22 hvad
462 400 27 14 ur
502 400 87 14 samma
606 392 162 29 underdåniga
786 399 76 16 svars-

103 427 122 21 skrifvelse
249 427 108 28 framgår,
376 427 76 21 såsom
476 427 86 29 tillägg
579 427 37 21 till
635 427 73 28 sagda
726 427 89 29 budget
833 433 29 14 ur

103 461 234 29 bevillningsmedlen
362 461 104 29 anslagit
489 462 36 21 för
548 460 188 23 understödande
761 462 23 21 af
802 460 60 23 folk-

103 495 156 29 högskolorna
277 495 43 22 och
339 496 37 21 till
389 496 83 22 socialt
484 496 238 28 upplysningsarbete
734 496 36 22 för
782 495 79 23 hvart-

103 530 56 22 dera
178 530 23 22 af
224 531 55 21 åren
301 530 64 22 1906
385 530 43 22 och
455 531 63 21 1907
544 533 35 19 ett
603 530 82 29 belopp
710 530 24 22 af
752 530 109 28 225,000

103 564 74 28 mark,
202 564 55 22 eller
281 565 153 21 tillsammans
459 565 109 28 450,000
592 565 72 27 mark,
684 567 35 20 att
745 567 117 27 upptagas

104 600 76 21 såsom
199 599 156 29 obegränsadt
373 599 248 29 reservationsanslag.

457 681 12 21 4
492 681 20 26 8.

174 731 65 22 Efter
263 731 40 22 det
326 732 30 21 Vi
381 732 23 22 af
428 732 66 21 Hans
521 732 134 29 Kejserliga
681 732 111 28 Majestät
815 731 49 22 fätt

105 768 118 27 emottaga
250 766 72 29 nådig
349 767 146 28 proposition
526 767 120 28 angående
676 765 133 29 beviljande
836 765 24 22 af

105 801 152 28 statsgaranti
275 801 35 22 för
333 800 115 23 Finlands
476 801 241 29 Hypoteksförenings
735 799 127 23 utländska

105 835 46 28 län,
175 835 72 22 hafva
270 835 37 28 Vi,
332 837 29 27 pä
386 837 48 20 sätt
458 834 30 23 Vi
507 836 7 21 i
533 835 147 29 underdänig
698 835 122 22 skrifvelse
838 834 25 23 af

107 869 45 22 den
172 870 31 21 22
223 870 106 21 sistlidne
348 870 45 28 maj
412 870 96 27 anmält,
527 870 97 28 beviljat
636 869 44 22 den
694 869 23 22 af
730 869 133 29 Hypoteks-

107 904 138 28 föreningen
263 904 102 29 begärda
383 904 111 29 garantin
513 904 52 22 med
583 904 85 22 villkor
684 906 34 20 att
730 903 134 29 Hypoteks-

107 938 148 29 föreningens
282 938 161 22 reservfonder
467 939 36 21 för
526 938 125 22 framtiden
676 938 129 22 bibehällas
822 936 42 23 vid

107 973 71 21 minst
192 973 13 21 5
213 970 31 35 ?/,
258 974 23 21 af
293 973 151 29 föreningens
456 973 141 29 utelöpande
616 972 158 23 förbindelser.
804 972 60 22 Här-

106 1008 71 28 jämte
196 1007 71 23 hafva
285 1008 29 21 Vi
333 1008 74 21 såsom
426 1008 178 28 önskningsmäl
622 1007 87 22 uttalat
735 1009 35 20 att
788 1007 16 21 4
823 1008 13 25 8
856 1006 8 22 i

107 1042 156 28 kungörelsen
289 1042 22 22 af
336 1042 44 22 den
401 1042 30 22 25
452 1042 46 29 maj
527 1042 63 22 1859
610 1041 119 29 angäende
747 1041 116 22 villkoren

107 1076 44 22 och
170 1076 117 22 allmänna
309 1076 133 30 grunderna
461 1077 36 21 för
515 1076 250 30 hypoteksföreningar
782 1076 8 22 i
809 1075 55 22 Fin-

107 1110 62 29 land,
192 1111 73 22 sädan
289 1111 44 21 den
361 1111 67 29 lyder
452 1111 76 29 enligt
552 1110 154 30 kungörelsen
725 1111 23 22 af
766 1110 46 22 den
832 1110 29 21 11

107 1145 60 29 april
187 1146 73 26 1901,
280 1146 71 21 mätte
371 1145 89 22 erhälla
478 1146 73 21 sädan
570 1145 125 22 förändrad
713 1145 95 29 lydelse,
828 1146 36 20 att

107 1180 41 21 det
174 1180 77 28 lägsta
276 1180 142 29 jordvärdet,
442 1188 49 14 som
520 1180 128 28 berättigar
674 1180 37 21 till
737 1179 92 23 inträde
856 1178 9 21 i

107 1214 269 30 Hypoteksföreningen,
405 1214 96 22 sänktes
528 1215 51 21 frän
607 1216 108 20 sextusen
742 1214 37 22 till
803 1214 61 29 fyra-

107 1251 67 19 tusen
193 1249 72 22 mark.

460 1307 14 21 5
495 1308 20 25 8.

177 1358 77 22 Sedan
279 1358 64 22 Hans
368 1357 134 30 Kejserliga
525 1358 110 29 Majestät
657 1358 7 21 i
685 1357 83 29 nådigt
791 1358 73 21 mani-

107 1393 46 21 fest
179 1393 24 22 af
227 1393 45 22 den
296 1393 16 21 4
336 1392 126 22 november
489 1393 63 21 1905
578 1392 86 22 uttalat
687 1392 35 22 sin
747 1391 61 29 höga
832 1392 33 22 af-

108 1427 48 22 sikt
179 1430 36 19 att
238 1430 56 26 taga
317 1427 105 22 initiativ
446 1427 39 21 till
508 1426 217 29 ävägabringandet
747 1426 23 22 af
787 1434 29 14 en
835 1427 30 28 pä

107 1461 46 22 den
172 1462 118 22 allmänna
307 1461 44 22 och
369 1462 48 21 lika
435 1461 131 22 valrättens
585 1462 116 28 principer
718 1460 72 28 fotad,
808 1460 58 22 tids-

107 1496 65 29 enlig
183 1496 86 22 reform
282 1496 23 22 af
318 1496 45 22 den
381 1496 77 22 finska
477 1496 277 28 folkrepresentationens
772 1495 94 29 organi-
