1086 1761
213 161 15 20 4
437 161 29 23 U.
482 161 28 22 B.
527 174 27 3 —
569 161 75 29 Prop.
660 161 43 23 N:o
719 161 33 22 17.

216 229 83 22 Adelns
324 229 75 27 beslut,
416 231 32 20 att
470 229 128 29 paragrafen
617 229 66 22 borde
698 229 162 22 omformuleras
876 230 6 20 i
898 228 72 23 öfver-

214 263 160 22 ensstämmelse
398 263 47 22 med
468 263 37 22 det
520 264 6 21 i
542 263 67 23 andra
629 265 158 20 reservationen
804 263 107 29 ingäende
925 263 44 21 för-

214 297 77 28 slaget,
305 298 48 21 icke
368 297 86 29 päkalla
469 298 75 28 äigärd
560 298 48 21 frän
624 298 115 22 utskottets
755 298 52 21 sida.

561 390 25 20 11
604 390 18 26 $.

282 445 158 29 Ridderskapet
455 447 39 21 och
510 447 70 21 Adelm
596 451 54 16 samt
671 447 82 21 Preste-
772 446 39 22 och
833 445 136 22 Bondestän-

213 480 42 21 den
271 480 66 21 hafva
351 480 96 28 godkänt
462 481 126 28 paragrafen
605 481 67 28 enligt
687 481 116 22 utskottets
819 480 87 28 förslag.

282 514 184 29 Borgareständet
489 515 38 21 har
542 515 97 22 däremot
655 515 87 22 beslutit
758 517 32 19 att
805 515 68 21 första
888 515 81 21 menin-

212 556 42 21 gen
271 549 6 20 i
294 550 9 20 1
321 556 63 14 mom.
399 550 67 27 enligt
481 549 41 22 den
538 550 68 21 finska
626 550 108 27 lagtexten
750 549 67 22 borde
832 549 137 21 omformule-

211 590 36 14 ras
270 583 98 21 sålunda:
394 592 9 11 »
406 583 149 29 Yhdistyksen
578 585 101 27 jäsenellä
702 592 26 13 on
752 584 74 20 oikeus
849 583 67 21 koska
931 583 39 28 hy-

214 618 67 20 vänsä
296 618 130 28 kirjallisesti
442 618 154 22 ilmoittamalla
611 618 142 22 hallitukselle
769 618 44 20 tahi
825 625 37 14 sen
874 617 95 29 puheen-

213 651 110 29 johtajalle
339 652 73 22 taikka
428 653 115 21 suullisesti
558 653 142 28 yhdistyksen
717 652 127 22 kokouksen
860 652 109 28 pöytäkir-

211 687 50 27 jaan
283 689 58 19 erota
362 687 180 29 yhdistyksestä»,
565 688 51 20 eller
640 696 8 11 »
651 687 150 29 Yhdistyksen
824 686 101 29 jäsenellä
941 694 27 14 on

212 720 76 22 oikeus
311 721 67 21 koska
401 722 97 28 hyvänsä
514 722 130 28 kirjallisella
660 721 142 22 hallitukselle
818 721 44 21 tahi
878 728 37 14 sen
931 728 39 21 pu-

212 755 165 29 heenjohtajalle
393 756 73 22 taikka
481 756 117 22 suullisella
612 756 141 29 yhdistyksen
774 755 127 21 kokouksen
917 757 52 27 pöy-

211 790 106 28 täkirjaan
333 790 115 22 tehtävällä
464 790 150 22 ilmoituksella
630 794 58 18 erota
703 790 182 28 yhdistyksestä».

281 824 97 22 Emedan
394 828 31 18 tre
441 825 74 21 ständs
527 825 70 21 beslut
608 824 130 22 beträffande
750 824 72 21 denna
834 824 68 28 punkt
912 824 57 20 före-

212 858 76 28 ligger,
299 866 62 14 anser
372 859 104 21 utskottet
486 859 192 28 Borgareständets
689 858 141 22 omförmälda
841 858 70 22 beslut
921 858 48 21 icke

214 891 53 22 böra
282 892 111 22 föranleda
409 893 74 28 ätgärd
499 893 46 21 frän
562 893 114 21 utskottets
692 894 52 20 sida.

560 987 26 20 14
603 987 18 27 8.

281 1043 82 21 Preste-
380 1043 39 21 och
435 1044 169 21 Bondeständen
618 1043 65 21 hafva
699 1042 132 22 beträflande
846 1042 71 22 denna
932 1050 37 20 pa-

211 1077 74 28 ragraf
299 1077 97 28 godkänt
412 1078 245 21 utskottsbetänkandet.

282 1111 102 22 Däremot
400 1112 64 22 hafva
479 1112 157 28 Ridderskapet
650 1112 39 22 och
704 1112 72 21 Adeln
791 1114 55 18 samt
863 1111 106 27 Borgare-

209 1146 90 21 ständet
321 1146 87 21 beslutit
432 1147 136 28 paragrafens
591 1147 175 27 omformulering
787 1147 6 19 i
810 1145 95 28 enlighet
920 1145 48 21 med

210 1179 42 22 den
270 1180 87 27 lydelse,
373 1188 45 13 som
435 1181 121 27 föreslagits
572 1181 5 20 i
594 1180 40 21 den
651 1180 66 21 andra
732 1180 168 21 reservationen.

281 1213 53 22 Med
351 1215 102 20 afseende
469 1215 52 20 därä
535 1218 32 17 att
582 1216 6 19 i
605 1215 60 28 fräga
681 1222 33 14 om
731 1215 70 20 denna
818 1213 99 28 paragraf
931 1213 38 21 tvä

210 1247 65 22 stånd
294 1251 86 18 stannat
400 1252 45 18 mot
459 1249 43 27 två,
518 1249 40 21 och
574 1249 28 20 dä
617 1249 125 28 paragrafen
760 1248 68 28 enligt
843 1248 104 27 förslaget
962 1248 6 20 i

209 1282 68 21 andra
293 1284 159 20 reservationen
469 1285 94 19 närmare
579 1284 94 21 ansluter
688 1284 32 27 sig
736 1283 32 21 till
785 1282 118 21 innehället
919 1283 7 20 i
941 1282 28 21 de

209 1316 39 21 två
257 1317 52 21 sista
320 1321 121 18 momenten
451 1319 31 20 uti
492 1319 25 20 15
529 1319 12 26 $
552 1318 22 21 af
586 1319 165 27 propositionen,
760 1317 39 21 har
808 1317 104 20 utskottet
920 1316 49 21 fun-

209 1351 32 20 nit
258 1351 79 28 skäligt
353 1355 31 18 att
399 1352 69 21 säsom
481 1352 67 28 grund
565 1352 34 21 för
610 1351 234 29 sammanjämkningen
855 1350 113 29 föredraga

209 1385 106 28 förslaget
330 1387 7 20 i
353 1386 65 28 sagda
435 1387 136 20 reservation.
602 1386 112 21 Utskottet
729 1385 34 22 fär
784 1385 74 21 därför
880 1385 87 21 föreslä:

487 1440 33 19 att
541 1438 125 21 Ständerna
681 1438 67 21 måtte
764 1437 86 21 besluta
865 1438 34 19 att
912 1436 55 21 sista

418 1479 65 14 mom.
499 1472 9 20 i
523 1473 25 20 14
562 1472 15 27 $
591 1472 57 21 skall
663 1472 84 20 erhålla
762 1470 101 28 följande
880 1470 88 28 lydelse:

280 1511 133 24 Lagutskottets
425 1512 110 18 betänkande
547 1512 35 17 N:o
595 1513 17 16 4.
