1081 1761
251 136 14 21 8
565 137 41 22 N:o
619 138 26 20 14

570 206 27 21 16
612 207 19 26 &.

290 262 134 29 Välfräjdad
449 263 42 22 och
517 271 82 14 annars
626 263 117 28 oförvitlig
768 263 7 21 i
800 263 77 21 landet
902 263 76 21 bosatt

221 303 82 21 person
315 297 38 20 må
363 296 54 22 idka
427 296 136 29 försäljning
574 297 23 21 af
607 297 158 29 tryckskrifter
774 298 75 20 såsom
859 297 118 27 kolportör

221 330 72 21 under
314 330 195 29 iakttagande
480 326 30 38 af
524 332 28 21 de
571 332 115 21 allmänna
707 330 199 30 gårdfarihandeln
929 331 48 27 gäl-

220 364 68 22 lande
303 365 162 28 stadgandena.

290 398 78 23 Såsom
384 400 117 28 kolportör
516 408 53 14 vare
585 400 19 29 ej
622 403 33 19 att
671 408 52 14 anse
744 400 49 27 den,
814 400 94 21 hvilken
928 407 48 14 som

220 433 83 28 näring
317 433 114 22 bedrifver
445 435 168 28 kringbärande
629 435 23 21 af
667 435 103 21 affischer
785 435 42 21 och
840 434 78 29 dylika
931 434 45 21 till-

221 467 206 29 kännagifvanden.

569 539 26 22 17
611 541 19 25 8.

289 594 68 22 Idkar
372 596 76 28 någon
463 596 88 28 näring,
568 604 49 14 som
632 596 8 21 i
657 596 26 21 15
694 596 41 22 och
752 596 26 21 16
789 597 27 26 88
825 595 150 27 omförmäles,

220 631 55 18 utan
297 629 97 29 behörig
412 631 104 21 anmälan
533 631 54 21 eller
601 633 56 19 utan
673 633 33 19 att
720 638 55 14 vara
790 630 77 22 därtill
882 629 94 22 berätti-

220 663 52 27 gad,
288 663 53 22 böte
356 664 50 21 från
421 665 42 21 och
478 665 52 21 med
545 666 32 20 tio
593 666 36 20 till
645 666 42 21 och
701 665 52 21 med
768 664 128 22 tvåhundra
906 664 70 21 mark.

289 698 56 28 Den,
363 706 48 14 som
427 699 68 29 säljer
510 700 55 21 eller
580 700 132 21 annorledes
730 699 88 28 sprider
834 698 141 29 tryckskrift,

221 731 71 22 hvarä
306 732 9 21 i
331 733 28 21 10
374 734 13 26 $
402 732 149 24 föreskrifven
562 734 93 28 uppgift
671 741 37 15 om
718 733 178 29 boktryckarens
906 740 69 14 namn

220 766 55 21 eller
290 766 65 22 firma
377 768 56 21 eller
447 776 36 14 om
503 769 199 28 tryckningsorten
719 768 55 22 eller
790 768 81 21 årtalet
886 767 88 27 saknas,

219 800 54 22 böto
295 801 51 21 från
369 802 42 21 och
433 802 52 22 med
503 803 32 21 tio
559 803 35 21 till
615 802 42 22 och
677 803 51 21 med
753 802 129 21 tvåhundra
906 802 69 21 mark.

220 834 73 29 Säljer
318 836 55 21 eller
393 836 87 28 sprider
497 838 76 27 nägon
590 837 132 21 annorledes
741 836 141 29 tryckskrift,
905 836 70 21 hvarä

219 868 84 22 honom
326 871 125 27 veterligen
470 871 179 28 boktryckarens
665 872 54 21 eller
734 871 157 28 förläggarens
906 878 69 13 namn

220 903 55 21 eller
297 903 66 22 firma
389 905 55 21 eller
469 905 200 28 tryckningsorten
695 906 55 21 eller
773 905 81 21 ärtalet
879 905 96 28 oriktigt

219 937 134 29 uppgifvits,
369 947 54 14 vare
438 939 38 28 lag
491 947 90 21 samma,
593 940 40 21 där
643 940 20 28 ej
676 940 72 28 enligt
759 940 84 21 allmän
854 939 38 28 lag
904 941 71 19 strän-

218 979 55 20 gare
289 979 82 16 ansvar
387 974 12 20 å
415 974 128 28 gärningen
558 974 41 21 bör
614 974 61 29 följa.

544 1118 14 21 4
580 1117 70 22 KAP.

279 1179 34 23 Om
329 1180 49 22 hvad
394 1180 43 22 med
453 1181 76 22 hänsikt
543 1181 25 22 till
584 1181 109 28 utgitvande
708 1182 20 21 af
744 1181 96 27 periodisk
854 1180 56 23 skrift

510 1222 22 20 är
547 1221 29 22 att
591 1221 91 28 iakttaga.

566 1290 27 20 18
607 1291 19 26 8.

287 1338 102 30 Tidning
411 1340 43 22 och
473 1340 106 29 tidskrift,
599 1348 48 14 som
666 1344 37 18 äro
719 1340 119 22 bestämda
854 1343 33 19 att
902 1341 72 21 under

217 1372 46 22 viss
279 1373 51 21 titel
346 1374 42 21 och
403 1374 7 21 i
421 1374 160 28 nummerföljd
593 1378 58 18 samt
661 1375 57 21 efter
728 1376 80 26 längre
820 1375 54 21 eller
884 1375 90 21 kortare

216 1408 151 28 mellantider,
391 1408 58 22 dock
472 1409 69 21 minst
560 1409 50 29 fyra
625 1410 87 28 gånger
727 1417 38 14 om
781 1410 53 27 året,
850 1410 123 28 utkomma,

216 1442 66 21 skola
292 1442 74 28 enligt
377 1442 74 22 denna
462 1444 38 27 lag
511 1444 72 20 såsom
594 1444 128 27 periodiska
733 1444 160 27 tryckskrifter
904 1451 70 14 anses.
