<?xml version="1.0" encoding="UTF-8"?>
<alto xmlns="http://www.loc.gov/standards/alto/ns-v3#" xmlns:xlink="http://www.w3.org/1999/xlink" xmlns:xsi="http://www.w3.org/2001/XMLSchema-instance" xsi:schemaLocation="http://www.loc.gov/standards/alto/ns-v3# http://www.loc.gov/alto/v3/alto-3-0.xsd">
	<Description>
		<MeasurementUnit>pixel</MeasurementUnit>
		<sourceImageInformation>
			<fileName>/tmp/tess_a0ywtfce_input.PNG</fileName>
		</sourceImageInformation>
		<OCRProcessing ID="OCR_0">
			<ocrProcessingStep>
				<processingSoftware>
					<softwareName>tesseract 5.3.4</softwareName>
				</processingSoftware>
			</ocrProcessingStep>
		</OCRProcessing>
	</Description>
	<Layout>
		<Page WIDTH="1086" HEIGHT="1770" PHYSICAL_IMG_NR="0" ID="page_0">
			<PrintSpace HPOS="0" VPOS="0" WIDTH="1086" HEIGHT="1770">
				<ComposedBlock ID="cblock_0" HPOS="252" VPOS="131" WIDTH="31" HEIGHT="22">
					<TextBlock ID="block_0" HPOS="252" VPOS="131" WIDTH="31" HEIGHT="22">
						<TextLine ID="line_0" HPOS="252" VPOS="131" WIDTH="31" HEIGHT="22">
							<String ID="string_0" HPOS="252" VPOS="131" WIDTH="31" HEIGHT="22" WC="0.96" CONTENT="10"/>
						</TextLine>
					</TextBlock>
				</ComposedBlock>
				<ComposedBlock ID="cblock_1" HPOS="214" VPOS="199" WIDTH="758" HEIGHT="168">
					<TextBlock ID="block_1" HPOS="214" VPOS="199" WIDTH="758" HEIGHT="168">
						<TextLine ID="line_1" HPOS="285" VPOS="199" WIDTH="686" HEIGHT="31">
							<String ID="string_1" HPOS="285" VPOS="199" WIDTH="47" HEIGHT="23" WC="0.96" CONTENT="Vid"/><SP WIDTH="18" VPOS="199" HPOS="332"/>
							<String ID="string_2" HPOS="350" VPOS="200" WIDTH="85" HEIGHT="22" WC="0.93" CONTENT="urtima"/><SP WIDTH="18" VPOS="200" HPOS="435"/>
							<String ID="string_3" HPOS="453" VPOS="200" WIDTH="115" HEIGHT="30" WC="0.88" CONTENT="landtdag"/><SP WIDTH="12" VPOS="200" HPOS="568"/>
							<String ID="string_4" HPOS="580" VPOS="202" WIDTH="38" HEIGHT="21" WC="0.96" CONTENT="må"/><SP WIDTH="12" VPOS="202" HPOS="618"/>
							<String ID="string_5" HPOS="630" VPOS="201" WIDTH="84" HEIGHT="22" WC="0.96" CONTENT="endast"/><SP WIDTH="11" VPOS="201" HPOS="714"/>
							<String ID="string_6" HPOS="725" VPOS="201" WIDTH="143" HEIGHT="22" WC="0.96" CONTENT="förekomma"/><SP WIDTH="13" VPOS="201" HPOS="868"/>
							<String ID="string_7" HPOS="881" VPOS="200" WIDTH="90" HEIGHT="29" WC="0.96" CONTENT="ärende,"/>
						</TextLine>
						<TextLine ID="line_2" HPOS="217" VPOS="234" WIDTH="755" HEIGHT="30">
							<String ID="string_8" HPOS="217" VPOS="241" WIDTH="49" HEIGHT="15" WC="0.89" CONTENT="som"/><SP WIDTH="27" VPOS="241" HPOS="266"/>
							<String ID="string_9" HPOS="293" VPOS="234" WIDTH="117" HEIGHT="23" WC="0.89" CONTENT="föranledt"/><SP WIDTH="23" VPOS="234" HPOS="410"/>
							<String ID="string_10" HPOS="433" VPOS="235" WIDTH="156" HEIGHT="29" WC="0.91" CONTENT="landtdagens"/><SP WIDTH="19" VPOS="235" HPOS="589"/>
							<String ID="string_11" HPOS="608" VPOS="235" WIDTH="217" HEIGHT="23" WC="0.95" CONTENT="sammankallande"/><SP WIDTH="17" VPOS="235" HPOS="825"/>
							<String ID="string_12" HPOS="842" VPOS="235" WIDTH="57" HEIGHT="22" WC="0.93" CONTENT="eller"/><SP WIDTH="17" VPOS="235" HPOS="899"/>
							<String ID="string_13" HPOS="916" VPOS="235" WIDTH="56" HEIGHT="29" WC="0.93" CONTENT="eljes"/>
						</TextLine>
						<TextLine ID="line_3" HPOS="217" VPOS="268" WIDTH="754" HEIGHT="30">
							<String ID="string_14" HPOS="217" VPOS="268" WIDTH="24" HEIGHT="22" WC="0.96" CONTENT="af"/><SP WIDTH="18" VPOS="268" HPOS="241"/>
							<String ID="string_15" HPOS="259" VPOS="268" WIDTH="114" HEIGHT="30" WC="0.96" CONTENT="Kejsaren"/><SP WIDTH="18" VPOS="268" HPOS="373"/>
							<String ID="string_16" HPOS="391" VPOS="269" WIDTH="43" HEIGHT="22" WC="0.93" CONTENT="och"/><SP WIDTH="20" VPOS="269" HPOS="434"/>
							<String ID="string_17" HPOS="454" VPOS="270" WIDTH="143" HEIGHT="22" WC="0.92" CONTENT="Storfursten"/><SP WIDTH="17" VPOS="270" HPOS="597"/>
							<String ID="string_18" HPOS="614" VPOS="270" WIDTH="36" HEIGHT="22" WC="0.96" CONTENT="till"/><SP WIDTH="14" VPOS="270" HPOS="650"/>
							<String ID="string_19" HPOS="664" VPOS="270" WIDTH="133" HEIGHT="22" WC="0.93" CONTENT="densamma"/><SP WIDTH="13" VPOS="270" HPOS="797"/>
							<String ID="string_20" HPOS="810" VPOS="270" WIDTH="161" HEIGHT="27" WC="0.90" CONTENT="öfverlämnas,"/>
						</TextLine>
						<TextLine ID="line_4" HPOS="215" VPOS="303" WIDTH="757" HEIGHT="30">
							<String ID="string_21" HPOS="215" VPOS="303" WIDTH="27" HEIGHT="21" WC="0.96" CONTENT="så"/><SP WIDTH="27" VPOS="303" HPOS="242"/>
							<String ID="string_22" HPOS="269" VPOS="303" WIDTH="43" HEIGHT="22" WC="0.96" CONTENT="ock"/><SP WIDTH="27" VPOS="303" HPOS="312"/>
							<String ID="string_23" HPOS="339" VPOS="303" WIDTH="62" HEIGHT="23" WC="0.96" CONTENT="hvad"/><SP WIDTH="27" VPOS="303" HPOS="401"/>
							<String ID="string_24" HPOS="428" VPOS="304" WIDTH="53" HEIGHT="22" WC="0.96" CONTENT="med"/><SP WIDTH="27" VPOS="304" HPOS="481"/>
							<String ID="string_25" HPOS="508" VPOS="304" WIDTH="77" HEIGHT="29" WC="0.95" CONTENT="dylikt"/><SP WIDTH="25" VPOS="304" HPOS="585"/>
							<String ID="string_26" HPOS="610" VPOS="304" WIDTH="86" HEIGHT="23" WC="0.96" CONTENT="ärende"/><SP WIDTH="24" VPOS="304" HPOS="696"/>
							<String ID="string_27" HPOS="720" VPOS="305" WIDTH="49" HEIGHT="21" WC="0.96" CONTENT="står"/><SP WIDTH="23" VPOS="305" HPOS="769"/>
							<String ID="string_28" HPOS="792" VPOS="304" WIDTH="8" HEIGHT="22" WC="0.93" CONTENT="i"/><SP WIDTH="25" VPOS="304" HPOS="800"/>
							<String ID="string_29" HPOS="825" VPOS="304" WIDTH="147" HEIGHT="29" WC="0.91" CONTENT="oskiljaktigt"/>
						</TextLine>
						<TextLine ID="line_5" HPOS="214" VPOS="337" WIDTH="174" HEIGHT="30">
							<String ID="string_30" HPOS="214" VPOS="337" WIDTH="174" HEIGHT="30" WC="0.96" CONTENT="sammanhang."/>
						</TextLine>
					</TextBlock>
				</ComposedBlock>
				<ComposedBlock ID="cblock_2" HPOS="566" VPOS="405" WIDTH="51" HEIGHT="23">
					<TextBlock ID="block_2" HPOS="566" VPOS="405" WIDTH="51" HEIGHT="23">
						<TextLine ID="line_6" HPOS="566" VPOS="405" WIDTH="51" HEIGHT="23">
							<String ID="string_31" HPOS="566" VPOS="405" WIDTH="23" HEIGHT="18" WC="0.89" CONTENT="20"/><SP WIDTH="12" VPOS="405" HPOS="589"/>
							<String ID="string_32" HPOS="601" VPOS="406" WIDTH="16" HEIGHT="22" WC="0.89" CONTENT="8."/>
						</TextLine>
					</TextBlock>
				</ComposedBlock>
				<ComposedBlock ID="cblock_3" HPOS="213" VPOS="452" WIDTH="757" HEIGHT="231">
					<TextBlock ID="block_3" HPOS="214" VPOS="452" WIDTH="756" HEIGHT="125">
						<TextLine ID="line_7" HPOS="284" VPOS="452" WIDTH="686" HEIGHT="29">
							<String ID="string_33" HPOS="284" VPOS="452" WIDTH="113" HEIGHT="29" WC="0.96" CONTENT="Kejsaren"/><SP WIDTH="25" VPOS="452" HPOS="397"/>
							<String ID="string_34" HPOS="422" VPOS="453" WIDTH="44" HEIGHT="22" WC="0.93" CONTENT="och"/><SP WIDTH="25" VPOS="453" HPOS="466"/>
							<String ID="string_35" HPOS="491" VPOS="453" WIDTH="156" HEIGHT="22" WC="0.91" CONTENT="Storfurstens"/><SP WIDTH="19" VPOS="453" HPOS="647"/>
							<String ID="string_36" HPOS="666" VPOS="453" WIDTH="180" HEIGHT="28" WC="0.96" CONTENT="förordnanden,"/><SP WIDTH="19" VPOS="453" HPOS="846"/>
							<String ID="string_37" HPOS="865" VPOS="453" WIDTH="79" HEIGHT="22" WC="0.96" CONTENT="hvilka"/><SP WIDTH="18" VPOS="453" HPOS="944"/>
							<String ID="string_38" HPOS="962" VPOS="454" WIDTH="8" HEIGHT="21" WC="0.96" CONTENT="i"/>
						</TextLine>
						<TextLine ID="line_8" HPOS="217" VPOS="486" WIDTH="753" HEIGHT="31">
							<String ID="string_39" HPOS="217" VPOS="486" WIDTH="38" HEIGHT="28" WC="0.95" CONTENT="16,"/><SP WIDTH="21" VPOS="486" HPOS="255"/>
							<String ID="string_40" HPOS="276" VPOS="487" WIDTH="30" HEIGHT="21" WC="0.96" CONTENT="18"/><SP WIDTH="19" VPOS="487" HPOS="306"/>
							<String ID="string_41" HPOS="325" VPOS="487" WIDTH="43" HEIGHT="22" WC="0.96" CONTENT="och"/><SP WIDTH="20" VPOS="487" HPOS="368"/>
							<String ID="string_42" HPOS="388" VPOS="488" WIDTH="29" HEIGHT="21" WC="0.96" CONTENT="19"/><SP WIDTH="20" VPOS="488" HPOS="417"/>
							<String ID="string_43" HPOS="437" VPOS="489" WIDTH="29" HEIGHT="26" WC="0.92" CONTENT="88"/><SP WIDTH="18" VPOS="489" HPOS="466"/>
							<String ID="string_44" HPOS="484" VPOS="489" WIDTH="66" HEIGHT="26" WC="0.91" CONTENT="afses,"/><SP WIDTH="19" VPOS="489" HPOS="550"/>
							<String ID="string_45" HPOS="569" VPOS="489" WIDTH="118" HEIGHT="28" WC="0.92" CONTENT="kungöras"/><SP WIDTH="18" VPOS="489" HPOS="687"/>
							<String ID="string_46" HPOS="705" VPOS="489" WIDTH="8" HEIGHT="22" WC="0.96" CONTENT="i"/><SP WIDTH="19" VPOS="489" HPOS="713"/>
							<String ID="string_47" HPOS="732" VPOS="489" WIDTH="45" HEIGHT="21" WC="0.97" CONTENT="den"/><SP WIDTH="19" VPOS="489" HPOS="777"/>
							<String ID="string_48" HPOS="796" VPOS="488" WIDTH="107" HEIGHT="29" WC="0.96" CONTENT="ordning,"/><SP WIDTH="18" VPOS="488" HPOS="903"/>
							<String ID="string_49" HPOS="921" VPOS="496" WIDTH="49" HEIGHT="14" WC="0.96" CONTENT="som"/>
						</TextLine>
						<TextLine ID="line_9" HPOS="215" VPOS="520" WIDTH="754" HEIGHT="32">
							<String ID="string_50" HPOS="215" VPOS="520" WIDTH="36" HEIGHT="23" WC="0.96" CONTENT="för"/><SP WIDTH="19" VPOS="520" HPOS="251"/>
							<String ID="string_51" HPOS="270" VPOS="521" WIDTH="211" HEIGHT="30" WC="0.96" CONTENT="offentliggörande"/><SP WIDTH="19" VPOS="521" HPOS="481"/>
							<String ID="string_52" HPOS="500" VPOS="523" WIDTH="23" HEIGHT="21" WC="0.96" CONTENT="af"/><SP WIDTH="18" VPOS="523" HPOS="523"/>
							<String ID="string_53" HPOS="541" VPOS="523" WIDTH="169" HEIGHT="29" WC="0.96" CONTENT="författningar"/><SP WIDTH="18" VPOS="523" HPOS="710"/>
							<String ID="string_54" HPOS="728" VPOS="524" WIDTH="8" HEIGHT="21" WC="0.96" CONTENT="i"/><SP WIDTH="19" VPOS="524" HPOS="736"/>
							<String ID="string_55" HPOS="755" VPOS="523" WIDTH="102" HEIGHT="22" WC="0.95" CONTENT="Finland"/><SP WIDTH="17" VPOS="523" HPOS="857"/>
							<String ID="string_56" HPOS="874" VPOS="527" WIDTH="25" HEIGHT="17" WC="0.92" CONTENT="är"/><SP WIDTH="12" VPOS="527" HPOS="899"/>
							<String ID="string_57" HPOS="911" VPOS="523" WIDTH="58" HEIGHT="22" WC="0.92" CONTENT="före-"/>
						</TextLine>
						<TextLine ID="line_10" HPOS="214" VPOS="555" WIDTH="110" HEIGHT="22">
							<String ID="string_58" HPOS="214" VPOS="555" WIDTH="110" HEIGHT="22" WC="0.90" CONTENT="skrifven."/>
						</TextLine>
					</TextBlock>
					<TextBlock ID="block_4" HPOS="213" VPOS="590" WIDTH="755" HEIGHT="93">
						<TextLine ID="line_11" HPOS="282" VPOS="590" WIDTH="686" HEIGHT="31">
							<String ID="string_59" HPOS="282" VPOS="590" WIDTH="166" HEIGHT="23" WC="0.90" CONTENT="Förordnande"/><SP WIDTH="19" VPOS="590" HPOS="448"/>
							<String ID="string_60" HPOS="467" VPOS="599" WIDTH="37" HEIGHT="14" WC="0.96" CONTENT="om"/><SP WIDTH="16" VPOS="599" HPOS="504"/>
							<String ID="string_61" HPOS="520" VPOS="599" WIDTH="45" HEIGHT="21" WC="0.96" CONTENT="nya"/><SP WIDTH="12" VPOS="599" HPOS="565"/>
							<String ID="string_62" HPOS="577" VPOS="592" WIDTH="39" HEIGHT="21" WC="0.96" CONTENT="val"/><SP WIDTH="14" VPOS="592" HPOS="616"/>
							<String ID="string_63" HPOS="630" VPOS="591" WIDTH="117" HEIGHT="23" WC="0.96" CONTENT="meddelas"/><SP WIDTH="14" VPOS="591" HPOS="747"/>
							<String ID="string_64" HPOS="761" VPOS="591" WIDTH="114" HEIGHT="30" WC="0.93" CONTENT="därjämte"/><SP WIDTH="12" VPOS="591" HPOS="875"/>
							<String ID="string_65" HPOS="887" VPOS="599" WIDTH="81" HEIGHT="22" WC="0.92" CONTENT="guver-"/>
						</TextLine>
						<TextLine ID="line_12" HPOS="214" VPOS="625" WIDTH="754" HEIGHT="30">
							<String ID="string_66" HPOS="214" VPOS="627" WIDTH="97" HEIGHT="20" WC="0.93" CONTENT="nörerne"/><SP WIDTH="27" VPOS="627" HPOS="311"/>
							<String ID="string_67" HPOS="338" VPOS="628" WIDTH="59" HEIGHT="19" WC="0.96" CONTENT="samt"/><SP WIDTH="24" VPOS="628" HPOS="397"/>
							<String ID="string_68" HPOS="421" VPOS="625" WIDTH="28" HEIGHT="22" WC="0.96" CONTENT="de"/><SP WIDTH="24" VPOS="625" HPOS="449"/>
							<String ID="string_69" HPOS="473" VPOS="626" WIDTH="164" HEIGHT="29" WC="0.96" CONTENT="myndigheter"/><SP WIDTH="18" VPOS="626" HPOS="637"/>
							<String ID="string_70" HPOS="655" VPOS="626" WIDTH="44" HEIGHT="22" WC="0.96" CONTENT="och"/><SP WIDTH="18" VPOS="626" HPOS="699"/>
							<String ID="string_71" HPOS="717" VPOS="626" WIDTH="119" HEIGHT="27" WC="0.93" CONTENT="nämnder,"/><SP WIDTH="21" VPOS="626" HPOS="836"/>
							<String ID="string_72" HPOS="857" VPOS="627" WIDTH="13" HEIGHT="21" WC="0.92" CONTENT="å"/><SP WIDTH="18" VPOS="627" HPOS="870"/>
							<String ID="string_73" HPOS="888" VPOS="626" WIDTH="80" HEIGHT="22" WC="0.96" CONTENT="hvilka"/>
						</TextLine>
						<TextLine ID="line_13" HPOS="213" VPOS="659" WIDTH="441" HEIGHT="24">
							<String ID="string_74" HPOS="213" VPOS="659" WIDTH="81" HEIGHT="22" WC="0.90" CONTENT="valens"/><SP WIDTH="18" VPOS="659" HPOS="294"/>
							<String ID="string_75" HPOS="312" VPOS="659" WIDTH="183" HEIGHT="24" WC="0.91" CONTENT="föranstaltande"/><SP WIDTH="19" VPOS="659" HPOS="495"/>
							<String ID="string_76" HPOS="514" VPOS="661" WIDTH="140" HEIGHT="22" WC="0.96" CONTENT="ankommer."/>
						</TextLine>
					</TextBlock>
				</ComposedBlock>
				<ComposedBlock ID="cblock_4" HPOS="565" VPOS="743" WIDTH="49" HEIGHT="23">
					<TextBlock ID="block_5" HPOS="565" VPOS="743" WIDTH="49" HEIGHT="23">
						<TextLine ID="line_14" HPOS="565" VPOS="743" WIDTH="49" HEIGHT="23">
							<String ID="string_77" HPOS="565" VPOS="743" WIDTH="49" HEIGHT="23" WC="0.69" CONTENT="218."/>
						</TextLine>
					</TextBlock>
				</ComposedBlock>
				<ComposedBlock ID="cblock_5" HPOS="211" VPOS="791" WIDTH="757" HEIGHT="477">
					<TextBlock ID="block_6" HPOS="212" VPOS="791" WIDTH="756" HEIGHT="269">
						<TextLine ID="line_15" HPOS="281" VPOS="791" WIDTH="686" HEIGHT="30">
							<String ID="string_78" HPOS="281" VPOS="791" WIDTH="52" HEIGHT="22" WC="0.96" CONTENT="Den"/><SP WIDTH="27" VPOS="791" HPOS="333"/>
							<String ID="string_79" HPOS="360" VPOS="791" WIDTH="53" HEIGHT="29" WC="0.93" CONTENT="dag,"/><SP WIDTH="29" VPOS="791" HPOS="413"/>
							<String ID="string_80" HPOS="442" VPOS="792" WIDTH="14" HEIGHT="21" WC="0.87" CONTENT="&amp;"/><SP WIDTH="28" VPOS="792" HPOS="456"/>
							<String ID="string_81" HPOS="484" VPOS="791" WIDTH="94" HEIGHT="23" WC="0.93" CONTENT="hvilken"/><SP WIDTH="24" VPOS="791" HPOS="578"/>
							<String ID="string_82" HPOS="602" VPOS="792" WIDTH="144" HEIGHT="29" WC="0.92" CONTENT="landtdagen"/><SP WIDTH="25" VPOS="792" HPOS="746"/>
							<String ID="string_83" HPOS="771" VPOS="792" WIDTH="61" HEIGHT="22" WC="0.93" CONTENT="skall"/><SP WIDTH="23" VPOS="792" HPOS="832"/>
							<String ID="string_84" HPOS="855" VPOS="800" WIDTH="112" HEIGHT="14" WC="0.90" CONTENT="samman-"/>
						</TextLine>
						<TextLine ID="line_16" HPOS="214" VPOS="825" WIDTH="754" HEIGHT="30">
							<String ID="string_85" HPOS="214" VPOS="825" WIDTH="99" HEIGHT="28" WC="0.93" CONTENT="komma,"/><SP WIDTH="18" VPOS="825" HPOS="313"/>
							<String ID="string_86" HPOS="331" VPOS="825" WIDTH="57" HEIGHT="22" WC="0.92" CONTENT="böra"/><SP WIDTH="18" VPOS="825" HPOS="388"/>
							<String ID="string_87" HPOS="406" VPOS="827" WIDTH="107" HEIGHT="28" WC="0.91" CONTENT="samtlige"/><SP WIDTH="19" VPOS="827" HPOS="513"/>
							<String ID="string_88" HPOS="532" VPOS="827" WIDTH="180" HEIGHT="28" WC="0.92" CONTENT="landtdagsmän"/><SP WIDTH="17" VPOS="827" HPOS="712"/>
							<String ID="string_89" HPOS="729" VPOS="827" WIDTH="51" HEIGHT="22" WC="0.91" CONTENT="frän"/><SP WIDTH="13" VPOS="827" HPOS="780"/>
							<String ID="string_90" HPOS="793" VPOS="827" WIDTH="100" HEIGHT="22" WC="0.91" CONTENT="klockan"/><SP WIDTH="13" VPOS="827" HPOS="893"/>
							<String ID="string_91" HPOS="906" VPOS="827" WIDTH="62" HEIGHT="22" WC="0.93" CONTENT="elfva"/>
						</TextLine>
						<TextLine ID="line_17" HPOS="213" VPOS="859" WIDTH="754" HEIGHT="31">
							<String ID="string_92" HPOS="213" VPOS="859" WIDTH="50" HEIGHT="22" WC="0.93" CONTENT="före"/><SP WIDTH="18" VPOS="859" HPOS="263"/>
							<String ID="string_93" HPOS="281" VPOS="859" WIDTH="131" HEIGHT="29" WC="0.92" CONTENT="middagen,"/><SP WIDTH="19" VPOS="859" HPOS="412"/>
							<String ID="string_94" HPOS="431" VPOS="861" WIDTH="8" HEIGHT="21" WC="0.96" CONTENT="i"/><SP WIDTH="19" VPOS="861" HPOS="439"/>
							<String ID="string_95" HPOS="458" VPOS="860" WIDTH="43" HEIGHT="23" WC="0.96" CONTENT="den"/><SP WIDTH="19" VPOS="860" HPOS="501"/>
							<String ID="string_96" HPOS="520" VPOS="868" WIDTH="84" HEIGHT="21" WC="0.93" CONTENT="genom"/><SP WIDTH="19" VPOS="868" HPOS="604"/>
							<String ID="string_97" HPOS="623" VPOS="862" WIDTH="83" HEIGHT="28" WC="0.93" CONTENT="anslag"/><SP WIDTH="17" VPOS="862" HPOS="706"/>
							<String ID="string_98" HPOS="723" VPOS="865" WIDTH="107" HEIGHT="18" WC="0.92" CONTENT="närmare"/><SP WIDTH="13" VPOS="865" HPOS="830"/>
							<String ID="string_99" HPOS="843" VPOS="861" WIDTH="124" HEIGHT="22" WC="0.92" CONTENT="tillkänna-"/>
						</TextLine>
						<TextLine ID="line_18" HPOS="214" VPOS="893" WIDTH="752" HEIGHT="30">
							<String ID="string_100" HPOS="214" VPOS="893" WIDTH="67" HEIGHT="29" WC="0.92" CONTENT="gifna"/><SP WIDTH="18" VPOS="893" HPOS="281"/>
							<String ID="string_101" HPOS="299" VPOS="894" WIDTH="106" HEIGHT="29" WC="0.93" CONTENT="ordning,"/><SP WIDTH="19" VPOS="894" HPOS="405"/>
							<String ID="string_102" HPOS="424" VPOS="895" WIDTH="71" HEIGHT="22" WC="0.76" CONTENT="förete"/><SP WIDTH="19" VPOS="895" HPOS="495"/>
							<String ID="string_103" HPOS="514" VPOS="895" WIDTH="50" HEIGHT="22" WC="0.93" CONTENT="sina"/><SP WIDTH="18" VPOS="895" HPOS="564"/>
							<String ID="string_104" HPOS="582" VPOS="896" WIDTH="136" HEIGHT="21" WC="0.93" CONTENT="fullmakter"/><SP WIDTH="15" VPOS="896" HPOS="718"/>
							<String ID="string_105" HPOS="733" VPOS="896" WIDTH="36" HEIGHT="22" WC="0.96" CONTENT="för"/><SP WIDTH="13" VPOS="896" HPOS="769"/>
							<String ID="string_106" HPOS="782" VPOS="895" WIDTH="44" HEIGHT="22" WC="0.96" CONTENT="den"/><SP WIDTH="14" VPOS="895" HPOS="826"/>
							<String ID="string_107" HPOS="840" VPOS="895" WIDTH="55" HEIGHT="22" WC="0.96" CONTENT="eller"/><SP WIDTH="13" VPOS="895" HPOS="895"/>
							<String ID="string_108" HPOS="908" VPOS="895" WIDTH="58" HEIGHT="28" WC="0.96" CONTENT="dem,"/>
						</TextLine>
						<TextLine ID="line_19" HPOS="214" VPOS="928" WIDTH="753" HEIGHT="29">
							<String ID="string_109" HPOS="214" VPOS="935" WIDTH="49" HEIGHT="15" WC="0.92" CONTENT="som"/><SP WIDTH="27" VPOS="935" HPOS="263"/>
							<String ID="string_110" HPOS="290" VPOS="928" WIDTH="113" HEIGHT="29" WC="0.93" CONTENT="Kejsaren"/><SP WIDTH="29" VPOS="928" HPOS="403"/>
							<String ID="string_111" HPOS="432" VPOS="930" WIDTH="43" HEIGHT="21" WC="0.93" CONTENT="och"/><SP WIDTH="25" VPOS="930" HPOS="475"/>
							<String ID="string_112" HPOS="500" VPOS="929" WIDTH="143" HEIGHT="23" WC="0.92" CONTENT="Storfursten"/><SP WIDTH="24" VPOS="929" HPOS="643"/>
							<String ID="string_113" HPOS="667" VPOS="930" WIDTH="122" HEIGHT="22" WC="0.92" CONTENT="förordnat"/><SP WIDTH="18" VPOS="930" HPOS="789"/>
							<String ID="string_114" HPOS="807" VPOS="932" WIDTH="36" HEIGHT="20" WC="0.93" CONTENT="att"/><SP WIDTH="18" VPOS="932" HPOS="843"/>
							<String ID="string_115" HPOS="861" VPOS="930" WIDTH="106" HEIGHT="22" WC="0.92" CONTENT="fullmak-"/>
						</TextLine>
						<TextLine ID="line_20" HPOS="213" VPOS="963" WIDTH="753" HEIGHT="30">
							<String ID="string_116" HPOS="213" VPOS="964" WIDTH="68" HEIGHT="20" WC="0.96" CONTENT="terna"/><SP WIDTH="26" VPOS="964" HPOS="281"/>
							<String ID="string_117" HPOS="307" VPOS="963" WIDTH="107" HEIGHT="29" WC="0.93" CONTENT="granska."/><SP WIDTH="45" VPOS="963" HPOS="414"/>
							<String ID="string_118" HPOS="459" VPOS="964" WIDTH="36" HEIGHT="22" WC="0.95" CONTENT="Då"/><SP WIDTH="27" VPOS="964" HPOS="495"/>
							<String ID="string_119" HPOS="522" VPOS="964" WIDTH="109" HEIGHT="22" WC="0.96" CONTENT="fullmakt"/><SP WIDTH="27" VPOS="964" HPOS="631"/>
							<String ID="string_120" HPOS="658" VPOS="964" WIDTH="73" HEIGHT="22" WC="0.93" CONTENT="första"/><SP WIDTH="27" VPOS="964" HPOS="731"/>
							<String ID="string_121" HPOS="758" VPOS="965" WIDTH="94" HEIGHT="28" WC="0.93" CONTENT="gången"/><SP WIDTH="24" VPOS="965" HPOS="852"/>
							<String ID="string_122" HPOS="876" VPOS="964" WIDTH="90" HEIGHT="28" WC="0.93" CONTENT="företes,"/>
						</TextLine>
						<TextLine ID="line_21" HPOS="212" VPOS="996" WIDTH="755" HEIGHT="31">
							<String ID="string_123" HPOS="212" VPOS="996" WIDTH="143" HEIGHT="23" WC="0.90" CONTENT="undersökes"/><SP WIDTH="21" VPOS="996" HPOS="355"/>
							<String ID="string_124" HPOS="376" VPOS="998" WIDTH="117" HEIGHT="22" WC="0.95" CONTENT="huruvida"/><SP WIDTH="18" VPOS="998" HPOS="493"/>
							<String ID="string_125" HPOS="511" VPOS="998" WIDTH="43" HEIGHT="22" WC="0.96" CONTENT="den"/><SP WIDTH="20" VPOS="998" HPOS="554"/>
							<String ID="string_126" HPOS="574" VPOS="1002" WIDTH="25" HEIGHT="18" WC="0.96" CONTENT="är"/><SP WIDTH="18" VPOS="1002" HPOS="599"/>
							<String ID="string_127" HPOS="617" VPOS="999" WIDTH="110" HEIGHT="22" WC="0.96" CONTENT="utfärdad"/><SP WIDTH="18" VPOS="999" HPOS="727"/>
							<String ID="string_128" HPOS="745" VPOS="999" WIDTH="25" HEIGHT="21" WC="0.96" CONTENT="af"/><SP WIDTH="19" VPOS="999" HPOS="770"/>
							<String ID="string_129" HPOS="789" VPOS="999" WIDTH="96" HEIGHT="28" WC="0.93" CONTENT="behörig"/><SP WIDTH="18" VPOS="999" HPOS="885"/>
							<String ID="string_130" HPOS="903" VPOS="1006" WIDTH="64" HEIGHT="21" WC="0.92" CONTENT="myn-"/>
						</TextLine>
						<TextLine ID="line_22" HPOS="213" VPOS="1030" WIDTH="423" HEIGHT="30">
							<String ID="string_131" HPOS="213" VPOS="1030" WIDTH="82" HEIGHT="30" WC="0.96" CONTENT="dighet"/><SP WIDTH="18" VPOS="1030" HPOS="295"/>
							<String ID="string_132" HPOS="313" VPOS="1032" WIDTH="43" HEIGHT="22" WC="0.96" CONTENT="och"/><SP WIDTH="18" VPOS="1032" HPOS="356"/>
							<String ID="string_133" HPOS="374" VPOS="1033" WIDTH="8" HEIGHT="21" WC="0.93" CONTENT="i"/><SP WIDTH="18" VPOS="1033" HPOS="382"/>
							<String ID="string_134" HPOS="400" VPOS="1033" WIDTH="152" HEIGHT="21" WC="0.92" CONTENT="föreskrifven"/><SP WIDTH="19" VPOS="1033" HPOS="552"/>
							<String ID="string_135" HPOS="571" VPOS="1034" WIDTH="65" HEIGHT="21" WC="0.96" CONTENT="form."/>
						</TextLine>
					</TextBlock>
					<TextBlock ID="block_7" HPOS="212" VPOS="1066" WIDTH="755" HEIGHT="99">
						<TextLine ID="line_23" HPOS="281" VPOS="1066" WIDTH="686" HEIGHT="30">
							<String ID="string_136" HPOS="281" VPOS="1066" WIDTH="160" HEIGHT="30" WC="0.96" CONTENT="Förteckning"/><SP WIDTH="27" VPOS="1066" HPOS="441"/>
							<String ID="string_137" HPOS="468" VPOS="1068" WIDTH="63" HEIGHT="21" WC="0.95" CONTENT="öfver"/><SP WIDTH="26" VPOS="1068" HPOS="531"/>
							<String ID="string_138" HPOS="557" VPOS="1067" WIDTH="29" HEIGHT="22" WC="0.96" CONTENT="de"/><SP WIDTH="25" VPOS="1067" HPOS="586"/>
							<String ID="string_139" HPOS="611" VPOS="1068" WIDTH="127" HEIGHT="28" WC="0.93" CONTENT="behörigen"/><SP WIDTH="20" VPOS="1068" HPOS="738"/>
							<String ID="string_140" HPOS="758" VPOS="1066" WIDTH="209" HEIGHT="30" WC="0.92" CONTENT="befullmäktigade"/>
						</TextLine>
						<TextLine ID="line_24" HPOS="213" VPOS="1100" WIDTH="754" HEIGHT="31">
							<String ID="string_141" HPOS="213" VPOS="1100" WIDTH="178" HEIGHT="22" WC="0.90" CONTENT="medlemmarne"/><SP WIDTH="25" VPOS="1100" HPOS="391"/>
							<String ID="string_142" HPOS="416" VPOS="1102" WIDTH="60" HEIGHT="22" WC="0.93" CONTENT="skall"/><SP WIDTH="19" VPOS="1102" HPOS="476"/>
							<String ID="string_143" HPOS="495" VPOS="1102" WIDTH="101" HEIGHT="28" WC="0.96" CONTENT="följande"/><SP WIDTH="19" VPOS="1102" HPOS="596"/>
							<String ID="string_144" HPOS="615" VPOS="1102" WIDTH="47" HEIGHT="29" WC="0.96" CONTENT="dag"/><SP WIDTH="18" VPOS="1102" HPOS="662"/>
							<String ID="string_145" HPOS="680" VPOS="1102" WIDTH="48" HEIGHT="22" WC="0.96" CONTENT="före"/><SP WIDTH="19" VPOS="1102" HPOS="728"/>
							<String ID="string_146" HPOS="747" VPOS="1102" WIDTH="102" HEIGHT="22" WC="0.96" CONTENT="klockan"/><SP WIDTH="19" VPOS="1102" HPOS="849"/>
							<String ID="string_147" HPOS="868" VPOS="1102" WIDTH="31" HEIGHT="21" WC="0.96" CONTENT="tio"/><SP WIDTH="19" VPOS="1102" HPOS="899"/>
							<String ID="string_148" HPOS="918" VPOS="1102" WIDTH="49" HEIGHT="21" WC="0.96" CONTENT="före"/>
						</TextLine>
						<TextLine ID="line_25" HPOS="212" VPOS="1134" WIDTH="504" HEIGHT="31">
							<String ID="string_149" HPOS="212" VPOS="1134" WIDTH="125" HEIGHT="30" WC="0.95" CONTENT="middagen"/><SP WIDTH="19" VPOS="1134" HPOS="337"/>
							<String ID="string_150" HPOS="356" VPOS="1136" WIDTH="190" HEIGHT="22" WC="0.92" CONTENT="tillhandahållas"/><SP WIDTH="19" VPOS="1136" HPOS="546"/>
							<String ID="string_151" HPOS="565" VPOS="1136" WIDTH="151" HEIGHT="29" WC="0.89" CONTENT="landtdagen."/>
						</TextLine>
					</TextBlock>
					<TextBlock ID="block_8" HPOS="211" VPOS="1169" WIDTH="755" HEIGHT="99">
						<TextLine ID="line_26" HPOS="280" VPOS="1169" WIDTH="686" HEIGHT="30">
							<String ID="string_152" HPOS="280" VPOS="1169" WIDTH="199" HEIGHT="30" WC="0.91" CONTENT="Landtdagsman,"/><SP WIDTH="19" VPOS="1169" HPOS="479"/>
							<String ID="string_153" HPOS="498" VPOS="1178" WIDTH="47" HEIGHT="14" WC="0.96" CONTENT="som"/><SP WIDTH="19" VPOS="1178" HPOS="545"/>
							<String ID="string_154" HPOS="564" VPOS="1171" WIDTH="101" HEIGHT="21" WC="0.95" CONTENT="infinner"/><SP WIDTH="18" VPOS="1171" HPOS="665"/>
							<String ID="string_155" HPOS="683" VPOS="1172" WIDTH="37" HEIGHT="27" WC="0.96" CONTENT="sig"/><SP WIDTH="18" VPOS="1172" HPOS="720"/>
							<String ID="string_156" HPOS="738" VPOS="1171" WIDTH="60" HEIGHT="21" WC="0.93" CONTENT="efter"/><SP WIDTH="15" VPOS="1171" HPOS="798"/>
							<String ID="string_157" HPOS="813" VPOS="1170" WIDTH="153" HEIGHT="29" WC="0.91" CONTENT="landtdagens"/>
						</TextLine>
						<TextLine ID="line_27" HPOS="212" VPOS="1202" WIDTH="754" HEIGHT="31">
							<String ID="string_158" HPOS="212" VPOS="1202" WIDTH="90" HEIGHT="30" WC="0.96" CONTENT="början,"/><SP WIDTH="19" VPOS="1202" HPOS="302"/>
							<String ID="string_159" HPOS="321" VPOS="1212" WIDTH="53" HEIGHT="21" WC="0.96" CONTENT="eger"/><SP WIDTH="18" VPOS="1212" HPOS="374"/>
							<String ID="string_160" HPOS="392" VPOS="1205" WIDTH="43" HEIGHT="21" WC="0.96" CONTENT="där"/><SP WIDTH="17" VPOS="1205" HPOS="435"/>
							<String ID="string_161" HPOS="452" VPOS="1206" WIDTH="81" HEIGHT="27" WC="0.96" CONTENT="intaga"/><SP WIDTH="17" VPOS="1206" HPOS="533"/>
							<String ID="string_162" HPOS="550" VPOS="1208" WIDTH="57" HEIGHT="25" WC="0.96" CONTENT="säte,"/><SP WIDTH="19" VPOS="1208" HPOS="607"/>
							<String ID="string_163" HPOS="626" VPOS="1205" WIDTH="71" HEIGHT="22" WC="0.96" CONTENT="sedan"/><SP WIDTH="19" VPOS="1205" HPOS="697"/>
							<String ID="string_164" HPOS="716" VPOS="1205" WIDTH="46" HEIGHT="22" WC="0.96" CONTENT="han"/><SP WIDTH="19" VPOS="1205" HPOS="762"/>
							<String ID="string_165" HPOS="781" VPOS="1205" WIDTH="36" HEIGHT="21" WC="0.96" CONTENT="för"/><SP WIDTH="16" VPOS="1205" HPOS="817"/>
							<String ID="string_166" HPOS="833" VPOS="1204" WIDTH="133" HEIGHT="22" WC="0.95" CONTENT="talmannen"/>
						</TextLine>
						<TextLine ID="line_28" HPOS="211" VPOS="1238" WIDTH="587" HEIGHT="30">
							<String ID="string_167" HPOS="211" VPOS="1238" WIDTH="111" HEIGHT="28" WC="0.96" CONTENT="uppvisat"/><SP WIDTH="18" VPOS="1238" HPOS="322"/>
							<String ID="string_168" HPOS="340" VPOS="1239" WIDTH="75" HEIGHT="28" WC="0.96" CONTENT="enligt"/><SP WIDTH="21" VPOS="1239" HPOS="415"/>
							<String ID="string_169" HPOS="436" VPOS="1240" WIDTH="10" HEIGHT="21" WC="0.92" CONTENT="1"/><SP WIDTH="21" VPOS="1240" HPOS="446"/>
							<String ID="string_170" HPOS="467" VPOS="1247" WIDTH="66" HEIGHT="14" WC="0.94" CONTENT="mom."/><SP WIDTH="19" VPOS="1247" HPOS="533"/>
							<String ID="string_171" HPOS="552" VPOS="1239" WIDTH="111" HEIGHT="29" WC="0.96" CONTENT="godkänd"/><SP WIDTH="18" VPOS="1239" HPOS="663"/>
							<String ID="string_172" HPOS="681" VPOS="1239" WIDTH="117" HEIGHT="22" WC="0.96" CONTENT="fullmakt."/>
						</TextLine>
					</TextBlock>
				</ComposedBlock>
				<ComposedBlock ID="cblock_6" HPOS="561" VPOS="1322" WIDTH="50" HEIGHT="23">
					<TextBlock ID="block_9" HPOS="561" VPOS="1322" WIDTH="50" HEIGHT="23">
						<TextLine ID="line_29" HPOS="561" VPOS="1322" WIDTH="50" HEIGHT="23">
							<String ID="string_173" HPOS="557" VPOS="1310" WIDTH="24" HEIGHT="40" WC="0.81" CONTENT="22"/><SP WIDTH="16" VPOS="1310" HPOS="581"/>
							<String ID="string_174" HPOS="597" VPOS="1323" WIDTH="14" HEIGHT="22" WC="0.57" CONTENT="8."/>
						</TextLine>
					</TextBlock>
				</ComposedBlock>
				<ComposedBlock ID="cblock_7" HPOS="209" VPOS="1369" WIDTH="756" HEIGHT="99">
					<TextBlock ID="block_10" HPOS="209" VPOS="1369" WIDTH="756" HEIGHT="99">
						<TextLine ID="line_30" HPOS="280" VPOS="1369" WIDTH="684" HEIGHT="30">
							<String ID="string_175" HPOS="280" VPOS="1369" WIDTH="50" HEIGHT="22" WC="0.93" CONTENT="Har"/><SP WIDTH="17" VPOS="1369" HPOS="330"/>
							<String ID="string_176" HPOS="347" VPOS="1370" WIDTH="191" HEIGHT="28" WC="0.91" CONTENT="landtdagsmans"/><SP WIDTH="18" VPOS="1370" HPOS="538"/>
							<String ID="string_177" HPOS="556" VPOS="1370" WIDTH="110" HEIGHT="22" WC="0.95" CONTENT="fullmakt"/><SP WIDTH="18" VPOS="1370" HPOS="666"/>
							<String ID="string_178" HPOS="684" VPOS="1371" WIDTH="53" HEIGHT="21" WC="0.96" CONTENT="icke"/><SP WIDTH="18" VPOS="1371" HPOS="737"/>
							<String ID="string_179" HPOS="755" VPOS="1370" WIDTH="80" HEIGHT="22" WC="0.96" CONTENT="blifvit"/><SP WIDTH="13" VPOS="1370" HPOS="835"/>
							<String ID="string_180" HPOS="848" VPOS="1370" WIDTH="116" HEIGHT="29" WC="0.96" CONTENT="godkänd,"/>
						</TextLine>
						<TextLine ID="line_31" HPOS="211" VPOS="1404" WIDTH="754" HEIGHT="30">
							<String ID="string_181" HPOS="211" VPOS="1410" WIDTH="42" HEIGHT="22" WC="0.92" CONTENT="ege"/><SP WIDTH="19" VPOS="1410" HPOS="253"/>
							<String ID="string_182" HPOS="272" VPOS="1404" WIDTH="143" HEIGHT="29" WC="0.91" CONTENT="landtdagen"/><SP WIDTH="19" VPOS="1404" HPOS="415"/>
							<String ID="string_183" HPOS="434" VPOS="1407" WIDTH="47" HEIGHT="19" WC="0.96" CONTENT="rätt"/><SP WIDTH="18" VPOS="1407" HPOS="481"/>
							<String ID="string_184" HPOS="499" VPOS="1407" WIDTH="35" HEIGHT="19" WC="0.92" CONTENT="att"/><SP WIDTH="17" VPOS="1407" HPOS="534"/>
							<String ID="string_185" HPOS="551" VPOS="1405" WIDTH="89" HEIGHT="29" WC="0.92" CONTENT="pröfva,"/><SP WIDTH="18" VPOS="1405" HPOS="640"/>
							<String ID="string_186" HPOS="658" VPOS="1405" WIDTH="117" HEIGHT="22" WC="0.96" CONTENT="huruvida"/><SP WIDTH="16" VPOS="1405" HPOS="775"/>
							<String ID="string_187" HPOS="791" VPOS="1405" WIDTH="45" HEIGHT="21" WC="0.97" CONTENT="han"/><SP WIDTH="14" VPOS="1405" HPOS="836"/>
							<String ID="string_188" HPOS="850" VPOS="1404" WIDTH="72" HEIGHT="22" WC="0.96" CONTENT="likväl"/><SP WIDTH="13" VPOS="1404" HPOS="922"/>
							<String ID="string_189" HPOS="935" VPOS="1406" WIDTH="30" HEIGHT="27" WC="0.96" CONTENT="på"/>
						</TextLine>
						<TextLine ID="line_32" HPOS="209" VPOS="1437" WIDTH="687" HEIGHT="31">
							<String ID="string_190" HPOS="209" VPOS="1437" WIDTH="79" HEIGHT="29" WC="0.95" CONTENT="grund"/><SP WIDTH="19" VPOS="1437" HPOS="288"/>
							<String ID="string_191" HPOS="307" VPOS="1438" WIDTH="22" HEIGHT="22" WC="0.96" CONTENT="af"/><SP WIDTH="18" VPOS="1438" HPOS="329"/>
							<String ID="string_192" HPOS="347" VPOS="1438" WIDTH="133" HEIGHT="23" WC="0.96" CONTENT="densamma"/><SP WIDTH="18" VPOS="1438" HPOS="480"/>
							<String ID="string_193" HPOS="498" VPOS="1440" WIDTH="36" HEIGHT="21" WC="0.96" CONTENT="må"/><SP WIDTH="18" VPOS="1440" HPOS="534"/>
							<String ID="string_194" HPOS="552" VPOS="1439" WIDTH="81" HEIGHT="29" WC="0.96" CONTENT="intaga"/><SP WIDTH="18" VPOS="1439" HPOS="633"/>
							<String ID="string_195" HPOS="651" VPOS="1442" WIDTH="49" HEIGHT="19" WC="0.96" CONTENT="säte"/><SP WIDTH="19" VPOS="1442" HPOS="700"/>
							<String ID="string_196" HPOS="719" VPOS="1440" WIDTH="8" HEIGHT="21" WC="0.93" CONTENT="i"/><SP WIDTH="19" VPOS="1440" HPOS="727"/>
							<String ID="string_197" HPOS="746" VPOS="1438" WIDTH="150" HEIGHT="30" WC="0.91" CONTENT="landtdagen."/>
						</TextLine>
					</TextBlock>
				</ComposedBlock>
			</PrintSpace>
		</Page>
	</Layout>
</alto>
