1081 1748
254 108 14 22 4
567 110 42 22 N:o
621 110 27 22 15

578 180 49 27 88.

294 225 45 22 Vid
362 226 84 21 allmän
464 226 180 22 sammankomst
658 226 37 21 må
710 225 20 29 ej
746 225 178 29 öfverläggning
939 233 43 20 ega

224 266 51 15 rum
298 260 54 21 eller
373 260 76 22 beslut
470 260 70 22 fattas
562 260 71 22 innan
653 259 135 23 ordförande
802 259 78 22 blifvit
894 260 88 21 utsedd.

225 293 157 23 Ordföranden
404 295 78 22 tillhör
505 297 34 20 att
556 295 156 28 upprätthålla
727 294 127 29 ordningen
868 294 41 22 vid
924 302 57 14 sam-

225 329 158 21 mankomsten
406 329 41 22 och
470 331 34 20 att
522 329 50 22 icke
587 329 75 22 tillåta
676 329 106 22 hållande
798 328 23 22 af
836 329 145 28 andragande

225 363 55 21 eller
301 363 102 22 fattande
425 364 23 21 af
470 364 81 28 beslut,
568 371 48 14 som
631 364 95 21 innebär
740 363 109 22 straffbar
869 363 112 29 handling

225 397 55 22 eller
295 398 141 29 uppmaning
451 398 84 22 därtill.

294 431 166 24 Efterkommes
476 433 20 28 ej
512 432 142 29 förfogande,
670 440 49 15 som
730 432 151 22 ordföranden
890 432 91 29 jämlikt

226 466 11 21 1
260 473 67 15 mom.
344 467 105 28 vidtagit,
470 467 54 22 eller
540 469 71 20 störes
627 468 83 21 allmän
726 467 98 28 ordning
840 467 43 22 och
897 467 84 22 förmår

225 501 152 22 ordföranden
399 502 44 22 den
466 502 19 29 ej
510 503 121 27 återställa,
654 503 59 21 skall
735 502 208 22 sammankomsten
958 501 23 23 af

224 535 85 23 honom
323 536 111 23 förklaras
448 537 100 29 upplöst.

294 571 46 22 Till
355 571 51 22 dess
421 571 135 22 ordförande
571 574 90 26 utsetts,
678 572 120 21 ankomme
806 567 13 38 &
836 571 144 22 föranstalta-

224 612 25 15 re
272 605 22 22 af
316 605 85 22 allmän
418 606 179 22 sammankomst
612 608 34 20 att
660 606 100 29 fullgöra
775 606 61 22 hvad
851 606 41 21 här
912 605 68 23 ofvan

224 642 26 19 är
265 639 73 30 sagdt.

578 681 49 28 98.

294 726 142 29 Myndighet,
452 735 49 14 som
516 727 8 21 i
538 727 14 21 2
567 729 13 26 8
595 730 101 25 nämnes,
713 735 42 21 ege
770 729 46 20 rätt
826 729 35 20 att
870 734 54 15 vara
934 727 46 21 till-

224 761 76 22 städes
315 761 40 22 vid
370 762 84 21 allmän
468 762 178 22 sammankomst
656 763 55 21 eller
721 763 37 20 till
768 762 132 21 densamma
910 762 70 21 sända

224 795 165 29 myndigheten
404 796 172 29 underlydande
591 796 137 29 tjänsteman
744 797 56 21 eller
814 796 94 29 betjänt.

572 859 29 23 10
615 861 19 26 8.

293 904 148 29 Tjänsteman
465 906 55 22 eller
540 905 95 29 betjänt,
651 914 47 14 som
714 906 92 29 jämlikt
821 906 13 22 9
850 907 14 26 $
879 906 101 22 infunnit

224 938 36 29 sig
282 939 37 21 till
341 940 85 22 allmän
451 940 184 29 sammankomst,
654 948 52 14 vare
726 940 131 30 berättigad
872 942 34 20 att
923 948 57 21 upp-

223 973 51 22 lösa
288 974 218 22 sammankomsten:

294 1008 20 28 1)
330 1016 37 14 om
382 1008 85 23 honom
482 1012 81 26 vägras
578 1009 100 22 tillträde
693 1010 38 21 till
746 1009 140 28 densamma;

292 1043 22 27 2)
329 1050 37 14 om
381 1043 40 22 vid
436 1043 183 29 sammankomst,
635 1044 94 22 hvarom
744 1044 7 21 i
768 1044 14 22 6
797 1045 13 26 $
826 1046 25 20 är
866 1044 113 29 stadgadt,

222 1076 78 23 därför
314 1077 134 23 meddelade
463 1078 140 22 föreskrifter
618 1078 20 29 ej
654 1078 74 29 följas;

292 1112 22 27 3)
329 1119 38 15 om
389 1112 151 22 ordföranden
562 1113 56 21 eller
636 1112 189 22 föranstaltarene
844 1112 19 28 ej
880 1112 100 28 fullgöra

222 1145 63 22 hvad
309 1146 52 22 dem
382 1146 30 28 på
434 1146 76 29 grund
532 1146 23 22 af
572 1147 14 21 8
602 1148 13 26 8
630 1147 89 29 åligger
734 1147 55 21 eller
804 1154 38 14 om
857 1146 65 22 deras
936 1146 44 22 för-

222 1179 93 30 klaring
330 1181 118 29 angående
463 1182 219 22 sammankomstens
696 1181 142 29 upplösning
854 1181 19 29 ej
886 1181 94 29 åtlydes.

295 1214 158 24 Efterkomma
468 1216 28 22 de
510 1216 40 22 vid
560 1216 208 23 sammankomsten
778 1215 142 23 närvarande
930 1216 50 22 icke

222 1248 197 29 tjänstemannens
441 1251 55 21 eller
518 1250 128 29 betjäntens
668 1251 78 28 påbud
762 1258 38 14 om
815 1251 165 21 sammankom-

224 1285 63 21 stens
302 1285 141 29 upplösning
458 1285 43 22 och
515 1285 103 22 inträffar
632 1285 71 29 jämte
718 1285 72 22 sådan
805 1287 87 26 vägran
902 1287 34 20 att
946 1285 33 21 åt-

222 1318 56 29 lyda
292 1319 178 29 myndighetens
484 1319 87 30 lagliga
585 1319 77 29 påbud
677 1319 90 29 störing
778 1319 23 22 af
811 1319 44 22 den
866 1319 114 22 allmänna

222 1353 138 24 säkerheten
382 1354 55 22 eller
452 1354 133 29 ordningen,
602 1361 53 22 eger
669 1354 166 29 myndigheten
851 1353 8 22 i
874 1353 106 22 afseende

222 1387 14 21 å
260 1387 138 30 ordningens
416 1388 160 23 återställande
595 1388 42 23 och
652 1388 220 22 sammankomstens
887 1388 93 28 upplös-

221 1421 59 30 ning
302 1423 68 21 ställa
392 1423 36 28 sig
450 1423 36 22 till
504 1423 150 22 efterrättelse
672 1423 14 22 6
700 1424 14 27 8
730 1423 28 22 16
773 1423 52 28 kap.
841 1421 138 30 Strafflagen

222 1455 38 23 för
275 1456 218 24 Storfurstendömet
507 1457 103 22 Finland.
