1084 1761
232 161 26 20 12
419 160 84 23 Ständ.
522 160 39 22 Sv.
578 171 27 4 —
621 159 75 28 Prop.
712 159 44 22 N:o
773 159 36 22 15.

583 229 25 20 12
624 229 18 27 8.

300 280 49 20 Har
371 280 86 21 allmän
479 280 188 26 sammankomst,
686 280 95 21 hvarom
800 279 8 21 i
828 280 13 20 3
858 280 12 26 &
887 278 102 28 stadgas,

231 317 40 25 egt
293 321 49 13 rum
367 317 56 19 utan
454 314 150 28 iakttagande
625 314 25 21 af
664 314 40 21 där
720 313 80 29 gifven
815 312 120 22 föreskrift
950 313 39 21 be-

231 348 118 21 träffande
364 348 51 21 dess
431 348 116 27 hållande,
564 348 56 21 eller
630 348 42 22 har
683 348 211 22 sammankomsten
906 347 83 28 försig-

233 383 52 28 gått
309 383 14 21 å
347 388 72 16 annat
439 383 67 21 ställe
522 383 57 21 eller
594 390 77 14 annan
688 383 34 21 tid
738 386 28 18 än
783 382 108 22 anmälan
908 382 79 21 därom

230 417 136 27 innehåller,
393 417 91 22 straffes
499 417 171 27 föranstaltare,
686 418 26 21 så
727 417 43 22 ock
786 417 145 26 ordförande,
948 417 40 20 där

230 451 47 22 han
289 459 37 14 om
343 452 181 21 öfverträdelsen
541 453 52 20 haft
608 453 104 28 vetskap,
728 452 114 21 hvardera
857 451 52 21 med
923 451 65 22 böter

232 486 69 29 högst
316 487 126 20 trehundra
458 487 71 21 mark.
560 487 48 28 Lag
628 494 87 14 samma
737 494 54 13 vare
811 493 37 14 om
864 486 122 21 föranstal-

231 523 54 24 tare,
303 521 40 21 där
359 521 182 22 sammankomst
564 522 13 20 &
598 521 85 22 allmän
701 521 61 29 plats
782 521 73 21 under
874 521 41 21 bar
930 520 57 21 him-

231 555 44 21 mel
298 555 78 22 hållits
399 559 56 18 utan
477 556 152 28 iakttagande
652 556 26 21 af
697 555 126 26 föreskrift,
845 562 47 14 som
909 555 78 21 därför

230 590 134 21 meddelats.

298 624 140 22 Underlåter
461 624 139 22 ordförande
624 624 55 22 eller
701 624 164 22 föranstaltare
890 626 35 18 att
947 623 39 21 vid

230 658 86 22 allmän
332 659 182 21 sammankomst
529 659 106 28 iakttaga
650 660 72 27 något
732 658 26 22 af
764 658 62 22 hvad
835 658 84 21 honom
928 658 59 28 jäm-

229 693 46 21 likt
291 695 10 19 7
318 694 11 26 $
345 694 95 28 åligger,
459 694 53 20 böte
528 694 69 28 högst
612 693 132 22 tvåhundra
759 693 72 21 mark.

576 769 25 20 18
618 769 18 27 S.

298 819 71 27 Hvar,
393 827 47 14 som
466 822 47 19 mot
536 820 140 28 stadgandet
690 820 8 21 i
714 821 12 20 6
742 820 11 27 $
770 819 39 21 vid
826 819 84 21 allmän
927 826 58 14 sam-

229 854 131 21 mankomst
375 854 102 22 infinner
492 855 36 27 sig
544 854 121 29 beväpnad

298 888 55 21 eller
369 889 19 28 ej
406 888 91 28 ätlyder
513 889 105 28 behörigt
626 889 78 28 päbud
716 896 37 14 om
762 888 223 22 sammankomstens

230 922 149 29 upplösning,

297 957 93 21 straffes
406 957 52 21 med
474 958 65 21 böter
555 958 69 28 högst
639 957 131 22 tvähundra
787 957 70 21 mark.

576 1033 25 19 14
616 1033 18 26 8.

297 1082 88 28 Vägras
409 1083 96 29 behörig
527 1083 137 28 myndighet
680 1083 56 21 eller
751 1082 133 22 densamma
900 1082 83 22 under-

227 1116 102 28 lydande
353 1113 140 33 tjänsteman
517 1118 56 20 eller
596 1118 102 28 betjänte
721 1117 104 21 tillträde
846 1117 35 21 till
898 1116 87 22 allmän

227 1151 188 27 sammankomst,
449 1152 52 21 böte
525 1152 93 26 enhvar,
646 1159 49 14 som
716 1152 7 21 i
747 1152 45 21 den
816 1155 88 24 vägran
929 1151 56 21 eller

227 1184 77 22 beslut
319 1185 80 22 därom
414 1186 60 28 tagit
489 1186 44 24 del,
550 1186 69 29 högst
634 1186 126 21 trehundra
777 1185 71 22 mark.

578 1256 24 20 15
618 1256 20 26 8.

295 1305 210 30 Bestämningarna
519 1306 8 21 i
544 1305 75 22 denna
634 1307 39 28 lag
688 1306 66 21 skola
769 1306 20 29 ej
806 1305 117 29 tillämpas
940 1306 24 21 ä:

296 1340 19 26 1)
331 1340 213 25 sammankomster,
560 1347 48 15 som
624 1341 8 20 i
647 1341 39 29 lag
702 1341 55 21 eller
773 1340 141 29 författning
927 1340 57 21 eller

225 1373 152 23 härförinnan
401 1374 124 30 behörigen
548 1375 131 22 fastställda
700 1375 96 29 stadgar
811 1379 39 17 äro
865 1374 119 29 påbjudna

225 1408 57 21 eller
298 1408 102 27 tillåtna;

295 1444 21 26 2)
339 1443 212 27 sammankomster,
574 1450 48 14 som
646 1444 26 21 af
691 1443 292 28 universitetsmyndighet

224 1475 151 23 föranstaltas
397 1477 56 21 eller
476 1477 42 22 ock
534 1477 7 22 i
558 1477 172 30 vetenskapligt
752 1477 58 22 eller
827 1477 157 30 pedagogiskt
