1086 1767
341 150 20 22 U.
379 150 22 21 B.
419 162 28 2 —
464 150 60 27 Prop.
543 150 34 22 N:o
593 150 32 22 18.
846 150 23 20 11

409 216 30 20 att
453 216 124 20 Ständerna
595 216 48 20 ville
659 216 89 25 besluta,
766 217 32 19 att
813 215 8 21 i
836 222 36 14 an-

339 251 86 27 ledning
443 252 27 26 af
483 252 25 20 de
525 252 31 20 uti
572 252 109 26 ingressen
699 252 31 20 till
743 251 130 28 propositio-

337 294 41 14 nen
395 287 78 27 gjorda
490 288 156 20 meddelanden
664 288 78 20 uttala:

410 349 30 19 att
463 348 26 20 de
512 348 108 26 olagligen
646 347 120 21 utnämnde
789 348 85 26 tjänste-

339 384 103 24 männen,
459 390 47 14 som
525 383 7 21 i
547 383 120 27 anledning
684 383 28 27 af
724 384 40 20 den
777 383 27 27 af
812 384 61 20 Stän-

339 419 67 20 derna
431 421 99 25 antagna
554 419 160 27 författningen
738 420 87 19 komme
845 421 30 18 att

339 455 53 27 afgå
416 455 53 27 från
488 455 50 21 sina
553 456 88 27 platser,
658 454 47 21 icke
722 456 38 19 bör
784 455 91 20 tilldelas

339 497 51 14 vare
413 491 33 26 sig
468 491 91 27 pension
585 492 49 19 eller
650 491 25 20 de
690 491 120 27 förmåner,
827 498 47 13 som

339 527 67 26 enligt
430 527 159 27 förordningen
617 527 28 27 af
667 528 14 19 3
704 527 97 27 februari
818 527 57 20 1368

340 563 122 20 tillkomma
488 563 54 25 dem,
567 563 88 21 hvilkas
678 563 148 28 befattningar
843 563 31 20 in-

341 599 94 26 dragas;
456 599 113 27 äfvensom

411 666 31 19 att
458 665 160 27 förordnandet
635 665 27 27 af
675 666 29 20 26
712 665 95 28 januari
818 665 58 20 1906

340 701 46 20 icke
401 701 89 20 kunnat
505 702 78 27 betaga
600 701 25 21 de
636 701 108 27 olagligen
757 701 119 27 afskedade

340 737 176 27 tjänstemännen
536 737 63 21 deras
616 737 179 27 välförvärfvade
810 738 44 19 rätt
870 737 7 20 i

340 773 100 26 afseende
449 774 13 19 å
469 774 26 20 de
502 773 119 27 tjänsterna
628 773 120 27 åtföljande
755 773 120 27 förmåner.

197 839 110 26 Slutligen
324 839 40 20 ber
381 839 35 26 jag
433 841 32 18 att
482 839 22 20 få
520 839 95 26 föreslå,

412 906 37 24 att,
468 905 7 20 i
491 905 104 20 händelse
609 905 65 27 syftet
689 905 50 20 med
754 905 25 20 de
796 905 27 27 af
831 905 45 26 mig

341 941 67 26 ofvan
432 941 133 27 framstälda
581 941 84 27 förslag
683 948 70 13 vunne
770 941 106 27 afseende,

343 977 148 20 betänkandet
517 977 68 27 blefve
609 977 32 20 till
666 977 103 21 Utskottet
799 978 77 19 äterre-

341 1013 108 20 mitteradt
474 1013 8 20 i
497 1013 40 20 och
554 1013 35 27 för
613 1013 180 27 omformulering
812 1013 65 26 enligt

341 1049 99 26 antydda
457 1049 102 27 grunder.

204 1114 151 27 Helsingfors,
371 1114 44 21 den
433 1115 13 20 6
464 1115 129 27 september
612 1115 61 20 1906.

609 1180 63 22 Ernst
688 1180 117 22 Estlander.
