1086 1767
90 198 85 18 Afskrift.

369 537 29 26 År
408 545 54 19 1903
471 545 39 18 den
520 545 25 19 10
554 544 114 24 December,
674 544 85 25 torsdag,
767 544 84 19 klockan

301 573 52 18 elfva
364 573 148 25 föremiddagen
523 572 161 20 sammanträdde
694 573 110 24 Kejserliga
817 572 34 20 Se-

302 603 71 18 natens
396 602 30 19 för
448 601 82 20 Finland
553 601 247 25 Ekonomiedepartement
822 601 29 19 till

303 629 98 20 Särskildt
422 630 90 23 Plenum,
528 629 83 20 hvarvid
632 632 83 17 närvoro
731 629 121 26 Generalgu-

302 661 96 17 vernören
414 659 56 19 öfver
485 659 67 19 landet
567 658 201 25 Generaladjutanten
784 659 68 19 Bobri-

302 687 45 20 koff,
362 687 123 24 ordförande,
501 687 298 25 Generalguvernörsadjointen
814 687 37 20 Ge-

302 715 121 20 heimerådet
447 716 94 19 Deutrich
563 718 53 17 samt
638 714 137 26 Senatorerne,
795 715 56 20 Vice-

302 745 130 19 ordföranden
456 745 175 25 Hofjägmästaren
654 744 77 24 Linder,
755 744 97 25 Eneberg,

300 773 81 24 Boehm,
397 773 105 25 Bergbom,
518 773 94 24 Fellman,
629 773 173 28 Generalmajoren
814 779 38 13 von

302 802 63 23 Blom,
390 802 106 24 Andersin,
523 802 95 23 Neovius,
644 801 80 24 Genetz,
747 802 105 23 Akerman,

301 830 75 19 Forsell
392 831 36 18 och
445 831 98 19 Kihlman.

165 927 74 20 Chefen
259 928 30 19 för
307 928 225 25 Justitieexpeditionen
548 927 98 20 Senatorn
662 927 91 26 Eneberg
768 928 85 25 föreslog

95 958 35 22 att,
145 959 47 17 enär
207 957 34 19 det
257 956 122 20 förhällande
394 959 29 17 att
442 957 2 19 i
462 951 42 25 Äbo
521 957 78 19 Hofrätt
612 957 241 25 vicepresidentsembetet

97 985 103 20 äfvensom
216 985 46 20 flere
277 985 234 26 ledamotsbefattningar
526 986 30 19 för
571 986 123 19 närvarande
710 991 45 14 vore
769 986 84 18 vakanta

97 1013 43 20 icke
163 1014 67 19 kunde
253 1014 68 25 undgä
343 1016 29 17 att
392 1015 83 18 inverka
491 1014 84 25 menligt
591 1013 26 26 pä
632 1014 117 19 Hofrättens
765 1013 89 26 förmäga

97 1044 30 17 att
142 1042 85 25 fullgöra
244 1043 34 18 det
290 1043 11 19 å
317 1043 115 19 densamma
447 1043 146 19 ankommande
608 1043 72 19 arbete,
696 1043 108 24 Kejserliga
819 1043 34 19 Se-

97 1073 60 17 naten
173 1071 62 20 måtte
250 1071 36 20 hos
302 1071 211 25 Generalguvernören
529 1072 54 19 öfver
593 1071 67 20 landet
672 1071 110 22 hemställa,
794 1071 57 19 huru-

98 1099 45 19 vida
158 1099 44 20 icke
217 1100 55 19 Hans
288 1100 106 19 Excellens
410 1100 46 19 ville
466 1101 38 18 hos
516 1100 56 19 Hans
583 1100 111 25 Kejserliga
704 1100 93 25 Majestät
807 1102 46 23 göra

97 1128 150 25 framställning
255 1135 31 13 om
297 1128 161 20 återbesättande
469 1129 19 18 af
498 1129 16 24 ej
525 1129 76 19 mindre
611 1129 242 25 vicepresidentsembetet

97 1158 26 17 än
138 1158 29 18 ett
182 1157 141 19 hofrättsräds-
340 1157 36 19 och
393 1158 39 19 fem
443 1157 212 20 assessorsembeten
648 1153 15 34 i
668 1157 87 20 bemälda
766 1157 86 19 Hofrätt,

97 1185 105 20 äfvensom
224 1187 29 18 att
276 1185 110 26 Kejserliga
409 1185 87 20 Senaten
519 1186 62 19 tillika
604 1186 65 19 skulle
690 1185 71 20 föreslä
779 1188 29 17 att
824 1185 28 19 till

97 1214 62 24 sagda
180 1214 91 19 embeten
294 1214 85 25 följande
401 1215 64 24 enligt
488 1213 109 21 Senatorns
620 1215 60 19 tanke
702 1215 29 18 för
753 1215 100 18 desamma

97 1242 95 25 lämpliga
212 1249 94 18 personer
321 1243 63 20 mätte
398 1243 6 19 i
417 1243 71 26 Näder
502 1245 114 22 utnämnas,
632 1243 107 25 nemligen:
756 1243 29 19 till
801 1243 52 19 vice-

98 1271 102 24 president
219 1271 147 20 Hofrättsrädet
387 1272 6 19 i
412 1268 43 23 Äbo
477 1272 77 19 Hofrätt
573 1273 67 18 Anton
658 1272 46 19 Karl
720 1271 46 20 Otto
783 1271 69 24 Malin;

167 1299 29 20 till
212 1299 123 20 hofrättsräd
350 1301 111 18 Assessorn
477 1301 6 18 i
500 1307 75 13 samma
591 1301 79 19 Hofrätt
682 1300 67 19 Alfred
761 1300 92 24 Agathon

97 1327 112 25 Meurman;
226 1328 103 20 äfvensom

167 1356 29 19 till
211 1362 111 14 assessorer
335 1356 205 20 Justitierädmannen
556 1358 5 18 i
575 1357 138 21 Tammerfors,
723 1356 130 20 Jurisutrius-

98 1384 159 25 gvekandidaten
281 1386 55 18 Felix
359 1386 102 19 Florentin
484 1384 102 25 Serenius,
609 1385 216 20 Viceadvokatfiskalen
848 1385 5 19 i

97 1414 112 19 ännämnde
229 1414 80 19 Hofrätt
324 1414 72 19 Gustaf
413 1414 88 25 Hjalmar
516 1414 52 20 Roos
585 1416 52 18 samt
652 1414 117 20 Notarierne
784 1414 6 18 i
806 1414 48 18 Hof-

98 1443 66 18 rätten
180 1442 51 19 Axel
247 1442 83 20 Werner
346 1442 94 26 Rosberg,
458 1443 66 19 Martti
540 1443 60 19 Evert
611 1444 32 18 Ax
654 1443 37 19 och
701 1442 56 20 Antti
768 1442 85 19 William

99 1470 97 20 Heikkilä.
