1086 1767
112 492 326 37 Storfurstendömet
465 491 158 36 Finlands
648 491 162 36 Ständers

389 545 151 42 beslut,

213 614 80 23 fattadt
311 614 39 23 och
366 613 67 29 gifvet
448 613 13 23 å
477 613 77 23 urtima
569 613 124 28 landtdagen
710 613 4 22 i

361 667 213 35 Helsingfors,

287 725 49 21 den
354 725 25 21 18
395 725 157 26 september
569 725 73 20 1906.

158 859 31 22 Vi
213 859 153 28 efterskrifne,
391 859 225 22 Storfurstendömet
640 859 113 22 Finlands
779 859 68 22 Stän-

88 893 43 22 der
149 894 43 22 och
210 893 88 22 Finska
316 893 85 22 folkets
420 894 202 29 Representanter,
639 893 146 29 Ridderskap
802 893 43 22 och

90 928 67 27 Adel,
176 927 157 27 Prestestånd,
353 928 174 29 Borgarestånd
539 928 43 22 och
594 927 157 29 Bondestånd,
765 927 81 23 hvilka

90 970 33 15 nu
147 963 37 21 till
208 963 86 21 urtima
316 962 115 29 landtdag
455 962 138 23 församlade
613 963 67 27 varit,
698 966 55 25 göre
772 965 74 19 veter-

91 997 56 29 ligt:
172 999 36 20 att
232 1004 47 15 som
306 997 44 21 den
377 997 188 29 Stormäktigste,
593 997 125 28 Högborne
745 997 100 21 Fursten

89 1031 45 22 och
153 1032 96 27 Herren,
267 1031 95 22 Nikolai
382 1031 44 22 den
445 1031 88 29 Andre,
552 1032 97 29 Kejsare
668 1031 44 22 och
737 1031 110 29 Sjelfher-

91 1066 68 21 skare
183 1066 65 21 öfver
272 1065 52 22 hela
348 1066 126 29 Ryssland,
493 1066 58 22 Tsar
575 1066 23 22 af
616 1066 80 27 Polen,
721 1066 127 21 Storfurste

91 1101 38 21 till
147 1100 101 22 Finland
267 1103 43 18 etc.
330 1103 42 19 etc.
391 1103 51 25 etc.,
461 1101 49 21 Vär
529 1100 174 29 Allernädigste
721 1101 128 21 Storfurste

91 1135 44 22 och
153 1135 81 27 Herre,
254 1135 8 21 i
280 1135 72 21 näder
370 1135 103 28 behagat
491 1143 84 20 genom
594 1137 70 26 öppet
683 1135 48 21 bref
750 1135 43 21 och
809 1135 39 28 pä-

93 1169 47 22 bud
159 1170 23 21 af
206 1169 44 22 den
270 1169 15 22 4
304 1169 125 22 november
452 1169 40 29 (22
512 1170 105 26 oktober)
641 1169 63 22 1905
724 1169 62 22 kalla
805 1169 42 21 Oss

92 1206 36 19 att
147 1203 43 22 den
210 1204 32 21 20
255 1203 120 22 december
393 1203 103 22 sistlidet
514 1205 25 21 är
558 1204 200 27 sammankomma,
777 1203 71 22 hafva

91 1238 33 21 Vi
142 1237 153 23 nästnämnda
314 1238 46 29 dag
379 1238 42 22 Oss
440 1239 43 21 här
502 1239 7 21 i
529 1239 147 28 Helsingfors
694 1238 109 21 infunnit.

162 1272 160 29 Begynnande
346 1273 48 21 Vår
417 1273 151 22 verksamhet
590 1272 74 22 under
688 1273 92 21 äkallan
805 1271 44 23 och

93 1307 46 21 bön
164 1315 36 13 om
225 1307 45 21 den
293 1307 102 28 Högstes
417 1307 141 28 välsignelse
578 1307 64 21 öfver
660 1307 61 21 Våra
739 1307 110 28 göromål,

93 1340 72 23 hafva
192 1342 37 27 Vi,
254 1341 70 21 sedan
352 1341 29 21 Vi
406 1342 13 21 ä
443 1342 120 22 tronsalen
588 1341 44 22 den
651 1342 30 20 22
701 1342 8 20 i
732 1341 117 28 sistsagda

93 1375 85 22 mänad
202 1376 46 21 fätt
272 1375 37 21 del
334 1376 22 21 af
380 1383 28 14 en
436 1376 74 28 nädig
537 1376 144 28 proposition
708 1376 70 28 jämte
807 1376 44 22 för-

93 1410 59 28 slag,
177 1418 47 14 som
249 1410 65 21 Hans
338 1410 132 29 Kejserliga
495 1410 111 28 Majestät
632 1410 63 22 velat
722 1410 42 21 Oss
794 1410 59 22 före-

95 1444 77 29 lägga,
190 1444 60 22 efter
270 1444 144 29 föregängna
432 1444 210 29 öfverläggningar
660 1444 98 22 rörande
776 1444 77 22 denna

95 1478 44 22 och
162 1478 27 22 de
214 1478 86 29 nädiga
324 1479 178 29 propositioner,
522 1479 81 21 hvilka
628 1478 128 23 sedermera
779 1479 74 22 under
