1084 1767
226 154 27 21 38
446 154 28 22 U.
492 154 27 22 B.
535 166 27 3 —
579 154 74 28 Prop.
669 153 42 23 N:o
728 153 32 22 17.

227 225 87 23 hvilka
348 224 62 27 icke,
440 225 78 29 enligt
542 224 251 30 föreningsfrihetens
819 225 164 29 grundsatser

227 259 168 29 ovilkorligen
414 259 129 23 betraktas
563 259 84 23 såsom
666 259 57 23 dess
742 259 79 23 ensak
838 259 46 23 och
897 260 86 22 därför

227 294 97 22 lämnas
349 294 26 22 åt
401 294 59 22 dess
484 295 57 28 eget
566 294 146 29 afgörande.
741 294 49 22 Vill
808 300 31 16 en
858 294 123 29 förening,

228 335 53 16 som
292 334 98 23 uppger
405 328 38 30 sig
456 328 107 30 fullfölja
577 330 35 21 ett
623 328 113 29 politiskt
749 328 73 29 syfte,
838 328 83 22 såsom
929 328 54 23 sina

227 363 163 22 medlemmar
408 363 109 22 tolerera
542 363 138 29 omyndiga
692 363 46 22 och
751 362 169 30 öfvermagar,
934 363 49 22 må-

231 399 38 21 ste
287 397 68 23 detta
375 397 37 23 stå
432 398 48 22 den
499 398 85 28 öppet,
604 398 106 22 likasom
723 397 43 23 det
778 397 54 23 icke
845 397 79 23 heller
933 398 50 22 kan

229 432 184 29 ifrågakomma
433 433 35 21 att
486 432 7 22 i
509 432 43 29 lag
571 432 90 29 stadga
674 432 141 29 någonting
825 432 158 22 beträffande

229 466 59 23 dess
307 466 174 23 medlemmars
499 466 189 27 intellektuella,
707 466 123 29 psykiska
846 466 46 23 och
905 472 78 17 mora-

228 501 65 22 liska
313 501 157 28 egenskaper
488 501 7 22 i
514 501 84 29 öfrigt.
635 501 55 22 Den
709 500 127 29 naturliga
854 501 129 29 påföljden

229 535 26 22 af
286 537 36 20 att
354 541 31 16 en
414 535 118 30 förening
562 535 67 23 inom
654 535 38 29 sig
719 536 127 28 upptager
875 541 108 23 omogna

229 570 107 22 element
360 570 28 22 är
410 570 32 22 då
462 570 56 27 den,
539 572 43 25 att,
607 570 2 22 i
628 570 49 22 den
696 569 57 23 mån
772 569 69 23 detta
860 570 28 22 är
907 569 75 26 fallet,

228 604 151 29 föreningen
406 605 92 29 drager
523 604 72 23 öfver
619 605 40 28 sig
681 604 59 29 själf
758 605 35 22 ett
811 604 63 23 sken
894 605 26 21 af
936 611 48 16 om-

229 639 176 26 dömeslöshet,
428 639 46 22 och
494 641 36 20 att
554 639 25 22 åt
597 639 58 22 dess
674 638 148 23 uttalanden
840 639 46 22 och
906 639 78 29 tillgö-

229 673 98 22 randen
347 673 63 23 skall
429 673 118 23 tillmätas
566 674 8 22 i
593 673 179 23 motsvarande
790 673 65 29 grad
868 673 116 22 minskad

229 708 232 29 uppmärksamhet.

299 742 39 23 Då
356 743 205 22 undertecknade
580 743 106 22 sålunda
705 742 54 23 icke
772 742 86 22 kunna
872 742 111 22 erkänna

230 777 121 22 behofvet
374 777 45 22 och
445 777 275 29 ändamålsenligheten
746 776 25 23 af
789 777 49 22 den
857 777 47 22 här
922 777 62 22 före-

231 812 97 29 slagna,
353 811 39 23 för
416 812 50 22 den
490 812 107 29 tidigare
621 811 259 29 rättsuppfattningen
902 811 8 22 i
928 811 57 22 vårt

231 846 61 22 land
315 846 156 23 främmande
495 847 178 22 restriktionen
692 846 36 23 uti
746 845 238 29 föreningsfriheten

231 882 65 21 samt
314 881 70 22 finna
403 887 30 16 en
453 881 69 29 dylik
541 881 160 29 bestämning
720 880 38 23 stå
777 880 7 21 i
798 879 74 23 altför
886 880 99 29 afgjord

231 915 63 22 strid
327 915 56 22 med
418 915 252 30 föreningsfrihetens
700 914 174 31 grundsatser,
905 914 25 23 få
961 915 24 21 vi

232 950 131 22 vördsamt
381 949 103 23 föreslå:

507 1020 38 21 att
561 1020 16 27 $
595 1020 17 21 5
623 1019 81 22 blefve
725 1019 41 22 till
784 1018 116 22 utskottet
924 1017 63 22 åter-

440 1054 149 22 remitterad
613 1054 10 21 i
642 1053 45 22 och
716 1053 40 22 för
774 1052 156 29 uteslutning
958 1051 33 23 af

440 1089 193 28 bestämningen
659 1094 41 15 om
719 1094 29 15 en
768 1087 52 22 viss
848 1087 84 28 lägsta
951 1085 36 24 ål-

440 1123 52 26 der,
511 1122 83 23 såsom
615 1122 93 23 villkor
727 1122 40 22 för
779 1121 153 29 rättigheten
951 1122 37 21 att

440 1157 107 22 tillhöra
576 1157 125 28 förening,
732 1163 54 16 som
811 1155 127 28 fullföljer
955 1156 33 21 ett

436 1191 119 30 politiskt
572 1191 73 29 syfte.

574 1272 14 29 8
610 1272 39 22 14.

304 1328 11 22 I
335 1329 48 22 den
403 1330 61 21 sista
484 1329 24 22 af
526 1329 32 22 de
577 1329 36 22 uti
640 1328 7 29 $
669 1329 29 21 14
711 1327 125 29 ingående
846 1326 143 23 subsidiära

235 1362 223 30 bestämningarna
478 1364 46 22 har
542 1363 122 23 utskottet
682 1362 76 22 infört
771 1362 49 22 den
832 1361 155 29 förändring,

235 1398 37 21 att
297 1398 175 28 trefjärdedels
496 1398 128 28 pluralitet
642 1403 61 16 vore
721 1402 51 23 nog
791 1396 39 22 för
849 1395 82 23 beslut
949 1402 40 16 om

235 1431 108 29 ändring
362 1432 26 22 af
406 1432 138 29 stadgarna
563 1432 90 22 endast
670 1432 8 21 i
697 1431 42 22 det
757 1430 52 26 fall,
830 1431 36 21 att
882 1429 108 23 beslutet

233 1464 110 24 fattades
369 1467 42 21 vid
436 1466 117 26 årsmöte,
573 1473 57 15 men
650 1467 35 21 att
704 1466 61 28 eljes
784 1464 40 22 för
842 1464 149 29 giltigheten

305 1510 132 22 Lagutskottets
450 1510 110 18 betänkande
572 1510 35 17 N:o
619 1511 17 15 4.
