1081 1759
143 671 26 21 21
187 670 25 29 S.

230 146 28 23 32
446 149 29 23 U.
493 149 25 21 B.
537 163 26 2 —
580 149 75 29 Prop.
671 150 43 22 N:o
731 149 34 23 14.

230 222 51 16 som
298 222 55 22 eger
368 217 76 23 utöfva
460 218 120 22 inseendet
596 218 63 22 öfver
673 218 105 22 skriftens
795 218 131 28 utgifvande
942 217 43 22 och

230 250 128 23 bestämma
381 252 54 22 dess
459 252 106 22 innehåll.
596 252 312 29 Anmälningsskyldigheten
925 252 60 28 äläg-

229 291 43 21 ges
296 286 124 22 emellertid
444 286 50 22 icke
517 286 87 23 honom
621 288 54 21 utan
690 287 151 28 förläggaren.
871 286 115 23 Utskottet

230 319 44 22 kan
292 320 75 22 därför
382 320 49 22 icke
447 321 63 22 finna
526 321 38 22 det
579 321 80 29 billigt,
671 322 30 21 att
713 321 192 23 huivudredaktör
916 321 69 27 enligt

229 354 15 21 4
259 360 72 16 mom.
347 355 88 22 likvisst
451 356 72 21 under
538 356 43 22 alla
597 356 196 28 omständigheter
811 356 56 21 skall
879 356 45 21 lika
935 361 49 16 som

229 388 130 29 förläggare
375 396 96 16 ansvara
486 390 34 22 för
535 390 159 22 försummelse
710 390 21 22 af
741 396 28 16 en
782 390 136 28 skyldighet,
930 390 54 22 hvil-

229 422 46 22 ken
291 424 71 28 enligt
385 424 2 22 1
407 424 43 22 och
466 425 13 21 3
495 431 69 15 mom.
577 425 60 21 dock
648 424 87 29 äligger
745 425 142 27 förläggaren
899 431 85 15 ensam.

228 457 116 29 Riktigare
359 464 54 16 vore
429 460 32 21 att
477 459 52 21 med
545 459 108 22 afseende
670 459 12 22 ä
698 460 105 21 ansvaret
817 459 34 22 för
862 459 122 23 utebliiven

228 493 107 21 anmälan
347 493 95 22 likställa
455 494 222 22 hufvudredaktören
689 494 51 22 med
752 494 171 28 boktryckaren,
935 494 20 22 d.
964 500 20 16 v.

228 532 18 16 s.
260 528 32 21 att
308 527 77 22 säsom
401 528 162 28 förutsättning
578 528 34 22 för
627 528 71 22 sädan
710 528 145 28 ansvarighet
865 528 70 22 ocksä
951 528 34 22 för

229 561 45 22 den
290 562 157 22 förstnämnda
467 562 81 29 stadga
563 563 96 29 vetskap
675 569 46 21 om,
737 564 30 21 att
783 563 104 22 anmälan
904 563 80 22 under-

228 595 67 23 lätits.
321 596 116 23 Utskottet
458 597 40 22 har
520 597 57 29 förty
603 597 6 22 i
632 597 81 23 sådant
735 597 58 29 syfte
816 597 168 23 omformulerat

228 631 140 28 paragrafen.

298 665 31 22 På
344 672 87 16 samma
447 666 56 27 skäl,
519 672 50 17 som
585 666 86 23 anförts
687 667 34 21 för
736 666 151 28 ändringarna
898 666 6 22 i
915 666 13 22 5
939 666 44 22 och

224 698 32 22 16
282 700 36 27 $$,
341 706 67 17 anser
428 701 109 22 utskottet
563 701 70 22 finskt
656 701 207 28 medborgareskap
879 707 52 16 vara
953 702 31 21 ett

227 733 146 30 nödvändigt
395 736 81 22 villkor
497 736 35 22 för
550 736 133 22 utöfvandet
698 736 21 22 af
735 742 28 15 en
780 735 203 23 hufvudredaktörs

227 767 51 23 kall.
315 769 144 29 Rättigheten
483 771 31 21 att
536 776 53 16 vara
611 770 106 28 ansvarig
740 769 192 23 hufvudredaktör
949 770 35 22 för

226 807 29 16 en
272 803 91 29 tidning
379 804 53 22 eller
447 805 97 22 tidskrift
559 807 24 19 är
599 804 77 27 ocksä,
692 804 21 23 af
729 804 111 28 naturliga
863 804 43 22 och
929 806 54 20 nära

225 838 33 22 till
285 838 73 22 hands
375 839 108 28 liggande
499 839 55 27 skäl,
571 839 6 21 i
593 839 54 22 flere
661 839 79 22 länder
755 838 116 22 inskränkt
886 838 31 22 till
933 838 45 23 lan-

226 873 52 23 dets
294 879 60 23 egna
369 874 157 29 medborgare.

297 908 144 23 Beträffande
463 909 110 28 uttrycket
590 908 109 28 ,ätnjuter
713 908 119 28 personlig
847 908 77 22 frihet"
941 908 40 23 har

226 942 63 22 inom
305 943 109 22 utskottet
424 944 121 26 anmärkts,
557 944 30 21 att
599 943 126 22 detsamma
736 942 40 22 här
787 942 39 22 har
836 948 28 16 en
876 942 104 22 stötande

225 976 77 29 klang,
327 977 77 22 såsom
427 978 165 22 förutsättande
615 978 31 22 att
664 978 6 21 i
686 977 77 22 landet
778 976 81 22 funnes
875 982 28 16 en
919 977 61 22 klass

225 1011 22 22 af
272 1012 157 28 medborgare,
454 1012 74 22 hvilka
552 1012 49 22 icke
617 1011 85 29 åtnjöte
718 1011 72 23 sådan
805 1011 72 21 frihet.
907 1011 73 22 Bättre

225 1051 56 17 vore
303 1046 35 26 då,
362 1047 31 21 att
416 1046 72 22 direkt
515 1048 88 26 utsäga,
631 1046 60 22 hvad
717 1046 40 22 här
781 1045 67 27 afses,
871 1045 21 22 d.
918 1052 20 15 v.
962 1051 18 16 s.

225 1080 51 22 icke
310 1080 71 22 utstår
410 1080 141 22 frihetsstraff
580 1080 53 22 eller
659 1080 54 28 eljes
737 1082 24 20 är
783 1080 6 21 i
813 1080 67 22 häkte
910 1080 70 22 inma-

225 1114 53 22 nad.
315 1114 34 22 En
373 1114 71 23 sådan
468 1115 146 28 bestämning
629 1121 68 22 synes
714 1114 123 22 emellertid
854 1114 39 22 här
909 1114 71 22 öfver-

227 1148 88 23 hufvud
339 1149 49 22 icke
411 1156 53 16 vara
487 1149 21 22 af
530 1149 108 22 behofvet
661 1148 112 29 påkallad,
796 1148 65 22 äfven
882 1154 37 16 om
936 1149 43 21 den

224 1182 117 23 måhända
364 1184 76 22 kunde
464 1184 29 22 ha
509 1184 48 22 skäl
572 1184 35 22 för
622 1184 36 28 sig
673 1184 7 21 i
695 1190 28 16 en
741 1184 44 27 lag,
801 1183 40 21 där
856 1183 37 21 det
909 1183 71 28 belgi-

225 1217 42 22 ska
285 1219 109 27 systemet
409 1218 34 22 för
459 1218 174 28 ansvarigheten
649 1220 24 20 är
687 1217 133 29 tillämpadt.
850 1217 28 21 Af
895 1217 25 21 19
935 1217 44 22 och

223 1252 29 21 22
269 1252 31 28 $$
322 1252 104 28 framgår,
447 1254 31 20 att
493 1259 50 15 som
561 1252 192 22 hufvudredaktör
769 1252 41 22 bör
825 1252 101 21 anmälas
941 1258 38 16 en-

224 1286 53 22 dast
293 1286 52 27 den,
361 1293 51 16 som
428 1288 116 27 verkligen
561 1287 43 22 kan
620 1287 96 28 fullgöra
733 1292 29 16 en
776 1286 204 22 hufvudredaktörs

224 1320 148 29 åligganden.
407 1321 46 23 Om
477 1328 28 15 en
528 1327 83 23 person
635 1321 69 22 utstår
727 1321 32 21 ett
774 1320 155 28 långvarigare
944 1320 35 22 fri-

224 1355 121 27 hetsstraff,
373 1356 25 22 så
421 1362 69 22 synes
513 1356 38 22 det
573 1356 118 28 själffallet,
714 1356 32 22 att
769 1355 44 22 han
837 1355 49 21 icke
909 1354 72 22 under

224 1390 76 22 denna
323 1390 32 22 tid
380 1392 23 20 är
425 1390 98 28 behörig
545 1391 31 21 att
599 1390 30 22 bli
653 1390 90 22 anmäld
767 1395 50 16 som
834 1395 29 16 en
879 1389 101 28 tidnings

224 1424 203 27 hufvudredaktör,
453 1425 65 22 äfven
543 1431 38 16 om
607 1424 78 28 någon
707 1424 172 28 tidningsegare
904 1423 76 22 kunde

224 1458 95 23 komma
341 1458 30 29 på
394 1460 83 21 tanken
498 1460 31 21 att
543 1461 57 26 göra
616 1465 28 16 en
660 1458 72 23 sådan
748 1458 111 22 anmälan.
889 1453 30 27 Är
934 1457 47 23 åter

294 1505 130 23 Lagutskottets
436 1506 109 18 betänkande
557 1505 37 18 N:o
606 1506 18 17 2.
