1081 1756
306 149 29 22 U.
352 148 27 22 B.
397 160 21 3 —
437 148 74 28 Prop.
528 148 41 22 N:o
585 148 35 22 14.
819 146 28 23 25

91 217 52 23 med
166 217 108 22 afseende
297 217 12 22 å
332 217 223 28 mängfaldigandets
575 217 132 22 effektivitet
723 216 56 22 skall
795 222 52 16 vara

90 251 122 29 jämförligt
235 252 51 22 med
310 252 136 28 tryckpress.
477 250 29 23 Sä
531 253 23 19 är
576 252 15 21 t.
615 258 36 15 ex.
675 250 12 22 ä
703 250 144 22 skrifmaskin

91 286 109 28 kopierad
217 286 68 27 skrift,
301 286 65 22 äfven
381 292 37 15 om
429 286 54 22 flere
494 286 82 28 kopior
590 286 76 28 tagits,
683 286 49 21 icke
749 286 31 21 att
792 290 55 16 anse

92 326 50 16 som
158 320 136 28 tryckskrift;
305 320 50 22 icke
367 320 68 22 heller
448 320 169 28 reproduktion,
628 326 51 16 som
691 320 59 21 skett
761 319 86 22 medels

92 361 18 15 s.
126 354 20 22 k.
162 354 168 29 bläkopiering;
346 354 19 28 ej
383 354 69 22 heller
462 354 106 28 fotografi
584 354 6 22 i
601 354 80 28 vanlig
697 354 100 28 mening.

162 388 114 23 Utskottet
292 389 39 22 har
346 389 95 22 sålunda
458 389 6 21 i
481 389 128 21 hufvudsak
625 388 103 29 godkänt
739 388 108 28 stadgan-

92 423 38 21 det
146 423 6 21 i
173 423 3 22 I
192 429 68 16 mom.
273 423 13 21 2
304 424 20 27 $.
348 423 50 22 Den
414 423 100 28 farhåga,
530 429 51 16 som
598 424 91 21 uttalats
707 422 140 23 beträffande

93 457 59 22 detta
176 457 133 28 stadgande,
325 457 115 28 nämligen
463 459 31 20 att
510 457 126 22 detsamma
661 457 72 22 skulle
749 462 99 23 uppresa

93 491 139 28 svårigheter
254 492 34 21 för
303 492 163 28 reproduktion
482 492 21 22 af
519 492 96 22 cirkulär
637 492 43 22 och
701 491 69 22 andra
787 491 61 22 med-

93 526 120 27 delanden,
237 532 49 16 som
308 527 142 21 förekomma
472 527 105 22 särskildt
593 527 62 22 inom
673 526 136 26 affärslifvet,
826 527 23 20 är

93 561 49 21 icke
158 561 110 28 grundad,
285 561 30 28 ity
329 562 30 21 att
375 561 28 22 de
415 561 100 28 enligt10
530 561 13 28 $
555 561 43 22 och
617 561 8 22 1
644 567 69 16 mom.
732 561 26 21 12
773 561 14 27 $
799 560 50 22 icke

94 597 38 20 äro
155 595 165 22 underkastade
345 595 223 29 tryckfrihetslagens
591 595 256 28 ordningsföreskrifter.

162 630 68 21 Däraf
245 631 30 20 att
291 636 27 16 en
335 630 62 22 skrift
413 630 72 21 blifvit
501 629 170 29 mängfaldigad
688 635 85 22 genom
787 629 62 28 tryck
864 637 5 6 *

93 664 64 29 följer
192 667 61 19 ännu
283 665 50 21 icke
363 665 30 21 att
423 665 224 28 tryckfrihetsiagens
678 664 171 27 bestämningar

94 701 38 20 äro
149 699 28 28 pä
194 699 132 22 densamma
342 699 140 28 tillämpliga.
505 699 172 28 Förutsättning
691 699 74 22 härför
773 701 30 24 är,
814 697 34 23 sä-

94 739 50 16 som
160 733 69 22 redan
247 734 5 21 i
269 733 37 22 det
316 733 138 28 föregäende
466 733 97 29 antydts,
579 734 30 21 att
620 733 160 28 tryckskriften
793 732 56 23 skall

94 768 66 21 haiva
176 768 71 22 blifvit
260 768 107 28 utgifven.
383 768 78 22 Därtill
473 768 46 22 äter
529 768 110 22 erfordras
651 774 28 16 en
695 767 71 22 sädan
778 767 70 22 hand-

94 803 54 28 ling,
164 809 51 16 som
231 805 43 26 gör
284 803 105 22 skriftens
400 803 99 22 innehäll
510 803 138 28 tillgängligt
660 803 34 21 för
705 803 66 21 hvem
784 803 64 25 helst,

95 843 50 16 som
154 837 84 22 önskar
248 838 52 27 taga
313 837 129 22 kännedom
456 837 86 22 därom.
572 837 46 22 När
633 837 144 28 utgifvandet
793 836 56 23 skall

95 877 67 16 anses
185 872 65 21 hafva
266 873 38 27 egt
319 878 56 20 rum,
392 871 71 22 mäste
479 872 60 22 dock
555 871 108 22 stundom
680 871 31 22 bli
733 871 116 22 beroende

94 905 29 29 pä
147 906 107 28 pröfning
269 907 7 20 i
292 906 37 22 det
345 906 104 22 enskilda
464 906 67 22 fallet.
562 905 29 23 Sä
607 906 43 22 kan
667 906 141 28 exempelvis
829 906 20 28 ej

95 939 71 29 nägot
186 940 76 22 tvifvel
278 940 53 23 räda
351 940 85 26 därom,
452 941 31 21 att
499 941 170 27 uppspikandet
685 940 21 22 af
722 941 31 21 ett
769 940 81 28 anslag

94 974 54 22 eller
163 974 76 28 plakat
254 974 29 29 pä
299 980 26 16 en
343 975 91 21 allmänt
449 974 130 29 tillgänglig
594 974 59 29 plats
665 974 53 22 eller
729 974 6 22 i
747 974 103 28 offentlig

95 1009 59 21 lokal
170 1009 119 22 innefattar
304 1010 30 21 ett
350 1009 139 28 utgifvande.
513 1008 87 27 Likaså,
617 1015 37 15 om
671 1015 28 15 en
715 1009 90 28 tidning
817 1010 32 20 ut-

94 1043 71 22 bredd
189 1044 137 28 upphänges
351 1044 6 21 i
379 1044 30 21 ett
431 1044 94 26 fönster,
548 1043 25 22 sä
589 1044 31 21 att
636 1044 87 21 enhvar
737 1043 44 22 kan
797 1044 54 27 taga

94 1077 131 23 kännedom
248 1084 38 16 om
309 1078 54 22 dess
384 1077 107 23 innehäll.
521 1078 74 22 Dessa
619 1078 141 28 synpunkter
781 1083 69 23 synas

96 1112 65 22 hafva
182 1112 72 22 blifvit
268 1112 70 28 följda
358 1112 38 22 vid
417 1112 121 22 affattande
557 1112 21 22 af
593 1112 14 22 3
622 1113 21 27 $,
660 1112 89 22 hvarför
764 1112 86 22 utskot-

94 1147 32 21 tet
144 1147 50 21 icke
209 1147 76 22 tvekat
300 1148 30 21 att
345 1146 124 29 godkänna
485 1147 134 22 densamma
636 1146 143 22 oförändrad.

433 1250 13 22 2
463 1250 60 28 Kap.

165 1312 63 22 Inom
250 1313 109 21 utskottet
381 1313 40 22 har
443 1312 135 28 ifrägasatts,
595 1312 112 22 huruvida
725 1312 127 28 tillräckligt

96 1346 48 22 skäl
167 1346 123 23 förefinnes
313 1347 34 21 för
362 1346 161 23 bibehällande
539 1347 22 22 af
576 1347 110 22 särskilda
708 1346 144 28 stadganden

96 1380 120 29 angäende
239 1381 98 22 idkande
360 1381 21 22 af
404 1381 235 29 boktryckerirörelse,
663 1381 54 22 eller
740 1387 37 16 om
802 1380 50 22 icke

96 1415 68 22 hellre
181 1416 113 21 allmänna
310 1416 174 28 näringslagens
500 1416 136 22 föreskrifter
651 1415 71 22 borde
738 1415 114 28 tillämpas

95 1450 140 22 beträffande
252 1451 70 21 rätten
338 1450 31 22 att
393 1450 78 22 utöfva
499 1450 66 22 äfven
591 1450 75 22 denna
691 1450 86 28 näring.
808 1449 45 22 För

164 1495 131 22 Laguiskottets
308 1495 110 18 betänkande
430 1495 37 18 N:o
479 1495 19 17 2.
