1081 1764
257 127 14 21 6
571 128 41 22 N:o
624 128 27 23 17

226 196 93 22 utträda
333 204 27 15 ur
374 196 141 30 föreningen.
544 197 67 22 Dock
625 197 46 21 kan
681 197 9 22 i
700 197 117 29 förenings
828 197 93 29 stadgar
931 197 55 21 fast-

227 231 79 21 ställas
321 231 46 22 viss
383 231 201 30 uppsägningstid,
599 231 69 29 högst
684 233 33 20 ett
733 232 29 22 år.

296 265 53 22 Med
364 266 110 22 medlems
488 266 91 22 utträde
596 267 54 21 eller
662 266 145 29 uteslutning
817 266 92 22 förfalla
919 266 65 22 äfven

227 299 29 22 de
275 299 159 30 förpliktelser,
454 301 46 22 han
516 308 83 21 genom
614 301 41 22 sitt
670 301 89 22 inträde
775 301 74 28 åtagit
864 301 42 29 sig,
922 303 63 19 utom

227 334 76 22 såvidt
317 335 73 28 gäller
405 335 148 22 därförinnan
568 335 37 22 till
620 336 120 28 betalning
755 335 108 22 förfallna
878 336 55 21 eller
950 335 36 22 för

227 369 47 22 viss
289 369 34 22 tid
337 369 86 22 utfästa
438 370 98 29 afgifter.

296 403 88 23 Aflider
398 405 104 28 medlem,
519 413 53 14 vare
587 405 57 22 hans
659 405 88 22 dödsbo
762 405 51 22 icke
824 405 117 28 ansvarigt
951 404 35 22 för

227 438 70 21 andra
313 441 28 19 än
355 439 108 22 förfallna
478 439 92 29 afgifter
585 440 37 21 till
637 440 142 29 föreningen.

578 503 27 22 13
621 503 19 30 8.

297 537 69 28 Öfver
388 543 118 28 förenings
528 543 147 22 medlemmar
698 543 58 22 skall
779 543 23 22 af
822 543 51 22 dess
889 543 95 29 styrelse

227 577 73 21 hållas
315 577 151 29 förteckning.

540 689 20 15 2
574 689 92 19 kap.

341 744 34 23 Om
391 744 147 23 handhafvande
553 745 20 22 af
588 745 99 28 förenings
703 745 170 28 angelägenheter.

576 808 27 21 14
618 809 19 26 8.

296 847 315 29 Föreningsmedlemmarnes
627 848 181 22 beslutanderätt
821 848 7 21 i
839 848 145 28 föreningens

227 882 192 28 angelägenheter
439 882 90 22 utöfvas
547 882 39 22 vid
606 882 180 28 föreningsmöte
802 882 23 21 af
841 882 78 22 därvid
935 885 49 19 när-

226 916 99 22 varande
341 917 153 21 medlemmar.

575 987 27 21 15
617 988 19 26 8.

296 1025 45 23 Vid
364 1026 180 28 föreningsmöte
566 1027 38 21 mä
626 1026 20 28 ej
669 1026 99 22 medlem
788 1026 93 28 deltaga
898 1026 7 21 i
921 1026 63 28 aigö-

226 1060 71 21 rande
320 1060 22 22 af
363 1060 73 29 fräga,
460 1061 8 21 i
491 1061 92 22 hvilken
606 1061 56 21 hans
685 1060 105 22 enskilda
812 1060 72 22 fördel
905 1061 79 21 strider

226 1096 49 19 mot
298 1094 153 29 föreningens,
475 1094 42 22 och
537 1095 194 28 styrelsemedlem
747 1094 63 29 förty
825 1095 50 21 icke
891 1095 71 21 heller
976 1095 7 21 i

226 1129 38 21 val
281 1128 22 22 af
317 1128 92 22 revisor.

296 1163 147 22 Beträffande
458 1163 178 29 föreningsmöte
659 1164 61 28 gälle
743 1164 7 20 i
770 1163 77 29 öfrigt,
871 1162 74 23 sävidt
964 1164 19 28 ej

226 1196 7 22 i
250 1197 123 29 stadgarna
388 1201 26 18 är
429 1198 141 22 annorlunda
585 1198 123 22 bestämdt:

296 1234 34 19 att
358 1232 86 22 enhvar
474 1232 25 22 af
523 1232 147 29 föreningens
696 1232 147 22 medlemmar
868 1240 53 20 eger
945 1232 40 22 vid

225 1268 62 19 möte
303 1266 81 22 utöfva
398 1269 104 25 rösträtt;

296 1303 34 19 att
344 1301 99 22 medlem
460 1302 139 22 tillkommer
614 1302 61 21 blott
690 1309 28 14 en
733 1304 56 25 röst;

296 1338 33 19 att
352 1336 110 22 medlems
484 1338 94 20 rösträtt
600 1336 50 21 icke
669 1336 45 21 kan
731 1343 83 21 genom
831 1336 83 21 ombud
931 1336 54 21 eller

226 1368 23 21 af
265 1370 110 21 mälsman
391 1370 101 27 utöfvas;

296 1406 34 19 att
345 1404 75 21 säsom
435 1404 147 29 föreningens
597 1404 75 21 beslut
687 1405 74 27 gäller
776 1403 43 22 den
836 1404 98 28 mening,
951 1404 34 21 för

225 1437 95 22 hvilken
335 1437 28 22 de
378 1438 66 22 flesta
459 1441 101 20 rösterna
576 1439 112 28 afgifvits;
