1086 1773
270 153 31 22 38

305 222 249 29 Grundlagsutskottet
571 222 43 22 bör
632 223 70 21 äfven
720 222 63 30 eljes,
802 225 43 19 när
863 222 127 29 anledning

232 256 83 22 därtill
332 264 80 22 yppas,
431 256 40 23 vid
489 256 208 30 handläggningen
716 257 24 22 af
757 256 28 22 de
804 257 109 28 ärenden,
940 264 49 15 som

236 292 30 28 på
293 291 116 22 utskottet
435 292 131 27 ankomma,
585 292 56 29 ingå
659 292 8 21 i
685 292 112 29 pröfning
815 291 24 22 af
856 291 132 29 styrelseåt-

234 325 97 29 gärders
349 326 150 29 lagenlighet.

303 360 87 22 Finner
413 363 73 20 annat
509 360 92 22 utskott
624 360 52 22 skäl
701 360 142 22 förekomma
862 360 37 22 till
916 360 72 22 sådan

234 395 162 29 anmärkning,
423 402 49 15 som
499 394 69 23 ofvan
596 395 66 28 afses,
692 394 125 30 hänskjute
844 394 84 30 frågan
951 394 37 22 till

229 428 254 31 grundlagsutskottet.

590 497 10 17 3
613 497 15 22 &.

304 551 49 22 Har
371 551 155 29 anmärkning
543 553 63 20 emot
623 551 201 29 styrelseledamot
845 551 142 29 hänskjutits

232 585 40 23 till
296 585 250 30 grundlagsutskottet,
573 585 61 22 skall
657 586 115 21 utskottet
798 585 78 22 lämna
903 585 84 22 honom

232 619 96 23 tillfälle
355 623 35 19 att
416 620 63 22 inom
505 621 47 21 viss
578 620 24 22 af
619 620 115 22 utskottet
751 622 75 20 utsatt
844 619 36 22 tid
899 620 88 29 afgifva

232 654 138 29 förklaring,
389 655 104 28 skriftlig
511 655 56 22 eller
585 655 108 28 muntlig.
724 655 87 21 Finner
823 655 115 21 utskottet
946 654 41 22 vid

232 689 180 29 handläggning
431 689 23 22 af
471 689 73 29 fräga,
563 697 49 14 som
630 689 63 22 inom
711 689 116 22 utskottet
837 689 56 29 eljes
903 689 36 21 till
949 689 37 22 be-

232 723 102 29 redning
352 723 130 30 föreligger,
501 724 50 21 skäl
570 726 36 19 att
617 724 129 22 framställa
759 723 163 29 anmärkning,
932 731 54 14 vare

231 758 41 29 lag
290 765 91 15 samma.

589 825 38 22 48.

302 879 12 21 I
341 879 127 29 anledning
495 879 23 22 af
544 879 162 29 anmärkning,
727 886 48 14 som
793 878 38 22 till
848 878 138 29 grundlags-

233 913 115 22 utskottet
375 913 150 30 hänskjutits,
552 921 54 22 eger
632 914 115 22 utskottet
771 913 81 29 pröfva
871 913 115 22 huruvida

233 948 199 28 styrelseledamot
447 948 91 22 förfarit
550 948 142 29 lagstridigt.
711 947 124 23 Likaledes
850 948 41 21 bör
900 948 85 28 grund-

232 982 174 28 lagsutskottet,
433 982 30 22 dä
487 983 157 29 anmärkning
661 985 48 19 mot
727 982 199 29 styrelseledamot
944 982 42 22 där

231 1016 144 28 framställts,
403 1017 82 29 pröfva
507 1017 117 23 huruvida
648 1017 185 28 anmärkningen
858 1016 60 22 skall
944 1016 41 22 hos

230 1050 145 30 landtdagen
395 1051 36 22 till
450 1052 83 28 ätgärd
551 1052 103 22 anmälas
667 1051 56 22 eller
732 1058 37 15 om
779 1050 44 22 den
834 1051 42 21 bör
885 1051 99 22 förfalla.

302 1085 100 22 Stannar
420 1086 41 21 vid
469 1086 172 29 behandlingen
652 1086 22 22 af
684 1085 91 28 ärende,
786 1085 95 22 hvarom
891 1085 8 21 i
909 1085 76 22 denna

229 1120 110 28 paragraf
348 1124 25 17 är
383 1120 74 29 sagdt,
464 1121 71 21 minst
544 1120 90 22 hälften
641 1120 23 22 af
670 1120 256 29 grundlagsutskottets
933 1124 52 18 när-

229 1154 103 22 varande
342 1154 148 22 medlemmar
499 1155 39 21 vid
548 1154 45 22 den
606 1155 62 21 äsikt
680 1156 36 20 att
724 1154 200 28 styrelseledamot
933 1154 52 22 icke

229 1188 94 22 förfarit
350 1188 135 30 lagstridigt
509 1190 56 20 eller
590 1192 35 19 att
643 1190 62 21 inom
723 1188 116 22 utskottet
857 1188 67 30 gjord
946 1196 39 14 an-

229 1223 127 29 märkning
379 1224 20 28 ej
419 1223 42 22 bör
479 1224 103 22 anmälas
601 1224 37 21 till
656 1223 91 29 ätgärd,
765 1222 61 22 skall
844 1223 81 29 frägan
945 1231 39 14 an-

229 1264 37 14 ses
284 1257 72 22 hafva
367 1258 104 22 förfallit.
509 1258 65 22 Dock
588 1258 41 22 bör
640 1258 116 22 utskottet
768 1257 80 22 härom
858 1257 41 22 hos
909 1257 75 22 landt-

228 1291 78 29 dagen
325 1292 98 26 anmäla,
441 1295 58 19 utan
518 1293 25 21 sä
562 1296 31 24 är,
607 1295 35 19 att
652 1292 187 28 anmärkningen
847 1292 137 22 framställts

228 1326 64 22 inom
319 1326 117 22 utskottet
463 1326 43 22 och
533 1327 131 28 förklaring
685 1326 110 22 däröfver
813 1326 20 28 ej
853 1326 79 22 blifvit
950 1327 34 21 in-

228 1360 103 22 fordrad.

298 1394 12 22 I
325 1394 109 30 pröfning
450 1395 23 21 af
483 1395 156 29 anmärkning
649 1400 48 17 mot
707 1394 203 30 styrelseledamot
919 1395 65 22 skola

228 1428 8 22 i
261 1428 245 30 grundlagsutskottet
524 1430 71 21 minst
613 1432 83 20 sexton
715 1429 150 22 medlemmar
884 1429 99 29 deltaga.
