1081 1761
224 150 28 21 14
445 151 29 22 U.
490 151 28 22 B.
534 163 28 4 —
577 151 75 28 Prop.
669 151 40 22 N:o
725 151 36 22 15.

223 221 137 30 gudstjänst
377 222 119 28 förrättas,
520 222 150 23 medlemmar
689 223 23 22 af
731 221 45 23 den
795 221 118 22 lutherska
931 221 53 30 kyr-

225 256 48 22 kan
291 256 52 22 icke
355 256 24 22 få
397 259 57 20 utan
474 257 176 29 kyrkoherdens
668 256 115 23 särskilda
801 255 107 23 tillstånd
926 263 56 15 sam-

225 291 148 22 mankomma
397 291 37 22 till
452 291 93 22 enskild
564 290 218 30 andaktsutöfning,
801 298 48 14 som
867 291 52 21 icke
937 291 47 21 kan

224 324 111 23 hänföras
354 325 37 22 till
405 325 141 23 husandakt.
574 324 37 23 Än
629 325 89 23 mindre
727 325 78 29 gifvas
823 328 105 19 närmare
946 324 38 22 be-

226 360 148 28 stämningar
387 367 37 15 om
436 360 132 29 tillgången
587 360 40 22 vid
640 360 118 22 allmänna
771 359 213 27 sammankomster,

224 394 78 22 såsom
319 394 60 22 huru
397 394 103 22 ordnade
515 394 86 22 former
613 395 35 21 för
662 394 238 29 öfverläggningarna
918 393 66 22 skola

223 428 175 23 åstadkommas
407 429 45 22 och
466 428 69 23 hvem
549 429 57 21 eller
620 429 82 22 hvilka
718 428 41 22 det
773 431 104 20 närmast
895 428 89 29 åligger

223 464 36 20 att
278 463 69 28 tillse,
360 462 40 23 det
418 464 136 28 kränkning
572 464 24 22 af
608 464 39 28 lag
660 464 55 21 eller
733 462 110 23 störande
862 463 23 22 af
898 462 85 23 allmän

223 496 104 30 ordning
345 498 43 22 och
407 498 109 22 säkerhet
534 498 82 22 därvid
636 498 20 29 ej
676 498 160 22 förekommer.
867 496 117 23 Särskildt

222 532 39 22 må
281 532 145 28 framhållas,
445 535 35 19 att
498 532 119 23 allmänna
635 532 147 22 föreskrifter
794 532 50 22 helt
856 531 43 23 och
911 531 73 22 hållet

198 593 3 2 =
224 566 87 22 saknas
329 566 147 23 beträffande
494 567 207 22 sammankomster
713 567 8 22 i
733 566 42 22 det
786 567 51 27 fria,
849 566 41 22 vid
902 566 82 22 hvilka

223 601 14 22 å
274 608 43 15 ena
353 601 67 22 sidan
456 601 180 22 sannolikheten
672 601 36 22 för
743 601 116 22 missbruk
890 601 23 22 af
938 600 44 22 för-

223 635 191 30 samlingsrätten
442 635 98 23 allmänt
567 638 87 20 ansetts
681 643 57 15 vara
762 638 81 25 större,
867 635 84 22 medan
969 634 14 21 &

222 669 75 22 andra
315 669 68 23 sidan
406 670 78 23 alltför
512 670 172 23 diskretionära
710 670 168 29 befogenheter
903 669 80 22 kunna

222 704 128 29 inrymmas
369 705 25 22 åt
412 705 209 28 ordningsmakten
634 705 52 22 med
700 704 109 23 afseende
821 705 14 21 &
847 704 59 22 dem.
941 701 41 24 Äf-

221 739 112 21 venledes
351 739 86 22 saknas
454 739 36 22 för
503 739 146 22 närvarande
666 739 147 29 uttryckliga
831 737 151 30 stadganden,

222 773 98 22 afsedda
345 776 36 19 att
404 773 92 30 skydda
522 774 118 22 samkväm
668 774 25 22 af
718 773 94 23 enskild
839 775 69 20 natur
934 775 48 19 mot

223 807 114 30 obehörig
355 808 157 29 inblandning
530 809 52 22 från
600 808 101 29 polisens
720 808 58 22 sida.
800 821 18 2 —
827 807 155 30 Lagstiftnin-

222 849 59 22 gens
300 843 94 28 uppgift
412 846 26 18 är
456 842 78 23 därför
550 845 36 20 att
603 843 31 28 på
649 850 31 15 nu
690 842 180 30 ifrågavarande
888 841 93 22 område

224 876 75 29 skapa
317 877 182 29 bestämningar,
517 884 49 15 som
585 879 85 27 trygga
688 877 141 29 utöfningen
849 877 23 21 af
886 877 94 21 försam-

221 910 150 29 lingsrätten,
395 918 53 15 men
472 911 78 23 tillika
573 912 79 22 lämna
675 911 156 23 statsmakten
854 912 74 27 utväg
945 912 36 20 att

221 952 85 22 genom
335 946 51 22 sina
403 946 165 29 myndigheter
586 946 62 22 tillse
667 945 40 23 det
725 946 75 29 laglig
818 944 101 30 ordning
937 944 43 22 och

221 979 110 23 säkerhet
349 980 83 22 därvid
451 981 21 29 ej
491 980 141 29 äfventyras.

289 1152 43 22 Uti
351 1152 28 22 de
399 1153 278 29 grundlagsstadganden
690 1151 122 30 angående
824 1151 73 22 bland
909 1153 73 20 annat

220 1186 262 30 församlingsfriheten,
508 1187 82 22 hvilka
616 1187 41 22 vid
684 1185 159 23 innevarande
866 1184 115 30 landtdag

223 1221 105 29 antagits
347 1222 24 21 af
389 1221 139 28 Ständerna,
547 1222 87 22 uttalas
652 1221 156 29 grundsatsen
829 1222 34 20 att
876 1219 104 22 medbor-

220 1262 89 22 garene
332 1256 67 22 skola
426 1263 44 21 ega
496 1256 70 22 frihet
585 1258 35 20 att
638 1255 197 23 sammankomma
853 1254 36 22 för
907 1254 74 21 öfver-

220 1289 117 29 läggning
363 1290 9 22 i
393 1290 119 22 allmänna
540 1290 197 29 angelägenheter
764 1289 58 21 eller
845 1289 36 21 för
907 1287 73 23 andra

220 1324 83 29 lofiiga
334 1324 114 22 ändamål.
484 1324 84 22 Denna
596 1325 131 28 förklaring
755 1324 112 22 omfattar
895 1323 85 28 ifräga-

221 1358 106 22 varande
351 1358 114 30 rättighet
489 1360 8 20 i
522 1359 52 21 dess
598 1358 127 23 allmänhet
749 1358 45 22 och
815 1364 54 22 eger
887 1357 36 21 sin
941 1356 39 22 be-

220 1392 94 30 tydelse
333 1393 206 29 hufvudsakligast
557 1393 57 28 däri,
632 1396 36 20 att
685 1392 145 30 rättigheten
849 1396 25 17 är
891 1394 89 26 omgär-

219 1426 47 23 dad
294 1427 53 22 med
371 1428 72 22 sådan
461 1428 77 29 helgd,
558 1430 35 19 att
611 1428 44 22 den
674 1428 21 28 cj
714 1428 47 21 kan
780 1427 121 27 fräntagas
918 1424 62 23 med-

221 1462 130 28 borgarene
370 1463 7 20 i
397 1469 77 14 annan
502 1462 100 29 ordning
630 1466 29 18 än
687 1462 51 27 den,
766 1468 49 15 som
843 1460 74 29 gäller
941 1467 39 14 an-

288 1506 132 22 Lagutskottets
432 1506 110 18 betänkande
554 1506 37 17 N:o
604 1506 17 17 3.
