1086 1767
238 153 29 20 20
472 154 21 22 U.
511 154 22 21 B.
550 166 28 2 --
595 154 61 28 Prop.
674 154 35 22 N:o
724 153 31 23 1S.

238 218 52 27 tiga.
317 218 43 21 Det
371 220 25 19 är
413 219 88 20 således
518 219 50 20 icke
585 219 88 27 möjligt
690 221 33 19 att
738 219 77 21 lemna
833 219 70 20 saken
921 220 65 20 bero-

238 254 66 21 ende.

311 291 45 20 För
371 291 49 20 min
437 291 36 20 del
490 291 74 20 skulle
578 291 38 27 jag
633 291 71 21 likväl
719 291 50 21 icke
781 291 64 20 finna
857 291 38 20 det
907 291 79 27 nödigt

238 328 32 18 att
287 327 116 20 utsträcka
420 327 204 27 bestämningarna
641 327 7 20 i
665 333 80 15 senare
761 327 67 20 delen
845 327 25 20 af
880 327 19 20 II
912 327 74 28 punk-

238 364 38 18 ten
293 362 6 20 i
316 362 144 27 lagförslaget
475 363 34 20 till
526 363 44 20 alla
588 363 48 26 slag
648 363 24 20 af
681 363 94 27 tjenster
786 363 7 20 i
805 363 84 20 landet.
908 363 77 21 Kändt

238 399 32 25 är,
287 400 32 19 att
335 398 56 21 efter
409 398 38 21 det
471 401 106 18 senatens
602 398 84 27 förslag
703 399 33 20 till
753 399 70 26 nådig
840 399 145 27 proposition

238 434 6 20 i
254 435 79 20 ämnet
349 435 146 27 uppgjordes,
512 435 113 20 särskilda
642 435 244 27 oregelbundenheter,
903 435 82 20 hänfö-

238 471 71 20 rande
330 471 33 26 sig
386 471 34 20 till
437 471 184 21 administrativa
638 471 100 27 tjenster,
755 471 76 20 blifvit
849 471 54 20 eller
924 471 61 20 hålla

238 506 29 27 på
284 509 32 18 att
340 507 70 20 blifva
434 507 30 27 på
480 507 173 26 frivillighetens
669 508 44 26 väg
728 507 123 27 afhjälpta;
868 507 118 26 likaledes,

238 544 32 18 att
286 545 94 18 senaten
397 543 66 20 tänkt
486 543 40 26 sig,
542 545 33 18 att
591 543 28 20 de
636 543 128 27 föreslagna
781 543 204 26 bestämningarna

238 578 74 21 skulle
328 579 95 20 komma
444 581 32 18 att
493 579 88 20 drabba
598 579 82 20 endast
696 579 88 27 ganska
800 579 23 20 få
840 581 64 18 utom
918 579 66 27 justi-

238 614 104 21 tiestaten
354 615 93 20 stående
457 615 151 26 embetsmän,
618 615 119 20 städernas
747 615 157 26 borgmästare
914 615 70 21 bland

238 650 65 20 desse
327 651 112 27 ingripne;
463 651 44 20 och
531 651 38 20 det
592 651 46 20 kan
660 657 68 14 anses
744 651 36 20 för
796 651 108 25 temligen
922 651 63 25 visst,

237 688 33 18 att
282 693 37 13 om
332 686 108 27 åtgärden
452 686 148 21 inskränktes
610 686 33 21 till
653 686 152 26 embetsmän,
817 693 50 14 som
876 686 108 27 antingen

237 722 58 20 höra
312 722 32 20 till
359 722 161 27 justitiestaten
546 723 54 20 eller
616 724 125 19 utnämnas
759 722 56 21 efter
831 722 54 21 eller
901 728 82 21 genom

238 758 79 27 åtgärd
341 758 25 21 af
387 761 106 18 senatens
513 758 254 28 justitiedepartement,
785 758 78 21 såsom
880 758 61 20 fallet
958 759 26 19 är

238 794 52 20 med
315 794 118 21 städernas
457 794 157 27 borgmästare
638 806 29 3 —
690 794 142 21 åtminstone
856 800 27 14 en
904 794 36 20 del
958 794 24 20 af

238 830 52 20 dem
308 830 42 21 har
361 832 102 19 utnämts
475 830 52 21 med
539 830 172 21 åsidosättande
722 830 25 21 af
757 830 119 21 städernas
890 830 94 21 invåna-

237 872 36 14 res.
290 866 6 20 i
313 866 175 28 borgerskapets
505 866 129 27 privilegier
645 866 119 27 grundade
776 867 44 19 rätt
832 878 27 2 —
871 866 24 20 så
907 866 77 20 skulle

237 902 66 26 lagen
335 902 95 21 komma
459 904 32 19 att
524 902 6 20 i
558 903 37 20 det
625 902 56 21 allra
712 904 117 19 närmaste
864 904 117 18 motsvara

238 938 61 20 hvad
324 941 93 17 senaten
441 939 66 20 tänkt
528 938 39 27 sig.
608 938 82 21 Härtill
714 939 47 19 kan
786 938 84 26 läggas,
891 940 32 18 att
947 938 37 20 det

236 980 40 20 ges
305 974 93 27 tjenster
431 974 30 28 på
494 974 181 27 förvaltningens
707 974 102 23 område,
841 974 141 20 beträffande

237 1010 80 20 hvilka
341 1009 70 21 olika"
427 1010 120 26 meningar
568 1010 7 20 i
596 1010 151 20 förevarande
771 1010 108 20 afseende
904 1010 79 20 kunna

236 1046 78 26 hysas.
342 1046 51 20 Med
410 1046 91 27 hänsyn
516 1046 34 20 till
566 1046 38 20 det
621 1046 70 26 sagda
708 1046 74 20 skulle
797 1046 38 26 jag
851 1052 55 14 anse
922 1045 62 21 rikti-

236 1084 50 24 gast
303 1088 60 19 vara,
381 1084 31 18 att
429 1089 28 13 en
468 1082 154 27 begränsning
634 1082 6 20 i
652 1082 145 26 nyssantydd
809 1081 104 26 riktning
925 1081 59 26 gjor-

236 1117 47 20 des.
316 1117 137 27 Visserligen
478 1118 68 26 hyser
566 1117 39 27 jag
626 1117 35 21 för
677 1117 48 21 min
742 1117 39 20 det
798 1117 32 20 till
847 1117 44 20 den
908 1123 76 14 nuva-

236 1153 72 21 rande
325 1156 93 18 senaten
430 1153 38 21 det
479 1153 137 25 förtroende,
628 1155 32 19 att
671 1153 44 21 den
727 1153 51 20 icke
790 1153 75 20 skulle
876 1152 108 28 tilläm
958 1148 31 37 pa

236 1189 66 27 lagen
322 1189 7 20 i
348 1189 155 27 tvifvelaktiga
520 1189 46 26 fall,
586 1189 44 21 och
649 1189 124 21 enahanda
792 1188 133 21 förtroende
942 1189 43 20 har

236 1225 67 20 äfven
313 1225 25 20 af
344 1225 73 21 andra
426 1225 126 21 ledamöter
567 1225 65 20 inom
642 1225 122 20 utskottets
774 1225 101 25 uttalats,
884 1231 53 14 men
946 1224 38 21 det

236 1267 69 20 synes
327 1267 55 14 vara
406 1261 25 20 af
449 1268 28 13 en
498 1261 46 20 viss
565 1261 46 26 vigt
637 1263 32 18 att
685 1261 125 26 förebygga
827 1259 157 28 anmärkning

236 1296 88 27 derom,
348 1299 32 18 att
404 1297 65 26 lagen
493 1297 71 26 gifver
587 1297 88 20 tillfälle
695 1297 33 20 till
739 1295 135 21 utöfvande
891 1295 25 21 af
930 1295 54 27 god-

235 1333 87 26 tycklig
346 1333 70 20 makt.
453 1333 44 20 Om
522 1333 70 20 ocksä
613 1333 7 20 i
640 1333 56 26 följd
713 1332 25 21 af
752 1331 185 27 begränsningen
956 1337 27 14 en

235 1368 56 20 eller
307 1375 85 19 annan,
409 1375 51 14 som
477 1369 117 26 rätteligen
611 1368 71 21 borde
698 1374 67 15 anses
778 1367 114 21 utnämnd
904 1367 7 20 i
923 1367 61 26 olag-

235 1404 31 26 lig
290 1404 105 27 ordning,
419 1405 94 20 komme
537 1407 32 18 att
592 1405 22 20 fä
637 1404 93 21 kvarstä
747 1404 6 20 i
771 1403 106 27 tjensten,
894 1403 24 20 sä
935 1403 50 26 läge

235 1439 51 20 häri
303 1440 68 26 ingen
388 1441 48 20 fara
453 1441 34 20 för
507 1440 135 27 lagligheten
659 1440 7 20 i
683 1440 90 24 landet;
790 1439 45 20 den
852 1439 63 26 brist,
932 1444 51 15 som

235 1475 76 21 skulle
328 1476 92 21 vidläda
438 1476 174 27 utnämningen,
629 1483 54 14 vore
700 1478 31 18 att
749 1481 68 14 anses
830 1475 75 20 säsom
916 1474 68 21 helad
