1081 1759
299 148 84 23 Ständ.
400 148 40 22 Sv.
456 161 26 3 —
498 149 74 27 Prop.
591 148 43 22 N:o
648 149 37 21 14.
841 148 28 22 29

459 217 27 22 16
502 218 20 27 5.

177 268 129 28 Väliräjäad
331 268 44 22 och
399 274 82 16 annars
505 268 115 29 oförvitlig
639 268 61 22 finsk
718 268 150 28 medborgare

110 302 37 22 mä
163 302 54 22 efter
233 302 73 22 därtill
323 302 21 22 af
359 302 175 23 vederbörande
550 304 114 27 guvernör
681 302 130 22 meddeladt
827 302 41 22 till-

110 336 74 27 ständ,
207 336 107 29 gällande
337 337 34 22 för
393 338 32 21 ett
448 337 23 22 är
494 338 6 22 i
524 338 88 26 sänder,
630 337 52 22 idka
698 337 135 29 försäljning
847 336 22 22 af

109 371 152 29 tryckskrifter
277 371 78 22 säsom
371 371 123 29 kolportör.

178 405 83 23 Säsom
285 406 117 28 kolportör
419 412 53 16 vare
488 407 20 27 ej
525 407 30 21 att
572 412 54 16 anse
643 406 52 26 den,
711 406 91 22 hvilken
818 412 49 16 som

110 440 81 28 näring
206 440 113 22 bedrifver
334 440 168 28 kringbärande
518 441 21 22 af
554 441 106 22 affischer
676 440 43 24 och
737 440 74 28 dylika
827 440 41 22 till-

109 475 206 28 kännagifvanden.

462 526 26 22 17
503 527 20 27 $.

179 578 65 22 Idkar
258 577 78 29 någon
351 578 88 28 näring,
456 584 50 16 som
523 578 7 21 i
543 578 25 22 15
579 578 44 22 och
637 578 25 22 16
673 578 30 27 $$
716 577 152 27 omförmäles,

112 613 54 21 utan
182 612 97 28 behörig
295 612 104 22 anmälan
417 612 53 22 eller
481 613 53 21 utan
546 613 30 21 att
586 619 53 15 vara
650 612 72 22 därtill
735 612 133 28 berättigad,

111 647 54 21 böte
182 646 46 23 frän
245 647 43 22 och
305 647 52 21 med
373 647 32 21 tio
421 647 31 21 till
469 647 44 21 och
529 647 52 21 med
597 646 127 23 tvähundra
740 647 68 21 mark.

180 681 57 27 Den,
254 687 50 16 som
321 682 66 27 säljer
410 681 53 22 eller
478 681 135 22 annorledes
633 681 87 29 sprider
736 680 132 29 tryckskrift,

111 715 68 23 hvarä
195 716 7 21 i
220 716 26 22 10
261 716 14 27 $
290 716 148 21 föreskrifven
455 716 91 28 uppgift
562 722 38 16 om
611 716 178 28 boktryckarens
800 722 68 15 namn

112 750 53 22 eller
187 750 64 22 firma
275 750 54 22 eller
349 756 38 16 om
402 750 199 28 tryckningsorten
618 750 52 22 eller
685 750 78 22 ärtalet
779 750 90 26 saknas,

111 784 54 22 böte
190 784 49 22 från
263 784 43 22 och
331 784 52 22 med
405 785 33 21 tio
461 784 32 22 till
516 784 44 22 och
584 784 52 22 med
658 784 126 22 tvåhundra
800 784 68 22 mark.

112 818 71 29 Säljer
206 819 53 21 eller
282 818 87 29 sprider
391 818 78 28 någon
494 818 135 22 annorledes
652 819 132 28 tryckskrift,
801 818 68 22 hvarä

113 854 87 21 honor
215 854 125 27 veterligen
356 853 177 28 boktryckarens
550 854 52 21 eller
621 853 157 29 förläggarens
801 860 66 15 namn

113 888 53 22 eller
181 888 64 22 firma
261 889 54 21 eller
329 888 199 28 tryckningsorten
544 888 53 22 eller
612 888 77 22 årtalet
705 888 92 28 oriktigt
812 894 57 22 upp-

112 923 84 28 gifvits,
219 929 52 16 vare
295 923 37 28 lag
355 929 93 20 samma,
470 922 40 22 där
525 923 19 28 ej
562 923 70 27 enligt
648 923 82 21 allmän
746 923 38 28 lag
800 923 69 21 strän-

113 963 54 23 gare
183 964 81 15 ansvar
279 957 13 22 å
307 958 128 28 gärningen
451 957 43 22 bör
508 957 60 28 följa.

444 1090 13 21 4
473 1090 65 24 KAP.

114 1158 37 22 Om
171 1158 54 22 hvad
241 1158 46 22 med
303 1158 85 22 hänsikt
402 1158 31 22 till
448 1158 121 27 utgifvande
584 1158 26 22 af
622 1158 107 28 periodisk
743 1156 129 29 tryckskrift

397 1193 26 21 är
440 1192 32 22 att
488 1192 100 28 iakttaga.

461 1267 27 22 18
504 1268 20 27 $.

184 1318 100 29 Tidning
307 1318 44 22 och
374 1318 104 27 tidskrift,
502 1324 50 16 som
576 1320 38 20 äro
638 1318 94 22 afsedda
755 1319 30 21 att
801 1318 72 22 under

116 1352 105 23 bestämd
246 1353 46 22 titel
315 1353 44 22 och
376 1353 6 21 i
398 1353 161 28 nummerföljd
579 1354 58 21 samt
657 1353 55 21 efter
726 1353 79 28 längre
820 1353 53 21 eller

116 1388 88 21 kortare
220 1387 147 27 mellantider,
383 1387 60 23 dock
459 1388 70 21 minst
544 1388 46 28 fyra
606 1387 88 29 gånger
709 1393 38 16 om
763 1387 53 26 året,
839 1388 33 21 ut-

116 1422 100 26 komma,
240 1422 64 22 skola
327 1422 70 28 enligt
416 1422 77 22 denna
508 1422 38 28 lag
562 1421 78 23 såsom
655 1422 130 28 periodiska
801 1422 73 28 tryck-

116 1456 87 22 skrifter
218 1462 74 16 anses.
