1086 1767
828 156 13 20 5

183 220 32 19 13.
245 219 64 20 Sedan
332 219 209 25 Generalguvernören
563 219 86 20 tillträdt
671 219 36 20 sitt
728 220 83 23 ämbete,
827 219 38 19 kan

113 247 38 20 han
173 247 75 20 erhålla
269 247 113 20 kännedom
398 254 32 13 om
446 248 77 19 landets
538 248 223 25 produktionsförmäga
775 248 37 19 och
828 247 39 20 till-

113 275 79 26 gångar.
223 275 30 21 Då
275 276 33 20 det
330 277 79 25 belopp,
432 277 96 19 hvarmed
549 277 77 19 kronan
646 276 75 25 nödgas
741 277 80 24 bidraga
837 276 31 19 till

113 307 120 23 truppernas
249 305 104 20 förseende
368 305 44 20 med
428 305 104 25 lifsmedel,
541 305 81 20 dåmera
633 307 22 18 är
665 305 29 20 för
704 305 73 20 honom
788 305 78 24 bekant,

113 333 36 20 bör
170 333 39 20 han
232 333 98 26 själffallet
351 334 43 19 icke
408 333 106 20 underlåta
529 335 29 18 att
573 334 48 19 söka
636 334 78 19 utfinna
728 333 65 20 medel
808 334 6 19 i
830 333 37 20 och

113 362 30 19 för
165 362 122 19 ersättandet
309 362 19 19 af
349 362 88 20 härifrån
460 362 82 20 afsända
563 362 186 20 lifsförnödenheter
771 362 46 20 med
839 362 30 19 in-

113 390 82 20 hemska
210 390 81 20 sådana.
314 391 9 19 I
336 391 61 25 sagda
413 391 53 24 syfte
480 391 117 25 godkännas
610 391 123 25 preliminärt
749 391 118 24 Generalen,

113 419 65 20 Baron
200 418 168 27 Sprengtportens
391 419 83 25 förslag:
492 421 30 18 att
536 420 20 19 af
571 419 73 20 honom
659 419 99 20 afslutade
774 419 93 20 kontrakt

113 447 46 20 böra
173 448 20 19 af
207 447 167 26 Krigsministern
397 448 145 25 sanktioneras;
563 450 30 17 att
609 448 102 25 betalning
725 449 36 18 bör
776 448 91 25 erläggas

113 476 6 19 i
138 476 47 19 reda
207 477 117 24 penningar,
346 477 102 19 äfvensom
471 478 30 18 att
523 477 130 24 uträkningar
676 477 32 19 vid
731 477 85 19 likvider
839 477 30 19 för

113 506 126 24 transporter
261 505 46 20 böra
330 505 116 20 värkställas
468 505 19 19 af
504 506 53 19 inom
573 505 59 20 länen
647 505 58 20 valda
720 511 96 19 personer
831 505 37 20 och

113 533 43 20 icke
171 533 19 19 af
205 533 61 25 ryska
281 533 151 25 kommissarier,
448 534 68 19 hvilka
530 534 31 19 till
577 534 47 25 följd
639 535 20 18 af
674 534 134 25 obekantskap
824 534 44 19 med

113 561 78 20 landets
208 561 59 26 spräk
283 562 67 19 kunna
362 562 134 25 ävägabringa
510 563 105 19 allehanda
631 562 144 20 missförständ.

184 591 32 19 14.
246 591 126 19 Beträffande
394 591 186 26 kronotransporter
601 591 60 19 hafva
682 591 20 19 vi
718 591 66 19 funnit
799 591 70 25 nödigt

114 619 82 19 afskaffa
219 625 27 13 nu
263 619 91 25 gällande
369 620 103 23 betalning
486 626 36 19 per
538 622 54 17 värst
607 622 52 17 samt
673 620 30 19 för
718 620 104 19 framtiden
839 620 29 19 in-

114 647 40 19 föra
170 648 84 24 följande
269 648 167 25 betalningssätt:
460 648 209 25 Generalguvernören
686 649 39 23 bör,
741 649 26 18 dä
782 649 38 18 han
836 650 33 17 ut-

114 676 38 25 hyr
167 676 70 25 nödigt
251 676 54 20 antal
320 677 72 19 foror
384 672 13 34 i
407 677 37 19 och
459 677 31 19 för
504 679 101 23 transport
621 677 20 19 af
651 677 97 25 proviant,
759 677 109 19 bestämma

114 704 131 26 betalningen
268 705 129 19 summariskt
412 711 36 19 per
462 706 56 24 kolly
533 706 30 19 för
577 705 45 20 hela
638 706 135 24 vägsträckan.
803 704 65 21 Sedan

114 733 123 19 forkarlarna
251 733 30 19 till
296 734 84 18 anvisad
395 736 31 17 ort
442 734 150 19 frambefordrat
607 740 88 18 varorna,
713 734 75 19 erhälla
811 734 24 19 de
851 734 19 19 af

114 761 39 20 den
169 762 126 25 tjänsteman,
311 762 29 19 till
355 762 81 20 hvilken
452 762 24 20 de
490 763 111 23 hänvisats,
617 764 30 18 ett
657 762 64 20 kvitto
733 762 72 20 endast
815 763 54 19 öfver

114 790 34 19 det
164 790 72 25 riktiga
251 791 147 25 emottagandet
414 792 19 18 af
448 793 30 17 ett
492 791 101 19 bestämdt
608 791 53 19 antal
677 791 60 25 kolly,
752 790 76 26 hvarpä
845 791 24 19 de

114 818 109 20 ätervända
239 819 37 19 och
291 819 210 25 Generalguvernören
516 820 54 24 afger
585 820 108 24 befallning
703 826 32 12 om
745 820 57 19 deras
813 820 57 18 likvi-

115 847 92 19 derande.
238 847 8 20 I
262 847 71 20 sådant
348 848 114 20 hänseende
478 848 98 20 tillställer
592 848 164 25 Krigsministern
772 848 45 20 hela
832 848 38 20 den

116 876 28 19 för
155 878 125 23 transporter
299 876 126 26 erforderliga
443 877 195 25 penningesumman
661 876 209 26 Generalguvernören

115 904 70 25 allena,
199 905 51 19 efter
265 905 25 25 pä
305 905 82 19 förhand
402 905 65 25 gjordt
483 906 129 19 meddelande
628 912 32 12 om
673 911 102 14 summans
789 905 80 20 storlek.

184 933 39 19 Det
239 934 139 19 ofvananförda
394 936 59 22 utgör
467 936 29 17 ett
511 934 44 19 kort
570 934 67 20 utkast
653 934 29 19 till
697 934 132 19 deallmänna
838 934 33 19 be-

116 962 130 25 stämmelser,
269 968 42 14 som
332 962 46 20 böra
400 962 68 25 läggas
491 962 31 20 till
540 963 65 25 grund
620 963 30 19 för
665 962 110 20 ordnandet
790 963 19 19 af
824 962 47 20 Fin-

115 990 58 20 lands
188 990 93 25 styrelse.
311 990 209 26 Generalguvernören
542 992 35 18 har
599 993 29 17 att
650 991 105 19 framdeles
770 992 100 18 inkomma

115 1019 45 19 med
183 1019 72 25 nödiga
277 1019 175 25 kompletteringar
466 1020 6 19 i
488 1020 37 19 och
547 1020 29 19 för
598 1020 129 25 uppgörande
749 1020 19 18 af
783 1026 26 13 en
824 1020 45 19 full-

116 1048 86 24 ständig,
225 1048 63 19 Eders
311 1048 108 25 Kejserliga
437 1048 103 26 Majestäts
555 1049 82 19 afsikter
653 1048 36 20 och
705 1048 60 20 fördel
781 1051 88 17 motsva-

116 1076 66 24 rande,
204 1076 121 20 instruktion
343 1077 29 19 för
387 1076 129 20 Kommittön.
546 1077 36 19 För
597 1077 122 19 närvarande
734 1083 58 13 anses
807 1077 61 19 likväl

115 1104 115 25 ytterligare
245 1105 84 25 följande
345 1104 92 25 ätgärder
452 1105 134 25 nödvändiga:

186 1133 31 19 15.
248 1133 184 20 Sammankallande
447 1134 5 19 i
468 1134 34 19 det
517 1134 174 25 nyssförvärfvade
712 1133 84 20 Finland
811 1134 20 19 af
846 1139 25 14 en

115 1161 81 20 Allmän
216 1161 38 20 och
272 1162 162 19 Konstitutionell
449 1163 121 24 församling,
588 1162 107 20 bestäende
715 1163 19 18 af
749 1162 121 25 deputerade

115 1189 44 20 frän
180 1189 39 20 alla
241 1190 83 20 klassar.
354 1191 70 19 Denna
446 1191 116 25 församling
585 1191 65 19 skulle
668 1191 79 25 angifva
762 1191 107 19 nationens

115 1217 75 20 äsikter
205 1219 37 19 och
258 1219 63 24 behof,
345 1219 77 20 medlen
438 1219 31 20 till
484 1219 79 20 landets
579 1219 147 26 upphjälpande
742 1222 51 17 samt
809 1221 60 18 sättet

115 1249 30 17 att
159 1247 62 25 lugna
236 1247 84 20 sinnena
335 1247 119 26 aflägsnade,
470 1247 24 20 sä
508 1249 30 18 att
553 1250 54 23 säga,
618 1248 30 19 till
662 1248 48 25 följd
720 1249 19 18 af
750 1248 38 19 den
802 1248 68 19 ovissa

116 1275 100 25 ställning,
240 1276 55 19 hvari
318 1277 24 18 de
364 1277 30 18 för
417 1277 124 19 närvarande
558 1277 77 19 befinna
650 1277 37 24 sig.
716 1276 153 25 Ifrägavarande

115 1304 117 25 församling
255 1305 34 19 bör
311 1305 152 19 sammankallas
482 1305 31 19 till
534 1305 78 19 Januari
629 1305 78 26 mänad,
722 1305 36 19 och
773 1305 97 25 ätgärder

116 1332 65 20 därför
204 1333 78 19 säledes
305 1333 137 26 ofördröjligen
466 1333 96 26 vidtagas.
593 1333 37 20 Till
645 1333 149 26 samlingsplats
810 1337 59 16 utses

116 1361 79 19 Lovisa.

184 1389 69 26 Därpä
269 1390 38 19 kan
322 1390 38 19 den
374 1390 126 25 deputation,
516 1396 43 13 som
574 1391 29 19 för
618 1391 129 24 närvarande,
757 1391 6 18 i
772 1391 49 19 strid
830 1392 42 17 mot

116 1417 33 26 lag
164 1418 37 19 och
216 1420 50 17 utan
281 1420 29 18 att
325 1419 67 19 därtill
408 1425 46 13 vara
469 1419 20 19 af
504 1419 140 25 befolkningen
660 1418 171 26 befullmäktigad,
839 1419 32 19 be-

116 1447 64 19 finner
196 1447 31 24 sig
242 1447 43 25 här,
300 1447 59 20 varda
375 1447 87 26 upplöst.
