1086 1770
233 169 25 21 16
573 170 29 22 U.
618 171 25 21 B.

231 248 32 14 nu
282 241 7 21 i
308 241 151 28 frågakomna
478 241 107 22 afseende
604 242 144 22 frånkännas
766 241 81 29 hvarje
859 241 127 28 betydelse.

230 275 68 21 Flere
325 275 97 22 allmänt
450 276 102 22 bekanta
577 276 139 22 uttalanden
742 276 22 22 af
783 283 87 14 samma
888 275 98 22 Monark

231 309 51 21 från
312 317 77 15 senare
408 310 25 21 år
451 310 77 22 utvisa
547 310 76 24 också,
643 313 35 19 att
696 310 134 22 Alexander
848 310 11 21 I
878 310 38 21 vid
936 310 50 21 ord-

230 344 90 22 nandet
346 344 22 22 af
395 344 113 22 Finlands
536 345 118 29 offentligt
679 345 109 29 rättsliga
803 344 113 29 ställning
934 344 52 22 låtit

230 378 37 28 sig
286 378 63 22 ledas
368 379 22 22 af
408 382 35 18 ett
460 379 137 22 förändradt
615 379 199 29 åskådningssätt.

300 413 11 21 I
333 413 172 22 administrativ
523 418 45 24 väg
587 414 59 22 hade
664 414 72 22 redan
755 414 49 22 före
822 413 164 22 emanerandet

231 447 23 21 af
274 448 132 21 manifestet
424 448 24 21 af
466 447 43 22 den
530 447 32 22 20
580 448 51 29 juni
652 449 64 21 1900
734 447 114 29 vidtagits
872 447 114 22 särskilda

230 481 160 30 förfoganden,
410 490 47 14 som
476 482 111 23 hänförde
607 483 36 28 sig
659 483 36 21 till
711 483 71 28 ryska
800 482 104 29 språkets
923 481 63 22 ställ-

230 516 58 29 ning
306 517 61 21 inom
386 517 217 22 administrationen
622 518 8 20 i
643 517 108 22 Finland.
786 517 90 21 Genom
894 517 92 28 Kejser-

229 550 49 29 liga
305 551 165 29 förordningen
498 551 23 22 af
541 551 44 22 den
606 551 13 22 7
642 551 121 22 december
794 551 60 22 1891
885 551 101 22 infördes

229 585 130 29 stadgande
378 585 86 28 därom,
473 589 34 18 att
526 585 51 22 med
595 586 107 29 kunskap
715 594 9 14 i
736 586 70 29 ryska
819 586 94 28 språket
931 593 55 14 vore

229 619 153 30 förknippadt
409 620 137 29 obetingadt
564 621 116 21 företräde
705 621 41 22 vid
765 620 219 29 tjänstebefordran,

230 655 7 20 i
256 654 111 22 händelse
395 655 118 22 sökanden
532 655 8 21 i
559 655 72 29 öfrigt
656 655 122 30 uppfyllde
806 655 28 21 de
858 655 8 21 i
890 655 39 28 lag
948 655 37 21 be-

229 689 92 22 stämda
339 689 105 22 vilkoren
463 690 35 21 för
516 689 201 30 befordringsrätt.
754 690 42 21 Ett
814 689 84 22 sådant
924 689 62 22 stad-

228 723 78 28 gande
318 723 78 22 kunde
410 731 64 15 anses
493 724 110 29 förenligt
621 724 52 22 med
691 724 158 29 grundlagens
868 723 118 22 föreskrift

230 765 36 14 om
291 760 62 20 rätta.
380 758 280 29 befordringsgrunderna
687 759 85 22 endast
798 758 82 22 sävida
901 759 83 28 tjänst-

229 792 114 22 sökandes
367 793 107 28 kunskap
493 794 7 20 i
519 793 70 28 ryska
607 793 100 29 spräket,
727 793 41 22 där
787 793 72 21 sädan
878 793 107 28 kuuskap

229 830 26 18 är
279 827 35 22 för
333 827 101 29 tjänsten
453 827 108 29 behöflig,
580 827 63 29 finge
662 831 66 26 tagas
747 828 8 21 i
774 827 153 22 betraktande
945 827 39 21 vid

231 861 9 21 i
258 861 71 29 öfrigt
346 862 49 21 lika
413 862 134 28 kompetens
565 862 42 21 hos
625 862 163 27 medsökande,
807 862 30 28 pä
856 864 47 19 sätt
918 861 69 22 äfven

231 895 178 29 förordningens
421 896 171 22 bestämmelser
602 896 93 22 tolkats.
709 897 112 21 Däremet
830 896 111 21 innebära
952 896 34 27 de,

231 930 9 20 i
253 930 43 22 och
309 930 52 22 med
374 930 103 22 försöket
490 933 34 19 att
536 930 76 22 införa
622 931 86 28 ryskan
719 931 73 21 säsom
804 930 105 22 officiellt
919 930 68 28 spräk

230 964 8 21 i
258 964 91 22 landets
367 964 145 22 förvaltande
532 965 155 27 ämbetsvärk,
706 964 123 23 utfärdade
843 965 142 21 bestämnin-

230 1006 76 21 garna
324 999 118 28 angående
463 1000 240 28 kompetensvilkoren
723 1000 36 22 för
778 1000 99 28 tjänster
889 999 40 21 vid
943 999 43 21 den

231 1032 73 30 högre
331 1033 216 22 administrationen
575 1034 7 21 i
609 1034 81 22 landet
723 1037 35 19 ett
780 1034 79 21 direkt
876 1033 111 22 äsidosät-

231 1068 71 20 tande
330 1068 23 22 af
380 1068 27 21 de
434 1068 117 28 lagenliga
579 1068 289 29 hbefordringsgrunderna.
905 1068 80 21 Redan

231 1101 45 22 den
305 1103 32 21 24
361 1103 91 28 januari
473 1103 63 21 1899
556 1103 135 22 emanerade
711 1106 35 18 ett
764 1102 138 29 förfogande
920 1103 8 21 i
947 1110 38 14 an-

230 1136 55 28 tydt
304 1136 113 28 afseende,
436 1137 90 21 hvilket
544 1137 51 21 icke
614 1138 74 21 finnes
707 1136 89 23 infördt
812 1138 7 20 i
832 1136 91 22 landets
942 1137 44 21 för-

230 1170 223 30 fattningssamling.
489 1172 133 21 Detsamma
650 1172 147 27 bestämmer,
816 1174 36 19 att
869 1171 37 21 till
926 1170 61 22 med-

230 1204 97 22 lemmar
345 1206 7 21 i
371 1206 109 26 Senaten,
500 1206 36 21 till
561 1210 142 24 guvernörer
721 1208 61 20 samt
800 1206 78 22 chefer
896 1206 40 21 vid
955 1206 32 21 öf-

230 1239 154 28 verstyrelser
396 1239 66 22 skola
474 1240 94 21 föresläs
581 1240 82 22 endast
677 1247 117 22 personer,
808 1247 49 14 som
874 1239 113 22 beherska

230 1273 72 28 ryska
323 1274 93 29 spräket
434 1274 8 21 i
460 1275 40 27 tal,
519 1274 42 21 och
580 1275 75 21 skulle
674 1275 65 21 detta
758 1275 118 28 tillämpas
895 1275 13 20 &
926 1273 61 22 leda-

230 1310 75 19 möter
323 1309 8 20 i
348 1308 274 29 justitiedepartementet
640 1309 157 29 begynnande
810 1309 52 21 från
876 1309 25 20 år
915 1309 71 21 1904.

229 1341 45 22 Uti
292 1342 133 22 manifestet
452 1343 22 21 af
502 1342 44 22 den
575 1343 32 21 20
633 1344 51 28 juni
711 1344 65 20 1900
798 1343 68 28 ingår
888 1342 43 22 ock
950 1342 37 22 be-

230 1376 119 29 stämning
376 1376 85 28 därom,
490 1379 34 19 att
551 1377 172 22 vederbörande
748 1376 164 30 myndigheter
930 1376 57 29 egde

230 1411 63 28 sörja
311 1411 35 21 för
364 1414 35 19 att
417 1411 243 29 tjänstemannakåren
679 1412 40 22 vid
736 1411 92 23 landets
841 1411 146 22 förvaltande

228 1445 60 21 värk
307 1445 76 22 blefve
402 1446 24 21 så
445 1448 155 26 sammansatt,
620 1449 34 19 att
672 1447 86 28 ryskan
771 1447 30 28 på
818 1445 112 29 stadgade
943 1448 44 19 ter-

298 1523 130 23 Lagutskottets
440 1524 109 18 betänkande
561 1524 38 18 N:o
611 1525 14 17 1.
