1081 1761
129 242 31 22 24
170 243 37 28 [8.

220 174 26 21 14
407 174 84 23 Ständ.
509 175 39 22 Sv.
565 188 28 3 —
609 176 74 27 Prop.
700 177 40 21 N:o
754 175 34 22 14.

293 243 44 22 Det
353 243 6 22 i
377 244 7 21 1
404 250 69 16 mom.
489 244 28 22 24
533 245 14 27 $
563 245 21 21 af
600 245 44 21 den
661 245 83 28 nådiga
752 244 174 29 propositionen
938 251 37 15 an-

221 277 76 22 vända
320 278 111 28 uttrycket
452 279 96 28 ,sakligt
563 280 119 27 genmäle*
700 285 40 22 ger
756 279 218 21 hufvudredaktören

218 311 85 23 tillfälle
319 312 32 22 till
368 319 27 15 en
413 313 114 28 subjektiv
543 314 43 21 och
598 314 134 28 godtycklig
743 313 113 29 pröfning,
866 313 109 22 huruvida

223 346 32 21 ett
270 347 105 27 genmäle
387 347 72 22 skulle
469 348 6 21 i
484 348 91 28 tidning
583 348 84 22 införas
677 348 52 22 eller
736 348 56 26 icke,
802 347 76 22 hvaraf
889 347 85 22 mindre

219 382 187 27 samvetsgranna
415 382 156 28 tidningsmän
581 382 76 22 kunde
666 382 106 29 begagna
782 382 42 28 sig.
850 382 125 22 Ständerna

220 421 55 16 anse
299 416 63 22 alltså
383 417 30 21 att
429 417 65 21 ordet
511 417 107 28 ,sakligt*
637 417 42 22 bör
694 417 60 28 utgå.
793 417 33 21 En
842 417 55 28 följd
914 416 61 22 häraf

221 450 49 27 blir,
282 451 30 21 att
324 451 193 22 hufvudredaktör
532 452 49 21 icke
597 452 44 21 kan
658 452 82 28 dragas
756 452 31 21 till
802 458 80 15 ansvar
894 451 34 22 för
942 452 32 21 in-

221 485 99 22 nehållet
336 485 21 22 af
379 487 113 27 genmäle,
516 492 50 16 som
583 489 44 19 han
643 487 56 21 varit
717 486 119 22 nödsakad
852 487 30 20 att
898 486 76 28 inlaga

220 519 6 21 i
243 519 126 29 tidningen,
381 520 34 22 för
431 520 73 22 såvidt
521 521 48 21 icke
585 521 115 28 genmälet
715 523 24 20 är
754 520 128 29 uppenbart
893 520 80 22 brotts-

218 554 50 28 ligt,
285 554 5 21 i
310 555 84 22 hvilket
421 555 36 22 fall
483 555 38 22 det
543 556 70 27 enligt
637 555 112 22 allmänna
772 555 202 28 rättsgrundsatser

222 588 72 22 mäste
317 595 52 16 vara
393 589 234 22 hufvudredaktörens
651 590 61 22 säväl
736 590 41 21 rätt
800 596 50 15 som
874 589 54 28 plikt
944 590 30 20 att

219 625 70 26 vägra
306 624 126 27 genmälets
449 624 124 22 införande.
599 624 177 28 Uteslutningen
793 624 21 21 af
830 623 64 23 ordet
911 624 62 25 ,sak-

219 658 54 28 ligt"
298 660 42 26 gör
365 658 65 22 äfven
457 659 70 21 orden
545 659 66 25 ,eller
626 658 217 28 tillkännagifvande
869 664 37 16 om
931 658 41 22 till-

218 693 93 21 ämnadt
327 693 53 21 eller
403 693 105 22 anställät
524 693 43 22 åtal
584 694 5 20 i
607 693 123 29 anledning
754 693 21 22 af
798 693 124 21 detsamma
943 693 29 21 el-

217 727 32 21 ler
272 733 27 15 en
323 728 139 28 hänvisning
477 728 31 22 till
525 728 156 28 beriktigande
698 728 6 21 i
720 734 76 16 annan
810 727 73 22 skrift"
902 727 70 21 öiver-

219 761 93 29 flödiga,
335 762 24 22 sä
376 762 89 28 mycket
481 768 47 16 mer
543 768 50 16 som
611 762 70 28 dylikt
696 761 216 29 tillkännagifvande
928 761 44 22 och

217 796 62 28 dylik
305 796 139 29 hänvisning
474 797 61 22 alltid
560 797 77 21 kunna
663 797 125 22 inneslutas
816 797 6 21 i
848 796 124 28 begreppet

213 831 112 27 genmäle.

283 865 155 29 Affattningen
468 866 21 21 af
514 867 136 20 momentets
677 872 79 15 senare
782 865 36 22 del
844 865 40 21 har
908 866 63 27 synts

217 899 229 28 otilliredsställande,
463 901 89 21 hvarför
568 900 126 22 detsamma
710 900 188 22 omformulerats.

285 934 44 22 Om
357 935 105 22 redaktör
477 941 85 22 genom
579 935 192 27 domstolsutslag
786 934 59 21 fällts
860 933 32 22 till
907 933 65 22 böter

218 968 34 22 för
275 969 173 23 underlätenhet
463 971 31 21 att
510 970 71 22 införa
597 970 30 22 ett
643 969 147 27 bemötande,
805 969 51 26 kan,
872 974 37 16 om
926 968 44 22 han

214 1003 137 22 fortfarande
367 1006 80 26 vägrar
462 1005 31 21 att
509 1004 75 28 intaga
601 1004 133 27 detsamma,
752 1004 70 28 enligt
843 1003 7 21 2
859 1003 68 21 mom.
938 1002 32 22 vi-

215 1038 123 28 tespäföljd
363 1038 43 22 den
429 1038 136 22 tredskande
588 1039 49 21 icke
659 1038 138 28 föreläggas,
814 1037 52 22 med
884 1037 86 22 mindre

214 1074 28 20 än
259 1073 31 21 att
306 1078 28 16 en
347 1079 30 22 ny
386 1080 95 21 process
490 1074 47 21 mot
546 1073 86 22 honom
643 1073 95 22 inledes.
769 1072 67 22 Detta
852 1072 40 21 har
906 1073 63 27 synts

214 1113 54 15 vara
285 1113 26 15 en
329 1108 72 21 alltför
416 1108 104 28 vidlyftig
536 1107 109 29 omgång,
661 1108 91 21 hvarför
767 1107 70 21 orden
852 1112 51 20 ,om
914 1112 55 22 gen-

213 1141 69 22 mälet
298 1141 37 22 det
351 1142 93 22 oaktadt
460 1142 49 22 icke
525 1142 96 22 införes*
639 1142 143 22 utelämnats.

546 1273 14 22 5
577 1273 58 28 Kap.

281 1347 170 28 Tryckfriheten
471 1347 95 22 innebär
587 1347 163 28 obestridligen
774 1347 41 20 rätt
830 1346 34 21 för
886 1346 84 21 enhvar

212 1382 31 21 att
260 1382 68 21 uttala
345 1382 36 27 sig
397 1382 65 21 äfven
479 1388 38 15 om
534 1381 155 28 samhälleliga
706 1381 44 22 och
770 1380 106 29 politiska
892 1382 76 27 spörs-

212 1415 46 22 mål
282 1416 43 21 och
349 1416 163 22 förhållanden.
549 1416 181 28 Tryckfrihetens
755 1415 117 30 betydelse
897 1415 73 28 ligger

212 1450 7 20 i
236 1449 49 22 icke
302 1450 64 28 ringa
383 1450 51 22 mån
452 1451 53 26 däri,
522 1451 30 21 att
568 1450 43 22 den
628 1450 125 28 möjliggör
762 1456 27 14 en
801 1449 103 21 verksam
912 1449 56 21 kon-

211 1484 50 22 troll
278 1484 63 22 öfver
351 1484 29 22 de
389 1484 117 29 offentliga
515 1484 188 29 myndigheterna
712 1483 49 23 från
770 1483 131 22 samhällets
912 1482 56 23 sida.
