1084 1764
209 163 25 19 12
424 162 30 23 U.
470 162 28 22 B.
514 175 28 3 —
559 163 74 27 Prop.
649 163 41 22 N:o
706 163 34 22 17.

277 234 47 22 Vid
353 234 189 29 granskningen
572 234 25 22 af
624 234 174 29 föreliggande
825 234 140 30 lagförslag

207 269 48 22 har
283 269 121 22 utskottet
430 268 84 22 funnit
538 269 39 29 sig
605 268 86 22 kunna
710 269 8 21 i
736 268 146 23 hufvudsak
905 269 60 29 god-

208 303 85 22 känna
319 303 31 22 de
377 303 133 28 principer,
540 303 79 29 enligt
646 303 86 22 hvilka
758 303 121 29 förslaget
903 310 61 22 upp-

209 338 88 28 gjorts.
336 338 37 22 De
400 338 205 28 begränsningar
630 338 7 21 i
661 338 81 22 rätten
769 339 35 21 att
829 337 68 23 bilda
916 338 48 22 för-

209 372 76 29 ening
303 372 46 22 och
379 374 35 20 att
432 372 59 29 ingå
511 378 53 16 som
586 372 105 22 medlem
711 372 7 22 i
738 372 121 29 förening,
877 372 87 22 hvilka

209 406 103 29 stadgas
325 407 8 21 i
346 406 33 30 $$
398 407 21 26 1,
440 407 15 22 3
474 406 45 22 och
540 407 23 26 5,
589 406 78 22 hafva
686 407 26 22 af
728 407 135 21 utskottets
882 406 82 23 flertal

209 442 95 22 ansetts
317 441 56 23 fullt
386 441 163 22 motiverade.
588 441 95 22 Genom
703 448 31 16 en
753 441 143 29 föreslagen
915 448 49 15 om-

208 475 165 29 formulering
401 476 46 22 har
474 476 123 22 utskottet
625 476 63 22 dock
717 476 67 22 velat
811 476 100 22 klarare
930 475 34 23 af-

209 510 94 29 gränsa
322 510 31 23 de
372 516 112 23 grupper
503 510 26 22 af
540 510 154 29 föreningar,
713 510 71 23 som
770 506 15 38 i
798 510 32 23 de
850 510 41 22 två
911 510 54 23 sist-

208 545 93 22 nämda
320 545 158 29 lagrummen
498 545 73 22 afses.

278 579 247 29 Föreningsfriheten
555 579 155 29 äfventyras,
731 579 78 29 enligt
830 579 134 22 utskottets

209 613 84 27 tanke,
313 613 54 23 icke
385 614 78 22 heller
481 620 91 23 genom
592 614 31 22 de
641 615 6 21 i
662 614 165 29 lagförslaget
839 614 125 29 ingående

209 648 176 29 stadgandena
415 655 40 16 om
485 649 51 22 rätt
567 650 36 21 att
629 649 107 28 upplösa
763 648 125 29 förening.
925 648 38 22 Då

209 682 84 23 denna
312 683 50 22 rätt
380 683 150 22 tillkommer
548 683 115 26 domstol,
684 683 46 22 har
749 683 121 22 utskottet
884 684 81 21 ansett

209 717 95 29 nödiga
331 717 126 29 garantier
480 717 125 30 föreligga
633 718 39 22 för
694 720 36 20 att
757 718 83 22 beslut
858 724 40 15 om
916 717 48 22 för-

209 751 90 30 enings
323 751 154 30 upplösning
501 752 113 22 kommer
639 754 35 21 att
695 752 77 23 fattas
791 752 63 22 efter
873 758 30 16 en
922 751 41 22 all-

209 786 67 29 sidig
295 786 45 22 och
360 786 113 29 objektiv
492 786 121 29 pröfning
632 787 26 22 af
675 786 170 23 förevarande
858 787 107 21 omstän-

209 820 124 29 digheter.

278 855 47 22 Vid
344 855 187 29 behandlingen
551 855 26 22 af
594 855 89 29 frägan
704 862 39 15 om
762 855 31 22 de
810 855 97 26 villkor,
917 855 48 22 för-

208 889 77 29 ening
309 889 46 22 bör
379 889 114 29 uppfylla
516 889 39 22 för
574 889 128 23 vinnande
721 889 26 22 af
765 889 197 28 rättskapacitet,

209 925 66 21 samt
301 930 40 16 om
370 924 149 28 tidpunkten
548 924 39 22 för
611 924 236 29 rättskapacitetens
866 923 98 22 inträde

207 958 48 22 har
273 958 122 23 utskottet
412 959 64 29 tagit
494 959 81 22 under
593 958 191 30 öfvervägande
802 958 162 29 möjligheten

208 994 36 20 att
268 993 54 22 lösa
347 993 83 22 denna
455 993 73 29 fräga
553 994 8 21 i
581 1000 83 15 annan
683 993 120 29 riktning,
822 994 32 20 än
872 999 91 22 genom

207 1027 133 23 införande
365 1027 26 22 af
410 1028 42 22 det
470 1028 8 22 i
497 1028 94 28 nädiga
611 1028 189 28 propositionen
820 1027 143 29 föreslagna

207 1061 295 29 inskrifningssystemet.
545 1062 55 22 Den
625 1062 96 28 knappt
739 1062 116 22 tillmätta
874 1061 35 23 tid
928 1065 36 18 ut-

207 1095 94 23 skottet
329 1096 54 22 haft
407 1096 35 22 till
468 1097 42 21 sitt
533 1096 152 29 förfogande
704 1096 46 22 har
769 1096 64 22 dock
852 1096 112 29 omöjlig-

207 1130 69 28 gjort
293 1130 179 23 utarbetandet
491 1131 25 21 af
534 1131 79 29 nägot
631 1131 95 29 förslag
746 1131 6 21 i
773 1130 86 22 saken.

277 1164 54 23 Den
346 1165 141 29 väsentliga
502 1165 101 27 olikhet,
624 1172 53 15 som
696 1166 7 21 i
722 1165 110 29 rättsligt
846 1164 117 22 afseende

207 1198 100 23 komme
332 1201 35 21 att
389 1206 46 22 ega
461 1206 54 15 rum
539 1200 91 22 mellan
648 1200 125 22 inskrifna
792 1199 46 22 och
858 1199 54 22 icke
930 1199 34 21 in-

207 1233 98 22 skrifna
330 1234 152 28 föreningar,
506 1234 47 22 har
578 1234 35 22 till
632 1234 105 29 päföljd,
758 1235 36 21 att
813 1235 34 20 ett
866 1233 102 29 mycket

207 1269 64 21 stort
299 1268 68 22 antal
396 1268 26 22 af
440 1268 30 22 de
490 1268 197 29 bestämningar,
707 1274 53 16 som
780 1268 60 28 ingä
858 1268 36 22 uti
913 1268 51 28 lag-

206 1302 131 29 förslaget,
363 1303 53 21 icke
435 1303 78 21 hafva
532 1303 99 28 rättslig
649 1302 131 29 betydelse
798 1302 40 22 för
856 1302 108 22 förenin-

206 1342 47 23 gar
282 1336 25 22 af
334 1337 43 22 det
404 1344 88 15 senare
520 1337 88 29 slaget.
652 1337 146 22 Emellertid
814 1336 47 22 har
879 1336 84 22 denna

206 1370 97 22 olikhet
321 1371 54 22 icke
394 1372 144 28 tillräckligt
555 1372 104 22 kommit
677 1372 36 21 till
732 1370 100 30 uttryck
846 1370 43 22 vid
902 1377 62 21 upp-

207 1405 154 29 ställningen
381 1406 25 22 af
432 1406 130 29 förslaget,
589 1413 52 15 som
664 1407 108 21 tvärtom
800 1406 28 21 är
847 1405 118 22 affattadt

206 1439 114 27 sälunda,
340 1442 35 20 att
393 1441 69 21 hvad
475 1440 55 22 däri
544 1441 103 28 stadgas
660 1447 40 15 om
713 1440 154 29 föreningar,
879 1439 84 23 städse

206 1480 77 22 synes
313 1475 67 28 gälla
410 1475 147 28 föreningar
585 1475 25 21 af
636 1475 138 22 hvartdera
802 1474 89 29 slaget,
916 1474 49 21 för-

276 1517 131 23 Lagutskottets
420 1518 109 17 betänkande
541 1518 38 17 N:o
591 1519 17 16 4.
