1084 1761
274 152 84 23 Ständ.
375 151 39 23 Sv.
431 165 26 2 —
473 153 74 27 Prop.
564 152 42 22 N:o
623 152 36 22 15.
842 151 15 22 9

415 426 118 30 LAG

149 493 159 31 angående
327 493 160 25 allmänna
507 494 296 25 sammankomster.

170 561 54 22 Med
239 561 163 28 upphäfvande
419 561 26 21 af
459 563 12 20 9
488 563 12 26 $
517 563 26 20 16
555 562 50 28 kap.
618 561 143 29 Strafflagen
773 561 84 22 varder

101 595 134 29 härigenom
253 596 117 28 stadgadt:

457 660 44 27 18.

171 716 46 22 För
232 716 178 29 öfverläggning
425 716 99 22 rörande
535 716 117 22 allmänna
663 716 196 28 angelägenheter

102 751 56 22 eller
173 751 8 21 i
197 754 71 18 annat
282 750 76 29 lofligt
372 750 61 29 syfte
457 752 37 20 må
516 751 118 21 allmänna
649 751 209 21 sammankomster

102 785 74 21 hållas
192 785 52 21 med
260 785 150 28 iakttagande
426 785 26 21 af
465 785 62 22 hvad
542 786 8 20 i
566 786 76 20 denna
657 785 39 29 lag
711 785 101 29 stadgas.

172 820 80 20 Såsom
277 820 85 21 allmän
386 820 60 21 skall
474 820 20 28 ej
516 820 45 21 den
584 820 181 21 sammankomst
783 827 74 19 anses,

102 854 36 21 till
154 854 95 21 hvilken
265 854 81 22 endast
360 854 28 22 de
404 862 43 20 ega
464 854 109 27 tillträde,
589 862 49 14 som
654 858 39 18 äro
710 854 148 28 personligen

103 888 115 28 inbjudna
240 888 54 21 eller
316 888 56 21 höra
391 889 36 20 till
451 888 115 29 förening,
582 888 95 22 hvilken
694 889 75 21 såsom
785 888 73 21 sådan

101 923 120 28 inbjudits.

456 976 49 27 28.

171 1032 94 22 Allmän
280 1032 182 22 sammankomst
478 1033 37 21 mä
529 1032 150 22 föranstaltas
690 1032 26 22 af
727 1032 63 22 finsk
799 1032 59 22 med-

102 1067 104 28 borgare,
223 1074 47 14 som
286 1067 101 29 ätnjuter
402 1067 47 28 god
465 1066 61 30 fräjd
541 1067 43 21 och
600 1067 51 21 icke
667 1068 48 20 stär
729 1067 74 21 under
814 1067 45 21 för-

104 1101 162 29 mynderskap,
282 1102 24 21 sä
322 1102 42 21 ock
380 1101 26 22 af
419 1102 115 28 förening.

464 1177 13 20 3
494 1176 18 29 &.

171 1227 34 27 Är
220 1233 84 21 allmän
320 1233 183 21 sammankomst
518 1233 80 22 afsedd
614 1236 34 18 att
663 1233 74 22 hällas
749 1233 12 22 &
773 1233 87 22 allmän

102 1267 61 28 plats
183 1267 74 22 under
276 1267 40 22 bar
331 1267 100 28 himmel,
447 1267 61 22 skall
524 1267 79 22 därom
619 1271 76 18 senast
711 1275 40 14 sex
767 1268 93 21 timmar

102 1301 50 22 före
168 1301 45 22 den
228 1301 36 22 för
279 1301 211 22 sammankomsten
506 1304 87 19 utsatta
603 1301 65 22 tiden
679 1305 67 25 göras
757 1302 106 29 skriftlig

103 1335 56 22 eller
178 1336 100 29 muntlig
294 1337 112 25 anmälan,
426 1336 7 21 i
460 1336 53 21 stad
535 1335 41 22 hos
596 1335 178 29 poliskammare
797 1335 63 27 eller,

103 1370 42 21 där
160 1369 72 22 sädan
248 1370 20 29 ej
284 1370 80 25 finnes,
380 1370 41 22 hos
439 1370 160 29 borgmästare
617 1370 56 21 eller
686 1370 174 29 ordningsman,

103 1404 43 21 och
167 1404 31 29 pä
213 1404 79 21 landet
306 1405 42 21 hos
364 1404 146 29 kronofogde
526 1404 55 21 eller
597 1404 112 21 länsman.
739 1404 67 21 Dock
822 1404 41 21 mä

103 1439 69 20 äfven
196 1446 80 14 senare
298 1439 67 28 gjord
380 1439 111 21 anmälan
506 1439 74 21 hällas
596 1439 36 21 för
647 1439 76 28 giltig,
741 1445 36 15 om
794 1446 66 21 myn-

103 1472 111 29 digheten
230 1472 94 29 pröfvar
338 1472 126 29 olägenhet
480 1473 69 21 däraf
561 1473 19 29 ej
597 1473 90 28 uppstä.
