1081 1761
248 140 14 21 4
565 141 40 22 N:o
618 141 26 21 14

575 210 49 27 48.

289 255 126 29 Angående
438 255 130 22 författares
590 256 145 21 uteslutande
759 258 46 19 rätt
819 255 37 22 till
872 255 68 21 alster
955 255 23 21 af

220 289 36 21 sin
275 290 144 21 verksamhet
437 291 41 21 och
501 298 36 14 om
560 293 47 19 rätt
629 291 36 21 för
689 291 85 21 enhvar
789 292 34 19 att
838 290 8 20 i
861 290 66 28 tryck
943 291 35 19 ut-

220 323 65 29 gifva
295 324 64 29 lagar
369 324 42 22 och
422 324 163 29 författningar
595 327 59 19 samt
665 325 68 21 andra
745 324 119 28 offentliga
874 324 104 21 handlin-

220 364 43 21 gar
277 359 61 27 gälle
353 358 60 22 hvad
429 359 7 21 i
451 359 163 29 förordningen
630 359 43 22 den
690 360 27 20 15
732 366 59 14 mars
808 359 56 21 1880
879 358 99 28 stadgas,

221 392 59 21 dock
290 392 52 22 med
353 393 148 29 iakttagande
512 393 23 22 af
545 394 171 21 föreskrifterna
726 394 6 21 i
741 394 13 20 5
763 394 50 27 kap.
822 393 23 21 af
853 393 73 21 denna
934 393 44 28 lag.

547 451 13 21 2
583 451 70 21 KAP.

364 497 33 22 Om
413 498 83 21 vilkoren
511 498 31 22 för
557 498 81 22 idkande
653 498 20 21 af
688 497 162 28 tryckerirörelse.

577 555 48 27 58

292 594 107 22 Enhvar
387 590 15 37 i
410 594 77 22 landet
497 595 77 21 bosatt
583 602 88 21 person,
683 602 47 14 som
742 594 65 22 råder
817 594 64 22 öfver
891 594 35 28 sig
937 594 43 21 och

223 628 34 20 sin
276 628 110 28 egendom
403 631 59 19 samt
477 628 100 29 åtnjuter
591 630 46 28 god
653 629 65 29 fräjd,
734 636 53 15 vare
803 628 129 28 berättigad
946 630 35 19 att

223 662 55 21 idka
300 662 235 30 boktryckerirörelse.
565 664 126 21 Enahanda
713 666 47 19 rätt
784 663 129 21 tillkomme
938 662 43 22 ock

223 696 103 29 lagligen
341 697 89 23 bildadt
445 698 76 28 bolag,
537 698 40 22 där
592 699 98 21 rörelsen
706 698 95 22 förestås
817 698 26 21 af
851 698 68 21 sådan
931 705 50 21 per-

224 738 48 21 son,
288 739 48 14 som
353 735 24 18 är
392 732 95 28 behörig
503 735 34 19 att
551 733 54 21 idka
620 733 188 29 tryckerirörelse.

293 766 36 22 Dög,
363 767 168 29 tryckeriägare
554 768 55 20 eller
625 768 105 28 upplåtes
746 767 56 21 hans
818 767 111 27 egendom
945 766 34 21 till

224 800 108 28 konkurs,
355 802 37 20 mä
415 802 97 20 rörelsen
536 801 36 22 för
587 802 253 28 sterbhusdelägarenes
856 801 55 21 eller
925 801 57 21 kon-

224 834 120 22 kursboets
360 835 99 29 räkning
474 836 117 22 fortsättas
606 836 72 22 under
692 836 96 28 ledning
804 835 23 21 af
842 836 70 20 sädan
923 835 58 21 före-

224 868 113 29 ständare,
353 877 47 13 som
419 870 68 21 ofvan
503 873 24 18 är
541 871 90 20 nämnd.

291 904 71 21 Hvad
378 904 4 21 i
395 905 76 21 denna
484 905 38 28 lag
538 913 36 13 om
590 905 146 29 boktryckeri
747 905 98 28 stadgas,
862 904 61 28 gälle
939 903 43 22 ock

225 939 158 27 stentryckeri.

578 969 14 20 6
607 971 20 25 8.

294 1009 150 28 Boktryckeri
468 1010 36 20 mä
520 1009 84 22 drifvas
627 1010 7 21 i
657 1010 49 21 stad
731 1010 54 21 eller
804 1009 88 28 köping
917 1011 65 25 samt,

226 1042 51 21 med
300 1043 105 21 tillstånd
428 1043 23 21 af
474 1044 105 27 Senaten,
595 1044 84 28 jämväl
695 1045 29 28 pä
740 1043 83 22 landet.
853 1043 57 27 Den,
934 1050 47 14 som

225 1079 55 18 utan
300 1077 76 28 dylikt
390 1078 103 21 tillständ
508 1078 65 21 idkar
588 1079 184 28 tryckerirörelse
787 1078 30 28 pä
832 1077 83 27 landet,
929 1077 54 21 böte

225 1111 50 21 från
292 1112 42 21 och
350 1112 50 21 med
419 1112 122 22 etthundra
558 1113 36 21 till
612 1113 40 21 och
671 1113 51 21 med
741 1115 90 19 ettusen
853 1111 70 28 mark,
941 1111 42 22 och

226 1146 227 29 tryckeriredskapen
469 1155 54 13 vare
538 1147 123 22 förbruten.

581 1205 48 27 78.

296 1244 69 27 Hvar,
387 1251 48 14 som
458 1244 40 21 vill
521 1244 86 22 inrätta
628 1246 53 27 nytt
703 1244 100 29 tryckeri
826 1244 55 21 eller
901 1251 82 21 genom

226 1276 147 23 öfverlätelse
389 1278 54 21 eller
453 1279 52 27 lega
515 1278 78 22 blifvit
603 1279 146 21 innehafvare
759 1278 22 21 af
789 1278 62 22 förut
861 1278 123 22 bestående

226 1312 107 28 tryckeri,
344 1320 55 14 varo
414 1313 93 28 skyldig
517 1314 34 20 att
563 1320 35 14 om
611 1313 43 21 den
665 1312 121 22 tillärnade
797 1313 99 21 rörelsen
908 1312 76 21 skrift-

226 1346 64 28 ligen
313 1347 90 21 anmäla
424 1347 41 21 hos
488 1348 149 28 magistraten
659 1348 55 21 eller
733 1347 185 29 ordningsrätten
943 1347 42 21 och

226 1381 30 27 pä
272 1380 78 22 landet
364 1381 42 21 hos
421 1381 163 29 kronofogden.
604 1382 81 21 Denna
701 1382 107 21 anmälan
823 1382 59 20 skall
893 1380 92 29 åtföljas

227 1414 23 22 af
265 1415 124 29 utredning
405 1416 116 28 angående
537 1416 28 21 de
580 1416 7 21 i
603 1416 13 22 5
639 1418 12 25 8
675 1416 150 22 omförmälda
845 1415 140 27 omständig-

227 1449 65 21 heter
314 1452 58 19 samt
396 1450 77 21 därom
497 1452 34 19 att
545 1450 104 21 tillständ
664 1450 36 21 till
716 1450 135 28 tryckeriets
867 1449 118 21 drifvande
