1086 1770
778 146 31 21 23

87 215 78 22 beslut
182 215 100 27 erhållit,
302 216 60 28 ånyo
381 214 38 22 till
438 217 61 20 stora
518 215 123 28 utskottet,
660 215 29 28 på
702 214 91 23 hvilket
806 214 38 21 det

87 249 135 23 ankommer
240 252 36 19 att
293 249 93 22 förorda
404 249 112 29 förslaget
534 249 52 22 med
605 249 56 22 eller
678 252 58 19 utan
750 249 94 22 ändrin-

87 291 43 22 gar
157 284 57 21 eller
240 286 36 19 att
300 283 105 30 afstyrka
424 283 52 22 dess
495 283 138 29 antagande.
670 283 78 22 Hafva
767 283 77 22 förän-

87 319 97 28 dringar
202 318 24 22 af
243 321 63 19 stora
327 318 117 22 utskottet
461 318 134 29 tillstyrkts,
615 318 103 22 besluter
736 317 108 23 landtda-

87 361 46 21 gen
161 360 37 14 om
225 352 67 22 deras
310 352 173 29 godkännande
502 353 56 21 eller
576 352 131 30 afböjande,
726 352 118 22 hvarefter

88 387 74 23 andra
181 386 172 29 behandlingen
372 387 115 22 förklaras
506 387 109 22 afslutad.

157 421 85 22 Medan
262 421 72 22 andra
353 421 175 29 behandlingen
555 421 23 22 af
596 421 83 29 frågan
699 422 79 28 pågår,
797 421 46 21 kan

88 455 151 29 landtdagen,
258 456 83 22 liksom
360 456 43 22 ock
422 458 63 20 stora
503 456 122 27 utskottet,
645 455 42 22 där
705 455 85 22 sådant
802 455 42 21 fin-

89 498 41 14 nes
148 490 90 29 nödigt,
256 490 103 22 infordra
378 492 54 27 nytt
450 490 122 22 utlåtande
591 490 23 22 af
632 490 41 22 det
686 490 98 28 utskott,
795 497 51 14 som

89 526 59 21 först
166 524 81 22 beredt
266 525 102 21 ärendet.

159 559 46 22 Vid
224 558 74 30 tredje
316 559 181 29 behandlingen,
516 567 48 13 som
583 566 54 22 eger
655 566 50 14 rum
721 558 98 30 tidigast
832 559 13 21 å

89 593 75 29 tredje
191 594 75 28 dagen
294 594 58 22 efter
379 594 39 21 det
446 594 72 21 andra
537 593 174 29 behandlingen
730 593 114 27 afslutats,

90 628 132 29 föredrages
242 628 95 22 ärendet
355 628 37 22 till
402 628 93 29 slutligt
505 628 136 29 afgörande;
655 628 42 22 och
711 628 45 22 kan
770 627 76 22 landt-

91 662 75 29 dagen
186 662 82 22 härvid
287 663 112 29 antingen
418 662 151 22 oförändradt
588 665 86 26 antaga
687 662 159 29 lagförslaget,

91 697 84 22 sådant
194 697 39 21 det
250 697 41 22 vid
310 697 72 22 andra
400 697 175 29 behandlingen
594 697 123 29 godkänts,
736 697 58 22 eller
813 696 33 22 af-

90 732 55 28 böja
163 732 133 27 detsamma,
316 732 78 22 därest
411 732 59 27 icke,
495 732 79 22 förrän
599 732 143 29 proposition
764 731 81 21 härom

90 766 147 28 framställes,
256 766 105 29 yrkande
379 770 74 25 göres,
468 768 34 20 att
516 766 95 22 ärendet
624 766 60 22 skall
694 766 88 22 lämnas
795 765 49 22 hvi-

90 800 77 22 lande.
204 800 72 22 Göres
304 801 84 22 sådant
416 800 114 29 yrkande,
549 800 139 29 bordlägges
707 800 83 28 frågan
808 800 38 21 till

90 835 104 29 följande
213 835 105 29 plenum;
337 835 152 22 understödes
507 835 117 29 yrkandet
641 835 30 21 då
691 835 22 21 af
730 835 72 21 minst
817 842 28 14 en

91 869 113 29 tredjedel
223 870 22 21 af
263 870 156 29 landtdagens
437 870 110 28 samtliga
557 870 154 25 medlemmar,
724 868 60 22 skall
797 869 49 28 lag-

90 904 113 29 förslaget
226 904 8 21 i
252 903 52 22 dess
321 904 41 22 vid
380 904 74 22 andra
472 904 174 28 behandlingen
664 903 126 29 godkända
812 903 32 28 ly-

91 938 63 22 delse
173 938 73 22 blifva
265 939 111 22 hvilande
394 939 36 21 till
450 939 73 21 första
541 938 114 29 landtdag
673 938 58 21 efter
749 938 40 21 det
800 945 48 21 nya

91 973 40 22 val
149 975 39 26 egt
206 981 56 14 rum.

161 1007 66 22 Dock
254 1008 37 21 må
309 1007 73 29 fråga,
401 1015 49 14 som
469 1007 81 22 väckts
569 1015 83 21 genom
671 1007 113 28 Kejsaren
804 1006 42 22 och

93 1041 155 22 Storfurstens
275 1042 141 29 proposition
441 1042 38 21 till
503 1042 85 21 urtima
615 1041 119 29 landtdag,
762 1042 21 27 ej
812 1041 34 21 så-

91 1076 73 22 lunda
181 1077 89 21 lämnas
288 1076 117 28 hvilande,
424 1079 57 19 utan
501 1076 59 22 skall
571 1076 44 21 den
625 1076 40 22 vid
675 1083 86 15 samma
772 1075 76 22 landt-

92 1110 47 29 dag
158 1111 110 29 slutligen
288 1111 99 28 afgöras.

445 1171 23 18 58
480 1172 16 22 8.

161 1214 104 29 Förslag,
290 1221 46 14 som
356 1214 99 22 lämnats
474 1214 111 22 hvilande
604 1214 36 21 till
659 1214 46 21 viss
725 1213 120 28 landtdag,

92 1247 144 30 handlägges
255 1248 81 22 därvid
356 1249 74 21 såsom
449 1248 60 22 hade
528 1248 39 22 det
586 1248 39 22 vid
644 1248 44 21 den
701 1247 143 28 landtdagen

93 1283 129 22 inkommit.
258 1283 65 22 Dock
340 1283 45 22 kan
405 1283 113 28 förslaget
536 1283 51 22 icke
605 1282 136 29 ytterligare
760 1282 86 21 förkla-

92 1324 37 14 ras
148 1317 116 27 hvilande,
284 1317 95 21 såframt
397 1317 51 21 icke
468 1317 100 29 ändring
587 1317 50 21 däri
656 1317 120 27 vidtagits.

446 1377 23 17 59
482 1378 15 22 8.

162 1421 28 28 Ej
210 1421 36 21 må
265 1420 109 22 hvilande
393 1420 88 29 förslag
499 1424 84 24 utgöra
601 1420 82 21 hinder
702 1420 35 21 för
756 1427 31 21 ny
798 1426 50 22 pro-

93 1455 100 29 position
222 1455 55 21 eller
304 1455 88 21 motion
415 1455 8 21 i
442 1454 44 22 den
506 1455 49 27 sak,
573 1462 48 14 som
640 1454 110 28 förslaget
769 1454 79 28 angår.
