1084 1761
341 131 21 22 U.
381 131 21 21 B.
420 143 28 2 —
466 131 60 27 Prop.
544 131 36 22 N:o
595 131 31 21 16.
845 130 13 20 9

105 197 55 26 ning
186 197 105 26 befogad,
318 197 139 26 landtdagen
487 197 80 20 kunna
594 197 90 20 besluta
711 197 34 20 till
772 196 85 27 åtgärd,

105 233 79 20 kunde
202 239 53 14 man
271 233 78 20 befara
362 232 118 21 missbruk
493 233 25 20 af
535 233 252 26 anmärkningsrätten,
804 239 52 14 men

105 269 76 20 denna
206 270 44 19 rätt
269 270 26 19 är
310 269 25 20 af
349 268 96 27 ömtälig
461 271 35 18 art
513 269 44 20 och
575 269 30 20 täl
623 269 50 20 icke
690 269 38 20 vid
746 271 32 18 att
794 269 64 20 miss-

105 304 94 20 brukas.

177 340 164 27 Nyssantydda
367 340 122 26 olägenhet
513 340 125 21 kvarstode
663 340 6 20 i
686 341 38 20 det
741 342 115 19 närmaste

105 376 160 20 oförminskad
293 382 38 14 om
357 376 7 20 i
395 376 125 27 anledning
547 376 25 20 af
600 376 122 21 utskottets
749 377 109 20 anmälan

105 413 81 20 därom
211 414 32 18 att
267 412 157 26 lagstridighet
448 412 51 20 icke
524 412 118 20 befunnits
664 412 108 27 föreligga
789 412 70 21 öfver-

106 447 107 27 läggning
236 448 7 19 i
268 447 138 27 landtdagen
432 454 54 14 vore
510 448 96 25 tilläten,
631 455 53 13 men
710 448 75 21 beslut
801 448 56 20 icke.

106 483 106 21 Utsikten
228 485 33 18 att
280 483 74 20 under
370 483 44 20 alla
433 484 199 26 omständigheter
649 484 21 20 få
688 491 27 13 en
736 483 77 21 debatt
825 483 34 20 till

106 519 67 21 ständ
190 519 44 20 och
252 519 97 21 sälunda
366 519 89 21 tillfälle
473 521 38 24 att,
529 526 38 14 om
585 520 70 20 ocksä
673 519 50 21 icke
742 519 117 28 juridiskt,

106 555 65 20 ställa
193 561 29 15 en
249 555 134 27 misshaglig
416 556 221 27 regeringsledamot
671 556 28 26 pä
727 556 27 20 de
780 556 79 20 ankla-

105 591 70 26 gades
199 591 69 25 bänk,
298 591 63 21 torde
387 591 128 27 medgifvas
542 591 113 21 innebära
682 598 28 14 en
738 591 46 21 lika
797 592 62 20 stark

105 626 102 22 frestelse
226 627 34 20 till
277 627 90 20 mindre
384 627 112 27 befogade
515 628 45 20 och
577 628 90 20 mindre
679 627 37 21 väl
728 627 132 27 öfverlagda

105 663 194 27 anmärkningars
324 662 174 22 framställande
523 670 50 14 som
599 670 28 14 en
644 663 104 21 eventuel
765 664 44 20 rätt
825 663 35 21 för

106 699 139 26 landtdagen
270 701 33 18 att
319 700 56 19 trots
392 699 252 27 grundlagsutskottets
660 699 149 27 afstyrkande
826 698 32 21 till

106 735 78 26 ätgärd
202 735 96 21 besluta.

178 771 127 21 Utskottets
322 771 72 21 flertal
412 772 43 20 har
475 772 78 20 därför
572 774 75 18 ansett
666 772 34 26 sig
719 772 79 20 kunna
815 772 44 20 för-

106 806 56 21 orda
179 807 181 26 godkännandet
371 807 25 21 af
405 808 28 20 de
445 807 181 27 bestämningar,
638 814 50 14 som
701 808 6 20 i
720 808 44 20 den
777 807 81 27 nädiga

106 842 174 28 propositionen
305 843 96 21 föreslås
426 844 53 20 med
501 843 107 21 afseende
626 844 12 20 å
661 843 79 27 frågan
757 845 42 19 när
820 850 38 14 an-

106 878 124 27 märkning
247 879 58 20 skall
323 885 67 14 anses
407 879 71 20 hafva
495 880 101 19 förfallit.

167 986 128 27 Betingelse
307 987 34 20 för
353 987 154 26 landtdagens
518 987 152 20 inskridande
682 987 6 20 i
700 987 125 26 anledning
837 987 22 20 at

106 1021 65 28 gjord
188 1023 157 26 anmärkning
361 1025 49 18 mot
427 1023 202 26 styrelseledamot
646 1023 32 24 är,
696 1023 29 26 på
742 1024 44 19 sätt
803 1023 6 20 i
823 1023 37 20 det

106 1058 138 26 föregående
268 1058 145 29 framhållits,
439 1061 32 18 att
493 1059 238 27 grundlagsutskottet
754 1059 8 20 i
782 1059 77 20 betän-

106 1094 77 19 kande
200 1094 64 21 öfver
281 1095 163 26 anmärkning,
463 1102 51 14 som
531 1095 34 21 till
583 1095 110 20 utskottet
712 1095 147 26 hänskjutits,

106 1129 114 21 förklarat
235 1130 88 21 honom
341 1131 70 20 hafva
428 1131 91 20 förfarit
535 1131 133 27 lagstridigt,
681 1131 54 20 eller
746 1133 33 18 att
790 1130 69 27 sagda

107 1165 88 20 utskott
212 1166 104 20 anmäler
333 1166 63 20 inom
414 1167 130 20 detsamma
563 1167 128 20 framställd
706 1166 154 26 anmärkning

106 1202 49 19 mot
172 1201 197 27 styrelsemedlem
387 1202 34 20 till
442 1202 79 27 åtgärd
539 1203 44 20 hos
600 1202 145 26 landtdagen.
779 1202 7 20 I
805 1202 54 26 följd

107 1236 25 20 af
154 1236 73 21 sådan
252 1237 127 27 förklaring
403 1238 56 20 eller
476 1239 110 20 anmälan
604 1238 51 21 från
672 1238 122 20 utskottets
810 1237 50 21 sida

106 1273 54 25 äger
184 1272 141 28 landtdagen
350 1274 91 20 besluta
469 1276 32 19 att
526 1274 51 27 ingå
598 1274 52 21 med
667 1273 193 27 framställning
850 1268 15 38 i

107 1308 80 27 frågan
208 1308 34 21 till
260 1309 109 27 Kejsaren
387 1310 44 20 och
449 1310 149 26 Storfursten,
615 1310 54 20 eller
685 1312 32 18 att
734 1310 65 20 ställa
815 1309 45 20 den

107 1344 206 27 styrelseledamot,
339 1352 49 14 som
414 1346 187 26 anmärkningen
628 1346 65 25 afser,
719 1346 73 20 under
808 1345 52 25 åtal,

107 1380 54 20 eller
178 1382 32 18 att
227 1380 78 27 frågan
324 1382 59 20 skall
400 1382 99 20 förfalla.

180 1416 150 26 Landtdagen
348 1418 25 19 är
389 1417 69 27 förty,
476 1418 92 20 såsnart
584 1417 126 27 lagstridigt
730 1417 131 21 förfarande

108 1450 51 21 från
177 1452 210 25 styrelseledamots
405 1453 50 20 sida
473 1453 7 20 i
493 1454 69 19 ofvan
575 1453 106 26 angifven
694 1452 98 27 ordning
805 1452 56 20 kon-
