<?xml version="1.0" encoding="UTF-8"?>
<alto xmlns="http://www.loc.gov/standards/alto/ns-v3#" xmlns:xlink="http://www.w3.org/1999/xlink" xmlns:xsi="http://www.w3.org/2001/XMLSchema-instance" xsi:schemaLocation="http://www.loc.gov/standards/alto/ns-v3# http://www.loc.gov/alto/v3/alto-3-0.xsd">
	<Description>
		<MeasurementUnit>pixel</MeasurementUnit>
		<sourceImageInformation>
			<fileName>/tmp/tess_jr7tmote_input.PNG</fileName>
		</sourceImageInformation>
		<OCRProcessing ID="OCR_0">
			<ocrProcessingStep>
				<processingSoftware>
					<softwareName>tesseract 5.3.4</softwareName>
				</processingSoftware>
			</ocrProcessingStep>
		</OCRProcessing>
	</Description>
	<Layout>
		<Page WIDTH="1084" HEIGHT="1761" PHYSICAL_IMG_NR="0" ID="page_0">
			<PrintSpace HPOS="0" VPOS="0" WIDTH="1084" HEIGHT="1761">
				<ComposedBlock ID="cblock_0" HPOS="215" VPOS="149" WIDTH="519" HEIGHT="37">
					<TextBlock ID="block_0" HPOS="215" VPOS="149" WIDTH="519" HEIGHT="37">
						<TextLine ID="line_0" HPOS="215" VPOS="149" WIDTH="519" HEIGHT="37">
							<String ID="string_0" HPOS="215" VPOS="149" WIDTH="33" HEIGHT="37" WC="0.94" CONTENT="28"/><SP WIDTH="167" VPOS="149" HPOS="248"/>
							<String ID="string_1" HPOS="415" VPOS="153" WIDTH="28" HEIGHT="23" WC="0.92" CONTENT="U."/><SP WIDTH="17" VPOS="153" HPOS="443"/>
							<String ID="string_2" HPOS="460" VPOS="153" WIDTH="27" HEIGHT="23" WC="0.91" CONTENT="B."/><SP WIDTH="16" VPOS="153" HPOS="487"/>
							<String ID="string_3" HPOS="503" VPOS="166" WIDTH="28" HEIGHT="5" WC="0.92" CONTENT="—"/><SP WIDTH="15" VPOS="166" HPOS="531"/>
							<String ID="string_4" HPOS="546" VPOS="153" WIDTH="75" HEIGHT="29" WC="0.93" CONTENT="Prop."/><SP WIDTH="17" VPOS="153" HPOS="621"/>
							<String ID="string_5" HPOS="638" VPOS="153" WIDTH="42" HEIGHT="23" WC="0.96" CONTENT="N:o"/><SP WIDTH="19" VPOS="153" HPOS="680"/>
							<String ID="string_6" HPOS="699" VPOS="153" WIDTH="35" HEIGHT="23" WC="0.95" CONTENT="17."/>
						</TextLine>
					</TextBlock>
				</ComposedBlock>
				<ComposedBlock ID="cblock_1" HPOS="220" VPOS="218" WIDTH="760" HEIGHT="271">
					<TextBlock ID="block_1" HPOS="222" VPOS="218" WIDTH="757" HEIGHT="65">
						<TextLine ID="line_1" HPOS="291" VPOS="218" WIDTH="688" HEIGHT="29">
							<String ID="string_7" HPOS="291" VPOS="218" WIDTH="25" HEIGHT="29" WC="0.95" CONTENT="3)"/><SP WIDTH="20" VPOS="218" HPOS="316"/>
							<String ID="string_8" HPOS="336" VPOS="219" WIDTH="102" HEIGHT="22" WC="0.96" CONTENT="hvilken"/><SP WIDTH="15" VPOS="219" HPOS="438"/>
							<String ID="string_9" HPOS="453" VPOS="219" WIDTH="60" HEIGHT="22" WC="0.96" CONTENT="eller"/><SP WIDTH="13" VPOS="219" HPOS="513"/>
							<String ID="string_10" HPOS="526" VPOS="219" WIDTH="87" HEIGHT="23" WC="0.96" CONTENT="hvilka"/><SP WIDTH="13" VPOS="219" HPOS="613"/>
							<String ID="string_11" HPOS="626" VPOS="219" WIDTH="77" HEIGHT="23" WC="0.96" CONTENT="bland"/><SP WIDTH="12" VPOS="219" HPOS="703"/>
							<String ID="string_12" HPOS="715" VPOS="219" WIDTH="74" HEIGHT="22" WC="0.96" CONTENT="dessa"/><SP WIDTH="10" VPOS="219" HPOS="789"/>
							<String ID="string_13" HPOS="799" VPOS="219" WIDTH="44" HEIGHT="22" WC="0.96" CONTENT="äro"/><SP WIDTH="12" VPOS="219" HPOS="843"/>
							<String ID="string_14" HPOS="855" VPOS="218" WIDTH="124" HEIGHT="29" WC="0.95" CONTENT="behöriga"/>
						</TextLine>
						<TextLine ID="line_2" HPOS="222" VPOS="253" WIDTH="517" HEIGHT="30">
							<String ID="string_15" HPOS="222" VPOS="254" WIDTH="37" HEIGHT="21" WC="0.96" CONTENT="att"/><SP WIDTH="13" VPOS="254" HPOS="259"/>
							<String ID="string_16" HPOS="272" VPOS="253" WIDTH="90" HEIGHT="22" WC="0.95" CONTENT="teckna"/><SP WIDTH="18" VPOS="253" HPOS="362"/>
							<String ID="string_17" HPOS="380" VPOS="253" WIDTH="163" HEIGHT="30" WC="0.95" CONTENT="föreningens"/><SP WIDTH="19" VPOS="253" HPOS="543"/>
							<String ID="string_18" HPOS="562" VPOS="260" WIDTH="90" HEIGHT="18" WC="0.90" CONTENT="namn:"/><SP WIDTH="20" VPOS="260" HPOS="652"/>
							<String ID="string_19" HPOS="672" VPOS="255" WIDTH="67" HEIGHT="21" WC="0.95" CONTENT="samt"/>
						</TextLine>
					</TextBlock>
					<TextBlock ID="block_2" HPOS="220" VPOS="287" WIDTH="758" HEIGHT="64">
						<TextLine ID="line_3" HPOS="291" VPOS="287" WIDTH="687" HEIGHT="29">
							<String ID="string_20" HPOS="291" VPOS="287" WIDTH="26" HEIGHT="29" WC="0.95" CONTENT="4)"/><SP WIDTH="19" VPOS="287" HPOS="317"/>
							<String ID="string_21" HPOS="336" VPOS="288" WIDTH="67" HEIGHT="22" WC="0.95" CONTENT="huru"/><SP WIDTH="18" VPOS="288" HPOS="403"/>
							<String ID="string_22" HPOS="421" VPOS="288" WIDTH="106" HEIGHT="22" WC="0.95" CONTENT="kallelse"/><SP WIDTH="15" VPOS="288" HPOS="527"/>
							<String ID="string_23" HPOS="542" VPOS="288" WIDTH="45" HEIGHT="22" WC="0.96" CONTENT="till"/><SP WIDTH="19" VPOS="288" HPOS="587"/>
							<String ID="string_24" HPOS="606" VPOS="289" WIDTH="66" HEIGHT="21" WC="0.96" CONTENT="möte"/><SP WIDTH="16" VPOS="289" HPOS="672"/>
							<String ID="string_25" HPOS="688" VPOS="288" WIDTH="69" HEIGHT="22" WC="0.95" CONTENT="skall"/><SP WIDTH="15" VPOS="288" HPOS="757"/>
							<String ID="string_26" HPOS="772" VPOS="287" WIDTH="43" HEIGHT="23" WC="0.96" CONTENT="ske"/><SP WIDTH="17" VPOS="287" HPOS="815"/>
							<String ID="string_27" HPOS="832" VPOS="287" WIDTH="47" HEIGHT="22" WC="0.96" CONTENT="och"/><SP WIDTH="13" VPOS="287" HPOS="879"/>
							<String ID="string_28" HPOS="892" VPOS="287" WIDTH="86" HEIGHT="28" WC="0.96" CONTENT="öfriga"/>
						</TextLine>
						<TextLine ID="line_4" HPOS="220" VPOS="321" WIDTH="758" HEIGHT="30">
							<String ID="string_29" HPOS="220" VPOS="322" WIDTH="190" HEIGHT="22" WC="0.66" CONTENT="meddelanden"/><SP WIDTH="19" VPOS="322" HPOS="410"/>
							<String ID="string_30" HPOS="429" VPOS="322" WIDTH="106" HEIGHT="29" WC="0.90" CONTENT="bringas"/><SP WIDTH="20" VPOS="322" HPOS="535"/>
							<String ID="string_31" HPOS="555" VPOS="322" WIDTH="41" HEIGHT="22" WC="0.93" CONTENT="till"/><SP WIDTH="24" VPOS="322" HPOS="596"/>
							<String ID="string_32" HPOS="620" VPOS="317" WIDTH="197" HEIGHT="39" WC="0.90" CONTENT="medlemmarnes"/><SP WIDTH="15" VPOS="317" HPOS="817"/>
							<String ID="string_33" HPOS="832" VPOS="317" WIDTH="146" HEIGHT="39" WC="0.94" CONTENT="kännedom."/>
						</TextLine>
					</TextBlock>
					<TextBlock ID="block_3" HPOS="220" VPOS="356" WIDTH="760" HEIGHT="133">
						<TextLine ID="line_5" HPOS="290" VPOS="356" WIDTH="689" HEIGHT="30">
							<String ID="string_34" HPOS="290" VPOS="356" WIDTH="41" HEIGHT="23" WC="0.91" CONTENT="Då"/><SP WIDTH="20" VPOS="356" HPOS="331"/>
							<String ID="string_35" HPOS="351" VPOS="356" WIDTH="118" HEIGHT="30" WC="0.93" CONTENT="förening"/><SP WIDTH="25" VPOS="356" HPOS="469"/>
							<String ID="string_36" HPOS="494" VPOS="357" WIDTH="153" HEIGHT="26" WC="0.92" CONTENT="inskrifvits,"/><SP WIDTH="25" VPOS="357" HPOS="647"/>
							<String ID="string_37" HPOS="672" VPOS="356" WIDTH="73" HEIGHT="23" WC="0.96" CONTENT="skola"/><SP WIDTH="19" VPOS="356" HPOS="745"/>
							<String ID="string_38" HPOS="764" VPOS="356" WIDTH="42" HEIGHT="22" WC="0.96" CONTENT="till"/><SP WIDTH="13" VPOS="356" HPOS="806"/>
							<String ID="string_39" HPOS="819" VPOS="356" WIDTH="61" HEIGHT="22" WC="0.96" CONTENT="dess"/><SP WIDTH="18" VPOS="356" HPOS="880"/>
							<String ID="string_40" HPOS="898" VPOS="361" WIDTH="81" HEIGHT="17" WC="0.92" CONTENT="namn"/>
						</TextLine>
						<TextLine ID="line_6" HPOS="222" VPOS="390" WIDTH="757" HEIGHT="30">
							<String ID="string_41" HPOS="222" VPOS="390" WIDTH="74" HEIGHT="29" WC="0.96" CONTENT="fogas"/><SP WIDTH="24" VPOS="390" HPOS="296"/>
							<String ID="string_42" HPOS="320" VPOS="392" WIDTH="79" HEIGHT="22" WC="0.91" CONTENT="orden"/><SP WIDTH="26" VPOS="392" HPOS="399"/>
							<String ID="string_43" HPOS="425" VPOS="392" WIDTH="170" HEIGHT="28" WC="0.72" CONTENT="»registrerad"/><SP WIDTH="28" VPOS="392" HPOS="595"/>
							<String ID="string_44" HPOS="623" VPOS="392" WIDTH="131" HEIGHT="28" WC="0.92" CONTENT="förening»"/><SP WIDTH="32" VPOS="392" HPOS="754"/>
							<String ID="string_45" HPOS="786" VPOS="390" WIDTH="60" HEIGHT="23" WC="0.93" CONTENT="eller"/><SP WIDTH="20" VPOS="390" HPOS="846"/>
							<String ID="string_46" HPOS="866" VPOS="390" WIDTH="113" HEIGHT="22" WC="0.92" CONTENT="»rekiste-"/>
						</TextLine>
						<TextLine ID="line_7" HPOS="220" VPOS="424" WIDTH="760" HEIGHT="30">
							<String ID="string_47" HPOS="220" VPOS="425" WIDTH="69" HEIGHT="29" WC="0.90" CONTENT="röity"/><SP WIDTH="18" VPOS="425" HPOS="289"/>
							<String ID="string_48" HPOS="307" VPOS="426" WIDTH="142" HEIGHT="28" WC="0.79" CONTENT="yhdistys»,"/><SP WIDTH="20" VPOS="426" HPOS="449"/>
							<String ID="string_49" HPOS="469" VPOS="426" WIDTH="61" HEIGHT="22" WC="0.93" CONTENT="eller"/><SP WIDTH="18" VPOS="426" HPOS="530"/>
							<String ID="string_50" HPOS="548" VPOS="426" WIDTH="46" HEIGHT="22" WC="0.96" CONTENT="ock"/><SP WIDTH="18" VPOS="426" HPOS="594"/>
							<String ID="string_51" HPOS="612" VPOS="426" WIDTH="74" HEIGHT="22" WC="0.93" CONTENT="dessa"/><SP WIDTH="19" VPOS="426" HPOS="686"/>
							<String ID="string_52" HPOS="705" VPOS="426" WIDTH="59" HEIGHT="22" WC="0.96" CONTENT="ords"/><SP WIDTH="22" VPOS="426" HPOS="764"/>
							<String ID="string_53" HPOS="786" VPOS="424" WIDTH="194" HEIGHT="30" WC="0.96" CONTENT="förkortningar"/>
						</TextLine>
						<TextLine ID="line_8" HPOS="222" VPOS="460" WIDTH="279" HEIGHT="29">
							<String ID="string_54" HPOS="222" VPOS="466" WIDTH="34" HEIGHT="16" WC="0.49" CONTENT="&gt;7."/><SP WIDTH="21" VPOS="466" HPOS="256"/>
							<String ID="string_55" HPOS="277" VPOS="460" WIDTH="31" HEIGHT="22" WC="0.33" CONTENT="fa"/><SP WIDTH="22" VPOS="460" HPOS="308"/>
							<String ID="string_56" HPOS="330" VPOS="460" WIDTH="61" HEIGHT="23" WC="0.92" CONTENT="eller"/><SP WIDTH="20" VPOS="460" HPOS="391"/>
							<String ID="string_57" HPOS="411" VPOS="467" WIDTH="32" HEIGHT="15" WC="0.88" CONTENT="»r."/><SP WIDTH="20" VPOS="467" HPOS="443"/>
							<String ID="string_58" HPOS="463" VPOS="467" WIDTH="38" HEIGHT="22" WC="0.43" CONTENT="y.»"/>
						</TextLine>
					</TextBlock>
				</ComposedBlock>
				<ComposedBlock ID="cblock_2" HPOS="508" VPOS="529" WIDTH="155" HEIGHT="29">
					<TextBlock ID="block_4" HPOS="508" VPOS="529" WIDTH="155" HEIGHT="29">
						<TextLine ID="line_9" HPOS="508" VPOS="529" WIDTH="155" HEIGHT="29">
							<String ID="string_59" HPOS="508" VPOS="529" WIDTH="33" HEIGHT="23" WC="0.87" CONTENT="29"/><SP WIDTH="23" VPOS="529" HPOS="541"/>
							<String ID="string_60" HPOS="564" VPOS="529" WIDTH="54" HEIGHT="28" WC="0.87" CONTENT="(30)"/><SP WIDTH="22" VPOS="529" HPOS="618"/>
							<String ID="string_61" HPOS="640" VPOS="529" WIDTH="23" HEIGHT="29" WC="0.80" CONTENT="$."/>
						</TextLine>
					</TextBlock>
				</ComposedBlock>
				<ComposedBlock ID="cblock_3" HPOS="220" VPOS="579" WIDTH="760" HEIGHT="134">
					<TextBlock ID="block_5" HPOS="220" VPOS="579" WIDTH="760" HEIGHT="134">
						<TextLine ID="line_10" HPOS="291" VPOS="579" WIDTH="688" HEIGHT="30">
							<String ID="string_62" HPOS="291" VPOS="579" WIDTH="76" HEIGHT="23" WC="0.96" CONTENT="Hvad"/><SP WIDTH="20" VPOS="579" HPOS="367"/>
							<String ID="string_63" HPOS="387" VPOS="580" WIDTH="7" HEIGHT="22" WC="0.96" CONTENT="i"/><SP WIDTH="19" VPOS="580" HPOS="394"/>
							<String ID="string_64" HPOS="413" VPOS="581" WIDTH="42" HEIGHT="26" WC="0.96" CONTENT="26,"/><SP WIDTH="20" VPOS="581" HPOS="455"/>
							<String ID="string_65" HPOS="475" VPOS="581" WIDTH="34" HEIGHT="22" WC="0.96" CONTENT="27"/><SP WIDTH="17" VPOS="581" HPOS="509"/>
							<String ID="string_66" HPOS="526" VPOS="581" WIDTH="45" HEIGHT="22" WC="0.96" CONTENT="och"/><SP WIDTH="23" VPOS="581" HPOS="571"/>
							<String ID="string_67" HPOS="594" VPOS="581" WIDTH="37" HEIGHT="22" WC="0.95" CONTENT="28"/><SP WIDTH="18" VPOS="581" HPOS="631"/>
							<String ID="string_68" HPOS="649" VPOS="580" WIDTH="33" HEIGHT="29" WC="0.73" CONTENT="$$"/><SP WIDTH="20" VPOS="580" HPOS="682"/>
							<String ID="string_69" HPOS="702" VPOS="580" WIDTH="113" HEIGHT="29" WC="0.92" CONTENT="stadgats"/><SP WIDTH="28" VPOS="580" HPOS="815"/>
							<String ID="string_70" HPOS="843" VPOS="580" WIDTH="76" HEIGHT="22" WC="0.93" CONTENT="lände"/><SP WIDTH="24" VPOS="580" HPOS="919"/>
							<String ID="string_71" HPOS="943" VPOS="579" WIDTH="36" HEIGHT="22" WC="0.96" CONTENT="till"/>
						</TextLine>
						<TextLine ID="line_11" HPOS="220" VPOS="613" WIDTH="758" HEIGHT="32">
							<String ID="string_72" HPOS="220" VPOS="613" WIDTH="168" HEIGHT="24" WC="0.92" CONTENT="efterrättelse"/><SP WIDTH="18" VPOS="613" HPOS="388"/>
							<String ID="string_73" HPOS="406" VPOS="615" WIDTH="94" HEIGHT="29" WC="0.92" CONTENT="jämväl"/><SP WIDTH="19" VPOS="615" HPOS="500"/>
							<String ID="string_74" HPOS="519" VPOS="615" WIDTH="7" HEIGHT="22" WC="0.93" CONTENT="i"/><SP WIDTH="20" VPOS="615" HPOS="526"/>
							<String ID="string_75" HPOS="546" VPOS="615" WIDTH="73" HEIGHT="30" WC="0.92" CONTENT="fräga"/><SP WIDTH="28" VPOS="615" HPOS="619"/>
							<String ID="string_76" HPOS="647" VPOS="621" WIDTH="40" HEIGHT="16" WC="0.93" CONTENT="om"/><SP WIDTH="19" VPOS="621" HPOS="687"/>
							<String ID="string_77" HPOS="706" VPOS="614" WIDTH="152" HEIGHT="29" WC="0.91" CONTENT="inskrifning"/><SP WIDTH="19" VPOS="614" HPOS="858"/>
							<String ID="string_78" HPOS="877" VPOS="614" WIDTH="26" HEIGHT="22" WC="0.96" CONTENT="af"/><SP WIDTH="18" VPOS="614" HPOS="903"/>
							<String ID="string_79" HPOS="921" VPOS="613" WIDTH="57" HEIGHT="24" WC="0.96" CONTENT="dei"/>
						</TextLine>
						<TextLine ID="line_12" HPOS="222" VPOS="647" WIDTH="758" HEIGHT="31">
							<String ID="string_80" HPOS="222" VPOS="649" WIDTH="18" HEIGHT="22" WC="0.96" CONTENT="9"/><SP WIDTH="29" VPOS="649" HPOS="240"/>
							<String ID="string_81" HPOS="269" VPOS="648" WIDTH="15" HEIGHT="29" WC="0.48" CONTENT="8"/><SP WIDTH="27" VPOS="648" HPOS="284"/>
							<String ID="string_82" HPOS="311" VPOS="649" WIDTH="15" HEIGHT="22" WC="0.95" CONTENT="2"/><SP WIDTH="29" VPOS="649" HPOS="326"/>
							<String ID="string_83" HPOS="355" VPOS="656" WIDTH="72" HEIGHT="15" WC="0.91" CONTENT="mom."/><SP WIDTH="32" VPOS="656" HPOS="427"/>
							<String ID="string_84" HPOS="459" VPOS="649" WIDTH="167" HEIGHT="23" WC="0.91" CONTENT="omförmälda"/><SP WIDTH="31" VPOS="649" HPOS="626"/>
							<String ID="string_85" HPOS="657" VPOS="649" WIDTH="178" HEIGHT="29" WC="0.96" CONTENT="förändringar"/><SP WIDTH="28" VPOS="649" HPOS="835"/>
							<String ID="string_86" HPOS="863" VPOS="648" WIDTH="60" HEIGHT="23" WC="0.96" CONTENT="eller"/><SP WIDTH="30" VPOS="648" HPOS="923"/>
							<String ID="string_87" HPOS="953" VPOS="647" WIDTH="27" HEIGHT="23" WC="0.96" CONTENT="af"/>
						</TextLine>
						<TextLine ID="line_13" HPOS="220" VPOS="683" WIDTH="312" HEIGHT="30">
							<String ID="string_88" HPOS="220" VPOS="683" WIDTH="132" HEIGHT="30" WC="0.92" CONTENT="förenings"/><SP WIDTH="19" VPOS="683" HPOS="352"/>
							<String ID="string_89" HPOS="371" VPOS="684" WIDTH="161" HEIGHT="29" WC="0.91" CONTENT="upplösning."/>
						</TextLine>
					</TextBlock>
				</ComposedBlock>
				<ComposedBlock ID="cblock_4" HPOS="521" VPOS="752" WIDTH="153" HEIGHT="31">
					<TextBlock ID="block_6" HPOS="521" VPOS="752" WIDTH="153" HEIGHT="31">
						<TextLine ID="line_14" HPOS="521" VPOS="752" WIDTH="153" HEIGHT="31">
							<String ID="string_90" HPOS="521" VPOS="753" WIDTH="34" HEIGHT="23" WC="0.88" CONTENT="30"/><SP WIDTH="25" VPOS="753" HPOS="555"/>
							<String ID="string_91" HPOS="580" VPOS="752" WIDTH="50" HEIGHT="31" WC="0.88" CONTENT="(31)"/><SP WIDTH="20" VPOS="752" HPOS="630"/>
							<String ID="string_92" HPOS="650" VPOS="753" WIDTH="24" HEIGHT="29" WC="0.82" CONTENT="8."/>
						</TextLine>
					</TextBlock>
				</ComposedBlock>
				<ComposedBlock ID="cblock_5" HPOS="216" VPOS="804" WIDTH="762" HEIGHT="229">
					<TextBlock ID="block_7" HPOS="218" VPOS="804" WIDTH="760" HEIGHT="132">
						<TextLine ID="line_15" HPOS="291" VPOS="804" WIDTH="687" HEIGHT="30">
							<String ID="string_93" HPOS="291" VPOS="804" WIDTH="259" HEIGHT="30" WC="0.92" CONTENT="Föreningsregistret"/><SP WIDTH="24" VPOS="804" HPOS="550"/>
							<String ID="string_94" HPOS="574" VPOS="807" WIDTH="64" HEIGHT="20" WC="0.93" CONTENT="samt"/><SP WIDTH="28" VPOS="807" HPOS="638"/>
							<String ID="string_95" HPOS="666" VPOS="805" WIDTH="84" HEIGHT="22" WC="0.91" CONTENT="därtill"/><SP WIDTH="18" VPOS="805" HPOS="750"/>
							<String ID="string_96" HPOS="768" VPOS="804" WIDTH="114" HEIGHT="23" WC="0.92" CONTENT="hörande"/><SP WIDTH="18" VPOS="804" HPOS="882"/>
							<String ID="string_97" HPOS="900" VPOS="804" WIDTH="78" HEIGHT="23" WC="0.92" CONTENT="hand-"/>
						</TextLine>
						<TextLine ID="line_16" HPOS="219" VPOS="839" WIDTH="757" HEIGHT="30">
							<String ID="string_98" HPOS="219" VPOS="839" WIDTH="85" HEIGHT="29" WC="0.90" CONTENT="lingar"/><SP WIDTH="28" VPOS="839" HPOS="304"/>
							<String ID="string_99" HPOS="332" VPOS="840" WIDTH="44" HEIGHT="21" WC="0.90" CONTENT="äro"/><SP WIDTH="28" VPOS="840" HPOS="376"/>
							<String ID="string_100" HPOS="404" VPOS="839" WIDTH="131" HEIGHT="30" WC="0.96" CONTENT="offentliga"/><SP WIDTH="29" VPOS="839" HPOS="535"/>
							<String ID="string_101" HPOS="564" VPOS="840" WIDTH="45" HEIGHT="22" WC="0.96" CONTENT="och"/><SP WIDTH="25" VPOS="840" HPOS="609"/>
							<String ID="string_102" HPOS="634" VPOS="840" WIDTH="40" HEIGHT="22" WC="0.93" CONTENT="för"/><SP WIDTH="18" VPOS="840" HPOS="674"/>
							<String ID="string_103" HPOS="692" VPOS="839" WIDTH="97" HEIGHT="23" WC="0.91" CONTENT="enhvar"/><SP WIDTH="19" VPOS="839" HPOS="789"/>
							<String ID="string_104" HPOS="808" VPOS="839" WIDTH="168" HEIGHT="29" WC="0.91" CONTENT="tillgängliga."/>
						</TextLine>
						<TextLine ID="line_17" HPOS="219" VPOS="873" WIDTH="759" HEIGHT="30">
							<String ID="string_105" HPOS="219" VPOS="873" WIDTH="100" HEIGHT="29" WC="0.92" CONTENT="Utdrag"/><SP WIDTH="18" VPOS="873" HPOS="319"/>
							<String ID="string_106" HPOS="337" VPOS="880" WIDTH="31" HEIGHT="15" WC="0.95" CONTENT="ur"/><SP WIDTH="18" VPOS="880" HPOS="368"/>
							<String ID="string_107" HPOS="386" VPOS="873" WIDTH="56" HEIGHT="23" WC="0.92" CONTENT="dem"/><SP WIDTH="28" VPOS="873" HPOS="442"/>
							<String ID="string_108" HPOS="470" VPOS="874" WIDTH="115" HEIGHT="22" WC="0.91" CONTENT="utfärdas"/><SP WIDTH="25" VPOS="874" HPOS="585"/>
							<String ID="string_109" HPOS="610" VPOS="874" WIDTH="32" HEIGHT="29" WC="0.93" CONTENT="pä"/><SP WIDTH="25" VPOS="874" HPOS="642"/>
							<String ID="string_110" HPOS="667" VPOS="874" WIDTH="113" HEIGHT="29" WC="0.92" CONTENT="begäran"/><SP WIDTH="19" VPOS="874" HPOS="780"/>
							<String ID="string_111" HPOS="799" VPOS="875" WIDTH="52" HEIGHT="20" WC="0.93" CONTENT="mot"/><SP WIDTH="18" VPOS="875" HPOS="851"/>
							<String ID="string_112" HPOS="869" VPOS="873" WIDTH="109" HEIGHT="30" WC="0.91" CONTENT="stadgad"/>
						</TextLine>
						<TextLine ID="line_18" HPOS="218" VPOS="907" WIDTH="81" HEIGHT="29">
							<String ID="string_113" HPOS="218" VPOS="907" WIDTH="81" HEIGHT="29" WC="0.92" CONTENT="afgift."/>
						</TextLine>
					</TextBlock>
					<TextBlock ID="block_8" HPOS="216" VPOS="942" WIDTH="762" HEIGHT="91">
						<TextLine ID="line_19" HPOS="290" VPOS="942" WIDTH="685" HEIGHT="30">
							<String ID="string_114" HPOS="290" VPOS="942" WIDTH="123" HEIGHT="23" WC="0.90" CONTENT="Närmare"/><SP WIDTH="28" VPOS="942" HPOS="413"/>
							<String ID="string_115" HPOS="441" VPOS="942" WIDTH="159" HEIGHT="23" WC="0.90" CONTENT="föreskrifter"/><SP WIDTH="24" VPOS="942" HPOS="600"/>
							<String ID="string_116" HPOS="624" VPOS="949" WIDTH="40" HEIGHT="16" WC="0.91" CONTENT="om"/><SP WIDTH="18" VPOS="949" HPOS="664"/>
							<String ID="string_117" HPOS="682" VPOS="943" WIDTH="131" HEIGHT="29" WC="0.91" CONTENT="registrets"/><SP WIDTH="18" VPOS="943" HPOS="813"/>
							<String ID="string_118" HPOS="831" VPOS="942" WIDTH="144" HEIGHT="23" WC="0.92" CONTENT="inrättande"/>
						</TextLine>
						<TextLine ID="line_20" HPOS="219" VPOS="976" WIDTH="759" HEIGHT="29">
							<String ID="string_119" HPOS="219" VPOS="976" WIDTH="48" HEIGHT="22" WC="0.93" CONTENT="och"/><SP WIDTH="19" VPOS="976" HPOS="267"/>
							<String ID="string_120" HPOS="286" VPOS="976" WIDTH="105" HEIGHT="23" WC="0.91" CONTENT="förande"/><SP WIDTH="19" VPOS="976" HPOS="391"/>
							<String ID="string_121" HPOS="410" VPOS="977" WIDTH="115" HEIGHT="22" WC="0.92" CONTENT="utfärdas"/><SP WIDTH="20" VPOS="977" HPOS="525"/>
							<String ID="string_122" HPOS="545" VPOS="977" WIDTH="27" HEIGHT="22" WC="0.93" CONTENT="af"/><SP WIDTH="20" VPOS="977" HPOS="572"/>
							<String ID="string_123" HPOS="592" VPOS="976" WIDTH="120" HEIGHT="24" WC="0.91" CONTENT="Senatens"/><SP WIDTH="20" VPOS="976" HPOS="712"/>
							<String ID="string_124" HPOS="732" VPOS="977" WIDTH="246" HEIGHT="28" WC="0.91" CONTENT="ekonomiedeparte-"/>
						</TextLine>
						<TextLine ID="line_21" HPOS="216" VPOS="1012" WIDTH="77" HEIGHT="21">
							<String ID="string_125" HPOS="216" VPOS="1012" WIDTH="77" HEIGHT="21" WC="0.91" CONTENT="ment."/>
						</TextLine>
					</TextBlock>
				</ComposedBlock>
				<ComposedBlock ID="cblock_6" HPOS="552" VPOS="1113" WIDTH="94" HEIGHT="22">
					<TextBlock ID="block_9" HPOS="552" VPOS="1113" WIDTH="94" HEIGHT="22">
						<TextLine ID="line_22" HPOS="552" VPOS="1113" WIDTH="94" HEIGHT="22">
							<String ID="string_126" HPOS="552" VPOS="1114" WIDTH="16" HEIGHT="16" WC="0.96" CONTENT="4"/><SP WIDTH="14" VPOS="1114" HPOS="568"/>
							<String ID="string_127" HPOS="582" VPOS="1113" WIDTH="64" HEIGHT="22" WC="0.96" CONTENT="kap."/>
						</TextLine>
					</TextBlock>
				</ComposedBlock>
				<ComposedBlock ID="cblock_7" HPOS="383" VPOS="1171" WIDTH="438" HEIGHT="31">
					<TextBlock ID="block_10" HPOS="383" VPOS="1171" WIDTH="438" HEIGHT="31">
						<TextLine ID="line_23" HPOS="383" VPOS="1171" WIDTH="438" HEIGHT="31">
							<String ID="string_128" HPOS="383" VPOS="1171" WIDTH="48" HEIGHT="23" WC="0.93" CONTENT="Om"/><SP WIDTH="18" VPOS="1171" HPOS="431"/>
							<String ID="string_129" HPOS="449" VPOS="1173" WIDTH="195" HEIGHT="22" WC="0.80" CONTENT="icke-inskrifna"/><SP WIDTH="20" VPOS="1173" HPOS="644"/>
							<String ID="string_130" HPOS="664" VPOS="1173" WIDTH="157" HEIGHT="29" WC="0.96" CONTENT="föreningar."/>
						</TextLine>
					</TextBlock>
				</ComposedBlock>
				<ComposedBlock ID="cblock_8" HPOS="217" VPOS="1241" WIDTH="762" HEIGHT="288">
					<TextBlock ID="block_11" HPOS="525" VPOS="1241" WIDTH="147" HEIGHT="29">
						<TextLine ID="line_24" HPOS="525" VPOS="1241" WIDTH="147" HEIGHT="29">
							<String ID="string_131" HPOS="525" VPOS="1241" WIDTH="31" HEIGHT="23" WC="0.94" CONTENT="31"/><SP WIDTH="22" VPOS="1241" HPOS="556"/>
							<String ID="string_132" HPOS="578" VPOS="1241" WIDTH="51" HEIGHT="29" WC="0.68" CONTENT="(11)"/><SP WIDTH="20" VPOS="1241" HPOS="629"/>
							<String ID="string_133" HPOS="649" VPOS="1241" WIDTH="23" HEIGHT="29" WC="0.90" CONTENT="8."/>
						</TextLine>
					</TextBlock>
					<TextBlock ID="block_12" HPOS="217" VPOS="1291" WIDTH="762" HEIGHT="133">
						<TextLine ID="line_25" HPOS="289" VPOS="1291" WIDTH="690" HEIGHT="30">
							<String ID="string_134" HPOS="289" VPOS="1291" WIDTH="136" HEIGHT="30" WC="0.96" CONTENT="Förening,"/><SP WIDTH="21" VPOS="1291" HPOS="425"/>
							<String ID="string_135" HPOS="446" VPOS="1299" WIDTH="52" HEIGHT="16" WC="0.91" CONTENT="som"/><SP WIDTH="26" VPOS="1299" HPOS="498"/>
							<String ID="string_136" HPOS="524" VPOS="1292" WIDTH="54" HEIGHT="23" WC="0.90" CONTENT="icke"/><SP WIDTH="23" VPOS="1292" HPOS="578"/>
							<String ID="string_137" HPOS="601" VPOS="1292" WIDTH="82" HEIGHT="22" WC="0.91" CONTENT="blifvit"/><SP WIDTH="18" VPOS="1292" HPOS="683"/>
							<String ID="string_138" HPOS="701" VPOS="1293" WIDTH="8" HEIGHT="21" WC="0.93" CONTENT="i"/><SP WIDTH="18" VPOS="1293" HPOS="709"/>
							<String ID="string_139" HPOS="727" VPOS="1292" WIDTH="252" HEIGHT="29" WC="0.91" CONTENT="föreningsregistret"/>
						</TextLine>
						<TextLine ID="line_26" HPOS="217" VPOS="1325" WIDTH="760" HEIGHT="31">
							<String ID="string_140" HPOS="217" VPOS="1325" WIDTH="152" HEIGHT="28" WC="0.92" CONTENT="inskrifven,"/><SP WIDTH="20" VPOS="1325" HPOS="369"/>
							<String ID="string_141" HPOS="389" VPOS="1326" WIDTH="51" HEIGHT="23" WC="0.93" CONTENT="kan"/><SP WIDTH="20" VPOS="1326" HPOS="440"/>
							<String ID="string_142" HPOS="460" VPOS="1328" WIDTH="21" HEIGHT="28" WC="0.93" CONTENT="ej"/><SP WIDTH="15" VPOS="1328" HPOS="481"/>
							<String ID="string_143" HPOS="496" VPOS="1327" WIDTH="132" HEIGHT="22" WC="0.92" CONTENT="förvärfva"/><SP WIDTH="17" VPOS="1327" HPOS="628"/>
							<String ID="string_144" HPOS="645" VPOS="1327" WIDTH="149" HEIGHT="29" WC="0.96" CONTENT="rättigheter"/><SP WIDTH="19" VPOS="1327" HPOS="794"/>
							<String ID="string_145" HPOS="813" VPOS="1326" WIDTH="60" HEIGHT="22" WC="0.93" CONTENT="eller"/><SP WIDTH="19" VPOS="1326" HPOS="873"/>
							<String ID="string_146" HPOS="892" VPOS="1326" WIDTH="85" HEIGHT="23" WC="0.91" CONTENT="ikläda"/>
						</TextLine>
						<TextLine ID="line_27" HPOS="219" VPOS="1359" WIDTH="758" HEIGHT="31">
							<String ID="string_147" HPOS="219" VPOS="1359" WIDTH="40" HEIGHT="29" WC="0.96" CONTENT="sig"/><SP WIDTH="20" VPOS="1359" HPOS="259"/>
							<String ID="string_148" HPOS="279" VPOS="1360" WIDTH="182" HEIGHT="30" WC="0.93" CONTENT="skyldigheter,"/><SP WIDTH="21" VPOS="1360" HPOS="461"/>
							<String ID="string_149" HPOS="482" VPOS="1362" WIDTH="22" HEIGHT="28" WC="0.93" CONTENT="ej"/><SP WIDTH="21" VPOS="1362" HPOS="504"/>
							<String ID="string_150" HPOS="525" VPOS="1362" WIDTH="79" HEIGHT="22" WC="0.96" CONTENT="heller"/><SP WIDTH="18" VPOS="1362" HPOS="604"/>
							<String ID="string_151" HPOS="622" VPOS="1361" WIDTH="66" HEIGHT="22" WC="0.96" CONTENT="inför"/><SP WIDTH="13" VPOS="1361" HPOS="688"/>
							<String ID="string_152" HPOS="701" VPOS="1361" WIDTH="109" HEIGHT="23" WC="0.96" CONTENT="domstol"/><SP WIDTH="11" VPOS="1361" HPOS="810"/>
							<String ID="string_153" HPOS="821" VPOS="1361" WIDTH="61" HEIGHT="22" WC="0.96" CONTENT="eller"/><SP WIDTH="11" VPOS="1361" HPOS="882"/>
							<String ID="string_154" HPOS="893" VPOS="1368" WIDTH="84" HEIGHT="15" WC="0.96" CONTENT="annan"/>
						</TextLine>
						<TextLine ID="line_28" HPOS="217" VPOS="1394" WIDTH="503" HEIGHT="30">
							<String ID="string_155" HPOS="217" VPOS="1394" WIDTH="152" HEIGHT="30" WC="0.91" CONTENT="myndighet"/><SP WIDTH="18" VPOS="1394" HPOS="369"/>
							<String ID="string_156" HPOS="387" VPOS="1396" WIDTH="70" HEIGHT="26" WC="0.93" CONTENT="söka,"/><SP WIDTH="20" VPOS="1396" HPOS="457"/>
							<String ID="string_157" HPOS="477" VPOS="1396" WIDTH="62" HEIGHT="22" WC="0.89" CONTENT="kära"/><SP WIDTH="20" VPOS="1396" HPOS="539"/>
							<String ID="string_158" HPOS="559" VPOS="1396" WIDTH="59" HEIGHT="22" WC="0.93" CONTENT="eller"/><SP WIDTH="20" VPOS="1396" HPOS="618"/>
							<String ID="string_159" HPOS="638" VPOS="1402" WIDTH="82" HEIGHT="16" WC="0.93" CONTENT="svara."/>
						</TextLine>
					</TextBlock>
					<TextBlock ID="block_13" HPOS="218" VPOS="1428" WIDTH="761" HEIGHT="65">
						<TextLine ID="line_29" HPOS="288" VPOS="1428" WIDTH="690" HEIGHT="31">
							<String ID="string_160" HPOS="288" VPOS="1428" WIDTH="78" HEIGHT="30" WC="0.93" CONTENT="Ingäs"/><SP WIDTH="28" VPOS="1428" HPOS="366"/>
							<String ID="string_161" HPOS="394" VPOS="1430" WIDTH="154" HEIGHT="22" WC="0.92" CONTENT="förbindelse"/><SP WIDTH="25" VPOS="1430" HPOS="548"/>
							<String ID="string_162" HPOS="573" VPOS="1430" WIDTH="39" HEIGHT="22" WC="0.96" CONTENT="för"/><SP WIDTH="25" VPOS="1430" HPOS="612"/>
							<String ID="string_163" HPOS="637" VPOS="1430" WIDTH="121" HEIGHT="29" WC="0.96" CONTENT="förening,"/><SP WIDTH="21" VPOS="1430" HPOS="758"/>
							<String ID="string_164" HPOS="779" VPOS="1436" WIDTH="53" HEIGHT="16" WC="0.93" CONTENT="som"/><SP WIDTH="19" VPOS="1436" HPOS="832"/>
							<String ID="string_165" HPOS="851" VPOS="1429" WIDTH="54" HEIGHT="23" WC="0.92" CONTENT="icke"/><SP WIDTH="19" VPOS="1429" HPOS="905"/>
							<String ID="string_166" HPOS="924" VPOS="1429" WIDTH="54" HEIGHT="23" WC="0.92" CONTENT="blif-"/>
						</TextLine>
						<TextLine ID="line_30" HPOS="218" VPOS="1462" WIDTH="761" HEIGHT="31">
							<String ID="string_167" HPOS="218" VPOS="1462" WIDTH="38" HEIGHT="22" WC="0.93" CONTENT="vit"/><SP WIDTH="18" VPOS="1462" HPOS="256"/>
							<String ID="string_168" HPOS="274" VPOS="1462" WIDTH="149" HEIGHT="28" WC="0.89" CONTENT="inskrifven,"/><SP WIDTH="27" VPOS="1462" HPOS="423"/>
							<String ID="string_169" HPOS="450" VPOS="1471" WIDTH="61" HEIGHT="16" WC="0.92" CONTENT="vare"/><SP WIDTH="28" VPOS="1471" HPOS="511"/>
							<String ID="string_170" HPOS="539" VPOS="1464" WIDTH="39" HEIGHT="27" WC="0.96" CONTENT="de,"/><SP WIDTH="33" VPOS="1464" HPOS="578"/>
							<String ID="string_171" HPOS="611" VPOS="1471" WIDTH="52" HEIGHT="15" WC="0.93" CONTENT="som"/><SP WIDTH="28" VPOS="1471" HPOS="663"/>
							<String ID="string_172" HPOS="691" VPOS="1464" WIDTH="83" HEIGHT="29" WC="0.91" CONTENT="ingätt"/><SP WIDTH="25" VPOS="1464" HPOS="774"/>
							<String ID="string_173" HPOS="799" VPOS="1464" WIDTH="180" HEIGHT="25" WC="0.92" CONTENT="förbindelsen,"/>
						</TextLine>
					</TextBlock>
					<TextBlock ID="block_14" HPOS="287" VPOS="1506" WIDTH="333" HEIGHT="23">
						<TextLine ID="line_31" HPOS="287" VPOS="1506" WIDTH="333" HEIGHT="23">
							<String ID="string_174" HPOS="287" VPOS="1506" WIDTH="131" HEIGHT="23" WC="0.81" CONTENT="Lagutskottets"/><SP WIDTH="13" VPOS="1506" HPOS="418"/>
							<String ID="string_175" HPOS="431" VPOS="1507" WIDTH="110" HEIGHT="18" WC="0.96" CONTENT="betänkande"/><SP WIDTH="12" VPOS="1507" HPOS="541"/>
							<String ID="string_176" HPOS="553" VPOS="1507" WIDTH="37" HEIGHT="18" WC="0.96" CONTENT="N:o"/><SP WIDTH="12" VPOS="1507" HPOS="590"/>
							<String ID="string_177" HPOS="602" VPOS="1508" WIDTH="18" HEIGHT="17" WC="0.96" CONTENT="4."/>
						</TextLine>
					</TextBlock>
				</ComposedBlock>
			</PrintSpace>
		</Page>
	</Layout>
</alto>
