1081 1759
264 138 26 23 16
578 142 41 20 Nio
632 139 26 23 14

579 210 30 22 40
624 212 19 25 8.

302 250 57 22 Rätt
377 252 33 20 att
426 251 60 21 åtala
501 251 68 27 brott,
586 258 47 15 som
650 252 100 28 grundar
765 251 36 29 sig
817 252 12 20 &
845 248 145 32 tryckskrifts

233 281 101 24 innehåll
358 285 42 21 och
418 282 41 25 hör
477 286 71 21 under
571 286 96 21 allmänt
688 287 52 27 åtal,
764 287 25 20 sä
812 286 42 21 ock
870 288 34 19 att
919 285 71 22 beifra

234 325 74 15 annän
322 319 17 20 *i
362 319 73 21 denna
457 319 39 28 lag
519 319 136 22 omförmäld
677 320 105 22 straffbar
804 319 111 29 Handling
937 326 53 15 vare

233 351 113 30 förfallen,
368 353 69 22 sedan
459 361 40 14 sex
519 353 108 22 mänader
644 354 88 28 förgätt
750 354 57 21 efter
826 354 39 21 det
886 353 104 22 handlin-

233 395 45 20 gen
297 387 100 29 begicks.
427 389 67 21 Hvad
517 396 32 14 nu
571 392 25 18 är
613 389 68 28 sagdt
698 392 82 25 utgöre
799 389 57 22 dock
875 389 19 28 ej
910 388 80 21 hinder

233 421 37 22 för
292 423 106 28 åklagare
421 425 40 26 att,
477 424 68 21 sedan
563 424 45 21 åtal
624 423 77 22 blifvit
716 424 61 21 inom
793 423 96 29 behörig
903 423 34 22 tid
953 430 38 14 an-

234 456 71 22 stäldt
315 459 48 19 mot
373 458 76 27 någon
464 457 25 22 af
502 458 27 21 de
545 458 8 21 i
568 458 27 21 32
611 459 13 26 &
640 458 99 21 nämnda
754 465 113 22 personer,
884 457 57 22 efter
955 459 35 20 ut-

233 491 91 28 gången
341 491 23 21 af
380 491 68 22 ofvan
465 492 70 28 sagda
550 492 34 21 tid
599 493 8 20 i
623 493 70 20 målet
707 493 123 21 instämma
845 500 81 20 annan,
943 499 47 14 som

234 524 98 23 framom
346 525 85 22 honom
447 529 24 18 är
486 526 36 22 för
537 526 97 22 skriften
650 527 113 28 ansvarig.

304 560 42 21 Om
361 561 34 20 tid
411 560 36 22 för
461 561 148 29 mälsägande
625 563 33 20 att
674 562 97 21 anställa
787 562 45 21 ätal
849 561 7 21 i
867 561 123 29 anledning

235 593 26 22 af
280 595 145 28 tryckskrifts
445 595 101 22 innehäll
563 596 60 29 gälle
638 596 61 22 hvad
714 596 8 21 i
737 597 85 20 allmän
838 596 39 28 lag
893 596 98 29 stadgas.

582 671 27 22 41
625 673 20 26 8.

303 711 48 21 Har
374 711 135 28 tryckskrift
531 711 106 30 utgifvits
655 712 8 21 i
682 712 57 21 strid
754 711 53 22 med
821 711 61 22 hvad
897 711 7 21 i
920 711 19 28 6,
956 711 34 28 10,

236 745 33 28 11,
289 745 33 28 12,
341 746 34 27 22,
395 746 34 27 25,
447 746 34 28 26,
500 747 27 21 27
548 747 55 20 eller
621 747 28 20 28
664 748 13 25 &
693 746 110 28 stadgats,
819 747 55 20 eller
889 746 101 21 befinnes

234 779 52 22 dess
309 780 99 21 innehåll
432 781 73 28 enligt
527 781 83 21 allmän
634 781 39 28 lag
687 781 139 28 förgripligt,
843 781 36 20 mä
895 779 95 22 skriften

235 813 23 22 af
276 814 107 28 äklagare
402 815 110 28 beläggas
532 815 50 21 med
597 815 108 22 kvarstad
720 815 8 21 i
743 815 44 21 den
803 815 98 28 ordning
916 815 74 21 nedan

234 851 72 25 säges.

304 883 47 21 Där
369 883 86 22 brottet
473 883 20 29 ej
509 884 42 21 hör
565 884 72 21 under
652 885 95 20 allmänt
763 884 52 28 ätal,
832 884 36 21 mä
883 883 107 22 kvarstad

236 917 80 22 endast
332 917 57 22 efter
405 918 110 22 domstols
530 918 75 22 beslut
620 919 141 21 verkställas.

581 999 28 22 42
625 1001 19 26 8.

305 1039 115 22 Kvarstad
444 1041 13 20 &
479 1039 132 29 tryckskrift
632 1040 133 21 verkställes
788 1047 83 20 genom
894 1039 50 21 dess
960 1041 32 19 ta-

234 1073 76 28 gande
325 1074 8 20 i
347 1073 78 22 förvar
440 1075 61 26 eller,
518 1074 39 21 där
572 1074 81 21 sädant
669 1074 18 28 ej
704 1074 127 28 lämpligen
841 1073 45 22 kan
897 1073 45 27 ske,
953 1081 39 20 ge-

234 1115 53 14 nom
304 1108 39 21 des
358 1108 150 22 utmärkande
524 1109 51 20 med
591 1109 134 27 äklagarens
741 1108 88 28 insegel
845 1108 54 21 eller
914 1108 29 27 pä
954 1115 38 14 an-

234 1144 42 19 nat
300 1142 81 21 sädant
403 1145 52 25 sätt,
479 1145 34 18 att
535 1143 128 28 uppenbart
686 1150 67 21 synes
776 1142 39 21 det
830 1142 108 21 kvarstad
953 1144 40 25 egt

235 1184 55 14 rum.
313 1177 116 21 Kvarstad
444 1177 56 21 skall
518 1177 96 21 omfatta
629 1177 44 21 alla
688 1177 8 21 i
712 1177 138 27 författares,
866 1176 126 29 utgifvares

236 1211 56 21 eller
306 1211 213 28 hufvudredaktörs,
535 1211 148 29 förläggares,
694 1211 164 28 boktryckares
869 1213 59 18 samt
937 1210 56 21 bok-

235 1245 120 22 handlares
375 1246 54 21 eller
445 1253 73 14 annan
535 1246 111 27 spridares
661 1245 64 29 värjo
741 1245 122 28 befintliga
878 1245 115 28 exemplar

236 1279 23 21 af
274 1279 141 28 tryckskrift,
427 1280 57 21 dock
500 1280 19 28 ej
536 1280 36 21 till
588 1282 71 19 större
675 1280 36 21 del
727 1283 30 18 än
772 1280 28 21 de
816 1279 59 28 blad,
890 1286 104 15 nummer

236 1314 55 21 eller
313 1313 86 28 häften,
423 1321 47 14 som
491 1313 113 22 föranledt
623 1313 144 22 kvarstaden.
797 1313 143 22 Kvarstaden
958 1313 36 21 mä

236 1348 44 21 ock
302 1348 78 21 kunna
402 1349 129 21 utsträckas
553 1349 36 20 till
611 1349 74 28 plåtar
705 1348 44 21 och
763 1348 90 27 former,
871 1355 48 14 som
934 1347 60 22 varit

236 1382 146 21 uteslutande
397 1383 118 21 bestämda
530 1383 35 21 för
581 1382 219 29 mängfaldigandet.

305 1417 48 20 Där
376 1417 24 20 sä
415 1417 73 21 finnes
503 1417 82 28 nödigt
600 1424 41 21 ege
658 1417 122 28 åklagaren
796 1416 36 21 för
847 1416 147 21 kvarstadens

237 1450 171 22 verkställande
424 1451 71 22 anlita
509 1451 88 21 biträde
613 1450 21 22 af
649 1453 76 19 ortens
741 1450 201 30 polismyndighet.
