1081 1756
305 146 30 23 U.
351 146 28 22 B.
395 159 27 2 —
437 145 75 29 Prop.
530 147 41 21 N:o
587 145 37 22 14.
833 145 13 21 7

94 216 180 29 propositionen,
295 215 142 22 sistnämnda
456 215 66 22 stånd
542 215 51 21 med
617 214 138 28 vidtagande
777 214 69 22 tillika

92 251 22 22 af
137 250 70 22 sådan
231 250 96 28 ändring
343 250 31 21 uti
391 249 43 22 den
452 250 5 21 i
474 256 69 15 mom.
564 249 114 28 ingående
701 249 145 22 tidsbestäm-

90 285 85 28 ningen
199 285 77 22 femtio
292 284 23 22 år
331 285 30 21 att
377 283 75 22 denna
475 284 90 21 ändrats
581 284 31 21 till
628 283 111 28 tjugufem
756 283 28 22 år.

160 319 197 28 Borgareståndet
372 319 39 21 har
427 319 86 27 antagit
531 318 133 29 paragrafen
676 318 6 21 i
694 318 66 27 öfrigt
776 317 70 28 enligt

92 353 127 23 Utskottets
230 353 150 26 betänkande,
392 354 63 21 utom
467 354 31 21 att
509 353 221 27 tidsbestämningen
741 369 7 8 ,
753 352 91 25 femtio"

91 388 91 21 ändrats
197 388 31 22 till
247 388 134 28 ,tjugufem"
403 387 29 22 är.

160 421 175 23 Bondeståndet
349 422 39 21 har
404 421 46 22 åter
465 422 99 26 beslutit,
581 423 30 20 att
627 421 131 28 paragrafen
775 421 71 22 borde

92 457 6 21 i
115 457 53 21 dess
185 457 75 22 helhet
276 463 25 15 ur
315 457 255 28 författningsförslaget
586 456 60 28 utgå.

161 491 101 22 Emedan
279 491 172 22 Bondeståndet
467 497 85 22 genom
573 491 37 22 sitt
630 490 75 22 beslut
721 490 59 22 velat
798 496 48 16 om-

92 525 54 22 fatta
170 526 152 27 grundsatsen
345 532 39 15 om
408 527 41 20 rätt
469 526 35 21 för
523 526 84 21 enhvar
622 526 31 21 att
673 526 53 21 utan
742 525 106 22 särskildt

95 559 99 22 tillstånd
221 560 160 28 offentliggöra
410 561 171 27 myndigheters
615 560 44 22 och
692 559 155 22 embetsverks

94 595 114 27 protokoll
225 595 42 22 och
285 595 135 28 handlingar
435 596 59 20 samt
509 595 58 28 förty
583 595 31 21 att
630 594 73 22 såvidt
718 594 89 28 möjligt
823 600 25 15 ur

92 629 253 28 författningsförslaget
360 629 127 22 bortlämna
504 630 42 21 alla
563 629 188 28 inskränkningar
766 629 34 22 för
812 628 34 22 så-

94 663 59 22 dana
173 664 146 28 handlingars
339 664 144 28 publicering
499 664 43 22 och
559 664 98 21 beslutet
673 663 89 22 således
778 663 70 22 hvilar

96 698 29 28 på
141 699 119 21 enahanda
284 699 94 28 priocip,
402 705 49 15 som
477 699 120 21 utskottets
615 699 20 21 af
657 698 191 28 Borgareståndet

96 733 123 22 omfattade
241 734 92 27 förslag,
355 739 67 16 anser
447 733 117 23 Utskottet
589 734 30 21 att
635 733 60 22 detta
711 733 41 22 bör
768 733 80 28 läggas

94 767 32 22 till
142 768 74 27 grund
231 768 35 21 för
277 768 260 28 sammanjämkningen.
561 767 34 23 Då
607 767 46 23 åter
661 768 21 21 af
693 767 28 22 de
731 768 32 21 tre
775 767 72 26 stånd,

93 802 75 22 hvilka
192 802 81 22 biträdt
296 802 49 22 dels
367 802 44 22 den
428 802 84 28 nådiga
536 802 181 28 propositionen,
738 802 48 22 dels
815 803 32 20 ut-

94 836 96 22 skottets
206 836 151 27 betänkande,
374 837 83 21 tvenne
473 836 150 27 ansetttiden,
635 836 126 22 hvarunder
778 836 69 22 hand-

93 870 79 28 lingar,
188 871 49 21 icke
252 870 21 22 få
285 872 52 20 utan
345 871 99 22 tillstånd
457 871 180 28 offentliggöras,
649 871 55 22 böra
715 871 133 22 inskränkas

93 904 32 22 till
136 905 111 28 tjugofem
259 904 28 27 år,
300 905 39 22 har
349 905 123 27 Utskottet,
491 906 52 22 med
560 905 127 23 beaktande
703 905 108 29 därjämte
828 905 21 22 af

94 939 184 22 Bondeståndets
297 940 140 28 ståndpunkt
453 940 6 22 i
475 940 86 28 frågan,
583 940 105 28 upptagit
707 940 141 22 sistnämnda

91 974 205 28 tidsbegränsning
326 975 5 21 i
348 975 352 28 sammanjämkningsförslaget.
728 974 30 22 På
774 975 73 28 grund

90 1008 22 22 af
136 1008 37 22 det
190 1009 93 22 anförda
298 1008 32 23 får
345 1009 115 22 Utskottet
476 1009 83 22 föreslå

364 1090 38 21 att
417 1089 174 29 Ridderskapet
605 1090 42 22 och
662 1090 80 24 Adeln,
759 1090 89 21 Preste-

301 1124 42 22 och
365 1124 182 22 Bondestånden
562 1125 72 21 måtte
649 1125 88 27 antaga
754 1124 94 22 Utskot-

300 1159 44 21 tets
355 1158 147 22 betänkande
513 1160 8 20 i
531 1158 77 23 denna
620 1158 44 26 del,
680 1158 58 22 dock
748 1158 101 22 sålunda

298 1194 38 20 att
345 1192 70 26 tiden,
428 1193 135 22 hvarunder
572 1193 170 29 myndigheters
751 1193 42 22 och
804 1199 44 16 em-

300 1227 118 22 betsverks
440 1227 145 29 handlingar
605 1228 49 21 icke
664 1227 30 28 få
710 1228 56 21 utan
781 1227 67 22 behö-

299 1262 46 28 rigt
353 1261 108 23 tillstånd
471 1262 188 29 offentliggöras,
669 1261 133 29 fastställes
813 1261 37 22 till

297 1296 112 28 tjugufem
425 1297 32 21 är.

161 1387 158 28 Ridderskapet
341 1388 40 21 och:
405 1388 78 25 Adelm,
507 1387 87 22 Preste-
617 1388 38 21 och
681 1387 205 24 Bondeständen26
899 1388 24 29 8.

91 1421 69 22 haiva
177 1422 86 27 antagit
278 1422 132 27 paragrafen
427 1422 144 22 oförändrad.

160 1455 28 22 Af
205 1455 185 28 Borgareständet
405 1456 39 22 har
460 1456 105 22 beslutits
582 1457 31 22 att
628 1457 132 28 paragrafen
778 1457 70 22 borde

161 1501 130 22 Lagutskottets
304 1502 109 17 betänkande
425 1502 38 17 N:o
475 1502 18 18 2.
