1081 1756
317 151 30 22 U.
366 151 24 22 B.
407 163 26 3 —
450 151 75 28 Prop.
541 151 43 22 N:o
600 151 35 22 14.
831 151 23 21 11

101 220 44 22 och
166 220 42 22 sid.
231 221 27 21 44
281 220 6 21 i
309 220 75 21 finska
403 220 76 21 texten
496 220 6 21 i
518 219 154 22 betänkandet
687 219 82 22 ändras
785 219 25 22 sä
826 220 31 21 att

101 254 136 23 densamma
254 254 84 22 erhölle
354 254 99 28 följande
465 254 98 29 lydelse:
581 271 10 9 ,
594 254 76 28 Enligt
685 254 28 21 43
729 254 13 27 $
758 256 23 19 är
797 253 60 22 äkla-

100 295 54 22 gare
176 289 127 28 berättigad
326 289 32 22 att
379 289 51 21 med
451 288 105 22 kvarstad
579 288 100 28 belägga
694 288 127 28 tryckskrift
836 288 19 28 ej

101 323 94 22 allenast
210 324 6 21 i
233 323 37 22 det
285 323 37 22 fall
339 324 31 21 att
385 323 38 22 vid
435 323 53 22 dess
499 323 132 28 utgifvande
643 322 110 22 särskilda
764 323 6 21 i
782 322 75 23 denna

101 358 38 27 lag
160 357 111 28 stadgade
294 357 249 28 ordningsföreskrifter
561 357 20 28 ej
598 357 121 28 iakttagits,
736 358 53 21 utan
806 357 50 26 ock,

101 398 37 16 om
162 391 105 29 åklagare
289 392 74 21 finner
384 391 104 22 skriftens
505 391 99 22 innehåll
619 398 53 15 vara
688 391 71 28 enligt
774 391 82 22 allmän

101 427 39 28 lag
154 426 147 29 förgripligt*.

172 461 108 22 Däremot
310 461 40 21 har
373 460 115 22 Utskottet
509 460 48 22 icke
580 460 73 21 funnit
677 461 30 20 ett
730 460 21 22 af
774 460 82 21 Preste-

100 495 86 21 ståndet
212 495 78 22 fattadt
306 495 75 22 beslut
397 494 120 29 angående
532 494 168 29 förtydligande
715 494 22 22 af
752 494 28 23 55
795 495 14 27 $
825 495 32 21 uti

101 530 147 28 lagförslaget
264 529 88 28 påkalla
369 529 84 28 åtgärd.

171 564 115 22 Utskottet
308 563 33 22 får
364 563 106 28 slutligen
493 563 34 22 för
545 569 58 22 egen
620 563 36 22 del
672 563 82 22 föreslå
771 564 30 21 att
816 563 41 22 föl-

100 599 70 28 jande
194 599 122 28 ändringar
338 598 69 22 måtte
426 598 105 29 vidtagas
548 599 31 21 uti
595 598 165 28 motiveringen
777 598 22 22 af
813 598 43 22 för-

101 633 79 28 slaget.

171 661 19 29 Å
213 667 64 23 sidan
299 667 27 22 29
343 667 71 22 borde
429 667 75 22 finska
519 667 76 22 texten
611 667 92 28 bringas
720 667 6 21 i
743 667 114 22 öfverens-

102 703 131 21 stämmelse
256 702 52 22 med
331 701 45 22 den
399 702 98 22 svenska
514 702 95 22 sålunda
625 702 31 22 att
671 702 71 22 orden
759 701 12 23 å
786 701 71 29 tredje

102 737 69 22 raden
189 737 6 21 i
211 736 69 23 andra
304 736 99 28 stycket:
421 736 50 22 eikä
487 738 80 20 estettä
583 737 64 21 kestä
662 737 115 28 pitempää
793 737 65 21 aikaa

101 778 21 16 o.
147 778 17 15 s.
180 778 20 15 v.
217 772 81 21 ändras
321 771 32 21 till
375 770 35 29 ,,ja
432 772 80 21 estettä
535 771 78 22 kestää
635 771 123 29 pitemmän
779 772 78 22 aikaa"

102 812 20 16 0.
140 812 16 16 S.
172 812 20 16 v.

175 840 37 22 Uti
229 840 44 22 den
289 840 99 22 svenska
408 840 76 21 texten
501 840 12 22 ä
529 840 42 22 sid.
587 840 28 22 30
631 840 43 22 och
690 840 74 22 finska
781 840 41 22 sid.
833 840 28 22 32

104 874 73 22 borde
193 874 100 29 följande
308 874 101 22 rättelser
425 874 94 22 införas:

172 909 77 21 finska
278 909 75 21 texten
385 908 82 22 ändras
498 908 25 22 sä
553 910 31 20 att
614 909 133 22 densamma
769 909 92 22 komme

103 944 32 22 att
151 943 65 29 lyda:
234 943 66 28 ,joko
314 943 42 21 itse
373 943 45 21 tahi
435 943 94 22 muitten
546 944 90 22 kautta"
653 944 6 21 i
675 943 73 22 stället
758 944 35 22 för
805 944 57 26 ,itse

104 978 46 22 tahi
166 978 84 22 toisten
266 978 89 22 kautta"
372 978 44 21 och

176 1012 98 22 svenska
296 1013 76 21 texten
396 1012 82 22 ändras
505 1012 25 22 sä
556 1013 31 21 att
613 1012 132 22 densamma
770 1012 94 22 erhäller

105 1046 117 29 lydelsen:
246 1047 69 26 ,efter
336 1046 65 22 ordet
424 1046 155 26 densamma",
602 1046 6 22 i
629 1047 72 21 stället
716 1046 35 22 för
767 1064 9 8 ,
780 1047 83 25 mellan

105 1081 71 22 orden
191 1082 30 21 att
237 1081 42 22 och
297 1081 154 22 densamma”.

174 1166 38 23 Uti
230 1166 171 28 behandlingen
418 1166 21 22 af
454 1166 145 22 förestående
620 1166 244 29 sammanjämknings-

104 1200 90 29 förslag
225 1201 66 22 hafva
318 1201 95 28 deltagit
438 1201 153 22 ordföranden
617 1200 148 27 Svinhufvud,
791 1201 74 21 herrar

106 1236 71 28 Björn
208 1236 137 26 Schauman,
369 1235 138 23 Cederholm
530 1236 44 22 och
597 1236 25 22 E.
643 1235 124 27 Estlander,
783 1235 82 22 Schro-

107 1270 77 23 derus
208 1270 98 29 (delvis),
333 1270 85 29 Berger
434 1270 99 29 (delvis),
557 1270 106 27 Lönnrot,
690 1277 21 15 v.
736 1270 79 27 Pfaler,
839 1269 26 22 V.

104 1305 26 22 T.
154 1305 146 28 Rosenqvist,
322 1305 107 26 Juselius,
456 1304 143 27 Söderholm,
625 1305 116 26 Lundson,
765 1293 100 42 Ålenius,

105 1339 20 22 J.
143 1339 104 27 Castrén,
264 1339 122 27 Snellman,
402 1339 73 24 Roiha
491 1339 44 22 och
552 1339 137 22 Heiskanen.

181 1391 145 28 Helsingfors
339 1391 44 22 den
402 1391 25 22 16
442 1391 40 28 juli
500 1391 61 22 1906.

180 1499 130 23 Lagutskottets
322 1499 113 18 betänkande
447 1499 37 18 N:o
497 1499 18 18 2.
