1084 1764
230 124 12 19 2
460 124 21 21 U.
499 123 22 22 B.
539 136 29 1 —
586 123 60 27 Prop.
665 123 35 22 N:o
716 123 30 21 16.

231 189 98 26 tillägget
345 189 77 20 funnit
439 192 30 17 ett
486 196 41 20 par
544 189 92 20 mindre
652 189 116 27 språkliga
785 189 127 26 ändringar
923 189 57 20 böra

229 225 105 27 vidtagas
350 225 7 20 i
382 226 2 19 I
408 232 70 14 mom.
497 225 26 21 af
536 225 45 20 den
599 225 70 20 redan
686 225 62 21 förut
764 225 123 26 godkända
904 225 75 20 finska

230 263 83 23 texten,
330 261 118 20 vördsamt
465 261 90 21 föreslå:

517 329 32 18 att
572 327 124 20 Ständerna
712 339 29 2 —
758 326 157 27 Ridderskapet
937 326 40 20 och

445 363 74 25 Adeln,
541 363 185 26 Borgareständet
751 362 41 21 och
820 362 159 20 Bondeständet

444 399 50 20 med
508 399 139 26 frångående
663 399 28 27 af
700 398 93 27 tidigare
810 399 67 19 beslut
892 411 29 2 —
933 397 47 21 ville

444 435 122 26 godkänna
584 435 13 20 4
614 435 14 24 $
646 435 7 20 i
668 435 98 26 följande
783 435 86 26 lydelse:

304 512 21 20 »I
350 512 126 27 anledning
501 512 24 20 af
548 513 162 26 anmärkning,
728 519 50 14 som
796 512 33 20 till
846 512 133 26 grundlags-

230 548 111 20 utskottet
357 548 148 27 hänskjutits,
523 554 51 21 eger
591 549 111 20 utskottet
713 548 81 27 pröfva
807 547 115 21 huruvida
934 549 45 26 sty-

229 584 162 20 relseledamot
415 584 88 21 förfarit
527 584 135 27 lagstridigt.
695 584 122 21 Likaledes
837 584 42 20 bör
895 583 83 27 grund-

229 620 168 26 lagsutskottet,
422 621 28 20 dä
475 621 157 26 anmärkning
656 623 48 18 mot
723 620 199 27 styrelseledamot
939 619 42 21 där

229 655 142 27 framställts,
398 657 80 26 pröfva
505 657 116 20 huruvida
649 657 186 26 anmärkningen
862 656 58 20 skall
937 656 42 20 hos

229 692 140 27 landtdagen
386 692 33 20 till
435 693 79 26 ätgärd
531 693 107 20 anmälas
655 693 54 20 eller
721 699 38 14 om
772 693 44 20 den
828 692 43 21 bör
882 692 96 20 förfalla.

302 727 99 21 Stannar
428 729 37 20 vid
493 729 172 26 behandlingen
692 729 24 20 af
741 729 92 25 ärende,
855 728 97 20 hvarom
972 728 6 20 i

229 764 76 20 denna
322 764 13 25 $
353 765 25 19 är
394 765 72 26 sagdt,
491 765 71 20 minst
588 764 86 21 hälften
692 765 25 20 af
730 764 249 27 grundlagsutskottets

228 800 145 20 närvarande
396 801 152 20 medlemmar
572 801 37 20 vid
634 801 44 20 den
696 801 60 20 äsikt
774 802 31 18 att
822 800 155 27 styrelseleda-

228 837 49 19 mot
293 835 51 21 icke
361 836 88 21 förfarit
468 836 126 27 lagstridigt
606 837 55 20 eller
672 839 32 18 att
715 837 64 20 inom
793 836 110 20 utskottet
913 835 66 28 gjord

228 871 157 27 anmärkning
401 872 18 27 ej
438 872 42 21 bör
496 873 106 20 anmälas
619 872 34 21 till
669 873 87 26 ätgärd,
774 872 59 20 skall
850 872 78 26 frägan
941 878 37 14 an-

228 913 36 14 ses
280 907 69 20 hafva
367 908 100 20 förfallit.
500 909 66 20 Dock
582 908 42 21 bör
636 909 111 20 utskottet
759 908 80 20 härom
853 907 43 21 hos
908 907 71 20 landt-

227 943 74 26 dagen
319 944 99 25 anmäla,
436 946 55 18 utan
509 944 24 20 så
550 945 32 23 är,
602 946 32 18 att
646 944 185 26 anmärkningen
843 943 135 20 framställts

227 978 64 21 inom
305 979 109 21 utskottet
426 980 43 20 och
482 980 127 27 förklaring
621 979 106 22 däröfver
736 980 19 26 ej
768 979 74 20 blifvit
851 979 126 20 infordrad.

299 1015 12 20 I
325 1015 108 27 pröfning
453 1015 27 27 af
496 1016 152 27 anmärkning
660 1017 45 19 mot
714 1015 185 27 styrelseledamot
915 1015 62 20 skola

228 1050 7 19 i
250 1051 223 26 grundlagsutskottet
489 1051 67 20 minst
571 1053 76 18 sexton
664 1052 144 19 medlemmar
824 1051 92 26 deltaga.

581 1141 49 27 98.

299 1188 158 28 Ridderskapet
480 1189 40 20 och
545 1189 67 20 Adeln
638 1190 48 25 har,
712 1189 53 20 med
783 1189 148 20 förkastande
955 1189 25 20 af

228 1224 359 27 sammanjämkningsförslaget,
605 1225 115 20 vidblifvit
736 1225 40 20 sitt
792 1224 95 27 tidigare
902 1225 75 20 beslut

226 1259 6 20 i
258 1259 108 21 afseende
390 1260 13 20 å
427 1261 76 20 denna
523 1261 12 25 $
552 1261 43 20 och
613 1261 177 20 äterremitterat
806 1260 70 27 sagda
893 1259 84 28 förslag

225 1295 35 20 till
286 1295 114 21 Utskottet
426 1296 5 20 i
457 1297 58 26 syfte
540 1299 32 18 att
596 1296 141 21 Ständernas
762 1302 53 14 svar
831 1296 12 20 ä
861 1296 44 20 den
923 1296 52 20 nåd.

226 1331 176 26 propositionen
427 1332 70 20 mätte
514 1332 120 20 förbindas
652 1333 51 20 med
720 1339 29 14 en
767 1331 111 21 anhällan
895 1333 32 18 att
944 1331 32 20 till

225 1367 67 20 nästa
309 1367 110 27 landtdag
435 1367 74 21 blefve
526 1368 159 21 öfverlämnad
702 1375 28 13 en
751 1367 70 27 nädig
833 1367 143 27 proposition

225 1401 83 22 därom
332 1405 33 18 att
389 1403 319 21 ministerstatssekreteraren
734 1404 45 20 och
804 1403 59 20 hans
888 1403 89 26 adjoint

225 1437 76 21 blefve
319 1438 136 27 inbegripna
473 1439 70 20 bland
561 1439 27 20 de
601 1439 231 27 styrelseledamöter,
845 1439 80 20 hvilka
937 1440 40 19 äro
