1081 1756
312 155 28 22 U.
359 155 26 21 B.
404 167 28 3 —
447 155 74 28 Prop.
538 154 44 22 N:o
598 155 37 21 14.
842 153 15 22 5

98 222 45 22 dan
165 222 107 29 återgifva
294 223 38 22 det
352 223 128 28 väsentliga
500 223 21 22 af
538 223 43 22 den
598 223 147 28 redogörelse
761 223 34 22 för
811 222 44 22 den

98 257 121 22 utländska
239 257 172 28 lagstiftningen
434 257 6 22 i
456 258 83 26 ämnet,
561 263 50 16 som
628 259 23 20 är
666 257 95 28 bifogad
777 257 79 28 lagbe-

99 291 138 28 redningens
253 292 87 28 förslag
355 291 32 22 till
403 291 187 29 tryckfrihetslag.

167 503 181 28 Tryckfrihetens
365 504 123 28 grundsats
510 507 23 19 är
548 504 79 29 byggd
651 504 29 29 på
703 504 106 27 insikten,
825 505 32 20 att

99 537 38 22 det
160 537 57 22 blott
236 538 41 22 kan
289 539 70 21 lända
376 538 119 23 samhället
510 539 32 22 till
559 539 77 26 skada,
653 545 37 16 om
708 539 149 22 statsmakten

99 572 123 28 berättigas
239 573 5 21 i
260 573 80 28 förväg
355 575 69 26 lägga
441 573 80 22 hinder
531 573 34 22 för
576 573 193 28 medborgarenes
783 574 74 21 natur-

98 607 47 28 liga
161 608 41 21 rätt
218 608 30 21 att
265 607 132 29 offentligen
414 608 60 28 giiva
490 608 88 28 uttryck
594 607 21 22 ät
626 608 50 21 sina
686 608 85 22 tankar.
793 607 64 22 Små-

99 642 103 27 ningom,
215 648 85 21 genom
312 643 71 28 tunga
395 643 155 26 erfarenheter,
563 643 39 21 har
618 642 75 22 denna
705 643 69 21 insikt
785 642 73 21 under

101 675 122 23 historiens
239 677 55 28 lopp
309 677 85 22 arbetat
403 677 37 29 sig
450 677 55 22 fram
517 677 31 22 till
560 683 67 22 seger
638 677 6 21 i
656 677 42 22 alla
715 676 142 23 civiliserade

99 710 84 22 länder.
200 710 50 22 Icke
259 712 53 20 utan
322 711 48 22 skäl
382 711 40 22 har
433 711 37 23 det
486 712 70 28 sagts,
569 712 31 21 att
612 718 52 15 man
676 712 44 21 kan
731 712 59 21 mäta
803 711 54 22 civi-

99 744 135 22 lisationens
257 745 56 28 grad
336 752 86 22 genom
444 746 112 22 fastheten
575 746 21 22 af
612 746 28 22 de
656 746 119 28 garantier,
792 746 65 21 hvar-

99 779 53 21 med
168 779 159 29 tryckfriheten
343 780 6 22 i
366 781 31 21 ett
410 780 52 22 land
478 783 24 19 är
518 780 110 28 skyddad.
659 780 44 22 Det
718 780 45 22 kan
779 781 78 27 tryggt

100 813 85 28 påstås,
202 814 31 21 att
249 815 53 21 utan
318 814 136 28 lagstadgad
470 815 129 28 tryckfrihet
615 814 72 22 skulle
703 814 44 22 den
764 814 92 22 mänsk-

99 848 46 28 liga
161 848 116 22 kulturens
290 849 99 28 mäktiga
401 850 131 28 utveckling
543 849 72 22 under
628 850 90 21 senaste
732 849 61 22 sekel
806 849 49 21 icke

98 883 57 21 varit
170 882 101 22 tänkbar.
302 883 60 22 Utan
379 884 133 22 densamma
528 886 24 19 är
564 884 49 21 icke
625 883 70 22 heller
705 883 77 29 någon
791 883 66 22 verk-

100 922 48 16 sam
165 917 97 22 kontroll
279 917 62 22 öfver
354 918 189 28 myndigheterna
554 918 44 22 och
609 918 105 28 lagarnas
725 918 132 22 efterlefnad

99 951 87 28 möjlig.

168 986 54 21 Men
246 986 97 22 likasom
367 986 37 22 det
429 986 81 28 talade,
530 986 24 22 så
570 987 45 21 kan
631 986 70 22 också
717 987 38 21 det
770 986 87 29 tryckta

100 1020 64 22 ordet
180 1020 141 22 missbrukas
337 1021 31 21 till
384 1021 128 28 kränkning
523 1021 21 22 af
555 1021 115 22 enskildes
682 1022 41 21 rätt
734 1022 53 21 eller
798 1027 60 15 sam-

99 1054 80 22 hällets
191 1055 160 28 rättsordning.
372 1054 51 23 Den
436 1055 86 27 lätthet,
533 1056 107 22 hvarmed
652 1056 38 22 det
697 1056 86 28 tryckta
793 1055 65 22 ordet

99 1089 43 21 kan
158 1089 70 21 vinna
244 1090 47 21 stor
307 1089 125 29 spridning,
442 1090 76 22 bidrar
529 1090 48 22 icke
589 1090 71 22 sällan
672 1091 30 21 att
714 1090 43 22 öka
769 1090 88 22 sådana

99 1123 220 28 rättskränkningars
333 1124 124 28 betydelse.
479 1124 45 22 Det
534 1126 24 20 är
568 1124 124 22 emellertid
703 1124 55 22 först
769 1130 87 22 genom

100 1157 157 29 spridningen,
273 1164 85 22 genom
371 1159 32 21 att
414 1158 37 22 det
462 1159 122 26 uttalande,
596 1165 50 16 som
658 1159 125 22 innehåller
793 1159 65 21 rätts-

99 1192 172 28 kränkningens
287 1192 72 28 öfriga
372 1193 176 27 kännemärken,
559 1194 42 21 blir
612 1194 92 22 allmänt
713 1193 146 29 tillgängligt,

100 1232 51 16 som
175 1227 212 28 rättskränkningen
404 1228 7 21 i
427 1227 61 22 detta
503 1228 37 22 fall
556 1228 80 28 begås.
673 1228 54 22 Lika
743 1228 47 22 litet
805 1233 53 16 som

100 1261 45 22 den
168 1261 75 27 tanke,
267 1261 91 22 hvilken
381 1262 86 22 kunnat
490 1262 58 27 leda,
572 1268 52 16 men
647 1262 49 23 icke
719 1262 45 23 ledt
780 1262 31 22 till
829 1268 29 16 en

100 1295 105 28 brottslig
222 1296 117 28 handling,
355 1297 45 21 lika
416 1297 47 21 litet
478 1297 43 22 bör
536 1303 28 16 en
581 1297 69 27 skrift,
666 1297 69 22 innan
751 1297 45 22 den
807 1297 51 22 blif-

99 1330 32 21 vit
147 1330 86 28 spridd,
249 1330 77 22 kunna
341 1331 31 22 bli
388 1331 94 22 föremäl
498 1331 35 22 för
548 1332 31 21 ett
593 1331 135 29 ingripande
739 1331 21 22 af
771 1332 88 21 statens

99 1363 153 29 tvängsmakt.

169 1393 110 28 Ötverallt
295 1399 39 22 har
349 1399 97 27 erkänts,
463 1401 32 21 att
506 1400 126 29 begreppet
643 1400 130 28 lagbunden
786 1400 73 28 tryck-

100 1433 73 27 frihet,
204 1433 78 22 säsom
313 1433 70 22 ocksä
404 1435 6 20 i
434 1435 175 27 propositionen
634 1435 51 21 med
715 1435 54 22 rätta
792 1435 67 21 fram-

100 1467 79 26 hälles,
196 1467 101 27 innebär,
312 1469 30 21 att
351 1469 52 26 den,
415 1475 50 16 som
479 1469 140 22 missbrukar
630 1469 75 22 denna
717 1469 71 26 frihet,
802 1468 57 23 skall

169 1512 133 23 Lagutskottets
315 1513 109 18 betänkande
436 1514 36 17 N:o
485 1515 19 17 2.
