1081 1756
298 171 26 24 U.
342 172 26 22 B.
385 185 23 3 —
427 172 73 28 Prop.
518 172 42 22 N:o
577 171 33 22 14.
819 171 14 22 3

80 240 58 22 ende
161 240 244 28 pressförhållandena,
428 241 43 21 och
493 240 73 22 under
588 240 68 22 slutet
672 240 21 22 af
708 239 127 23 Alexander

79 274 27 22 I:s
128 274 44 22 och
196 274 72 22 under
290 273 90 23 Nikolai
404 274 26 22 I:s
454 275 105 28 regering
574 274 85 29 tryckte
676 274 44 22 den
736 273 98 23 rådande

80 309 184 28 censurregimen
295 309 144 28 synnerligen
466 310 67 27 tungt
560 309 44 22 den
632 309 74 22 finska
734 314 100 23 pressen.

79 336 29 29 År
133 342 54 22 1829
208 343 100 22 infördes
324 343 7 22 i
348 343 128 22 hufvudsak
499 343 44 22 den
566 343 157 28 organisation
746 343 21 22 af
783 349 51 16 cen-

80 383 74 20 suren,
182 383 50 16 som
260 377 71 22 sedan
359 377 46 22 blef
433 377 99 22 rådande
560 377 72 22 under
656 378 32 21 tre
713 377 122 28 fjärdedels

80 411 69 22 sekel.
186 404 59 29 Åren
271 412 53 21 1846
348 412 44 22 och
415 411 54 23 1850
490 412 102 28 skärptes
613 411 221 23 censurbestämnin-

80 452 70 22 garna
172 447 134 27 ytterligare.
344 446 44 22 Det
411 447 74 21 ökade
501 447 85 27 trycket
601 446 87 22 kändes
705 446 25 22 så
746 446 90 28 mycket

80 480 96 27 svårare,
190 487 50 16 som
257 481 118 22 samhället
391 481 55 22 efter
461 481 43 22 den
522 481 28 28 på
568 481 64 22 1830-
648 481 44 22 och
711 481 124 22 1840-talen

80 515 104 22 inträdda
214 515 122 22 nationella
366 516 44 21 och
441 516 106 28 politiska
577 516 122 21 väckelsen
725 515 111 29 betydligt

80 550 62 21 vuxit
166 550 5 21 i
196 549 201 29 själfmedvetande
420 550 44 22 och
488 549 143 29 själfständig
654 550 104 22 sträfvan.
792 549 45 23 Allt

81 584 137 22 allmännare
242 584 43 22 och
310 591 59 16 mera
393 584 56 29 liflig
464 584 46 23 blef
526 584 166 29 öfvertygelsen
710 591 37 15 om
764 585 71 28 tryck-

80 618 108 23 frihetens
208 618 124 29 betydelse.
363 619 43 22 Vid
423 619 37 22 det
475 619 196 22 konstitutionella
686 619 150 28 äteruppvak-

81 653 85 22 nandet
187 653 54 22 efter
264 653 164 23 stillastäendet
446 653 72 22 under
540 654 84 21 seklets
640 653 57 22 förra
714 653 54 22 hälit
791 653 46 22 blef

81 688 75 22 därför
171 688 213 23 ästadkommandet
400 688 22 22 af
437 695 29 15 en
476 689 180 28 tryckfrihetslag
668 695 28 16 en
708 689 21 21 af
740 688 96 22 hufvud-

81 723 127 27 punkterna
227 722 29 29 pä
272 722 242 29 reformprogrammet.
544 723 44 22 Vid
606 723 54 22 1863
676 722 36 23 ärs
728 723 109 28 landtdag

80 757 114 22 förelades
210 756 125 23 Ständerna
352 763 28 16 en
392 758 143 28 proposition
552 757 52 22 med
620 757 86 29 förslag
720 757 32 22 till
764 758 72 28 tryck-

81 791 123 29 frihetslag,
221 797 50 16 som
288 791 29 29 pä
332 792 78 22 försök
426 792 72 22 skulle
514 792 60 28 gälla
584 792 32 22 till
628 792 66 22 slutet
705 792 21 22 af
736 792 100 28 följande

81 826 117 28 landtdag,
213 826 32 22 till
262 826 89 22 hvilken
368 827 31 21 ett
415 827 47 27 nytt
477 826 86 28 förslag
578 826 31 22 till
621 826 61 28 dylik
695 826 37 28 lag
745 826 92 22 ställdes

81 860 7 22 i
105 860 75 22 utsikt.
211 860 119 28 Förslaget
344 861 138 28 godkändes
498 861 22 22 af
535 860 139 29 landtdagen
686 861 43 21 och
742 860 46 22 blef
800 861 38 27 lag

82 894 24 22 är
130 894 60 23 1865.
220 894 43 22 Vid
285 895 101 28 följande
409 896 109 28 landtdag
540 895 24 22 är
581 895 54 23 1867
650 895 108 22 framlade
774 901 62 22 rege-

82 929 79 28 ringen
188 929 37 21 det
251 929 115 22 utlofvade
391 936 45 22 nya
462 930 107 28 förslaget
592 930 32 21 till
649 929 187 29 tryckfrihetslag.

83 963 66 22 Detta
172 964 86 28 förslag
280 964 102 22 innehöll
405 964 123 22 emellertid
551 964 69 28 nägra
644 964 51 22 med
719 969 28 17 en
763 964 73 28 tryck-

82 998 118 28 frihetslag
219 998 127 28 oförenliga
361 998 178 28 bestämningar.
570 998 50 22 Den
636 998 165 28 betänkligaste
817 997 21 23 af

84 1032 52 22 dem
158 1038 46 20 var,
228 1033 30 21 att
274 1032 44 22 den
337 1039 44 22 nya
397 1033 67 27 lagen
481 1032 72 23 skulle
569 1033 92 21 komma
677 1033 31 21 att
723 1033 59 27 gälla
798 1038 38 16 en-

84 1066 51 22 dast
150 1066 31 22 till
198 1066 44 22 den
260 1067 9 21 1
286 1067 87 28 januari
391 1067 61 22 1869.
483 1066 59 23 Efter
558 1067 75 22 denna
648 1066 32 22 tid
696 1067 91 22 komme
800 1066 39 22 det

84 1102 31 20 att
133 1101 55 22 bero
209 1101 21 22 af
245 1101 140 22 Monarkens
401 1102 167 28 godtfinnande
584 1102 31 22 att
630 1101 112 22 utsträcka
758 1101 81 28 lagens

84 1135 105 28 giltighet
204 1136 88 22 utöfver
308 1136 98 22 nämnda
423 1136 45 28 dag
484 1136 53 22 eller
552 1136 47 22 äter
614 1136 52 28 taga
678 1136 5 21 i
695 1135 97 29 anspräk
803 1136 36 21 sin

84 1169 95 29 tidigare
203 1171 41 21 rätt
267 1171 31 21 att
321 1176 78 16 ensam
416 1171 127 21 bestämma
558 1170 63 22 öfver
636 1170 204 28 presslagstiftni
820 1165 22 37 n-

84 1210 52 22 gen.
168 1204 186 28 Olämpligheten
371 1204 21 22 af
408 1205 60 21 detta
485 1204 127 28 stadgande
635 1204 134 22 framträdde
785 1204 53 22 med

85 1238 95 22 särskild
210 1239 113 28 tydlighet
352 1240 5 20 i
381 1239 161 29 lagförslagets
568 1239 95 29 ingress.
698 1238 46 23 Där
768 1238 71 23 sades

85 1273 157 28 uttryckligen,
266 1275 30 20 att
311 1274 141 22 Monarkens
467 1274 37 22 val
520 1274 96 22 emellan
633 1273 28 23 de
676 1274 83 22 tvänne
775 1273 64 23 alter-

85 1308 91 21 nativen
203 1308 71 22 skulle
300 1308 93 22 komma
416 1309 32 22 att
470 1309 56 22 bero
553 1309 22 21 af
598 1314 106 23 pressens
730 1307 111 29 hållning,

86 1343 30 21 ett
145 1342 117 27 förbehåll,
293 1348 50 17 som
372 1343 77 22 kunde
471 1349 54 16 vara
548 1343 86 28 egnadt
657 1343 31 22 att
709 1344 56 27 göra
788 1342 52 23 hela

85 1376 159 29 tryckfriheten
266 1377 32 22 till
321 1377 82 22 endast
419 1378 31 21 ett
466 1377 64 22 sken.
556 1377 126 22 Ständerna
698 1377 76 22 kunde
790 1377 50 22 icke

86 1411 83 28 antaga
184 1411 148 28 lagförslaget
355 1412 53 21 utan
429 1411 63 22 vissa
516 1411 127 28 ändringar.
674 1411 6 22 1
697 1411 53 22 dess
766 1411 74 22 förän-

86 1445 76 26 drade,
178 1445 22 22 af
215 1445 140 28 landtdagen
366 1445 124 29 godkända
502 1445 58 22 form
576 1445 46 22 blef
636 1445 67 29 lagen
716 1445 124 22 emellertid

87 1480 49 22 icke
159 1479 21 22 af
200 1479 128 22 Monarken
352 1480 168 21 sanktionerad.
554 1479 99 22 Härmed
676 1486 38 15 var
736 1479 38 22 det
796 1479 45 22 slut

155 1525 133 23 Lagutskottets
300 1525 112 18 betänkande
422 1525 38 18 N:o
472 1525 18 18 2.
