1081 1736
286 137 85 23 Ständ.
388 137 38 23 Sv.
444 150 26 3 —
485 138 74 28 Prop.
575 138 43 22 N:o
635 138 34 22 14.
826 138 28 22 43

417 276 111 45 Lag,

98 358 193 25 innefattande
315 358 98 33 tillägg
432 358 41 25 till
494 360 31 23 16
545 359 115 31 kapitlet
678 359 176 32 Strafflagen.

168 437 81 23 Såsom
269 438 80 28 tillägg
364 438 31 22 till
416 438 25 22 16
457 439 93 28 kapitlet
567 438 134 29 Strafflagen
709 439 80 22 varder
797 439 57 21 häri-

99 478 85 23 genom
202 472 106 29 stadgadt
324 478 50 16 som
390 472 76 29 följer:

445 547 28 22 24
489 548 20 27 $.

168 597 57 27 Den,
242 604 50 16 som
316 598 133 28 offentligen
470 599 6 21 i
492 598 147 29 folksamling
654 598 132 22 framställer
801 598 54 22 eller

100 639 86 22 genom
202 633 63 22 skrift
282 633 113 28 utsprider
412 633 128 28 uppenbart
555 633 162 28 sanningslösa
733 633 120 29 uppgifter,

99 667 90 28 egnade
213 668 30 21 att
267 667 103 22 nedsätta
394 667 117 29 styrelsen,
527 667 139 29 landtdagen
683 667 53 22 eller
751 667 53 22 dess
821 668 32 21 ut-

99 702 61 22 skott
176 702 52 22 eller
244 701 103 29 offentlig
359 702 141 28 myndighet,
512 703 53 21 eller
576 702 65 22 deras
653 701 108 29 åtgärder,
773 702 80 22 dömes

99 737 31 21 till
147 736 66 22 böter
228 737 54 21 eller
297 736 103 28 fängelse
416 736 6 22 i
440 736 69 29 högst
525 737 31 21 ett
571 736 30 22 år.

445 811 28 22 25
489 812 20 27 $.

169 863 46 21 Har
238 863 76 28 nägon
336 863 133 28 offentligen
486 864 6 20 i
507 863 148 27 folksamling
670 863 116 21 framställt
801 863 54 21 eller

98 902 87 22 genom
209 896 62 22 skrift
293 897 96 28 utspridt
411 897 128 28 uppenbart
555 897 163 28 sanningslösa
733 896 120 29 uppgifter,

99 930 90 29 egnade
206 932 30 21 att
252 931 103 22 nedsätta
371 931 185 29 Kejsaredömets
572 931 118 29 offentliga
701 931 152 28 inrättningar,

99 965 88 22 straffes
204 966 51 21 med
272 966 65 22 böter
353 966 52 22 eller
420 966 103 28 fängelse
540 966 6 22 i
563 966 69 28 högst
648 966 31 22 ett
693 966 29 22 är.

168 1102 109 23 Finlands
293 1102 96 23 Ständer
403 1103 129 22 framhärda
548 1104 41 21 etc.

168 1170 145 30 Helsingfors
329 1171 44 22 den
389 1171 14 22 3
419 1172 93 28 augusti
531 1171 60 23 1906.

238 1446 112 21 Helsingfors
363 1446 50 17 1906.
438 1446 114 21 Helsingfors
565 1446 152 21 Centraltryckeri.
