1081 1759
406 160 55 26 N:o
477 159 49 27 18.

297 452 73 23 Hans
395 452 163 29 Kejserliga
584 452 144 29 Majestäts
758 452 89 28 nådiga

227 493 154 28 proposition
403 493 41 22 till
466 493 115 23 Finlands
607 492 103 24 Ständer
733 499 39 17 om
796 492 51 28 Lag

230 533 123 28 angående
369 534 123 22 allmänna
507 534 222 22 sammankomster.

161 607 87 22 Genom
263 608 70 28 nådig
349 608 142 28 proposition
506 608 41 22 har
561 608 64 22 Hans
636 608 132 28 Kejserliga
776 607 70 29 Maje-

92 644 46 20 stät
157 642 52 22 låtit
227 642 118 28 förelägga
366 642 127 22 Ständerna
508 642 86 29 förslag
610 642 36 22 till
661 642 186 29 grundlagsstad-

92 676 96 29 ganden,
205 684 82 21 genom
298 676 79 22 hvilka
388 677 89 21 landets
487 677 150 29 medborgare
647 677 151 21 tillförsäkras
808 676 40 22 fri-

91 711 46 29 het,
157 711 69 22 bland
247 714 75 26 annat,
339 714 34 18 att
388 712 194 21 sammankomma
597 711 35 22 för
647 711 177 29 öfverläggning
839 711 7 21 i

92 746 114 21 allmänna
226 746 191 28 angelägenheter
436 746 55 22 eller
508 746 35 22 för
558 746 70 22 andra
643 746 78 29 lofliga
737 746 110 21 ändamål.

91 780 142 22 Utöfvandet
249 780 25 22 af
287 780 74 22 denna
375 780 70 22 frihet
460 781 75 21 såsom
551 788 27 14 en
593 780 74 29 laglig
682 780 111 29 rättighet
802 780 45 21 för-

91 817 98 19 utsätter
211 814 58 22 dock
291 815 57 21 att
341 810 15 37 i
367 815 39 28 lag
429 815 116 21 meddelas
567 814 141 22 föreskrifter
730 814 117 29 angående

92 849 60 22 hvad
168 849 80 22 därvid
262 849 42 22 bör
319 849 22 22 af
356 849 179 29 medborgarene
550 849 122 28 iakttagas.
701 849 46 21 Det
762 848 36 22 för
812 849 35 21 så-

92 883 56 21 dant
163 883 105 21 ändamål
283 883 129 29 uppgjorda
427 883 149 29 lagförslaget
591 886 114 26 upptager
714 883 63 29 förty
787 882 60 23 stad-

92 918 91 28 ganden
211 918 116 28 angående
352 918 134 28 skyldighet
510 920 35 20 att
569 926 37 14 om
631 918 107 22 tillärnad
763 918 85 21 allmän

92 952 177 22 sammankomst
289 955 56 26 göra
361 953 105 21 anmälan
481 952 41 22 hos
538 952 105 30 offentlig
657 952 142 30 myndighet,
816 952 32 22 äf-

91 994 94 15 vensom
196 986 146 29 föreskrifter,
351 987 79 22 hvilka
437 987 48 21 dels
494 987 113 29 betrygga
615 986 233 29 församlingsrättens

92 1021 92 22 ostörda
197 1021 114 29 utöfning,
327 1021 48 22 dels
391 1021 48 22 afse
455 1024 34 19 att
504 1022 133 28 förebygga,
649 1024 34 19 att
697 1022 39 28 lag
746 1022 44 21 och
799 1020 47 30 god

92 1056 98 29 ordning
204 1056 40 21 vid
259 1056 116 22 allmänna
389 1056 204 22 sammankomster
609 1056 140 31 äsidosättas.

160 1090 126 28 Förslaget,
309 1098 49 14 som
377 1090 94 22 härmed
489 1090 152 22 öfverlämnas
657 1090 36 22 till
708 1089 138 23 Ständernas

92 1124 135 30 antagande,
244 1128 24 18 är
283 1124 23 22 af
320 1124 101 30 följande
436 1124 96 29 lydelse:
