1081 1764
828 161 26 20 51

101 232 122 29 eningens
248 232 104 29 stadgar
377 231 47 23 och
443 231 158 29 förteckning
620 231 72 22 öfver
711 231 57 23 dess
787 231 67 22 med-

100 267 110 22 lemmar.
248 266 38 22 Då
314 266 141 29 begreppet
481 266 132 29 offentliga
641 266 215 29 angelägenheter

100 302 29 21 är
156 300 161 29 synnerligen
345 300 120 29 tänjbart,
485 300 78 23 hafva
583 300 35 22 till
637 300 83 23 denna
739 300 117 29 kategori

101 335 25 22 af
149 335 148 28 föreningar
325 335 105 22 räknats
450 335 48 22 alla
517 335 38 26 de,
574 335 100 22 hvilkas
695 335 161 22 verksamhet

100 370 8 21 i
127 369 91 22 minsta
245 369 58 22 mån
331 369 86 22 berört
447 369 125 26 allmänna
597 369 94 29 frågor.
731 369 125 22 Särskildt

100 404 78 22 hafva
188 404 247 29 fackföreningarna,
450 411 53 15 som
517 403 78 30 enligt
618 403 238 29 Gewerbeordnung

101 439 37 28 (se
157 438 85 30 ofvan)
266 438 55 22 icke
343 438 80 22 borde
441 445 63 16 vara
523 438 188 23 underkastade
730 439 7 21 i
756 439 31 22 de
806 439 50 21 sär-

101 473 82 22 skilda
194 475 124 20 staternas
329 473 252 29 speciallagstiftning
593 473 123 29 stadgade
726 472 130 23 inskränk-

101 507 91 30 ningar
212 508 25 22 af
254 507 248 29 föreningsfriheten,
526 507 47 22 fått
592 507 51 22 lida
663 507 25 22 af
705 507 48 22 den
774 508 82 21 exten-

101 542 55 22 siva
181 542 147 29 tolkningen
357 541 25 23 af
409 542 126 28 uttrycket
555 541 132 30 offentliga
707 542 151 29 angelägen-

100 577 72 22 heter
196 583 89 23 genom
312 578 35 20 att
360 576 123 23 hänföras
505 577 36 22 till
560 576 84 23 denna
663 583 84 22 grupp
767 576 24 22 af
809 576 49 22 för-

101 611 113 29 eningar.

170 645 42 23 Uti
238 645 155 29 föreningar,
414 651 53 16 som
498 645 147 28 sysselsätta
674 645 39 29 sig
740 645 56 22 med
816 645 41 22 all-

101 681 93 21 männa
218 679 221 30 angelägenheter,
458 679 26 23 få
509 680 36 22 uti
563 680 104 28 Bayern
689 680 83 22 såsom
791 680 67 22 med-

101 714 103 23 lemmar
222 715 55 22 icke
295 715 100 28 intagas
414 714 109 22 kvinnor
536 714 46 22 och
596 714 175 29 minderåriga.
798 714 60 22 Mot-

102 749 126 22 svarande
246 749 93 22 förbud
358 749 79 29 gäller
450 749 8 21 i
471 747 111 24 Sachsen
595 755 128 22 personer,
738 755 52 16 som
803 749 55 22 icke

102 784 44 21 äro
170 784 8 21 i
203 783 148 29 åtnjutande
377 783 25 22 af
420 783 149 29 fullständig
587 783 107 29 juridisk
713 783 145 29 handlings-

101 817 123 30 förmåga.
262 818 87 29 Enligt
368 824 30 15 en
416 818 43 29 lag
479 818 26 21 af
525 817 66 23 1898
610 818 24 21 få
654 818 63 22 dock
736 818 36 21 uti
791 818 67 28 Bay-

102 859 43 15 ern
164 853 37 22 till
220 852 103 29 myndig
345 852 69 22 ålder
433 852 92 22 komna
545 852 108 22 kvinnor
667 859 62 15 vara
742 852 115 22 medlem-

102 893 52 16 mar
173 887 34 22 uti
228 887 122 28 förening,
363 893 53 16 som
436 887 83 28 tjänar
538 887 85 28 yrkes-
640 887 59 22 eller
713 887 78 22 andra
805 893 53 22 spe-

102 921 70 22 ciella
190 921 124 22 intressen
333 921 46 22 hos
398 927 30 16 en
448 921 145 29 begränsad
612 921 68 22 krets
700 921 25 22 af
737 927 122 22 personer

102 955 59 22 eller
180 956 47 22 har
246 956 36 22 till
301 955 117 23 ändamål
437 957 36 21 att
490 956 147 29 sysselsätta
651 956 38 29 sig
702 956 56 22 med
771 956 87 28 frågor

101 990 109 22 rörande
238 990 159 29 uppfostran,
417 990 184 29 undervisning
627 991 59 21 eller
710 990 147 29 fattigvård.

170 1025 113 22 Berörda
307 1025 216 28 inskränkningar
548 1025 139 22 återfinnas
705 1025 95 28 jämväl
823 1024 36 22 uti

103 1059 79 22 andra
201 1059 74 28 tyska
295 1061 90 20 staters
403 1059 166 29 lagstiftning,
588 1066 56 16 men
663 1059 67 30 gälla
749 1059 35 22 uti
804 1059 55 22 dem

103 1093 89 22 endast
219 1093 160 23 beträffande
405 1093 96 23 sådana
523 1094 154 29 föreningar,
701 1100 52 15 som
781 1093 78 22 hafva

103 1127 35 22 till
166 1128 118 22 ändamål
306 1129 36 21 att
360 1128 131 22 diskutera
509 1128 118 29 politiska
647 1128 213 29 angelägenheter

102 1162 36 22 uti
157 1162 131 29 offentliga
306 1162 186 29 församlingar.
520 1162 111 23 Sålunda
650 1163 25 22 få
688 1163 35 22 uti
737 1163 123 22 Preussen

102 1197 118 26 kvinnor,
243 1197 83 22 elever
351 1197 46 22 och
421 1197 122 29 lärlingar
568 1197 115 28 (Schäler
707 1197 54 22 und
786 1197 74 22 Lehr-

104 1231 78 29 linge)
211 1233 64 20 samt
302 1232 7 21 i
337 1231 202 29 Braunschweig
558 1231 47 22 och
629 1232 94 22 Anhalt
742 1231 116 26 kvinnor,

104 1265 176 30 minderåriga,
316 1266 199 29 medborgerligt
550 1266 145 22 förtroende
726 1265 134 29 förlustiga

104 1306 121 22 personer
260 1301 46 22 och
337 1301 164 28 utlänningar
528 1300 54 22 icke
609 1307 62 16 vara
698 1300 162 23 medlemmar

104 1334 36 22 uti
163 1334 148 29 föreningar
336 1335 25 22 af
379 1335 110 22 berörda
509 1336 45 21 art.
592 1335 41 22 Uti
652 1335 138 22 sistnämda
808 1334 52 22 lilla

104 1369 59 22 land
191 1369 39 22 får
257 1369 128 22 dessutom
413 1376 31 15 en
472 1375 99 22 person,
600 1375 53 16 som
678 1369 53 22 icke
751 1370 27 21 är
796 1369 64 22 före-

104 1403 190 29 ningsmedlem,
321 1404 21 28 ej
369 1403 128 29 uppträda
523 1410 52 15 som
595 1403 78 23 talare
693 1404 42 22 vid
754 1403 106 22 förenin-

104 1443 62 24 gens
184 1439 92 21 möten.
