1084 1756
191 148 13 20 6
372 146 85 23 Ständ.
473 147 40 23 Sv.
529 161 27 3 —
573 148 74 28 Prop.
663 148 43 22 N:o
723 148 34 22 17.

517 234 14 22 3
556 234 74 28 kap.

54 295 54 29 28
95 291 11 42 8
123 296 56 28 (298
263 298 84 24 Punkt
365 300 16 21 4
400 299 7 22 i
426 299 33 23 28
487 299 55 29 (29)
567 300 15 28 $
601 299 47 23 har
672 300 8 22 i
698 300 49 22 den
770 299 109 23 svenska
899 300 50 21 tex-

73 330 7 21 i
95 331 71 27 prop.)
194 334 42 21 ten
256 333 98 23 erhållit
373 340 95 16 samma
486 334 98 28 lydelse
603 340 53 16 som
676 334 15 22 9
706 334 156 29 punkten
822 326 16 41 i
848 326 13 41 7
877 333 36 29 (9)
925 333 23 29 8.

266 368 88 22 Såsom
385 368 107 30 tidigare
521 368 121 30 angifvits
666 368 47 23 har
740 368 36 22 till
803 368 32 22 28
861 368 54 29 (29)
935 368 14 29 $

194 402 85 30 fogats
306 404 35 21 ett
366 404 57 28 nytt
449 404 111 22 moment
578 403 26 23 af
622 403 110 23 innehåll
758 404 36 21 att
819 402 130 30 förenings

194 443 76 16 namn
289 437 62 23 efter
370 437 225 30 inregistreringen
615 438 63 22 skall
697 437 95 23 erhålla
806 438 35 22 ett
853 436 95 30 tillägg,

194 471 135 23 utvisande
349 474 35 20 att
402 472 150 30 föreningen
572 473 28 21 är
618 472 163 30 registrerad.

518 591 14 21 4
557 591 73 28 kap.

264 656 41 23 Uti
333 656 68 23 detta
428 657 95 29 kapitel
545 657 79 22 hafva
644 657 82 22 säsom
746 656 107 30 tidigare
871 656 79 22 redan

194 692 101 22 nämnts
322 691 177 23 sammanförts
535 691 33 23 de
592 691 198 29 bestämningar,
818 697 53 16 som
900 691 50 22 sär-

194 726 78 22 skildt
290 726 45 22 och
358 726 159 22 uteslutande
537 726 53 22 afse
609 725 260 30 icke-inregistrerade
887 725 63 23 före-

194 760 99 30 ningar.

519 878 14 22 5
556 878 70 28 kap.

56 915 29 22 34
94 915 15 29 $
123 916 58 28 (335

74 950 7 21 i
96 950 70 28 prop.)
266 944 69 22 Enär
362 944 49 23 den
447 944 84 22 finska
562 945 86 21 texten
676 944 8 21 i
712 943 14 22 3
755 949 73 15 mom.
857 942 32 28 pä
917 943 34 21 ett

195 978 172 23 vilseledande
395 980 49 21 sätt
473 978 98 23 afviker
592 978 57 22 frän
668 978 49 22 den
736 976 118 27 svenska,
874 976 77 22 hafva

196 1012 143 24 Ständerna
357 1013 103 23 beslutit
479 1013 80 22 ändra
578 1012 49 23 den
645 1012 69 23 förra
733 1012 8 22 i
760 1011 191 23 öfverensstäm-

195 1048 78 22 melse
291 1048 56 22 med
366 1048 49 22 den
434 1054 97 16 senare.

266 1116 35 23 Pä
320 1116 83 29 grund
423 1116 25 22 af
466 1116 69 22 hvad
554 1116 47 22 här
622 1115 78 23 ofvan
720 1115 96 22 anförts
835 1113 25 22 fä
881 1113 71 22 Stän-

196 1150 79 23 derna
294 1151 8 22 i
320 1151 204 28 underdänighet
544 1150 106 26 anmäla,

472 1221 37 21 att
527 1219 39 22 uti
586 1218 171 23 förevarande
775 1216 100 29 nädiga
895 1222 58 23 pro-

400 1254 115 29 position
534 1253 42 23 till
594 1253 146 23 Ständerna
760 1250 194 24 öfverlämnade

405 1289 98 28 förslag
528 1288 41 22 till
594 1288 44 29 lag
662 1294 40 15 om
728 1286 151 28 föreningar
897 1284 57 23 blif-

405 1323 36 22 vit
459 1323 30 22 af
511 1322 144 23 Ständerna
680 1321 104 28 antaget
808 1320 58 22 med
885 1319 69 22 vissa

405 1357 153 29 ändringar,
578 1356 30 23 sä
627 1356 127 29 lydande:
