1086 1767
96 229 82 19 Afskrift
191 229 19 19 af
713 246 9 4 a
819 249 3 4 N

709 250 145 23 Ofversättning.

115 415 312 26 Statssekretariatet

256 460 30 18 för

123 497 191 20 Storfurstendömet
332 496 89 20 Finland.

177 555 34 17 S:t
225 554 139 21 Petersburg,

145 589 34 18 den
192 589 37 23 /,;
241 589 84 18 Januari
336 589 55 18 1906.

233 623 36 18 N:o
281 624 27 18 45.

359 912 37 20 Till
413 913 50 19 Herr
478 912 210 26 Generalguvernören
703 913 53 19 öfver
772 912 88 20 Finland.

171 1044 57 19 Hans
244 1044 113 26 Kejserliga
372 1044 93 26 Majestät
480 1045 36 19 har
531 1045 38 19 den
581 1044 46 26 !2/,s
637 1044 133 20 innevarande
779 1044 81 20 Januari

103 1073 65 19 täckts
190 1072 68 20 lämna
281 1072 98 21 Senatens
396 1073 30 19 för
438 1073 85 19 Finland
538 1073 153 25 framställning,
705 1079 32 13 om
753 1073 107 19 öfverläm-

102 1101 65 19 nande
183 1101 30 19 till
236 1101 113 20 Ständerna
361 1102 19 18 af
396 1102 124 25 proposition
536 1102 103 25 angäende
653 1102 112 25 grunderna
780 1102 31 19 för
828 1103 32 17 ut-

101 1129 98 20 ämnande
210 1130 21 19 af
243 1130 53 19 vissa
304 1130 215 25 oregelbundenheter,
526 1136 43 13 som
584 1130 123 19 förekommit
717 1130 31 19 vid
763 1130 97 25 tjänsters

102 1158 123 24 besättande,
240 1160 50 17 utan
306 1159 98 19 afseende.

170 1186 102 25 Därjämte
293 1187 35 19 har
351 1187 54 19 Hans
429 1187 94 25 Majestät
545 1187 95 26 Kejsaren
663 1187 84 25 behagat
769 1187 6 19 i
800 1186 62 20 näder

103 1215 101 20 förordna:

172 1243 21 26 1)
209 1246 29 17 att
261 1244 29 19 för
312 1244 25 19 de
352 1244 5 19 i
374 1243 98 20 Senatens
497 1244 146 25 framställning
665 1244 86 19 nämnda
766 1249 96 20 personer

103 1272 37 19 kan
163 1272 95 19 utverkas
281 1272 27 25 pä
330 1273 100 18 allmänna
451 1273 90 24 grunder
564 1273 91 25 pension,
670 1275 51 17 samt
736 1273 5 18 i
756 1273 105 19 beaktans-

102 1301 61 18 värda
179 1301 35 19 fall
228 1301 60 19 äfven
304 1301 96 20 särskildt
414 1301 118 24 understöd,
546 1301 37 20 och

171 1329 20 24 2)
206 1331 31 18 att
251 1330 88 19 embets-
354 1330 38 19 och
407 1330 128 25 tjänstemän,
550 1330 68 19 hvilka
633 1329 130 20 förafskedats
779 1329 6 20 i
799 1329 62 20 admi-

102 1357 91 20 nistrativ
216 1358 86 25 ordning
324 1358 43 19 frän
391 1358 89 25 tjänsten
504 1358 25 26 pä
544 1359 66 24 grund
629 1359 19 18 af
662 1358 165 25 förordningarna
842 1358 20 19 af

101 1386 39 19 den
157 1385 36 27 !/,,
216 1387 88 24 Augusti
323 1387 53 19 1902
396 1387 49 19 eller
460 1387 99 19 särskilda
573 1387 79 25 Nädiga
667 1386 135 25 befallningar,
819 1386 43 19 icke

102 1414 44 25 gätt
161 1415 104 25 förlustige
288 1417 41 17 rätt
344 1417 29 17 att
389 1415 54 24 änyo
458 1417 85 24 antagas
558 1416 7 19 i
580 1416 63 25 tjänst
658 1415 36 20 och
709 1417 106 18 utnämnas
832 1414 29 20 till

101 1443 58 19 deras
175 1443 51 20 förra
242 1443 140 25 befattningar,
398 1444 85 19 hvarvid
505 1444 60 19 likväl
581 1444 24 19 de
621 1444 44 19 med
680 1443 92 20 afseende
787 1443 12 19 å
810 1443 52 25 tjän-

101 1475 53 16 sters
170 1472 120 19 besättande
314 1472 92 25 gällande
422 1472 131 26 stadganden,
573 1473 56 19 skola
644 1474 98 23 noggrant
756 1472 105 25 iakttagas.
