1081 1756
319 148 29 23 U.
364 149 28 21 B.
408 161 27 3 —
450 148 73 29 Prop.
542 150 40 21 N:o
599 148 36 23 14.
826 148 26 22 31

98 217 112 29 säljandet
225 217 77 23 såsom
318 224 59 22 egen
393 218 60 26 affär,
470 218 53 22 utan
540 219 31 21 att
586 224 54 16 vara
651 217 96 23 anställd
760 218 6 21 i
777 217 77 29 någon

98 252 54 22 eller
166 252 70 28 några
257 252 127 28 tidningars
399 252 75 28 tjänst.

167 286 44 22 Det
234 287 109 21 särskilda
366 287 43 21 och
433 292 62 23 noga
517 286 145 29 begränsade
679 287 51 27 slag
747 286 21 22 af
782 292 72 20 varor,

98 320 34 23 för
156 320 66 23 hvars
243 321 133 28 försäljning
396 321 72 22 under
483 321 198 29 kringvandrande
700 320 76 23 denna
792 326 63 23 para-

98 355 49 28 graf
168 355 119 22 fastställer
304 356 116 26 villkoren,
438 361 68 23 synes
522 356 110 21 utskottet
648 356 51 21 icke
717 355 93 29 betinga
827 360 28 16 en

99 389 25 22 så
140 389 63 29 långt
218 390 89 28 gående
322 390 104 26 kontroll,
443 396 51 16 som
510 390 34 22 för
560 390 44 22 den
620 390 116 22 allmänna
748 389 107 29 gårdfari-

99 424 99 22 handeln
221 424 102 29 stadgats
346 430 84 22 genom
456 425 26 21 10
505 425 14 27 &
543 425 162 28 näringslagen
732 424 6 21 i
762 424 54 22 dess
835 424 21 21 af

100 458 125 22 Ständerna
241 465 54 22 nyss
312 459 98 28 antagna
425 459 135 22 förändrade
577 459 93 28 lydelse.
696 458 80 22 Härtill
792 458 63 22 kom-

100 499 52 20 mer,
169 494 31 21 att
215 493 82 22 medan
314 493 43 22 den
374 493 112 22 allmänna
502 493 199 28 gärdfarihandeln
720 493 6 21 i
742 493 48 21 värt
802 492 53 22 land

100 527 6 22 i
122 527 167 28 öfvervägande
305 527 56 29 grad
377 527 65 22 idkas
458 527 22 22 af
494 527 136 28 främlingar,
647 527 93 22 hvilken
756 527 100 22 omstän-

100 561 79 29 dighet
200 561 110 23 försvärar
327 562 53 22 dess
396 561 167 23 öfvervakande
580 562 44 22 och
640 563 42 27 gör
698 568 31 15 en
746 567 61 16 mera
823 561 33 22 in-

100 596 90 28 gäende
215 597 189 28 reglementering
419 596 141 29 nödvändig,
580 596 277 29 kolportörsverksamhet

101 631 102 22 däremot
226 631 191 28 hufvudsakligen
440 631 90 22 utöivas
556 631 22 22 af
600 631 74 22 finske
696 631 160 27 medborgare.

101 665 43 22 Det
166 671 54 16 vore
237 665 74 22 därför
326 666 30 21 att
371 665 35 22 för
420 665 74 22 finske
511 665 151 28 medborgare
678 665 95 22 alldeles
790 665 66 22 oskä-

100 700 41 28 ligt
156 699 101 22 försvära
272 699 108 22 idkandet
396 699 21 22 af
432 705 29 16 en
477 699 66 29 loflig
558 700 88 28 näring,
662 706 37 15 om
717 699 29 22 de
763 706 43 22 nya
818 699 38 22 be-

102 734 168 28 stämningarna
286 734 119 28 angäende
421 734 44 22 den
482 735 114 21 allmänna
611 734 200 29 gärdfarihandeln
823 735 33 20 ut-

102 769 108 22 sträcktes
225 769 32 22 till
272 769 312 28 kolportörsverksamheten.

170 803 92 22 Samma
278 803 139 28 principiella
434 803 55 27 skäl,
506 809 50 16 som
575 803 111 22 föranledt
702 803 109 22 utskottet
826 803 32 22 att

102 837 6 22 i
123 837 63 29 fräga
209 843 38 16 om
270 838 106 27 rättighet
398 838 31 21 att
451 837 53 22 idka
527 838 142 28 boktryckeri
691 840 56 26 göra
767 837 89 22 skilnad

102 873 82 21 mellan
214 872 60 21 finsk
294 872 150 28 medborgare
468 872 44 22 och
536 872 51 27 den,
613 878 50 16 som
685 873 49 21 icke
761 871 97 29 ätnjuter

102 907 179 28 medborgarrätt
296 907 6 21 i
318 907 82 26 landet,
423 907 45 22 tala
491 907 52 22 med
566 907 107 22 afseende
689 907 13 22 ä
718 907 138 28 kolportörs-

101 941 186 22 verksamhetens
302 941 158 22 beskaffenhet
476 941 7 22 i
496 944 60 19 ännu
573 941 72 28 högre
660 942 56 27 grad
732 942 48 21 mot
792 941 65 22 deras

102 975 142 22 likställande
262 975 139 22 beträffande
417 976 142 22 sistnämnda
575 976 87 28 näring.
697 975 35 22 Dä
749 975 109 28 därjämte

102 1010 168 22 utsträckandet
286 1010 20 22 af
322 1010 135 28 rättigheten
473 1011 31 21 att
520 1010 76 22 utöfva
612 1010 246 28 kolportörsverksam-

102 1044 38 22 het
162 1044 31 22 till
212 1044 160 28 utländningar
389 1044 72 22 skulle
485 1044 66 22 hafva
569 1045 90 28 mycket
675 1045 64 27 ringa
757 1044 101 28 praktisk

102 1078 124 28 betydelse,
246 1078 150 27 alldenstund,
412 1078 78 22 såsom
507 1079 69 22 redan
593 1078 117 29 påpekats,
727 1079 76 21 denna
819 1080 39 20 nä-

102 1112 50 28 ring
175 1114 81 20 nästan
276 1113 144 22 uteslutande
436 1113 66 22 idkas
518 1114 22 21 af
554 1114 75 21 finska
644 1114 158 27 medborgare,
820 1113 39 21 har

102 1147 109 22 utskottet
235 1147 73 29 utbytt
330 1148 110 28 uttrycket
465 1148 19 25 ,i
508 1148 76 22 landet
604 1148 76 22 bosatt
696 1150 98 26 person"
811 1148 48 21 mot

104 1181 72 25 finsk
191 1181 172 29 medborgare".

438 1290 14 22 4
468 1290 61 29 Kap.

171 1353 7 22 I
210 1353 235 23 öfverensstämmelse
476 1354 53 22 med
560 1354 38 22 det
622 1355 100 27 antagna
751 1355 110 27 systemet

102 1387 34 22 för
152 1388 181 28 ansvarigheten,
357 1388 84 22 hvilket
464 1389 110 21 utesluter
596 1388 161 22 användandet
780 1388 22 22 af
821 1394 39 16 an-

102 1422 90 28 svariga
206 1422 192 27 skenredaktörer,
410 1422 126 28 uppställes
553 1423 6 21 i
578 1423 25 21 19
621 1423 13 27 $
651 1422 21 22 af
685 1423 175 28 propositionen

102 1456 45 22 den
169 1456 97 27 fordran,
289 1458 31 20 att
341 1462 50 16 som
408 1457 194 22 hufvudredaktör
617 1457 56 22 skall
689 1458 102 21 anmälas
809 1458 51 25 den,

172 1501 130 24 Lagutskottets
314 1502 110 18 betänkande
435 1502 38 18 N:o
486 1503 18 18 2.

881 1353 27 22 19
924 1352 22 28 $.
