1081 1759
274 168 4 4 -
289 154 85 23 Ständ.
390 154 40 23 Sv.
447 168 26 2 —
489 155 75 28 Prop.
580 154 52 23 N:o:
641 155 36 22 14.
831 155 29 22 33

92 223 189 29 -Kejsaredömet,
292 224 39 22 där
342 223 87 23 sädana
444 224 136 28 handlingar
594 224 72 28 enligt
681 224 106 28 gällande
802 224 57 22 före-

103 258 88 22 skrifter
205 258 55 22 böra
277 258 70 22 hällas
364 258 107 28 hemliga.

451 327 29 22 26
495 328 21 27 $.

173 374 160 28 Landtdagens
355 374 115 28 protokoll
492 374 38 22 vid
551 374 117 29 offentliga
684 373 171 29 förhandlingar

104 408 117 22 äfvensom
245 408 146 28 redogörelse
414 408 35 22 för
471 408 59 22 hvad
554 408 113 22 därunder
686 408 106 28 förelupit
806 414 53 16 vare

104 442 85 22 enhvar
210 442 78 22 tillåtet
311 444 30 21 att
357 444 53 21 utan
428 443 105 22 särskildt
548 442 100 22 tillstånd
665 442 6 22 i
687 442 62 29 tryck
765 442 92 29 utgiiva.

452 518 28 22 27
495 518 21 28 $.

174 563 73 29 Betyg
269 564 44 22 och
335 564 147 22 orlofssedlar
505 564 37 22 mä
557 564 20 28 ej
593 564 7 21 i
616 564 62 28 tryck
694 563 98 29 utgifvas
808 564 53 21 utan

106 598 115 28 samtycke
237 598 21 22 af
274 598 43 23 den
334 605 91 22 person,
442 605 51 16 som
512 599 29 21 de
552 598 67 28 angä,
631 599 19 28 ej
673 598 69 22 heller
757 598 104 26 enskilda

105 632 54 27 bref,
183 639 50 15 som
257 634 19 27 ej
299 634 56 21 höra
377 633 33 22 till
436 632 184 30 rättegängsmäl,
636 634 54 20 utan
716 632 141 22 författarens

106 667 53 21 eller
175 667 56 22 hans
247 668 213 22 rättsinnehafvares
476 668 107 26 tillstånd,
596 667 74 23 förrän
687 667 64 28 tjugu
767 666 23 23 är
806 666 55 22 efter

105 701 142 23 författarens
262 702 53 22 död.

174 736 28 22 Af
219 737 167 28 prästerskapet
402 737 53 22 eller
471 743 75 16 annan
562 737 98 28 behörig
675 736 134 29 myndighet
825 736 33 21 ut-

106 771 99 27 färdade,
221 771 140 28 själavärden
378 772 54 22 eller
446 771 152 29 kyrkotukten
612 771 96 22 rörande
719 770 142 28 handlingar,

107 805 24 22 sä
148 806 43 21 ock
206 806 37 21 vid
259 806 102 28 fängelse
378 806 53 22 eller
447 806 96 28 sjukhus
559 806 63 22 förda
640 806 161 27 anteckningar
817 804 43 22 och

107 840 87 21 läkares
210 840 70 28 intyg,
297 840 35 22 mä
348 840 57 27 icke,
422 840 74 22 sävidt
512 840 28 22 de
556 840 60 28 angä
632 840 103 22 enskilda
746 845 116 23 personer,

108 874 171 28 offentliggöras
303 876 52 21 utan
380 875 30 22 att
434 875 52 27 den,
510 875 90 22 hvilken
623 874 140 28 handlingen
785 873 76 29 gäller,

108 908 81 22 sädant
204 909 131 28 medgifver,
352 909 53 22 eller
421 910 83 21 allmän
520 910 38 28 lag
574 910 53 21 eller
641 909 132 28 författning
789 908 71 22 därtill

107 943 132 23 föranleder.

454 995 28 22 28
498 996 20 27 $.

177 1047 42 21 Vid
235 1047 142 28 utgifvandet
392 1047 6 21 i
415 1048 63 27 tryck
494 1047 21 22 af
530 1047 74 22 nedan
616 1047 99 22 nämnda
728 1046 135 28 handlingar

109 1081 55 22 skall
181 1081 110 29 iakttagas
306 1081 107 29 följande.

179 1115 20 29 1)
229 1116 313 28 Rättegängsförhandlingar
558 1116 6 22 i
580 1116 85 22 sädana
682 1115 50 28 mäl,
749 1116 39 22 där
799 1115 64 22 dom-

109 1150 73 22 stolen
208 1150 28 28 pä
261 1150 74 28 grund
358 1150 22 22 af
403 1150 135 22 densamma
560 1150 173 22 tillkommande
755 1150 109 28 pröfning

108 1184 92 22 beslutit
223 1186 30 21 att
276 1185 142 28 offentlighet
441 1185 39 21 vid
505 1184 80 23 mälets
608 1185 174 28 handläggning
807 1184 56 22 skall

109 1219 46 21 helt
178 1220 43 21 och
245 1219 67 22 hället
335 1219 53 22 eller
412 1219 73 22 delvis
508 1226 53 15 vara
584 1220 120 25 utesluten,
721 1218 36 22 mä
773 1219 19 28 ej
809 1219 53 21 utan

109 1253 142 23 domstolens
273 1254 100 22 tillstånd
397 1254 182 28 offentliggöras.
617 1253 138 29 Utgifvande
776 1253 21 22 af
820 1253 44 21 för-

109 1288 164 28 handlingarna
297 1288 6 22 i
326 1288 51 27 mäl,
401 1294 51 16 som
476 1288 159 28 ovillkorligen
656 1288 65 22 skola
737 1288 127 22 behandlas

109 1323 62 21 inom
188 1322 73 22 slutna
278 1322 81 27 dörrar,
375 1329 53 16 vare
443 1322 122 29 förbjudet.

177 1356 23 29 2)
231 1357 40 22 Till
297 1357 199 28 polismyndighet
512 1357 52 22 eller
579 1357 105 28 äklagare
700 1357 107 22 inkomna
823 1362 40 16 an-

109 1391 106 29 gifvelser
237 1392 44 22 och
305 1392 159 28 anmälningar
487 1398 38 16 om
546 1392 65 26 brott,
628 1392 25 22 sä
669 1391 44 23 ock
727 1391 38 22 vid
781 1391 82 22 under-

110 1426 100 28 sökning
225 1426 6 21 i
247 1426 76 28 dylika
338 1426 100 22 ärenden
453 1426 66 22 förda
536 1426 113 28 protokoll
665 1425 36 23 mä
717 1426 20 28 ej
749 1426 115 28 offentlig
858 1421 10 37 -

110 1462 69 26 göras
195 1460 68 22 innan
279 1460 70 22 saken
364 1460 106 22 förevarit
486 1461 38 21 vid
541 1461 99 21 domstol
656 1461 54 21 eller
724 1460 112 28 nedlagts.

797 1510 10 17 3
