1081 1756
289 121 85 23 Ständ.
391 120 39 23 Sv.
446 134 26 3 —
488 122 74 27 Prop.
579 121 42 22 N:o
637 120 37 23 14.
848 120 13 21 7

104 190 125 22 Ständerna
251 190 39 22 här
305 190 67 22 ofvan
389 190 93 22 anförda
503 190 140 28 synpunkter
658 190 74 22 blefve
748 188 112 23 beaktade

106 224 37 22 vid
160 224 42 22 den
219 225 105 26 revision,
341 225 89 21 hvilken
448 225 5 21 i
470 231 27 15 en
514 231 52 15 snar
578 224 89 22 framtid
684 224 62 22 såväl
757 224 102 27 närings-

104 260 66 27 lagen
194 259 43 21 och
260 259 164 28 förordningen
440 259 119 29 angående
575 258 125 22 författares
721 258 45 22 och
782 258 77 22 konst-

104 295 75 20 närers
195 294 41 21 rätt
252 293 30 22 till
299 294 66 21 alster
380 293 22 22 af
418 293 34 22 sin
468 294 145 21 verksamhet
628 299 51 16 som
695 293 45 22 ock
755 298 103 22 process-

104 327 169 29 lagstiftningen
290 328 92 22 komme
398 328 30 21 att
444 328 155 22 underkastas.

172 362 60 22 Efter
254 362 67 22 dessa
344 362 113 22 allmänna
477 362 131 22 uttalanden
625 361 92 29 öfvergå
734 360 125 23 Ständerna

104 396 31 22 till
156 397 30 21 att
207 397 108 22 motivera
336 397 28 22 de
384 396 158 29 förändringar
558 397 43 22 och
617 396 87 28 tillägg,
721 402 51 16 som
788 396 72 28 gjorts

104 431 6 21 i
127 431 152 29 lagförslaget.

438 512 12 21 1
467 512 59 28 Kap.

172 568 12 22 2
201 569 36 27 $i
254 569 43 21 den
318 568 84 29 nådiga
424 569 173 28 propositionen
621 568 123 22 innehåller
760 574 28 16 en
804 568 54 22 defi-

103 603 72 21 nition
197 603 21 22 af
241 603 126 29 begreppet
389 604 133 28 tryckskrift,
546 603 91 23 affattad
662 603 6 21 i
690 602 129 22 hufvudsak
835 602 25 22 så

104 644 50 16 som
158 634 14 36 i
192 638 94 22 flertalet
301 638 69 22 andra
387 638 133 28 presslagar.

172 672 142 22 Beträffande
336 672 76 22 denna
435 672 119 22 definition
577 672 40 22 har
640 671 120 27 anmärkts,
780 672 31 21 att
827 672 32 20 ut-

103 706 86 28 trycket
214 707 126 25 ,likartadt*
366 708 31 21 uti
423 708 8 20 1
450 714 69 15 mom.
532 707 42 25 lätt
590 706 76 22 kunde
682 706 116 22 föranleda
815 706 43 22 den

103 741 152 29 uppfattning,
272 742 30 22 att
318 742 80 22 endast
414 742 86 22 sådana
516 741 74 22 medel
602 741 35 22 för
650 740 210 29 mångfaldigandet

104 776 21 22 af
148 782 28 16 en
199 776 68 26 skrift,
284 776 75 22 hvilka
379 776 51 22 med
448 776 107 22 afseende
572 776 12 22 å
599 776 192 28 verkningssättet
806 781 54 16 vore

102 810 128 28 jämförliga
252 811 52 21 med
327 811 165 28 tryckpressen,
516 810 76 22 kunde
612 810 62 28 gifva
690 810 89 28 upphof
794 810 21 21 åt
832 816 27 15 en

103 845 133 28 tryckskrift,
261 845 88 22 hvarför
370 845 44 22 och
431 845 28 22 då
476 845 37 22 det
528 851 54 23 vore
599 844 88 28 möjligt
704 845 30 21 att
750 844 64 22 äfven
832 844 28 28 på

104 880 68 21 annat
195 880 43 21 sätt
262 882 28 19 än
312 886 86 22 genom
422 880 150 22 användande
588 879 22 22 af
626 885 63 23 press
706 878 154 29 mångfaldiga

102 914 94 26 skrifter,
220 914 72 28 sagda
316 914 93 28 uttryck,
433 920 51 16 som
508 914 65 22 alltså
589 914 129 22 inskränkte
734 914 127 28 begreppet

102 948 134 28 tryckskrift,
259 949 71 22 borde
354 948 116 23 uteslutas.
502 948 125 23 Ständerna
648 948 66 22 hafva
730 948 60 22 dock
806 948 55 22 varit

103 982 22 22 af
140 982 44 22 den
206 983 94 28 mening
316 984 30 21 att
362 983 44 27 det,
422 983 94 22 oaktadt
532 983 37 22 det
585 983 49 22 icke
650 983 48 21 fullt
713 982 147 22 tillfredsstäl-

103 1017 67 22 lande
194 1018 110 28 uttrycket
330 1018 136 26 ,likartadt*,
492 1018 20 22 af
528 1018 190 28 sammanhanget
733 1017 128 28 tillräckligt

103 1051 81 29 tydligt
207 1052 134 28 framginge,
366 1053 30 21 att
412 1052 91 22 medlen
520 1052 64 22 skola
600 1058 52 16 vara
667 1052 127 28 jämförliga
811 1052 49 22 icke

103 1086 52 21 med
180 1086 108 22 afseende
311 1086 12 23 å
347 1087 199 28 verkningssättet,
569 1088 53 20 utan
641 1087 77 21 främst
734 1086 52 22 med
803 1086 57 22 afse-

103 1120 59 22 ende
184 1120 12 22 å
214 1121 224 28 mångfaldigandets
454 1121 99 26 resultat,
570 1121 42 22 och
634 1121 58 28 förty
708 1121 73 22 ansett
796 1121 65 22 ordet

104 1155 128 25 vlikartadt*
257 1155 39 22 här
318 1156 77 21 kunna
416 1155 144 28 godkännas.
591 1155 107 22 Däremot
715 1155 65 22 hafva
797 1155 63 22 Stän-

103 1189 69 22 derna
193 1189 80 27 funnit,
296 1191 30 20 att
342 1190 70 22 orden
431 1190 141 25 ,mekaniskt
588 1190 53 22 eller
656 1190 110 21 kemiskt"
784 1190 76 21 kunde

102 1223 88 22 saklöst
212 1223 61 29 utgå,
296 1224 97 22 emedan
415 1224 76 22 vikten
516 1225 50 21 icke
582 1225 73 28 ligger
670 1224 75 28 därpå,
762 1224 22 22 af
800 1224 58 21 hvad

103 1258 50 27 slag
169 1258 84 22 medlet
269 1261 29 24 är,
315 1259 52 21 utan
385 1258 76 29 därpå,
478 1260 32 20 att
526 1259 37 22 det
572 1259 52 22 med
636 1259 108 22 afseende
755 1258 13 23 å
780 1258 78 28 mång-

101 1288 155 32 faldigandets
279 1293 131 22 effektivitet
432 1293 58 22 skall
511 1299 52 16 vara
583 1293 122 28 jämförligt
721 1293 51 22 med
788 1293 72 28 tryck-

102 1332 72 23 press.
205 1326 30 22 Så
258 1329 23 19 är
304 1328 14 20 t.
339 1333 33 16 ex.
395 1327 13 22 å
424 1327 144 22 skrifmaskin
584 1327 109 28 kopierad
710 1327 68 26 skrift,
794 1327 65 22 äfven

103 1367 38 15 om
157 1360 54 22 flere
227 1361 82 28 kopior
323 1362 76 27 tagits,
413 1361 49 22 icke
479 1363 31 20 att
526 1368 54 15 anse
597 1367 50 16 som
664 1361 135 29 tryckskrift;
816 1361 44 22 lika

103 1395 47 22 litet
174 1395 169 28 reproduktion,
366 1401 50 16 som
440 1396 60 21 skett
516 1396 86 21 medels
619 1402 17 15 s.
654 1396 20 21 k.
691 1395 169 29 blåkopiering;

104 1429 19 28 ej
140 1429 70 22 heller
225 1429 107 28 fotografi
348 1430 6 21 i
370 1430 78 28 vanlig
464 1430 101 28 mening.
