1081 1761
226 172 25 21 16
411 173 84 23 Ständ.
511 174 39 23 Sv.
568 187 26 3 —
610 175 73 28 Prop.
702 175 39 22 N:o
758 175 37 22 14.

223 247 46 22 pen
285 242 30 21 att
330 242 38 21 vid
387 242 117 23 desamma
520 243 118 22 tillkomna
655 244 113 28 protokoll
785 244 43 22 och
846 244 135 28 handlingar

223 275 50 22 icke
298 276 62 28 finge
383 277 98 28 utgifvas
507 278 6 21 i
536 278 63 28 tryck
623 279 53 21 utan
698 279 153 27 vederbörligt
874 278 105 22 tillstånd.

221 309 56 23 Med
301 310 107 23 afseende
431 311 12 23 å
463 312 44 22 den
524 312 69 22 andra
609 313 125 28 kategorin,
751 319 51 16 som
819 313 103 22 omfattar
938 313 42 21 alla

223 344 73 28 öfriga
317 345 148 28 ämbetsverk,
490 347 71 21 skulle
582 346 47 23 åter
644 348 59 28 gälla
720 348 43 21 den
780 348 68 28 regel,
863 348 30 21 att
910 347 69 22 hand-

222 378 74 28 lingar
317 379 6 21 i
346 381 106 24 ärenden,
469 387 50 15 som
536 381 37 22 vid
591 381 52 22 dem
660 382 128 28 handlagts,
805 383 96 21 tvärtom
917 382 62 28 finge

222 412 181 30 offentliggöras,
420 415 91 22 såframt
527 416 141 28 handlingen
685 416 19 28 ej
718 416 71 28 enligt
801 416 110 22 särskilda
922 416 56 22 före-

222 448 88 22 skrifter
325 448 71 23 borde
412 449 71 23 hållas
495 450 92 28 hemlig.
612 450 120 29 Sistsagda
747 451 62 28 regel
825 451 71 21 borde
913 451 66 21 likväl

222 488 52 16 vara
301 484 44 20 den
367 484 34 21 för
423 484 118 28 offentliga
565 485 159 28 myndigheter
745 485 151 22 öiverhuivud
920 486 58 27 prin-

222 517 85 28 cipiellt
319 518 86 28 giltiga.
436 514 72 27 Äfven
528 519 21 22 af
565 520 28 21 de
610 520 106 26 ärenden,
732 526 51 16 som
799 520 143 28 handläggas
958 519 21 22 af

222 553 101 25 senaten,
350 554 211 22 statssekretariatet
587 551 43 25 och
655 554 323 28 generalguvernörskansliet,

221 587 68 26 utgör
304 587 94 22 flertalet
414 588 92 26 sådana,
522 588 35 21 för
573 588 87 22 hvilkas
677 589 112 21 sekretess
803 589 99 21 hvarken
914 589 64 20 stats-

222 620 49 22 skäl
294 621 52 22 eller
368 622 69 21 andra
461 622 124 28 afgörande
602 623 89 28 hänsyn
706 623 77 22 kunna
800 623 96 22 anföras.
927 622 50 22 Till-

222 654 66 23 stånd
311 655 32 22 till
366 657 131 27 utgifvande
521 657 6 22 i
551 657 62 28 tryck
633 657 22 22 af
671 658 39 21 här
725 657 102 29 åsyftade
844 657 134 28 handlingar

221 689 72 22 borde
314 690 74 22 därför
404 691 103 22 utverkas
524 691 81 22 endast
621 691 28 22 dä
666 692 64 21 deras
747 691 191 29 hemlighällande
955 694 23 19 är

220 729 86 22 genom
323 725 112 22 allmänna
452 726 52 22 eller
520 726 34 22 för
569 726 110 22 särskilda
694 727 36 21 fall
747 726 105 28 gällande
866 726 110 22 föreskrif-

220 759 34 21 ter
269 759 115 28 päbjudet.

290 793 183 24 Vidkommande
489 795 71 22 sedan
577 795 136 29 handlingar
728 796 6 21 i
751 795 107 27 ärenden,
875 801 49 16 som
938 802 38 15 an-

221 827 92 23 komma
325 828 28 29 pä
362 829 109 22 Finlands
480 829 76 22 Banks
567 830 44 21 och
623 829 108 23 Finlands
743 830 151 21 statskontors
906 830 70 21 hand-

221 861 119 29 läggning,
357 863 25 21 sä
398 864 93 28 stadgas
508 864 6 21 i
531 864 28 21 de
569 864 35 22 för
615 864 68 22 dessa
694 865 148 27 inrättningar
852 864 124 22 fastställda

221 896 156 28 reglementen
393 898 30 21 att
439 898 44 26 allt,
500 898 59 22 hvad
576 904 49 16 som
643 898 69 28 angär
728 898 116 22 enskildes
857 898 119 22 förhällan-

221 930 45 22 den
289 932 31 21 till
344 932 125 26 desamma,
485 932 55 22 skall
557 932 21 22 af
594 933 28 21 de
637 933 38 21 vid
692 933 51 22 dem
761 933 111 21 anställde
885 933 91 28 tjänste-

221 967 52 19 män
286 965 71 23 hällas
369 966 62 22 doldt
443 967 43 21 och
497 967 120 28 förtegadt.
633 967 33 22 En
678 968 157 27 utsträckning
846 967 21 22 af
878 968 98 21 nämnda

221 999 157 28 stadgandens
398 1001 159 28 tillämplighet
578 1001 92 27 därhän,
687 1003 31 20 att
735 1002 29 21 de
780 1008 53 15 vore
850 1001 126 29 hänförliga

219 1034 83 27 jämväl
325 1035 32 21 till
380 1036 134 27 rättigheten
538 1036 30 21 att
588 1036 148 22 öfverhufvud
754 1036 160 28 offentliggöra
930 1036 46 22 akt-

220 1069 95 27 stycken
331 1070 6 21 i
349 1069 25 22 sä
385 1070 132 22 beskaffade
529 1070 106 27 ärenden,
647 1077 54 15 anse
713 1071 37 28 sig
761 1070 125 22 Ständerna
900 1070 76 22 kunna

220 1102 94 28 biträda,
336 1110 52 16 men
408 1105 30 21 att
454 1104 129 23 därutöfver
598 1105 44 22 och
658 1105 35 22 för
708 1105 25 22 sä
749 1105 48 22 vidt
812 1105 38 22 vid
866 1105 109 22 Finlands

220 1137 65 22 Bank
305 1139 53 21 eller
381 1139 162 22 statskontoret
565 1140 117 21 tillkomna
706 1140 135 28 handlingar
860 1140 48 22 icke
924 1140 51 22 falla

220 1173 72 21 under
310 1173 13 21 2
344 1179 68 16 mom.
432 1174 28 22 25
475 1174 14 27 $
506 1174 105 22 särskildt
626 1174 88 28 skydda
730 1174 53 22 dem
799 1175 47 21 mot
862 1174 112 28 offentlig-

220 1207 109 27 görande,
346 1214 68 22 synes
431 1208 19 28 ej
466 1214 53 16 vara
535 1208 120 28 påkalladt.

289 1241 66 23 Hvad
371 1248 55 22 nyss
443 1242 84 22 anförts
543 1249 55 21 eger
614 1243 164 27 motsvarighet
794 1242 64 22 äfven
876 1243 52 21 med
944 1244 30 21 af-

220 1275 86 22 seende
323 1276 12 22 å
351 1276 166 28 handlingarna
533 1277 6 21 i
555 1277 107 27 ärenden,
673 1283 49 16 som
734 1277 122 28 handlagts
868 1277 21 21 af
900 1284 74 15 annan

219 1310 106 28 offentlig
340 1311 141 28 myndighet,
498 1312 6 21 i
520 1311 55 29 följd
593 1312 76 22 hvaraf
685 1312 86 22 sådana
788 1312 61 22 alltid
866 1312 72 21 skulle
954 1312 20 21 få

219 1344 99 28 utgifvas
335 1345 5 21 i
357 1346 68 27 tryck,
442 1345 77 22 såvida
536 1346 27 21 de
580 1346 49 22 icke
646 1346 28 28 på
691 1346 73 28 grund
780 1346 20 22 af
812 1346 92 22 allmänt
914 1346 60 22 stad-

218 1378 77 28 gande
311 1379 72 22 borde
399 1379 70 22 hållas
486 1380 105 28 hemliga.

289 1413 35 22 Då
342 1414 8 21 1
369 1420 68 16 mom.
453 1414 28 22 25
501 1415 14 27 $
531 1414 76 28 gifvits
627 1421 28 15 en
671 1414 119 28 affattning
806 1414 6 22 i
829 1420 30 16 nu
876 1414 98 22 nämnda

218 1447 107 28 riktning,
348 1448 61 22 finna
433 1448 124 22 Ständerna
581 1450 37 27 sig
640 1450 68 21 tillika
728 1449 56 21 böra
800 1449 72 21 erinra
888 1449 85 25 därom,

218 1482 32 21 att
273 1481 28 23 då
325 1483 141 28 handlingar,
483 1483 92 22 hvarom
599 1483 40 22 här
661 1485 22 20 är
698 1483 70 28 fråga,
784 1485 38 19 äro
839 1483 21 22 af
876 1483 44 21 den
936 1483 37 21 be-
