1081 1759
319 164 28 22 T.
364 164 27 22 B.
407 176 27 4 —
451 164 73 28 Prop.
540 164 43 22 N:o
601 165 35 21 14.

380 600 248 28 Lagutskottets
661 598 198 24 betänkande

312 635 53 22 N:o
381 635 14 21 2?
419 635 9 22 i
443 635 134 27 anledning
592 634 27 22 af
638 634 65 22 Hans
723 633 136 29 Kejserliga

311 669 123 28 Majestäts
455 669 89 27 nådiga
564 668 154 28 proposition
734 668 125 27 angående

311 703 213 28 tryckfrihetslag.

175 863 82 22 Denna
280 863 84 29 nådiga
388 864 144 28 proposition
556 864 39 22 har
618 864 21 22 af
661 863 105 29 samtliga
794 862 66 23 stånd

104 898 75 22 blifvit
194 898 127 22 remitterad
337 899 32 21 till
385 899 164 28 Lagutskottet,
560 899 84 21 hvilket
656 898 107 28 därjämte
775 903 85 23 genom

104 933 214 28 protokollsutdrag
341 933 86 22 erhållit
443 934 36 21 del
496 934 20 22 af
540 934 27 22 de
583 934 38 21 vid
637 933 104 22 ärendets
757 932 81 22 remiss
854 932 6 21 i

104 967 99 27 Präste-,
219 967 110 29 Borgare-
353 968 44 21 och
420 968 178 22 Bondestånden
622 968 85 28 afgifna
723 966 137 23 uttalanden.

105 1001 119 23 Utskottet
239 1002 40 22 har
295 1002 96 22 därefter
406 1002 29 28 på
451 1002 99 28 begäran
566 1002 48 22 från
626 1002 125 28 Kejserliga
762 1000 99 23 Senaten

104 1036 43 22 fått
173 1037 101 27 mottaga
299 1036 38 22 vid
361 1037 187 28 propositionens
575 1036 146 22 utarbetande
744 1036 118 21 tillkomna

107 1070 138 29 handlingar
259 1071 69 28 jämte
344 1071 215 28 protokollsutdrag,
575 1070 119 22 utvisande
710 1070 43 22 den
766 1070 96 22 omröst-

106 1105 66 28 ning,
193 1111 50 16 som
265 1105 38 22 vid
320 1105 105 22 ärendets
440 1105 164 28 föredragning
620 1105 6 21 i
642 1106 93 20 senaten
752 1103 110 23 förefallit.

177 1329 50 22 Alla
250 1329 90 22 länders
363 1329 95 22 historia
480 1329 39 22 har
534 1329 122 28 ådagalagt
672 1334 123 16 censurens
810 1334 54 16 van-

108 1364 62 21 makt
187 1363 44 22 och
255 1363 136 28 skadlighet.
421 1363 119 22 Försöken
562 1364 30 21 att
611 1362 104 23 använda
731 1363 134 21 densamma

107 1398 32 22 till
164 1398 196 28 undertryckande
384 1398 21 22 af
428 1397 90 27 åsikter,
542 1404 49 16 som
614 1397 104 22 förefallit
741 1396 124 28 olämpliga

108 1432 54 22 eller
186 1432 127 28 hinderliga
327 1432 36 22 för
378 1438 28 16 en
422 1432 47 22 viss
486 1432 92 28 politiks
594 1432 189 28 förverkligande,
800 1430 65 22 hafva

110 1466 104 22 öfverallt
237 1466 150 28 misslyckats.
423 1466 87 22 Endast
532 1466 105 28 tillfälligt
660 1466 65 22 hafva
755 1465 54 22 dess
833 1465 32 21 in-

177 1512 132 22 Lagutskottets
321 1512 109 18 betänkande
442 1512 38 17 N:o
492 1512 18 18 2.
