1084 1761
335 147 22 23 U.
374 147 22 22 B.
413 159 29 3 —
460 148 59 27 Prop.
536 147 37 23 N:o
588 147 31 22 16.
824 146 28 21 23

174 213 77 21 Såsom
276 213 95 21 ledamot
394 213 7 20 i
422 213 84 27 hofrätt
528 220 64 14 anses
617 213 7 20 i
644 213 73 20 denna
734 213 36 27 lag
787 213 64 26 äfven

102 249 121 27 hofrättens
240 249 157 28 vicepresident,
416 250 41 20 där
472 257 25 13 en
514 250 72 20 sådan
603 249 77 27 finnes.

448 304 50 26 88.

174 335 111 42 Åklagare
302 346 35 20 för
354 346 123 20 utförande
494 346 24 20 af
533 346 52 26 åtal,
603 346 93 20 hvartill
714 346 139 26 landtdagen

102 381 126 26 förordnat,
252 384 62 18 utses
339 382 24 20 af
380 382 245 27 grundlagsutskottet.
659 382 92 20 Honom
770 381 84 27 åligger

102 420 33 18 att
150 418 44 20 hos
210 418 144 21 domstolens
371 417 140 22 ordförande
528 419 57 20 äska
603 418 95 21 kallelse
715 418 12 20 å
739 418 51 25 den,
803 424 49 14 som

102 454 58 20 skall
178 453 99 22 tilltalas.
311 454 31 21 På
364 454 157 21 ordföranden
539 454 132 21 ankommer
687 456 32 19 att
735 454 6 21 i
757 455 98 19 närvaro

103 489 28 28 af
154 490 35 20 två
214 489 120 22 tillkallade
357 490 96 27 ojäfvige
477 491 53 20 män
557 490 180 30 verkställa
691 485 45 39 den
755 490 98 26 lottning,

102 525 94 21 hvarom
214 526 7 20 i
237 526 13 20 7
265 525 15 28 $
296 526 106 27 stadgats,
419 528 60 19 samt
494 528 31 19 att
541 526 100 21 därefter
651 527 53 26 foga
719 526 85 21 anstalt
815 532 38 14 om

102 563 33 19 att
150 562 131 21 domstolen
306 562 186 21 sammanträder
516 562 35 21 för
575 564 32 19 att
627 562 69 21 målet
713 562 6 21 i
736 563 50 26 laga
803 562 51 21 ord-

103 597 55 27 ning
175 598 122 20 behandla.

176 634 62 20 Efter
261 634 37 20 det
323 634 143 27 ransakning
483 634 7 20 i
507 634 71 20 målet
594 634 110 26 slutförts,
722 640 51 20 eger
789 634 64 20 dom-

106 670 80 26 stolen,
212 670 51 20 med
287 670 149 27 tillämpning
460 670 26 20 af
508 670 87 20 allmän
620 670 43 27 lag,
687 670 55 21 dom
759 670 7 20 i
783 670 71 20 saken

104 706 66 26 gifva.
204 706 48 20 Den
277 706 54 20 dom
357 706 38 20 må
412 706 18 27 ej
449 706 153 27 öfverklagas,
620 706 102 27 Kejsaren
740 706 40 20 och
797 706 56 21 Stor-

104 742 82 26 fursten
199 742 98 26 obetaget
307 743 32 19 att
348 744 55 25 göra
416 742 52 26 nåd,
481 742 88 21 hvilken
582 742 69 20 likväl
663 742 46 20 icke
721 743 36 19 må
766 742 89 20 sträcka

103 778 33 27 sig
153 778 32 20 till
200 778 40 20 den
258 778 88 20 dömdes
362 778 174 21 återinsättande
552 778 7 20 i
575 778 84 20 landets
675 779 71 26 tjänst.

450 851 51 26 98.

177 899 52 20 Med
250 899 224 26 styrelseledamöter
495 899 83 21 förstås
600 899 7 20 i
629 899 76 21 denna
722 899 36 27 lag
774 899 82 27 (utesl.)

105 934 211 26 viceordföranden,
342 935 155 20 ledamöterne
520 936 44 20 och
586 935 148 27 prokuratorn
752 935 7 21 i
775 936 80 26 Kejser-

105 970 44 28 liga
174 971 91 20 Senaten
290 971 114 27 äfvensom
426 971 297 21 ministerstatssekreteraren
741 972 40 20 och
799 972 57 20 hans

105 1006 89 28 adjoint.

450 1043 26 21 10
493 1042 20 29 8.

177 1091 25 27 Ej
221 1091 37 21 mä
275 1091 242 27 lagskipningsätgärd
534 1092 67 26 göras
618 1092 33 20 till
664 1092 95 20 föremäl
770 1092 35 20 för
817 1098 39 14 an-

106 1127 124 27 märkning
247 1127 54 20 eller
318 1127 108 27 pröfning
443 1127 6 20 i
467 1127 141 27 landtdagen
625 1128 54 20 eller
698 1127 51 21 dess
762 1128 94 20 utskott.

448 1206 25 19 11
492 1204 21 29 8.

177 1253 165 21 Ledamöterne
366 1253 25 20 af
412 1253 93 21 landets
529 1254 95 27 styrelse
648 1253 114 26 förblifva,
779 1253 77 21 säsom

106 1289 68 26 förut,
192 1289 108 27 Kejsaren
317 1289 45 20 och
379 1289 143 21 Storfursten
539 1289 35 21 för
591 1290 50 20 sina
663 1289 195 27 ämbetsätgärder

107 1325 127 26 ansvarige.

179 1361 95 21 Pröfvar
285 1361 107 27 Kejsaren
406 1362 44 20 och
462 1361 142 21 Storfursten
617 1361 79 27 nödigt
707 1363 32 19 att
748 1361 109 21 förordna

107 1397 34 20 till
166 1396 44 22 ätal
236 1399 47 19 mot
302 1398 201 26 styrelseledamot
519 1398 36 20 för
571 1398 83 20 sädant
670 1398 125 26 lagstridigt
812 1398 44 20 tör-

109 1433 116 26 hällande,
250 1440 49 14 som
324 1433 7 20 i
351 1434 13 19 6
380 1432 14 28 &
411 1435 25 19 är
453 1434 73 26 sagdt,
544 1434 68 20 döme
629 1434 67 20 äfven
713 1434 82 20 härom
812 1434 44 20 den

108 1469 108 26 domstol,
241 1469 96 20 hvarom
363 1469 75 20 finnes
461 1469 107 27 stadgadt
587 1469 7 20 i
611 1470 11 19 7
640 1469 20 26 8.
693 1469 8 20 I
719 1469 82 20 sådant
817 1469 39 20 fall
