1084 1770
225 155 30 21 60

228 226 43 23 det
288 226 67 27 land,
372 227 48 22 där
437 227 150 29 föreningen
605 227 48 22 har
671 227 43 22 sitt
727 227 61 22 säte.
825 226 99 29 Lyckas
937 227 48 22 för-

228 261 110 29 eningen
358 261 95 22 erhålla
470 261 94 23 sådant
580 261 121 26 tillstånd,
714 261 29 22 är
761 261 48 22 den
829 260 102 30 skyldig
950 261 36 22 att

228 295 37 22 till
285 295 193 24 vederbörande
496 295 215 30 polismyndighet
729 296 83 22 lämna
831 295 102 30 uppgift
945 301 40 17 om

228 330 57 22 sina
304 330 162 23 medlemmar
484 331 46 22 och
550 331 88 22 dessas
657 330 150 29 boningsort
820 330 164 26 samt
893 326 13 37 ä
920 330 64 26 dem,

229 370 55 16 som
312 371 48 23 ega
387 365 129 22 företräda
542 365 159 29 föreningen.
738 365 121 22 Politiska
878 364 107 23 förenin-

228 405 48 23 gar
294 399 25 22 fä
339 400 22 29 ej
382 399 83 23 säsom
492 399 163 23 medlemmar
682 401 93 28 antaga
803 399 109 22 kvinnor
938 399 47 22 och

228 433 180 29 minderäriga,
428 435 22 28 ej
470 433 79 23 heller
575 433 70 23 bilda
671 433 91 23 filialer
789 433 61 23 eller
874 433 110 23 förbund

228 467 62 23 eller
309 468 61 29 eljes
389 468 73 22 träda
480 468 8 22 i
506 468 155 22 förbindelse
681 468 56 22 med
755 467 154 23 hvarandra.

299 502 97 30 Hvarje
423 503 117 29 förening
558 502 51 23 kan
627 502 129 29 upplösas,
776 509 39 15 om
837 502 48 23 den
908 502 77 22 fattar

228 536 92 27 beslut,
340 544 54 15 som
414 537 53 23 står
485 538 7 21 i
512 538 61 22 strid
593 537 57 23 med
669 537 156 29 strafflagen,
839 544 40 16 om
891 537 49 22 den
950 536 35 23 öf-

228 572 149 22 verskrider
396 572 42 22 sitt
456 572 282 22 verksamhetsomräde
763 571 59 23 eller
844 571 141 23 »öfverhuf-

229 606 54 22 vud
302 606 53 22 icke
375 612 53 16 mer
446 608 142 21 motsvarar
606 606 188 29 betingelserna
813 606 39 22 för
862 606 39 22 sin
912 607 73 21 rätts-

228 640 54 29 liga
301 641 121 22 tillvaro».

300 675 55 22 Den
374 676 8 22 i
401 675 112 24 Schweiz
540 676 118 29 gällande
687 676 132 29 offentliga
845 675 140 29 förenings-

228 710 85 22 rätten
332 710 168 23 tillförsäkrar
519 711 48 22 alla
586 711 173 29 statsborgare
781 710 46 23 full
845 710 139 28 förenings-

228 744 86 23 frihet.
351 745 89 22 Ehuru
469 745 159 22 kantonerna
656 752 48 23 ega
731 746 51 21 rätt
809 746 36 21 att
863 745 64 22 hvar
945 744 40 22 för

228 779 41 28 sig
288 779 102 22 utfärda
414 779 157 23 föreskrifter
594 779 35 22 till
648 779 205 24 förekommande
873 779 26 22 af
915 779 70 22 miss-

229 812 68 23 bruk
317 814 25 21 af
360 814 84 22 denna
471 814 82 26 frihet,
573 813 78 23 hafva
673 814 64 23 dock
756 814 31 22 de
807 813 73 23 flesta
899 813 85 22 kanto-

228 853 47 16 ner
294 848 137 23 underlätit
450 850 36 21 att
504 848 118 29 begagna
641 849 39 28 sig
699 849 26 22 af
743 849 83 22 denna
840 849 57 21 rätt.
925 847 59 22 För-

228 882 158 29 eningarnas
404 883 201 29 privaträttsliga
623 883 177 22 förhällanden
814 883 45 21 äro
870 882 113 22 ordnade

228 916 38 22 uti
298 916 199 30 förbundslagen
528 917 133 29 angående
692 917 236 29 obligationsrätten
959 915 26 23 af

231 950 77 27 1881,
336 951 78 29 enligt
442 951 103 23 hvilken
572 952 89 28 hvarje
682 952 119 28 förening
819 951 57 22 med
895 950 88 23 ideella

229 985 120 22 ändamål
377 986 50 22 kan
446 992 90 23 genom
561 986 153 29 inskrifning
733 986 8 22 i
760 985 225 29 handelsregistret

229 1019 80 23 vinna
327 1020 197 28 rättskapacitet.
560 1020 41 22 Uti
619 1020 63 22 flera
709 1020 126 22 kantoner
853 1019 131 23 förvärfva

228 1053 149 30 föreningar
390 1055 57 22 med
460 1055 89 22 ideella
563 1055 117 22 ändamål
693 1054 192 29 rättskapacitet
894 1060 90 23 genom

229 1090 37 20 att
285 1088 7 22 i
311 1089 55 22 sina
386 1090 104 28 stadgar
508 1089 138 22 bestämma
665 1090 77 22 detta.
776 1089 135 29 Förening,
931 1094 53 16 som

226 1122 124 30 fullföljer
374 1124 126 28 otillätligt
524 1124 60 22 eller
603 1124 107 29 osedligt
729 1123 118 23 ändamål
866 1123 59 22 eller
944 1129 41 16 an-

228 1157 100 22 vänder
346 1158 114 22 otillätna
478 1158 81 22 medel
577 1158 38 22 för
633 1158 164 28 uppnäendet
817 1158 25 22 af
860 1157 55 22 sina
936 1157 49 29 syf-

229 1192 52 26 ten,
302 1191 50 23 kan
372 1192 26 22 af
416 1192 107 22 domstol
540 1192 129 29 upplösas,
690 1192 109 22 hvarvid
819 1192 114 26 domstol,
948 1191 38 22 sä-

229 1226 57 22 vidt
312 1226 138 30 stadgarna
470 1227 21 29 ej
512 1226 159 23 annorlunda
689 1227 150 25 bestämma,
859 1232 59 23 eger
936 1226 50 22 för-

228 1260 83 22 ordna
331 1262 36 21 att
384 1261 164 29 föreningens
569 1261 137 29 tillgångar
725 1261 72 22 skola
817 1260 169 23 öfverlämnas

227 1294 40 22 till
285 1294 85 30 nägon
390 1296 115 28 offentlig
524 1295 99 23 anstalt.

299 1329 96 22 Italien
425 1336 61 23 eger
512 1329 116 22 hvarken
655 1329 244 30 offentligträttsliga
927 1328 60 22 eller

229 1363 203 30 privaträttsliga
450 1364 189 29 bestämningar
651 1364 110 22 rörande
770 1363 147 29 föreningar
929 1362 58 23 med

226 1397 93 23 ideella
338 1398 91 28 syften.

300 1432 41 22 Uti
361 1433 113 29 Spanien
494 1432 95 23 erhälla
607 1433 155 29 föreningar,
774 1439 52 16 som
845 1432 55 22 icke
909 1431 78 23 hafva

228 1466 37 22 till
284 1466 162 24 uteslutande
466 1467 117 23 ändamål
602 1469 35 21 att
655 1467 126 23 förskaffa
801 1467 54 22 sina
872 1466 117 22 medlem-
