1081 1759
162 290 30 23 33
206 290 23 27 8.

162 601 58 28 38
207 597 16 38 &

162 739 30 22 422

162 941 30 21 49
206 940 24 29 8.

162 1221 27 23 50
206 1222 24 28 8.

236 146 13 21 8
456 147 30 22 U.
504 148 26 21 B.
546 160 27 2 —
588 147 74 28 Prop.
681 148 39 22 N:o
736 147 34 22 14.

237 215 83 22 erhålla
336 215 44 22 den
396 216 93 28 lydelse,
512 222 50 16 som
578 216 128 28 föreslagits
723 216 6 22 i
746 216 44 22 den
807 215 83 29 nådiga
907 222 82 22 propo-

237 250 105 22 sitionen.

306 284 58 22 Enär
384 284 139 22 beträffande
541 285 27 21 26
584 286 14 26 $
614 286 32 21 tre
665 284 84 23 Stånds
772 284 75 22 beslut
862 284 127 29 föreligger,

236 318 98 22 förfaller
349 319 43 22 den
410 319 21 22 af
446 319 191 28 Borgareståndet
652 319 109 28 vidtagna
777 319 167 28 förändringen.

306 353 109 28 Samtliga
432 353 70 22 Stånd
519 354 65 22 hafva
595 354 103 28 godkänt
708 354 128 22 Utskottets
848 353 143 22 betänkande

236 387 139 22 beträffande
399 388 74 22 denna
497 389 109 28 paragraf,
630 389 78 22 därvid
731 388 183 28 Borgareståndet
930 388 60 22 dock

236 422 92 22 beslutit
352 423 96 28 ändring
464 423 5 22 i
486 423 44 22 den
553 423 74 22 finska
650 423 114 28 lagtexten
787 423 21 21 af
830 423 70 22 orden
925 423 66 25 ,mitä

237 457 39 28 nyt
301 463 30 16 on
356 458 104 21 sanottu*
479 457 5 22 i
500 458 108 21 nästsista
633 458 123 27 meningen
782 457 30 22 uti
836 457 13 22 3
870 463 68 16 mom.
958 457 32 22 till

239 491 67 25 mitä
328 492 62 21 tässä
414 498 29 15 on
460 493 112 21 sanottu*.

307 525 54 22 Som
378 527 32 21 tre
426 525 70 23 Stånd
520 526 102 29 godkänt
645 527 133 28 paragrafen
797 526 65 22 torde
883 526 109 28 Borgare-

236 559 102 23 ståndets
364 561 75 22 beslut
458 561 19 28 ej
497 561 55 22 böra
575 561 117 22 föranleda
710 561 86 28 åtgärd.

306 595 102 22 Emedan
432 595 74 22 denna
530 596 103 28 paragraf
655 596 116 28 godkänts
793 595 21 22 af
837 595 156 28 Ridderskapet

236 629 40 21 och
292 629 76 28 Adeln,
378 630 85 21 Preste-
480 631 39 20 och
534 630 175 28 Bondestånden,
724 631 73 21 finner
813 629 115 23 Utskottet
938 629 54 22 Bor-

234 663 152 28 gareståndets
404 664 75 22 beslut
494 665 30 21 att
540 671 26 15 ur
580 665 147 28 lagförslaget
743 664 97 22 utesluta
857 664 132 22 densamma

237 697 56 23 böra
308 698 94 23 förfalla.

306 733 157 28 Ridderskapet
487 734 39 21 och
550 734 78 26 Adeln,
652 733 86 22 Preste-
762 733 39 22 och
824 733 168 21 Bondestånden

223 753 80 47 "hafva
319 767 102 28 godkänt
437 768 133 28 paragrafen
586 768 144 22 oförändrad.

306 801 184 28 Borgareståndet
500 803 40 21 har
550 803 65 21 äfven
627 803 86 28 antagit
722 802 140 29 paragrafen,
872 801 58 23 dock
939 802 52 21 med

236 836 144 22 uteslutande
397 837 21 21 af
433 837 77 22 siffran
528 837 25 22 12
568 837 13 22 å
594 837 70 22 andra
680 837 77 22 raden.

307 871 114 22 Utskottet
437 877 66 16 anser
518 873 30 20 att
564 871 204 29 Borgareståndets
787 871 150 22 omförmälda
953 871 38 21 be-

237 905 45 22 slut
298 905 48 22 icke
363 906 41 21 bör
419 906 116 22 föranleda
551 906 85 28 åtgärd.

306 939 135 29 Paragrafen
458 941 39 21 har
512 941 21 21 af
549 941 105 28 samtlige
670 940 70 22 Stånd
760 939 122 28 godkänts,
893 939 98 22 förutom

238 975 31 20 att
294 974 182 28 Borgareständet
501 975 91 22 beslutit
618 975 160 22 återremittera
804 974 132 28 paragrafen
961 974 32 21 till

237 1008 116 23 Utskottet
375 1009 34 22 för
430 1010 30 21 att
483 1009 81 22 ändras
588 1009 91 26 därhän,
696 1010 31 21 att
742 1008 83 22 förbud
847 1008 80 22 endast
942 1009 48 21 mot

237 1043 135 28 skädespels
394 1043 147 22 fortsättande
564 1044 76 21 kunde
663 1044 22 21 af
707 1043 196 28 polismyndighet
928 1042 62 22 med-

238 1077 70 22 delas.

306 1111 35 22 Dä
357 1113 133 28 paragrafen
506 1113 21 21 af
542 1114 31 20 tre
590 1112 69 23 Ständ
683 1112 123 28 godkänts,
826 1112 39 22 har
880 1112 115 22 Utskottet

237 1147 74 21 ansett
334 1147 44 21 den
402 1147 21 22 af
445 1147 191 28 Borgareständet
654 1147 105 22 beslutna
776 1147 216 28 omformuleringen

237 1180 50 22 icke
303 1181 55 22 böra
375 1181 169 28 ifrägakomma.

310 1215 156 28 Ridderskapet
490 1216 38 21 och
553 1216 77 25 Adeln,
652 1216 86 21 Preste-
763 1216 39 21 och
823 1216 168 21 Bondeständen

238 1249 66 22 hafva
320 1250 102 28 godkänt
438 1250 127 22 Utskottets
581 1250 151 22 betänkande.

306 1284 183 28 Borgareständet
504 1285 40 21 har
558 1284 168 23 äterremitterat
750 1284 75 23 denna
841 1285 103 28 paragraf
959 1285 31 22 till

237 1317 116 24 Utskottet
375 1319 35 22 för
432 1319 116 22 införande
567 1319 22 22 af
604 1319 128 28 stadgande
749 1319 86 26 därom,
852 1320 30 21 att
898 1319 92 22 härads-

237 1353 95 22 rätterne
353 1353 29 28 pä
402 1346 73 29 Äland
491 1359 53 16 vore
560 1353 111 28 behöriga
687 1355 31 20 att
735 1355 102 26 upptaga
853 1353 43 22 och
912 1354 80 28 afgöra

236 1387 204 28 tryckfrihetsbrott
455 1388 31 21 till
502 1388 53 22 dess
572 1388 160 22 rädstufvurätt
753 1388 1 21 i
769 1387 155 23 Mariehamns
941 1388 50 21 stad

237 1421 73 23 blifvit
325 1422 103 22 inrättad.

308 1502 130 23 Lagutskottets
451 1503 109 18 betänkande
572 1504 37 17 N:o
621 1504 18 16 2.
