1078 1756
311 152 29 22 U.
356 152 27 22 B.
400 164 26 3 —
441 152 75 28 Prop.
532 151 43 23 N:o
592 151 35 22 14.
815 150 28 22 57

91 221 84 22 enhvar
197 220 77 23 tillåtet
297 222 31 20 att
351 221 52 21 utan
420 220 104 22 särskildt
539 220 100 22 tillstånd
657 220 7 22 i
680 220 62 28 tryck
758 219 86 29 utgifva

91 254 94 29 (utesl.).

437 306 27 22 27
479 307 21 27 8.

161 358 72 28 Betyg
256 359 43 21 och
321 358 146 23 orloissedlar
489 358 36 22 mä
541 358 20 28 ej
578 358 6 22 i
600 358 62 28 tryck
678 356 97 29 utgifvas
791 358 52 20 utan

92 393 116 27 samtycke
223 393 21 21 af
260 393 43 22 den
320 399 91 23 person,
428 399 49 16 som
497 393 28 22 de
536 392 67 28 angä,
615 393 19 27 ej
657 392 69 22 heller
742 391 102 22 enskilda

92 427 53 26 bref,
169 433 50 16 som
243 428 19 27 ej
286 428 55 21 höra
363 428 32 21 till
420 426 183 29 rättegängsmäl,
620 428 54 20 utan
700 426 143 21 författarens

93 461 52 22 eller
161 461 56 22 hans
233 461 212 23 rättsinnehaivares
460 461 107 27 tillstånd,
579 461 74 22 förrän
670 460 64 29 tjugu
750 459 23 23 är
790 459 55 22 efter

92 495 140 23 författarens
248 496 53 22 död.
621 516 8 6 -

161 530 27 22 Af
206 531 165 28 prästerskapet
387 531 53 22 eller
455 537 74 16 annan
545 530 98 28 behörig
658 529 137 29 myndighet
810 529 33 21 ut-

92 565 99 26 färdade,
208 565 139 28 själavärden
364 566 53 21 eller
431 565 150 28 kyrkotukten
595 564 95 22 rörande
703 563 141 28 handlingar,

93 599 25 22 sä
134 599 44 22 ock
192 599 37 22 vid
245 599 102 29 fängelse
364 599 53 22 eller
432 600 95 27 sjukhus
543 599 64 22 förda
623 599 162 27 anteckningar
801 597 44 22 och

93 633 86 22 läkares
195 634 70 28 intyg,
282 634 36 21 mä
334 634 56 27 icke,
406 633 73 22 sävidt
495 634 28 21 de
539 633 60 28 angä
615 633 103 22 enskilda
730 638 115 23 personer,

93 668 171 29 offentliggöras
288 670 52 21 utan
364 669 31 22 att
418 669 51 26 den,
493 668 90 22 hvilken
605 667 140 28 handlingen
768 667 77 28 gäller,

94 702 81 22 sädant
190 703 130 28 medgifver,
336 703 53 22 eller
404 703 82 22 allmän
502 703 38 28 lag
556 703 53 22 eller
625 702 133 28 författning
774 701 72 22 därtill

93 737 132 22 föranleder.

439 788 28 22 28
482 789 21 27 $.

162 846 43 21 Vid
221 846 141 28 utgifvandet
377 846 6 21 i
399 847 62 27 tryck
477 846 21 21 af
513 845 73 22 nedan
599 846 98 21 nämnda
712 845 135 28 handlingar

95 880 55 22 skall
167 881 110 28 iakttagas
292 881 107 28 följande.

165 921 20 28 1)
216 921 310 28 Rättegängsförhandlingar
541 921 6 21 i
564 920 85 22 sädana
665 920 51 27 mäl,
725 919 45 23 där
783 920 63 21 dom-

93 954 77 22 stolen
189 955 33 27 pä
241 955 77 28 grund
340 955 30 23 af
386 955 136 21 densamma
545 954 175 22 tillkommande
732 953 117 29 pröfning

95 988 102 23 beslutat
217 990 37 21 att
272 989 149 29 offentlighet
434 989 42 22 vid
491 989 82 22 målets
589 988 184 29 handläggning
786 988 62 22 skall

95 1023 48 22 helt
164 1024 42 21 och
228 1024 73 22 hället
323 1024 57 22 eller
393 1024 76 22 delvis
483 1030 60 16 vara
559 1023 125 27 utesluten,
700 1024 38 21 mä
753 1024 23 28 ej
791 1024 57 21 utan

95 1058 142 22 domstolens
257 1058 107 22 tillstånd
379 1058 186 28 offentliggöras.
597 1057 147 29 Utgifvande
758 1057 31 29 af
796 1057 51 28 för-

95 1092 172 28 handlingarna
290 1094 8 20 i
319 1092 53 26 mäl,
388 1098 50 16 som
458 1092 164 28 ovillkorligen
637 1092 67 22 skola
720 1091 128 23 behandlas

96 1127 62 21 inom
173 1126 78 23 slutna
266 1127 88 25 dörrar,
370 1133 58 16 vare
438 1126 131 29 förbjudet.

164 1166 23 29 2)
216 1167 41 22 Till
283 1167 196 29 polismyndighet
495 1167 52 22 eller
563 1166 103 29 äklagare
683 1166 109 22 inkomna
809 1172 38 16 an-

95 1201 107 28 gifvelser
223 1202 43 22 och
291 1202 157 28 anmälningar
471 1208 37 15 om
529 1201 66 27 brott,
611 1201 25 22 sä
652 1201 46 22 ock
713 1201 37 22 vid
766 1201 82 22 under-

96 1236 100 28 sökning
212 1236 6 22 i
234 1236 75 28 dylika
324 1236 99 22 ärenden
438 1236 65 22 förda
519 1236 114 28 protokoll
649 1235 36 23 mä
702 1235 20 29 ej
735 1236 112 28 offentlig-

96 1271 69 27 göras
181 1270 68 22 innan
265 1270 69 22 saken
350 1270 105 22 förevarit
469 1270 38 22 vid
524 1270 100 22 domstol
640 1270 53 22 eller
708 1270 112 28 nedlagts.

164 1310 23 28 3)
218 1310 141 29 Handlingar
384 1311 6 21 i
415 1311 88 21 förlikta
529 1310 106 22 brottmål
660 1310 29 27 få,
712 1316 37 16 om
772 1310 75 28 bägge

97 1345 102 27 parterne
215 1345 63 26 lefva,
295 1345 81 22 endast
391 1344 52 22 med
460 1345 65 21 deras
537 1344 139 28 ömsesidiga
686 1344 99 22 tillstånd
795 1344 53 26 och,

97 1378 54 22 efter
167 1378 64 22 deras
246 1378 106 28 frånfälle,
368 1379 56 21 först
438 1379 65 28 tjugu
520 1378 23 22 är
559 1379 94 21 därefter
668 1379 181 28 offentliggöras.

165 1418 23 28 4)
218 1418 98 28 Skrifter,
332 1424 50 16 som
402 1418 159 22 öfverlämnats
578 1419 6 21 i
600 1418 82 22 allmän
698 1418 61 27 värd,
776 1418 35 22 mä
829 1418 20 28 ej

97 1452 172 29 offentliggöras
286 1453 5 21 i
308 1453 54 21 strid
378 1453 53 22 med
446 1453 135 22 föreskrifna
595 1453 87 22 villkor.

165 1498 130 23 Lagutskottets
307 1498 111 18 betänkande
430 1498 37 18 N:o
479 1498 18 18 2.
