1084 1745
224 156 28 21 68

225 226 99 30 gifvare
352 227 128 27 existerat,
508 233 58 16 men
594 227 150 23 åtminstone
769 226 31 23 de
825 226 155 23 sistberörda

224 261 125 23 förbuden
377 261 77 23 hafva
482 268 91 22 genom
598 261 72 29 lagar
698 262 25 22 af
748 261 74 26 1871,
849 261 65 23 1875
934 261 46 22 och

226 296 67 22 1876
313 296 82 22 blifvit
413 296 139 29 upphäfda.
581 296 86 22 Under
685 296 140 28 inflytande
845 296 25 22 af
888 302 31 16 en
940 302 40 22 ge-

225 337 58 15 nom
307 330 105 22 franska
439 330 176 23 revolutionen
639 330 151 23 framkallad
813 330 103 22 fruktan
941 330 39 22 för

226 365 119 28 politiska
372 365 146 29 föreningar
546 365 148 22 utfärdades
721 365 60 22 åren
812 364 74 27 1795,
914 364 65 23 1799

225 399 47 23 och
303 400 64 22 1817
396 400 125 22 särskilda
544 400 80 28 lagar,
651 399 104 23 afsedda
781 400 35 21 att
840 399 139 22 inskränka

226 434 87 28 dylika
332 434 160 29 föreningars
511 434 170 26 verksamhet,
706 440 56 16 men
782 434 80 21 ehuru
881 433 99 22 formelt

225 469 68 22 ännu
312 468 117 29 gällande
448 469 78 22 hafva
545 468 80 29 sagda
643 469 72 28 lagar
734 468 82 29 aldrig
836 468 141 29 tillämpats.

295 503 91 22 Medan
405 503 49 22 den
473 503 132 29 offentliga
624 504 81 21 rätten
725 503 107 22 sålunda
851 503 54 22 icke
928 503 51 28 läg-

224 544 46 22 ger
297 537 80 29 några
401 538 91 22 hinder
516 538 7 22 i
548 538 83 29 vägen
655 537 39 23 för
712 537 267 29 föreningsväsendets

223 571 50 23 fria
292 572 154 29 utveckling,
457 572 47 23 har
522 572 192 29 lagstiftningen
733 572 66 22 varit
818 572 160 29 synnerligen

224 607 89 28 njugg,
337 607 32 22 då
389 607 41 22 det
449 607 53 29 gält
520 608 36 21 att
575 607 94 22 tilldela
687 607 181 28 föreningarna
887 606 92 29 privat-

223 641 116 29 rättsliga
368 641 187 30 befogenheter.
595 641 44 22 Sin
666 641 190 28 rättskapacitet
884 641 95 22 erhålla

223 675 183 29 föreningarna
430 675 141 29 principielt
595 682 91 23 genom
712 675 85 30 statlig
821 675 156 26 koncession,

223 710 105 22 hvilken
347 710 129 23 meddelas
494 711 57 22 dem
570 717 91 22 genom
680 711 42 28 lag
745 710 59 22 eller
824 709 155 23 administra-

224 745 35 21 tiv
285 744 150 30 författning
463 745 82 25 (order
569 745 29 21 in
625 745 117 28 council).
781 744 98 22 Endast
904 744 74 22 aktie-

223 778 110 30 bolagen
353 778 75 30 (joint
446 779 67 23 stock
532 778 156 30 companies)
713 780 77 21 vinna
816 778 162 28 rättskapaci-

223 815 36 20 tet
287 813 78 29 enligt
389 814 260 28 normativsystemets
676 813 173 30 grundsatser,
869 813 24 22 d.
915 820 22 14 v.
958 820 18 15 s.

223 849 62 21 utan
317 848 120 22 särskildt
466 848 213 29 bemyndigande,
707 854 39 16 om
772 848 74 22 deras
874 848 105 28 stadgar

223 882 46 22 äro
293 882 145 29 uppgjorda
464 883 77 28 enligt
565 882 67 23 vissa
657 883 31 28 på
714 881 107 23 förhand
848 881 130 23 bestämda

222 922 109 16 normer.

293 951 86 28 Några
399 951 79 22 andra
497 951 56 29 slag
572 951 25 22 af
614 951 147 29 föreningar
774 951 78 22 hafva
864 950 47 23 fått
924 951 54 21 sina

222 985 243 22 rättsförhållanden
495 985 114 23 ordnade
646 986 77 29 enligt
759 985 134 28 principer,
925 991 53 16 som

223 1019 88 22 närma
331 1020 38 29 sig
385 1020 267 29 normativsystemets.
681 1020 81 22 Dessa
775 1019 146 29 föreningar
935 1020 43 21 äro

222 1053 125 29 Friendly
368 1053 118 24 Societies
504 1055 47 22 och
572 1055 95 22 Trades
689 1055 102 22 Unions.

293 1088 86 29 Enligt
398 1095 34 15 nu
450 1089 118 28 gällande
584 1089 124 28 Friendly
722 1088 119 23 Societies
854 1088 46 22 Act
912 1087 26 23 af
951 1088 27 21 är

224 1122 67 23 1896
310 1123 118 22 omfattar
448 1123 82 22 denna
549 1123 42 29 lag
610 1123 152 29 ömsesidiga
777 1122 201 23 understödsför-

221 1157 116 29 eningar,
366 1157 307 30 försäkringsföreningar
700 1159 65 20 samt
792 1157 68 22 vissa
880 1156 54 29 slag
954 1157 25 21 af

221 1191 149 29 föreningar
398 1191 56 23 med
480 1192 89 22 ideella
601 1192 124 22 ändamål.
764 1191 133 22 Dessutom
928 1191 50 22 kan

224 1225 50 22 The
305 1226 123 29 Treasury
456 1226 128 26 förordna,
611 1228 36 21 att
670 1226 75 22 äfven
771 1225 80 22 andra
876 1226 32 21 än
922 1225 56 22 dei

220 1259 77 30 lagen
322 1260 167 29 uppräknade
512 1261 181 29 föreningarna
718 1260 73 23 skola
810 1259 167 23 underkastas

219 1293 61 23 dess
308 1294 164 24 föreskrifter.
508 1295 201 29 Ifrägavarande
736 1295 147 27 föreningar
908 1294 70 22 skola

219 1328 180 29 inregistreras
427 1329 46 23 hos
501 1336 31 15 en
557 1330 7 21 i
589 1329 105 23 London
722 1328 114 29 befintlig
863 1328 115 29 register-

220 1362 150 30 myndighet
397 1362 137 24 bestående
563 1364 25 22 af
615 1370 30 16 en
668 1363 76 23 Chief
768 1362 134 29 Registrar
922 1362 56 22 med

219 1396 64 22 flere
315 1398 153 21 assistenter.
515 1398 50 21 För
599 1398 127 22 vinnande
758 1397 26 22 af
814 1396 164 29 registrering

220 1430 167 23 föreskrifver
405 1431 75 30 lagen
499 1432 125 22 särskilda
644 1432 88 22 vilkor.
771 1431 208 28 Föreningsmed-

219 1464 153 23 lemmarnas
408 1466 68 23 antal
503 1466 47 23 bör
577 1473 62 15 vara
668 1467 75 21 minst
772 1466 40 28 sju
840 1465 46 22 och
914 1465 65 22 stad-
