1086 1767
241 165 14 21 2
431 165 85 23 Ständ.
533 165 40 23 Sv.
588 178 28 4 —
632 166 74 28 Prop.
722 166 40 23 N:o
778 166 35 22 17.

241 237 224 29 lagsstadganden,
484 237 131 29 angående
634 237 78 23 bland
732 239 77 21 annat
827 237 172 30 föreningsfri-

240 272 83 26 heten,
341 272 87 22 hvilka
446 272 43 22 vid
511 272 173 22 innevarande
703 272 122 29 landtdag
845 272 108 30 antagits
973 272 26 23 af

243 305 141 23 Ständerna
399 306 45 22 och
458 306 26 22 af
497 306 81 22 Eders
589 306 141 30 Kejserliga
741 306 117 29 Majestät
868 307 128 22 stadfästs.

241 340 156 23 Härutöfver
415 341 47 22 har
480 341 8 21 i
506 340 79 30 nådig
604 341 164 28 proposition,
786 348 53 15 som
858 342 140 22 innehåller

240 376 95 28 nödiga
355 375 269 29 detaljbestämningar
642 376 109 22 rörande
770 376 226 29 föreningsrättens

240 410 147 28 utöfvande,
397 410 36 22 till
448 409 142 23 Ständerna
603 410 181 22 öfverlämnats
797 410 96 29 förslag
906 410 35 22 till
953 410 43 29 lag

239 450 41 16 om
299 444 154 29 föreningar.

309 478 47 23 Vid
384 479 189 29 granskningen
603 479 25 22 af
655 479 174 29 föreliggande
856 479 140 30 lagförslag

238 513 79 22 hafva
338 513 141 23 Ständerna
491 513 83 23 funnit
593 513 38 30 sig
651 513 85 22 kunna
749 513 7 22 i
770 513 146 22 hufvudsak
935 514 60 29 god-

238 547 86 23 känna
350 548 30 22 de
408 549 134 28 principer,
571 548 78 29 enligt
676 547 87 23 hvilka
788 547 120 30 förslaget
933 555 61 22 upp-

238 582 90 29 gjorts.
366 583 38 22 De
431 583 204 29 begränsningar
660 583 7 21 i
692 583 80 22 rätten
799 584 36 21 att
859 583 67 22 bilda
946 583 48 22 för-

238 617 77 29 ening
334 617 45 22 och
409 619 35 21 att
463 617 59 29 ingå
541 624 52 15 som
615 617 106 22 medlem
740 617 7 22 i
767 617 121 29 förening,
906 617 87 22 hvilka

237 652 104 29 stadgas
360 652 7 21 i
388 652 22 26 1,
430 652 15 23 3
465 652 44 22 och
532 653 15 21 5
568 652 41 29 $$,
629 652 78 22 hafva
726 651 56 22 med
801 653 34 20 ett
853 651 139 30 undantag,

235 686 108 22 hvarom
372 687 84 22 nedan
483 687 112 25 nämnes,
624 688 95 21 ansetts
746 686 55 22 fullt
828 687 162 22 motiverade.

236 720 97 23 Genom
352 727 31 16 en
396 721 130 29 företagen
540 721 205 28 omformulering
758 720 77 23 hafva
850 720 141 23 Ständerna

235 755 65 22 dock
319 755 67 22 velat
402 756 99 21 klarare
521 755 119 29 afgränsa
659 755 31 22 de
709 761 112 23 grupper
840 755 25 22 af
883 755 107 22 förenin-

235 796 53 23 gar,
307 796 52 16 som
378 790 8 21 i
405 790 31 22 de
456 790 41 22 två
517 790 155 22 sistnämnda
691 789 156 30 lagrummen
867 789 72 23 afses.

305 824 54 22 Den
373 825 141 28 väsentliga
528 824 101 27 olikhet,
650 831 53 15 som
722 825 7 21 i
748 824 109 29 rättsligt
871 824 119 23 afseende

233 858 101 23 komme
359 860 35 21 att
416 865 47 23 ega
487 865 55 16 rum
565 859 91 22 mellan
675 859 124 22 inskrifna
817 858 46 23 och
883 859 53 22 icke
955 859 35 22 in-

233 893 99 22 skrifna
357 893 152 30 föreningar,
533 893 46 22 har
604 893 35 22 till
657 893 106 29 påföljd,
783 894 36 21 att
838 894 33 21 ett
891 893 99 28 mycket

233 929 64 20 stort
325 928 68 22 antal
422 928 26 22 af
466 928 31 22 de
516 928 197 28 bestämningar,
733 934 53 15 som
806 927 58 29 ingå
883 927 35 22 uti
937 927 52 30 lag-

232 961 131 30 förslaget,
389 962 54 22 icke
462 963 77 21 hafva
558 962 98 29 rättslig
674 962 130 28 betydelse
823 961 39 22 för
881 961 107 23 förenin-

232 1003 48 22 gar
309 996 25 22 af
361 997 42 22 det
430 1003 89 16 senare
547 997 87 28 slaget.
678 996 145 22 Emellertid
839 996 46 22 har
904 996 83 22 denna

231 1030 98 23 olikhet
347 1031 53 22 icke
420 1031 143 29 tillräckligt
579 1031 104 22 kommit
703 1031 35 22 till
757 1031 100 28 uttryck
870 1030 42 22 vid
926 1037 62 22 upp-

230 1065 154 29 ställningen
404 1065 26 22 af
456 1066 128 28 förslaget,
610 1072 52 15 som
689 1066 27 21 är
738 1065 117 22 affattadt
874 1065 113 26 sålunda,

231 1101 37 20 att
286 1100 68 21 hvad
379 1100 55 22 däri
456 1100 103 29 stadgas
580 1107 40 15 om
643 1100 146 28 föreningar
808 1099 84 22 städse
911 1105 75 22 synes

230 1134 68 29 gälla
317 1134 146 29 föreningar
482 1135 26 21 af
525 1135 137 21 hvartdera
682 1134 87 29 slaget,
790 1134 108 21 förutom
917 1133 68 23 hvad

228 1168 125 23 beträffar
372 1169 30 22 de
420 1169 26 22 få
466 1169 195 28 bestämningar,
683 1169 44 22 där
745 1170 136 20 motsatsen
895 1168 90 22 mellan

229 1203 125 22 inskrifna
382 1203 45 22 och
454 1203 187 22 icke-inskrifna
669 1203 146 28 föreningar
841 1203 27 21 är
896 1202 87 29 tydlig.

230 1237 75 22 Detta
324 1237 158 22 förhållande
502 1238 83 21 kunde
604 1237 132 23 föranleda
765 1237 174 22 missförstånd
960 1237 26 22 af

228 1271 127 22 särskilda
382 1272 158 29 stadganden
565 1272 35 21 uti
618 1271 122 30 förslaget
759 1273 64 20 samt
841 1271 77 22 oreda
938 1271 46 22 och

228 1306 160 28 svårigheter
402 1307 42 21 vid
457 1307 87 28 lagens
558 1306 165 28 tillämpning.
751 1305 142 23 Ständerna
906 1305 78 21 hafva

227 1339 88 23 därför
335 1342 70 20 enats
430 1347 39 15 om
489 1347 31 15 en
545 1340 97 22 ändrad
664 1340 173 28 uppställning
857 1339 26 22 af
899 1340 83 28 lagen.

226 1374 89 29 Enligt
339 1374 83 22 denna
441 1375 172 29 uppställning
633 1374 163 23 sönderfaller
814 1374 75 29 lagen
907 1374 8 21 i
933 1374 50 22 fem

226 1408 103 28 kapitel,
349 1409 185 26 innehållande,
555 1409 42 22 det
621 1409 79 22 första
725 1409 105 28 kapitlet
848 1408 135 28 offentligt-

225 1443 116 29 rättsliga
367 1443 156 23 föreskrifter
547 1444 118 28 gällande
690 1443 71 22 såväl
786 1442 123 23 inskrifna
929 1448 53 16 som

225 1477 55 22 icke
305 1478 124 22 inskrifna
454 1478 153 29 föreningar,
627 1478 42 22 det
694 1478 79 22 andra
792 1477 191 28 bestämningar
