1086 1767
437 160 28 22 U.
482 160 26 22 B.
823 160 26 21 31

93 232 162 28 rättsordning
285 231 120 28 förutsedt,
430 231 36 22 för
490 231 79 29 dylika
593 231 41 22 fall
656 231 111 22 särskildt
792 231 58 22 före-

93 266 99 22 skrifvet
211 265 196 29 tillvägagående,
430 266 20 28 ej
475 266 73 22 häller
569 268 42 23 att,
625 274 37 14 om
683 266 72 21 sådan
777 268 73 26 utväg

93 301 52 21 icke
164 300 67 22 stode
250 300 36 22 till
304 300 66 28 buds,
389 300 198 29 utnämningarna
605 300 72 22 borde
694 300 23 22 af
729 300 122 22 vederbör-

95 334 59 23 ande
178 334 132 28 återkallas,
329 335 71 21 innan
426 334 28 22 de
479 342 81 21 genom
579 334 118 23 desamma
715 335 136 29 uppkomna

94 369 102 23 faktiska
217 368 178 23 förhållandena
416 369 78 22 kunde
512 369 137 29 upphäfvas.
686 369 43 21 Ett
746 368 105 30 yrkande

95 404 56 22 härä
175 404 42 22 har
235 404 122 22 Utskottet
375 404 51 22 icke
445 404 79 21 funnit
542 411 56 14 vara
616 404 53 22 med
688 403 41 22 hos
747 411 37 14 oss
803 404 48 28 gäl-

95 438 68 22 lande
182 440 49 19 rätt
249 438 42 21 och
310 438 193 29 rättsäskädning
522 438 259 22 öfverensstämmande.

164 473 50 21 Här
232 473 37 21 mä
287 472 88 22 fränses
394 473 8 21 i
420 472 62 22 hvad
501 473 52 21 män
572 472 68 23 dessa
658 473 117 28 störingar
794 472 57 21 kun-

95 509 42 20 nat
161 507 138 28 förebyggas
319 507 55 21 eller
393 507 123 29 afhjälpas,
535 515 34 13 om
589 507 92 22 landets
700 507 61 22 förra
781 507 72 21 Senat

96 541 43 22 och
159 541 27 22 de
209 541 61 22 förre
283 541 182 22 innehafvarene
482 541 23 22 af
515 541 255 29 prokuratorsämbetet
780 540 73 23 hand-

96 576 51 21 haft
171 576 50 21 sina
245 576 208 29 maktpäliggande
478 576 105 21 ämbeten
603 577 32 27 sä,
654 583 48 15 som
721 575 66 22 deras
806 579 45 18 äm-

96 610 87 27 betsed,
208 610 61 29 plikt
294 610 43 21 och
360 610 92 22 landets
477 611 37 21 väl
533 610 95 22 fordrat.
670 611 73 21 Dessa
760 610 93 21 Monar-

98 645 55 21 kens
171 644 133 29 rädgifvare
321 644 41 22 vid
380 645 93 22 landets
492 645 116 22 allmänna
622 645 98 28 styrelse
733 645 120 21 äfvensom

96 680 107 28 lagarnes
222 679 83 28 högsta
322 679 98 22 väktare
438 679 117 22 uraktläto
575 679 129 22 emellertid
723 681 34 20 att
772 679 81 22 utöfva

98 714 43 21 den
161 714 114 21 invärkan
294 713 37 22 till
349 713 217 23 vidmakthållande
585 714 23 21 af
628 714 100 28 ordning
743 713 43 22 och
799 716 56 24 rätt,

97 756 49 14 som
165 747 49 22 dem
229 748 83 28 ålegat.

166 782 120 22 Ehuruväl
305 782 40 22 det
362 783 43 21 bör
426 783 121 27 erkännas,
563 785 36 19 att
616 783 42 21 vår
677 785 106 19 statsrätt
801 782 53 21 icke

97 817 103 22 utbildat
221 817 73 28 något
315 817 113 21 särskildt
448 817 132 22 förfarande
599 817 35 22 för
655 817 106 21 rättelses
789 817 65 21 ernå-

99 851 58 22 ende
186 851 33 21 uti
249 851 48 28 fall,
327 851 88 22 sådana
446 859 47 14 som
512 851 73 27 dessa,
604 851 81 22 hvilka
704 851 146 29 lagstiftaren

97 885 184 30 uppenbarligen
309 885 51 22 icke
387 886 110 21 förutsatt
524 887 72 20 såsom
616 886 96 29 möjliga
739 887 25 20 så
783 885 69 28 länge

98 921 84 28 själfva
208 921 168 28 författningen
408 920 105 22 orubbad
541 920 88 28 bestod,
653 923 57 19 utan
737 920 118 22 anordnat

98 955 134 22 rättsmedel
261 955 83 21 endast
372 955 37 21 för
436 957 36 20 att
496 955 89 28 skydda
607 955 116 22 enskildas
743 955 23 21 af
784 957 69 18 rätts-

98 989 86 22 vården
204 989 115 22 beroende
337 989 123 28 intressen,
479 989 67 29 följer
564 989 66 22 däraf
646 989 59 22 dock
718 988 135 30 ingalunda,

99 1027 35 18 att
158 1023 27 22 de
204 1023 117 22 allmänna
339 1023 110 28 grunder,
468 1024 14 21 &
499 1023 80 22 hvilka
597 1024 43 21 vår
658 1023 155 22 konstitution
830 1023 23 21 af

99 1057 64 22 ålder
177 1058 82 27 hvilat,
273 1058 50 21 icke
345 1058 76 21 skulle
434 1058 36 21 för
483 1058 80 29 dylika
575 1058 188 22 rättskonflikter
775 1057 78 22 lämna

99 1092 101 29 ledning.
237 1093 36 28 Ty
297 1092 73 22 under
394 1092 90 22 sådana
507 1093 161 22 förhållanden
688 1097 25 17 är
731 1091 124 23 samhället

98 1127 125 22 hänvisadt
250 1127 36 21 till
311 1127 110 28 utöfning
446 1127 24 21 af
494 1127 45 21 den
563 1127 46 22 alla
633 1127 150 28 medborgare
807 1126 47 21 till-

99 1161 102 22 erkända
229 1161 170 29 befogenheten
428 1164 36 19 att
488 1162 120 21 samvärka
636 1161 36 22 till
698 1161 156 22 vidmakthäl-

99 1196 80 21 landet
194 1196 23 21 af
232 1196 193 21 konstitutionen.
448 1196 83 21 Denna
542 1198 47 19 rätt
605 1200 25 17 är
645 1197 53 20 värt
710 1196 47 21 folk
771 1195 84 22 tillför-

99 1230 84 21 säkrad
210 1230 42 21 och
277 1230 145 21 förbehällen
442 1238 84 21 genom
545 1231 149 27 Ständernas,
718 1231 4 20 i
741 1230 42 21 och
803 1229 51 22 med

99 1265 229 28 Regeringsformens
347 1265 141 28 antagande,
508 1265 63 21 säväl
584 1265 36 22 för
629 1265 35 28 sig
675 1272 46 14 som
733 1265 36 21 för
780 1264 75 29 ,hem-

99 1299 141 21 mavarande
267 1299 154 21 Med-Bröder
450 1299 43 22 och
520 1299 203 27 efterkommande,
743 1299 25 21 sä
786 1298 68 22 födde

99 1340 49 14 som
167 1333 95 21 ofödde*
283 1336 101 26 antagna
404 1332 44 22 och
460 1333 113 22 stadfästa
583 1334 120 21 försäkran
718 1340 35 14 om
769 1332 86 29 grund-

99 1367 115 29 lagsenlig
242 1367 168 29 lydnadsplikt,
439 1367 97 22 hvilken
560 1375 116 21 upprepar
694 1367 161 29 Landslagens

99 1401 50 23 ord:
187 1402 43 28 yVi
257 1402 64 21 skole
349 1402 43 21 ock
420 1402 60 21 efter
506 1402 48 22 Vår
572 1402 140 22 trohets-eds
731 1402 62 28 plikt
813 1401 40 21 och

99 1436 87 21 thenna
204 1436 211 28 Regerings-Form
434 1436 66 22 Hans
519 1436 86 29 Kongl.
624 1436 66 29 Maj:t
709 1438 62 20 rätta
783 1436 72 28 lydno

100 1470 69 28 hälla,
188 1470 47 22 bud
254 1470 72 22 Thess
345 1470 138 28 fullkomna,
487 1466 13 37 i
516 1471 44 21 allo
573 1471 43 28 thy
628 1471 145 27 försvarligit
786 1474 25 17 är
821 1470 35 21 för

100 1504 62 22 Gudi
181 1504 42 22 och
242 1505 116 27 Mannom,
377 1505 94 21 Honom
490 1507 24 19 at
532 1505 71 22 biuda
622 1504 42 22 och
684 1504 41 22 Oss
750 1508 24 18 at
792 1508 63 25 göra,

169 1548 130 22 Lagutskottets
311 1548 111 17 betänkande
436 1548 38 17 N:o
487 1549 13 17 1.
