1086 1770
205 152 28 20 30
436 152 22 22 U.
476 152 21 21 B.
514 164 29 2 —
560 152 61 27 Prop.
639 152 35 22 N:o
690 152 30 22 18.

206 217 59 21 nade
290 217 61 21 finsk
375 217 183 28 medborgarrätt
583 231 26 2 —
634 218 30 21 ha
688 218 99 21 lämnats
808 217 94 20 utanför
918 217 37 21 det

205 253 25 22 af
252 254 132 27 regeringen
409 253 127 28 framlagda
560 253 151 28 lagförslaget.
748 253 52 21 Och
824 253 38 20 det
887 254 24 19 är
935 253 18 27 ej

205 290 98 20 allenast
319 289 63 22 fallet
398 290 53 20 med
468 290 45 20 den
530 290 124 27 allerhögst
671 289 119 22 faststälda
808 289 84 27 nådiga
904 296 50 21 pro-

206 325 139 27 positionen,
370 328 56 19 utan
451 326 43 21 har
517 326 44 21 ock
586 325 99 21 Senaten
710 326 6 20 i
740 325 39 21 sitt
796 325 158 26 underdåniga

205 361 85 26 förslag
307 361 125 21 underlåtit
448 364 32 18 att
497 361 52 21 med
567 363 30 19 ett
618 361 41 21 ord
676 361 81 21 beröra
774 361 126 27 tjänsterna
917 361 37 20 vid

206 397 214 21 statssekretariatet
437 398 44 21 och
498 397 326 28 generalguvernörskansliet.

279 433 87 27 Möjligt
390 435 25 19 är
439 433 119 27 därjämte,
583 435 33 19 att
632 433 100 21 förutom
749 433 29 20 de
795 433 160 27 nyssnämnda

207 468 309 29 tjänstemannagrupperna,
526 470 63 20 ännu
599 470 75 20 finnas
684 470 80 25 andra,
776 476 50 14 som
836 470 119 19 utnämnts

206 505 53 21 med
287 505 109 21 afvikelse
423 505 50 21 från
500 506 119 26 grundlag,
641 512 52 14 men
720 505 80 21 hvilka
827 505 44 20 den
898 504 56 22 före-

206 541 80 27 slagna
302 541 65 27 lagen
384 542 19 26 ej
421 541 74 21 berör.
528 541 102 21 Sålunda
647 542 43 20 har
713 541 71 21 bland
804 542 71 20 annat
891 540 64 21 inom

206 577 116 21 Utskottet
353 578 92 20 uttalats
472 580 31 18 ett
534 577 70 21 bland
636 578 157 20 allmänheten
820 577 44 20 och
891 576 64 21 inom

205 613 245 27 tjänstemannakären
475 614 48 20 ofta
546 614 132 26 upprepadt
701 613 133 27 påstående,
858 614 33 19 att
916 613 39 20 nä-

205 649 53 27 diga
283 649 164 27 förordningen
471 650 26 20 af
518 650 44 20 den
585 650 28 20 26
640 650 56 20 febr.
722 648 63 26 1903,
809 655 51 14 som
886 649 69 20 öfver-

205 685 66 21 förde
295 686 73 20 rätten
392 688 32 18 att
448 687 113 19 utnämna
583 686 142 26 kronofogde
747 685 50 21 från
815 686 94 20 senaten
926 684 29 27 på

205 721 244 27 generalguvernören,
475 728 54 14 vore
553 722 118 20 stridande
696 723 48 19 mot
768 721 119 27 grundlag,
911 721 44 20 och

205 758 33 19 att
255 756 98 21 sålunda
370 757 68 21 äfven
455 757 27 21 de
499 757 29 27 på
544 758 75 26 grund
636 757 24 21 af
675 758 75 20 denna
766 756 135 27 förordning
913 756 41 20 till-

206 794 58 19 satta
281 793 187 27 tjänstemännen
484 800 55 14 vore
559 794 129 20 utnämnda
705 793 51 21 med
777 792 111 21 afvikelse
905 792 50 20 från

205 829 120 26 grundlag.
358 829 44 21 Om
427 829 62 21 detta
513 829 125 27 påstående
662 830 26 20 är
711 829 85 27 riktigt,
817 828 73 21 borde
916 834 39 14 na-

205 864 115 27 turligtvis
344 865 67 21 äfven
436 865 105 26 samtliga
565 865 93 26 olagligt
682 865 94 21 tillsatta
799 864 157 27 kronofogdar

205 900 123 27 förpliktas
352 903 32 18 att
408 900 57 27 afgå,
485 907 54 14 men
556 901 144 26 nyssnämda
716 900 84 27 nådiga
821 900 134 26 förordning

206 935 43 21 hör
266 936 51 21 icke
333 936 35 21 till
384 937 60 26 dem,
462 943 50 14 som
525 936 260 21 novembermanifestet
796 935 119 28 upphäfde
931 947 24 4 —

205 972 45 20 den
268 972 130 27 upphäfdes
415 972 56 21 först
488 978 82 21 genom
588 973 84 26 nådiga
688 972 166 27 förordningen
871 971 24 21 af
911 971 43 21 den

207 1009 9 19 1
232 1007 53 28 juni
304 1008 62 21 1906.
400 1008 102 21 Sålunda
519 1009 93 20 beröras
629 1009 19 26 ej
666 1008 195 26 kronofogdarna,
876 1007 79 21 såvida

205 1043 18 28 ej
249 1044 78 27 någon
351 1044 24 21 af
397 1045 51 20 dem
474 1045 61 20 trädt
559 1045 6 20 i
586 1045 75 20 stället
682 1045 36 20 för
733 1051 27 14 en
779 1043 93 27 olagligt
888 1043 67 20 afsatt

205 1079 148 27 företrädare,
365 1080 25 21 af
402 1080 43 21 den
464 1087 45 20 nya
526 1081 72 26 lagen.
632 1081 7 20 I
657 1080 107 21 afseende
781 1079 13 21 å
810 1079 54 20 dem
882 1079 73 20 blefve

205 1115 18 27 ej
242 1115 137 28 lagligbeten
396 1116 115 21 återstäld.

278 1151 48 21 Mot
350 1152 158 27 lagförslagets
532 1152 175 27 ifrågavarande
730 1151 72 27 tredje
829 1151 126 26 stadgande

205 1187 74 20 måste
303 1188 63 20 ännu
390 1194 29 14 en
443 1188 155 27 anmärkning
622 1183 73 32 göras,
720 1194 50 15 som
788 1186 125 27 ingalunda
931 1188 25 19 är

205 1223 125 27 obetydlig,
355 1223 43 21 den
424 1224 123 27 nämligen,
572 1226 32 18 att
628 1224 68 26 ingen
721 1224 45 20 kan
789 1223 92 26 angifva
903 1223 52 20 dess

204 1258 107 27 bärvidd,
328 1259 54 21 eller
399 1260 52 20 med
468 1259 71 21 andra
556 1260 50 26 ord,
622 1259 68 27 ingen
703 1261 41 23 vet,
757 1259 61 20 hvad
832 1259 37 20 det
881 1260 74 25 egent-

205 1294 60 27 ligen
283 1295 135 20 innehåller.

278 1330 116 21 Utskottet
415 1332 42 20 har
478 1331 88 21 försökt
582 1332 51 20 från
651 1331 59 27 Kejs.
728 1331 107 24 Senaten,
852 1330 103 20 närmast

205 1366 147 27 naturligtvis
376 1366 50 21 från
450 1368 53 20 dess
521 1367 228 27 justitieexpedition,
766 1365 139 22 införskaffa
921 1367 34 18 ut-

205 1401 98 27 redning
325 1402 89 26 därom,
436 1403 80 21 hvilka
532 1403 274 27 tjänstemannagrupper
822 1401 133 27 regeringen

204 1437 88 27 åsyftar
316 1439 52 20 med
394 1439 38 20 sitt
455 1438 128 28 lagförslag.
616 1439 74 26 Något
714 1439 6 20 i
737 1438 86 21 minsta
840 1437 55 27 grad
912 1437 43 20 till-
