1078 1759
211 147 32 37 56
431 153 26 22 U.
475 153 28 22 B.
519 166 28 3 —
562 154 75 28 Prop.
653 154 43 23 N:o
711 155 35 21 14.

216 221 104 28 erlägges
331 221 123 29 betalning,
465 223 161 22 motsvarande
637 224 72 27 lägsta
722 222 160 29 annonsafgift.
905 222 67 22 Dock

215 255 39 21 mä
269 255 73 29 afgift
356 256 22 28 ej
393 256 114 22 beräknas
516 256 44 28 för
565 257 115 28 genmäle,
692 257 37 22 till
739 257 44 22 den
794 256 39 23 del
842 257 129 22 detsamma

216 289 49 22 icke
280 289 140 29 öfverstiger
429 290 85 28 femtio
530 291 75 22 rader.

285 323 44 23 För
351 325 172 22 underlåtenhet
544 327 31 20 att
598 326 52 21 slikt
670 325 138 23 bemötande
827 326 70 21 införa
914 326 54 21 böte

216 358 221 23 hufvudredaktören
457 359 47 22 från
521 360 44 21 och
582 360 52 22 med
650 360 64 28 tjugu
730 360 31 22 till
777 360 44 22 och
837 360 52 22 med
912 360 57 28 fyra-

216 393 87 22 hundra
326 393 69 27 mark,
418 394 43 22 och
486 393 37 23 mä
545 394 88 29 f(utesl)
656 396 70 21 rätten
742 394 38 22 vid
803 394 102 29 lämpligt
925 395 45 21 vite

216 427 92 22 tillhålla
324 427 45 22 den
384 428 136 23 tredskande
535 429 30 22 att
581 429 35 22 sin
633 429 129 28 skyldighet
777 429 103 28 fullgöra.

546 515 14 22 5
575 515 65 23 KAP.

216 570 36 23 Om
274 571 120 27 utgifvande
409 572 26 22 af
447 571 112 29 offentliga
574 573 121 27 handlingar
710 573 40 22 och
766 573 61 22 vissa
841 572 67 22 andra
923 572 47 27 slag

527 607 25 22 af
564 607 96 22 skrifter.

563 653 28 22 25
607 653 20 27 $.

286 691 25 29 Ej
334 692 37 22 må
393 692 76 29 någon
486 694 53 21 utan
555 693 152 28 vederbörligt
722 692 100 23 tillstånd
839 693 6 21 i
857 693 62 28 tryck
935 693 35 21 ut-

216 725 61 28 gifva
294 727 113 26 senatens,
423 728 222 21 statssekretariatets
662 729 57 20 samt
741 727 229 29 generalguvernörs-

216 759 109 23 kansliets
348 761 88 28 (utes/.)
452 761 113 29 protokoll
584 762 43 21 och
644 762 141 28 handlingar,
801 761 79 22 hvilka
896 761 76 28 enligt

213 793 114 28 gällande
345 794 150 29 föreskrifter
515 797 23 27 ej
554 795 30 29 få
607 795 186 29 offentliggöras,
818 796 19 27 ej
854 795 69 22 heller
938 795 32 22 till

217 829 90 26 ärende,
329 835 51 16 som
401 829 12 22 ä
432 830 181 22 statskontorets
628 830 57 22 eller
697 829 114 23 Finlands
827 830 72 22 banks
914 829 59 22 eller

217 869 75 16 annan
307 863 60 22 finsk
378 864 146 29 myndighets
536 865 173 28 handläggning
720 865 138 26 ankommer,
867 864 104 22 hörande

217 897 142 29 handlingar,
384 899 81 21 sävidt
488 899 29 22 de
541 899 71 28 enligt
636 899 100 22 allmänt
759 898 131 29 stadgande
912 899 57 21 böra

217 931 72 23 hällas
312 932 106 29 hemliga,
440 933 74 22 förrän
538 933 78 22 femtio
639 933 23 22 är
683 934 55 21 efter
753 933 148 28 protokollets
918 933 53 22 eller

217 966 153 29 handlingens
387 967 76 22 datum
479 967 98 22 förilutit.

287 1001 89 22 Sädana
399 1002 22 21 af
440 1002 142 22 ämbetsverk
598 1003 43 21 och
658 1003 159 28 myndigheter
833 1002 42 22 hos
891 1002 80 28 Kejsa-

216 1041 39 15 ren
272 1035 43 22 och
332 1035 137 23 Storfursten
485 1037 80 28 gjorda
580 1037 196 28 framställningar,
792 1036 13 22 ä
821 1036 74 22 hvilka
911 1036 60 22 före-

217 1069 117 22 skrifterna
357 1071 6 21 i
384 1071 8 21 1
411 1077 68 16 mom.
496 1071 19 28 ej
532 1073 39 20 äro
586 1071 140 29 tillämpliga,
743 1071 36 22 mä
795 1071 49 22 icke
860 1072 52 21 utan
930 1071 39 21 be-

217 1104 76 28 hörigt
308 1104 100 23 tillstånd
424 1105 6 22 i
446 1105 63 28 tryck
524 1105 98 29 utgifvas
638 1106 68 21 innan
722 1105 93 23 ärendet
830 1105 71 22 blifvit
912 1105 54 22 slut-

217 1138 61 28 ligen
295 1139 104 28 afgjordt.

286 1173 74 22 Hvad
379 1174 9 21 i
404 1173 11 22 1
431 1180 67 16 mom.
513 1174 99 28 stadgas
626 1173 63 23 skall
703 1174 42 22 ock
761 1173 119 28 iakttagas
894 1174 77 27 angä-

217 1207 58 21 ende
291 1207 131 28 utgifvande
439 1209 6 21 i
461 1209 62 28 tryck
539 1209 20 22 af
568 1208 140 29 handlingar,
722 1208 102 22 hörande
835 1208 30 21 till
879 1208 93 27 ärende,

217 1241 72 22 hvars
311 1241 179 30 handläggning
510 1243 133 22 ankommer
658 1243 12 22 ä
686 1243 105 28 offentlig
813 1242 132 29 myndighet
965 1243 6 21 i

216 1275 180 28 Kejsaredömet,
408 1277 39 22 där
457 1277 85 22 sädana
554 1277 134 28 handlingar
702 1277 71 28 enligt
784 1276 113 29 gällande
911 1277 61 22 före-

217 1311 88 21 skrifter
320 1311 56 22 böra
392 1311 71 22 hållas
480 1312 98 28 hemliga
594 1311 93 29 (utesl).

565 1375 28 21 26
609 1375 20 27 $.

287 1420 162 29 Landtdagens
470 1421 112 28 protokoll
605 1421 38 21 vid
663 1420 117 28 offentliga
796 1419 177 29 förhandlingar

217 1453 118 23 äfvensom
360 1455 146 27 redogörelse
529 1455 34 21 för
584 1455 59 21 hvad
666 1454 113 22 därunder
799 1454 105 28 förelupit
918 1460 53 16 vare

286 1499 131 23 Lagutskottets
430 1500 109 18 betänkande
552 1500 37 18 N:o
601 1500 18 18 2.
