1086 1761
217 129 13 20 8
467 130 21 21 U.
507 130 21 21 B.
546 142 27 2 —
591 130 61 27 Prop.
669 130 35 22 N:o
721 130 30 21 16.

216 195 183 26 anmärkningar
421 195 6 20 i
453 195 75 27 regeln
550 196 37 20 väl
604 196 94 20 komme
716 198 31 18 att
759 195 141 21 framställas
918 196 49 20 från

217 231 177 20 minoritetshåll
429 231 64 21 inom
528 231 146 27 landtdagen,
702 232 70 20 hvars
796 231 115 27 majoritet
928 238 38 14 na-

216 267 114 26 turligtvis
347 267 69 20 också
434 268 66 25 utgör
516 267 115 27 majoritet
642 267 64 21 inom
722 267 245 27 grundlagsutskottet.

218 302 7 20 I
251 302 124 26 synnerhet
400 302 5 20 i
430 309 29 14 en
483 303 103 27 politiskt
604 304 102 26 upprörd
723 303 32 20 tid
774 303 46 20 kan
838 303 76 21 denna
932 306 35 18 ut-

217 338 190 27 skottsmajoritet
423 339 129 20 omedvetet
569 346 54 14 vara
640 339 140 27 disponerad
798 339 35 20 för
849 339 46 21 den
906 346 61 20 upp-

217 374 98 26 fattning
332 376 32 18 att
380 374 71 21 saken
468 374 71 21 borde
559 375 129 27 nedläggas.
722 375 43 20 Vid
783 375 83 21 sådant
883 375 85 20 förhål-

217 410 69 21 lande
309 411 78 25 borde,
411 411 34 20 till
470 411 169 27 förebyggande
664 411 24 20 af
710 413 31 19 att
767 411 118 20 måhända
903 411 65 20 äfven

217 445 111 28 befogade
360 448 181 26 anmärkningar
565 447 74 21 blefve
664 450 55 18 utan
744 448 30 19 all
807 447 94 27 påföljd,
929 454 39 14 an-

216 482 78 27 tingen
329 483 148 21 kvalificerad
512 483 115 27 majoritet
659 484 63 20 inom
755 483 112 21 utskottet
902 484 66 20 erfor-

217 518 54 20 dras
295 519 35 20 för
354 519 43 20 den
417 519 87 26 åsigten
529 521 32 19 att
584 519 158 27 lagstridighet
767 519 51 20 icke
843 519 125 27 föreligger,

216 554 56 20 eller
288 555 140 20 åtminstone
444 556 45 20 den
506 556 116 25 anmälan,
640 562 51 14 som
709 555 49 21 från
777 555 123 21 utskottets
917 555 49 21 sida

216 591 66 25 göres
306 590 7 20 i
338 591 145 27 landtdagen,
508 592 79 20 kunna
612 592 119 20 föranleda
759 591 85 21 debatt.
877 591 88 21 Genom

216 626 108 21 debatten
350 627 73 21 skulle
447 628 44 20 den
509 628 204 26 styrelseledamot,
731 634 51 14 som
800 627 71 21 saken
889 627 78 26 gäller,

217 662 87 21 förmås
321 664 32 19 att
369 663 83 27 afgifva
470 663 132 27 förklaring,
619 664 43 20 och
680 670 27 14 en
725 663 104 27 offentlig
847 663 122 26 utredning

217 698 25 20 af
254 698 28 20 de
302 698 168 27 förhållanden,
490 706 50 14 som
560 700 184 26 anmärkningen
763 699 93 27 åsyftar,
869 699 97 20 sålunda

217 734 34 20 fås
278 734 34 20 till
336 735 74 20 stånd.
444 736 43 20 Det
513 735 88 27 sakliga
626 736 117 26 underlag,
769 742 51 14 som
845 742 27 13 en
895 734 71 21 sådan

216 769 79 21 debatt
320 770 73 21 skulle
418 771 127 26 förutsätta,
562 772 106 26 förelåge,
685 778 38 14 om
742 778 55 14 man
815 771 52 20 ville
888 771 78 26 stadga

216 808 33 18 att
263 806 258 27 grundlagsutskottet,
516 802 11 35 i
539 808 73 20 stället
629 808 35 20 för
680 810 32 18 att
728 808 78 20 enkelt
823 807 92 20 anmäla
934 809 30 18 att

216 842 112 20 utskottet
344 842 77 21 funnit
434 843 123 27 olaglighet
568 843 50 21 icke
630 844 115 26 föreligga,
758 843 73 21 borde
843 843 120 20 inkomma

217 878 52 19 med
295 878 127 21 motiverad
446 879 116 25 anmälan,
580 881 30 19 ett
627 880 134 26 stadgande,
779 885 50 14 som
848 879 35 20 för
899 879 67 26 öfrigt

216 913 80 21 kunde
312 914 69 20 hafva
398 914 50 21 skäl
465 915 35 20 för
516 915 33 27 sig
565 915 66 21 äfven
657 922 37 14 om
720 922 55 14 man
794 915 77 20 ställer
889 915 32 26 sig
939 914 27 27 på

216 949 44 20 den
286 949 172 28 ståndpunkten
483 952 33 19 att
540 951 77 20 debatt
634 951 50 20 icke
702 951 72 20 borde
792 950 175 26 ifrågakomma.

288 985 77 21 Andra
378 986 152 21 medlemmar
544 987 25 20 af
578 987 116 20 Utskottet
705 987 70 20 hafva
787 986 44 20 fäst
843 986 126 26 afgörande

216 1020 50 21 vikt
290 1021 38 21 vid
345 1022 152 26 grundsatsen
517 1024 32 18 att
569 1029 54 14 rena
640 1023 135 26 rältsfrågor
792 1022 66 20 skola
876 1022 91 26 afgöras

216 1058 56 18 utan
297 1057 112 21 invärkan
427 1058 25 20 af
470 1058 108 27 politiska
596 1058 151 28 synpunkter,
770 1058 96 20 hvilken
883 1058 84 26 grund-

216 1094 48 18 sats
286 1093 50 21 icke
361 1094 74 20 blefve
451 1094 52 20 fullt
519 1094 152 27 tillgodosedd
688 1101 38 13 om
744 1094 137 26 afgörandet
897 1094 70 20 huru-

215 1128 53 20 vida
281 1129 156 27 lagstridighet
449 1131 37 26 ägt
497 1137 51 13 rum
565 1130 55 20 eller
636 1130 50 20 icke
699 1130 78 20 kunde
787 1131 68 25 göras
865 1130 33 20 till
911 1130 56 20 före-

215 1164 48 20 mål
272 1164 36 21 för
316 1165 79 20 debatt
403 1166 54 19 eller
466 1166 75 20 beslut
549 1166 63 20 inom
623 1166 148 26 landtdagen.
784 1166 43 19 Det
836 1166 43 19 bör
890 1166 79 19 nämli-

214 1205 44 20 gen
274 1201 93 20 märkas
381 1203 32 18 att
427 1201 78 27 frågan
523 1201 49 21 icke
582 1202 69 26 gäller
660 1201 116 21 huruvida
788 1201 111 20 utskottet
908 1202 58 19 skall

214 1235 116 28 tillstyrka
347 1237 54 20 eller
417 1237 50 20 icke
479 1237 114 27 tillstyrka
605 1237 78 26 åtgärd
697 1239 49 19 mot
758 1237 208 26 styrelseledamot,

215 1273 56 19 utan
297 1272 116 21 huruvida
436 1273 174 27 styrelseåtgärd
633 1273 41 21 bör
691 1279 68 14 anses
777 1279 56 14 vara
850 1273 117 26 lagstridig

214 1307 56 20 eller
294 1308 26 26 ej.
353 1308 111 21 Villkoret
484 1309 35 20 för
535 1311 32 18 att
583 1309 75 20 denna
675 1309 63 26 fråga
755 1309 59 20 skall
833 1309 77 26 riktigt
927 1309 37 20 be-

215 1343 83 20 dömas
308 1345 25 19 är
342 1344 144 27 naturligtvis
493 1345 150 27 sakkunskap
650 1345 44 20 och
701 1345 65 20 däraf
777 1344 103 27 betingad
890 1344 76 27 objek-

214 1378 80 22 tivitet.
313 1380 72 20 Dessa
395 1381 141 27 egenskaper
547 1381 72 21 måste
633 1380 134 22 förutsättas
777 1381 44 21 hos
830 1381 135 26 grundlags-

214 1415 119 21 utskottet.
366 1416 79 20 Skulle
462 1416 66 21 äfven
546 1417 6 19 i
570 1417 27 20 de
614 1417 46 24 fall,
677 1417 42 20 där
735 1416 88 21 hälften
841 1416 22 20 af
880 1417 84 26 grund-

214 1450 174 26 lagsutskottets
400 1452 152 20 medlemmar
562 1453 50 20 icke
625 1452 75 21 funnit
712 1452 131 21 framställd
856 1452 109 20 anmärk-
