1081 1756
284 130 85 23 Ständ.
385 130 38 22 Sv.
443 142 24 3 —
486 130 74 28 Prop.
578 130 41 22 N:o
636 130 36 22 14.
844 128 14 23 5

97 199 149 29 medborgare
268 199 51 22 med
344 199 109 22 afseende
473 198 12 23 ä
501 200 71 20 rätten
589 199 30 21 att
636 198 52 22 idka
704 198 152 28 boktryckeri-

97 233 83 22 rörelse
199 233 43 22 och
266 233 276 29 kolportörsverksamhet
565 234 59 21 samt
647 234 30 21 att
692 239 53 16 vara
761 232 96 22 hufvud-

98 267 104 22 redaktör
216 268 37 22 vid
265 268 118 28 periodisk
398 268 128 28 tryckskrift
542 268 98 21 likställd
656 267 51 22 med
724 267 60 22 finsk
795 266 63 22 med-

98 302 96 28 borgare
217 302 43 22 och
285 302 28 22 de
336 302 143 26 föreskrifter,
502 308 50 16 som
575 302 71 28 enligt
661 302 108 28 förslaget
785 302 73 21 skulle

97 336 35 22 för
147 336 67 22 dessa
230 337 143 28 rättigheters
389 337 107 28 utöining
512 337 118 27 iakttagas,
646 342 54 16 vore
716 337 54 21 utan
781 336 78 22 vidare

98 371 132 29 tillämpliga
247 371 12 22 å
276 372 121 21 icke-finsk
413 378 59 15 man.
497 371 86 22 Endast
599 371 6 21 i
622 370 62 29 fråga
701 376 37 17 om
755 370 103 22 bokhan-

98 406 36 21 del
151 406 71 22 skulle
239 406 176 28 näringslagens
431 406 173 28 bestämningar
619 406 66 28 gälla.

166 440 128 22 Emellertid
317 440 73 23 mäste
414 441 38 21 det
475 441 71 28 enligt
562 440 138 22 Ständernas
715 440 68 22 tanke
799 439 58 23 före-

99 475 73 21 finnas
196 475 99 22 särdeles
316 476 74 21 starka
414 475 48 22 skäl
481 475 35 22 för
532 476 36 25 att,
585 475 29 28 pä
631 476 43 20 sätt
693 475 3 21 i
713 475 43 21 den
773 474 85 28 nädiga

99 509 174 29 propositionen
289 509 102 27 föresläs,
409 510 6 21 i
431 509 63 29 fräga
511 516 37 15 om
561 510 98 21 idkande
672 509 21 22 af
704 509 80 28 näring
794 509 65 28 bryta

99 544 52 22 med
175 544 117 28 principen
315 550 38 16 om
376 545 71 21 bättre
467 545 42 21 rätt
523 544 35 22 för
573 544 88 22 landets
678 550 59 22 egna
754 544 104 22 medbor-

100 585 52 22 gare
168 579 7 21 i
192 578 139 23 förhällande
347 579 32 22 till
396 579 59 27 dem,
467 586 52 15 som
535 579 50 22 icke
601 579 86 28 ätnjuta
698 579 160 28 medborgare-

100 614 41 21 rätt
156 614 6 21 i
179 614 81 22 landet.
285 613 34 22 Dä
337 613 126 22 Ständerna
479 615 75 21 ansett
569 614 87 22 sädana
672 614 47 22 skäl
739 614 49 22 icke
801 613 58 22 före-

100 648 68 28 ligga,
192 648 65 22 hafva
281 648 126 22 Ständerna
431 648 81 27 funnit,
536 648 37 22 det
588 648 78 28 frågan
684 654 37 16 om
738 648 122 22 icke-finsk

100 689 65 16 mans
181 684 41 21 rätt
238 684 30 20 att
285 683 69 22 drifva
371 683 82 28 näring
468 683 22 21 af
506 690 29 14 nu
553 683 134 22 omförmäld
702 682 158 23 beskaffenhet

100 718 76 21 rättast
198 718 90 28 aigöres
311 724 85 22 genom
419 723 28 16 en
468 718 149 28 lagstiftning,
641 717 79 29 byggd
742 717 29 29 pä
787 717 73 22 basen

101 752 21 21 af
137 752 105 28 gällande
262 752 132 28 näringslag
410 752 44 22 och
471 752 53 22 med
536 752 127 22 beaktande
675 752 21 22 af
708 752 27 21 de
747 751 111 22 särskilda

100 786 192 28 förutsättningar,
305 792 49 16 som
367 788 38 20 äro
417 786 131 28 uppställda
559 786 34 22 för
603 786 133 22 utöfvandet
747 786 22 22 af
779 786 81 28 ifråga-

101 821 97 21 varande
222 821 111 28 näringar.
365 821 34 21 De
423 821 110 28 lagrum
522 817 16 37 i
556 821 181 28 propositionen,
754 827 49 15 som
821 821 38 21 be-

101 856 49 20 föra
176 855 121 22 icke-finsk
324 862 65 15 mans
417 856 143 28 näringsrätt,
587 856 66 22 hafva
676 855 140 22 fördenskull
839 854 22 22 af

102 889 125 23 Ständerna
250 890 158 22 underkastats
425 890 99 22 revision
542 890 70 28 enligt
627 890 105 28 grunder,
749 896 50 16 som
822 889 39 22 vid

101 924 170 28 behandlingen
295 924 22 22 af
340 925 28 21 de
393 925 112 22 särskilda
529 925 157 28 paragraferna
705 927 100 19 närmare
822 930 38 16 an-

102 958 80 28 giivas.

171 993 33 22 En
215 993 62 29 fråga
289 994 21 22 af
321 994 126 28 principiell
459 994 125 28 betydelse,
596 994 62 21 hvari
670 993 125 22 Ständerna
806 993 55 22 lika-

103 1028 63 22 ledes
182 1028 80 28 intagit
279 1034 28 16 en
322 1028 48 22 frän
387 1029 176 28 propositionen
580 1028 120 22 afvikande
714 1028 147 28 ständpunkt,

103 1062 126 22 behandlas
247 1063 6 21 i
268 1063 29 21 56
312 1064 13 26 $
342 1063 21 22 af
385 1063 111 28 förslaget
520 1063 31 21 till
568 1063 186 28 tryckfrihetslag.
785 1062 77 28 Enligt

103 1096 137 22 Ständernas
257 1097 94 28 mening
367 1097 34 22 stä
415 1097 46 22 dei
473 1097 74 28 sagda
560 1097 104 28 paragraf
674 1097 187 22 förekommande

103 1131 200 28 bestämningarna
320 1132 6 21 i
343 1132 53 21 strid
421 1131 52 22 med
499 1131 43 22 den
560 1131 5 22 i
582 1131 80 28 lagens
680 1131 7 22 1
707 1131 13 28 $
735 1131 127 28 fastslagna

102 1165 160 28 grundsatsen,
287 1167 31 21 att
341 1166 121 29 spridning
485 1166 22 22 af
535 1166 62 22 skrift
622 1166 49 21 icke
696 1165 33 22 fär
752 1165 5 22 i
781 1165 81 28 förväg

104 1200 99 27 hindras,
227 1201 5 21 i
250 1201 37 22 det
311 1201 30 22 att
365 1201 142 28 paragrafen,
531 1201 72 21 under
627 1201 48 21 viss
693 1200 169 28 förutsättning,

104 1235 123 28 möjliggör
250 1236 131 27 preventiva
404 1235 83 22 förbud
512 1236 48 21 mot
583 1235 120 28 spridning
718 1235 21 21 af
755 1234 107 22 utländsk

104 1269 117 28 periodisk
243 1270 134 28 tryckskrift,
399 1271 54 20 utan
478 1271 31 20 att
533 1270 28 21 de
585 1269 93 27 skrifter,
701 1275 50 16 som
775 1269 21 22 af
818 1269 44 21 för-

90 1303 84 22 "budet
190 1304 72 22 skulle
283 1304 106 27 drabbas,
410 1304 102 22 behöfde
534 1304 112 22 innehålla
665 1303 134 28 någonting,
811 1309 51 16 som

104 1338 70 27 enligt
199 1338 74 22 denna
297 1339 37 28 lag
354 1345 55 15 vore
431 1339 119 21 straffbart.
581 1338 66 23 Detta
670 1338 126 28 stadgande
813 1338 49 21 här-

104 1372 62 22 leder
181 1373 36 28 sig
233 1379 25 15 ur
274 1379 87 16 samma
377 1373 195 28 åskådningssätt,
589 1379 50 16 som
655 1372 135 23 framträdde
806 1373 6 21 i
829 1372 33 21 in-

104 1407 243 28 dragningssystemet.
379 1407 79 22 Under
482 1407 112 29 perioder,
619 1407 27 22 då
673 1408 30 21 ett
726 1407 136 22 reaktionärt

104 1442 53 21 eller
173 1442 55 27 eljes
244 1442 169 27 ofördragsamt
429 1442 182 22 betraktelsesätt
637 1442 40 21 har
697 1441 137 22 öfvervikten
855 1441 6 20 i
