1081 1761
254 143 13 21 6
570 144 40 21 N:o
623 144 27 21 14

223 214 41 19 net
286 213 29 28 på
338 212 152 29 förläggaren,
514 213 41 21 där
574 213 70 22 sådan
663 213 78 21 finnes.
771 213 69 28 Hvar,
860 220 48 15 som
930 212 51 22 här-

224 249 61 19 emot
307 247 84 28 bryter,
414 247 54 22 böte
491 247 50 22 från
564 248 43 21 och
629 248 52 21 med
703 247 79 22 femtio
805 247 37 22 till
865 247 43 22 och
929 247 51 21 med

223 281 136 21 femhundra
374 282 69 21 mark.
473 282 68 21 Hvad
556 290 32 13 nu
604 284 62 26 sagts
681 283 61 27 gälle
758 281 58 22 dock
828 281 18 29 ej
859 281 121 29 småtryck,

223 316 73 21 såsom
309 316 239 28 tillkännagifvanden
562 316 43 22 och
616 316 114 28 formulär,
740 324 49 13 som
797 315 96 22 hänföra
901 316 35 28 sig
944 315 37 21 till

224 350 76 22 affärs-
326 350 43 22 och
394 350 263 22 ämbetsverksamheten
684 352 54 20 eller
766 350 38 22 det
826 350 92 28 husliga
939 350 40 21 och

224 384 149 29 sällskapliga
391 384 72 29 lifvet,
484 388 59 18 samt
559 385 122 21 röstsedlar
698 385 35 21 för
753 385 116 21 allmänna
886 384 44 28 val,
946 384 34 21 så-

224 419 54 21 vida
289 420 27 20 de
329 419 51 21 icke
390 419 116 21 innehålla
517 422 69 19 annat
601 423 28 18 än
640 420 35 22 för
687 420 61 21 valet
764 419 84 28 nödiga
857 418 123 29 uppgifter.

572 501 26 21 11
614 502 19 26 8.

292 547 104 21 Utsätter
417 547 151 28 boktryckare
588 550 56 18 utan
658 546 130 22 författares
804 545 104 22 tillstånd
924 545 56 22 hans

222 588 69 14 namn
308 582 13 20 å
336 581 141 28 tryckskrift,
494 581 88 21 straffes
597 581 52 21 med
663 581 65 21 böter
744 580 50 21 från
810 581 42 21 och
863 580 51 21 med
925 580 55 21 fem-

223 616 33 21 tio
272 616 36 20 till
324 616 43 21 och
382 615 52 21 med
448 615 137 22 femhundra
599 616 71 20 mark.

292 650 50 28 Lag
358 657 86 14 samma
459 658 53 14 vare
528 657 37 14 om
580 650 122 28 utgifvare,
718 650 130 28 förläggare
860 649 55 21 eller
924 649 55 21 bok-

222 684 106 29 tryckare
351 684 55 28 eljes
429 687 57 19 utan
500 684 130 22 författares
645 684 105 22 tillstånd
764 684 144 28 uppenbarar
923 684 56 20 hans

222 726 76 20 namn,
322 718 94 22 såframt
432 718 18 29 ej
468 718 100 22 anstäldt
584 719 46 21 åtal
645 718 95 22 rörande
756 717 145 29 tryckskrifts
917 717 63 21 inne-

222 753 49 21 håll
286 753 78 21 därtill
379 753 134 21 föranleder.

291 793 164 28 Boktryckare,
477 800 49 14 som
542 794 12 20 å
569 792 135 29 tryckskrift
718 792 148 30 uppsåtligen
881 794 99 19 utsätter

223 835 70 13 namn
308 828 30 28 på
354 827 124 28 författare,
494 828 116 28 utgifvare
625 828 55 21 eller
694 827 137 28 förläggare,
842 826 90 23 hvilket
941 826 38 22 be-

222 862 94 21 tecknar
339 869 75 14 annan
434 870 82 20 person
531 865 29 18 än
575 862 44 21 den
635 862 101 27 verklige
752 861 140 28 författaren,
908 860 71 28 utgif-

222 903 69 14 varen
311 897 55 20 eller
385 895 152 29 förläggaren,
554 896 88 21 straffes
657 896 51 21 med
723 896 66 21 böter
804 895 51 21 från
871 895 42 22 och
928 895 52 21 med

222 931 124 20 etthundra
367 930 37 21 till
427 931 43 21 och
492 931 52 21 med
566 933 90 19 ettusen
678 931 70 27 mark,
770 930 40 21 där
826 929 18 29 ej
862 932 118 25 strängare

222 972 82 15 ansvar
319 965 35 21 för
369 965 129 28 gärningen
513 965 66 28 följer
594 965 74 28 enligt
683 965 85 21 allmän
783 965 45 28 lag.

291 1000 73 27 Brott,
388 1006 48 15 som
458 1000 41 20 här
514 1000 151 28 omförmälas,
680 1000 38 20 må
732 999 20 28 ej
770 999 71 21 åtalas
857 998 25 22 af
896 999 84 21 allmän

222 1034 114 27 åklagare,
356 1034 40 20 där
415 1034 50 20 icke
484 1034 161 28 målsäganden
666 1034 86 21 anmält
770 1034 86 20 brottet
876 1033 34 21 till
928 1033 52 21 åtal.

571 1104 26 20 12
613 1104 19 26 8.

292 1149 30 21 Så
332 1152 64 18 snart
405 1148 141 29 tryckskrift,
557 1149 70 21 hvarå
638 1149 178 28 boktryckarens
827 1155 68 14 namn
906 1148 73 27 enligt

222 1183 28 21 10
264 1184 12 26 $
292 1183 41 21 bör
343 1191 55 14 vara
406 1185 79 26 utsatt,
494 1182 49 21 från
552 1183 122 28 tryckeriet
682 1183 132 26 utlämnats,
826 1181 88 28 åligger
924 1181 55 21 bok-

220 1218 105 28 tryckare
334 1220 34 19 att
384 1217 96 22 aflämna
496 1220 34 19 ett
546 1217 113 28 exemplar
675 1217 22 20 af
708 1216 97 22 skriften
813 1216 41 21 hos
865 1216 114 21 allmänna

221 1252 130 28 åklagaren,
363 1252 93 21 hvilken
468 1252 29 27 på
507 1251 100 28 begäran
618 1251 58 22 skall
684 1251 106 21 däröfver
800 1250 90 21 utfärda
898 1250 81 21 kvitto.

290 1286 182 22 Underlåtenhet
495 1288 34 19 att
550 1286 82 21 sådant
654 1286 115 28 exemplar
788 1284 87 28 afgifva
890 1284 88 21 straffes

220 1321 53 21 med
295 1321 66 21 böter
384 1320 50 21 från
457 1321 43 20 och
523 1320 51 21 med
589 1320 67 28 tjugu
672 1320 36 21 till
724 1319 42 22 och
783 1319 51 21 med
849 1318 129 21 tvåhundra

220 1355 72 21 mark.

289 1389 69 22 Hvad
372 1389 8 21 i
396 1389 75 21 denna
487 1389 105 28 paragraf
606 1389 91 28 stadgas
709 1389 59 20 skall
777 1388 59 21 dock
847 1387 19 28 ej
879 1390 43 25 äga
932 1387 46 21 till-

220 1424 120 27 lämpning
351 1425 13 20 å
375 1424 166 28 tryckskrifter,
558 1431 48 14 som
621 1424 56 27 utgå
692 1423 51 20 från
758 1424 102 25 senaten,
874 1421 104 21 landtda-

219 1465 47 21 gen
276 1459 54 20 eller
342 1459 50 20 dess
403 1458 96 27 utskott,
510 1458 142 28 kyrkomöte,
662 1456 251 28 ämbetsmyndigheter
924 1455 55 21 eller
