1081 1734
212 141 34 37 44
434 144 30 23 U.
480 144 30 22 B.
523 158 28 2 —
567 144 73 28 Prop.
662 145 45 22 N:o
718 142 35 24 15.

284 212 37 22 En
336 213 51 21 icke
403 213 91 29 oviktig
509 212 59 30 följd
583 213 69 21 däraf
664 216 36 18 att
715 212 206 22 sammankomster
930 218 43 14 un-

216 247 42 22 der
273 248 41 21 bar
328 248 95 21 himmel
438 248 30 28 pä
483 247 161 29 landsbygden
667 248 52 22 icke
738 253 53 15 vore
804 245 169 23 underkastade

216 282 210 28 anmälningsplikt
441 283 38 20 mä
493 282 135 28 ytterligare
644 281 139 22 framhållas.
813 280 51 22 Den
873 280 56 21 eller
937 280 35 24 de,

221 323 49 15 som
297 317 26 21 af
345 323 28 15 en
396 316 56 22 eller
468 324 76 14 annan
561 316 128 29 anledning
704 315 102 23 önskade
820 314 152 28 undandraga

219 350 38 29 sig
272 353 35 19 att
322 350 135 29 offentligen
466 351 56 21 eller
537 350 42 22 hos
594 350 139 30 myndighet
745 349 182 29 tillkännagifva
935 354 40 16 om

217 392 28 14 en
262 384 276 25 friluftssammankomst,
554 385 82 21 afsedd
646 385 37 21 för
693 385 111 21 invånare
813 384 8 21 i
828 383 57 27 stad,
894 382 83 22 kunde

217 419 46 21 lätt
271 418 100 30 kringgå
379 420 80 28 lagens
474 419 120 22 föreskrift
606 426 83 22 genom
702 422 35 19 att
743 418 108 29 förlägga
859 424 113 16 samman-

215 453 107 22 komsten
338 457 76 19 straxt
428 454 94 22 utanför
538 454 93 21 stadens
646 453 95 29 afhysta
756 452 99 22 område.

283 488 86 22 Vidare
385 488 42 22 har
442 488 126 22 utskottets
584 488 120 29 pluralitet
719 487 106 23 uteslutit
842 488 11 20 7
870 488 12 27 $
897 487 8 21 i
920 482 52 33 pro-

217 522 140 29 positionen,
379 522 94 22 hvarest
495 523 93 29 stadgas
611 522 84 22 förbud
712 523 37 21 för
764 529 108 22 personer
887 524 36 18 att
937 521 36 21 in-

216 556 65 22 finna
297 557 35 29 sig
347 558 36 20 till
400 558 86 21 allmän
502 557 181 22 sammankomst
698 556 141 30 beväpnade.
857 551 28 40 En
894 556 13 21 i
919 555 52 22 hela

215 591 46 22 den
278 592 145 22 civiliserade
438 592 96 21 världen
550 592 87 21 erkänd
653 592 124 28 grundsats
793 595 31 23 är,
835 593 34 19 att
876 591 96 21 försam-

218 626 140 29 lingsrätten
381 626 59 22 skall
463 627 93 21 utöfvas
579 627 8 21 i
602 626 95 30 fredligt
713 626 68 29 syfte,
798 625 91 22 hvadan
905 625 43 22 ock
963 624 9 22 i

215 660 188 30 grundlagarnas
421 661 172 29 bestämningar
608 668 36 15 om
660 660 251 29 församlingsfriheten
922 659 50 29 plä-

217 702 44 22 gar
282 695 119 28 förklaras,
418 698 36 19 att
475 696 72 28 sagda
570 696 71 21 frihet
656 696 127 21 innefattar
797 698 48 18 rätt
859 694 36 22 för
910 694 63 22 med-

216 729 127 29 borgarene
369 733 36 18 att
425 730 196 22 sammankomma
636 734 57 18 utan
709 733 35 19 att
759 737 56 14 vara
830 728 140 30 beväpnade.

215 764 36 21 De
270 764 56 27 skäl,
342 771 49 15 som
414 765 115 21 utskottet
554 764 66 22 anför
642 770 49 16 mot
713 763 178 29 ifrågavarande
909 762 63 22 stad-

215 798 77 29 gande
319 800 8 20 i
345 800 181 28 propositionen,
543 806 69 22 synas
628 806 37 15 oss
681 806 78 22 svaga.
787 798 12 21 I
815 797 158 22 betänkandet

212 835 84 26 yttras,
313 836 34 19 att
369 834 73 21 ehuru
459 834 111 21 bärandet
586 833 26 22 af
624 841 76 21 vapen
716 834 19 28 ej
752 833 59 21 varit
822 832 97 22 allmänt
929 832 42 22 hos

214 874 45 20 oss,
285 868 84 22 sådant
391 869 60 21 dock
466 869 61 21 varit
542 869 92 27 tillåtet,
650 867 95 23 hvarför
760 870 35 19 ett
809 867 83 22 förbud
907 869 35 20 att
958 867 14 21 &

215 902 26 21 åt
256 902 86 21 allmän
358 903 182 22 sammankomst
554 903 88 21 infinna
658 903 37 28 sig
709 902 122 29 beväpnad
847 901 74 33 skulle
936 902 32 21 in-

212 936 88 21 nebära
315 944 28 14 en
359 937 171 28 inskränkning
545 937 7 21 i
566 937 44 22 den
626 937 133 28 personliga
770 936 107 22 friheten.
893 936 77 21 Afven

214 971 25 21 vi
262 971 119 29 medgifva
396 975 35 18 att
446 972 102 21 bärande
564 971 26 22 af
609 979 75 21 vapen
699 972 8 21 i
723 971 94 22 teknisk
833 971 94 28 mening
941 983 30 3 —

215 1012 38 15 om
269 1005 55 22 knif
337 1006 55 21 eller
408 1007 77 28 dylikt
499 1007 105 28 redskap,
620 1006 69 21 hvars
704 1006 95 29 uppgift
814 1006 8 21 i
837 1005 43 22 och
891 1005 36 22 för
935 1005 37 28 sig

215 1040 21 29 ej
251 1043 25 18 är
285 1043 34 19 att
328 1041 64 28 tjäna
401 1048 47 15 som
457 1048 81 22 vapen,
546 1045 24 17 är
578 1041 7 21 i
592 1041 64 22 detta
664 1041 41 22 fall
714 1041 51 22 icke
773 1041 67 28 fråga
847 1053 28 3 —
883 1040 89 21 härför-

214 1075 73 21 innan
304 1075 20 28 ej
341 1083 66 14 anses
423 1075 71 22 hafva
508 1075 62 22 varit
584 1075 86 22 allmän
687 1076 40 21 sed
743 1075 8 21 i
766 1075 52 21 vårt
835 1074 62 22 land.
928 1076 43 19 Om

211 1109 76 22 under
309 1112 91 19 senaste
416 1110 60 21 tider
492 1113 33 18 ett
542 1110 56 21 bruk
614 1110 7 21 i
637 1117 78 14 annan
731 1109 107 28 riktning
852 1109 120 22 utvecklat

212 1143 45 28 sig,
279 1143 46 22 kan
347 1144 53 21 med
416 1144 51 21 skäl
482 1144 155 29 ifrägasättas,
654 1144 115 21 huruvida
785 1143 64 22 detta
863 1143 109 29 bidrager

212 1177 37 22 till
284 1178 122 22 beståndet
439 1179 26 21 af
492 1179 86 21 sådana
602 1179 100 28 fredliga
727 1178 169 27 förhållanden,
921 1185 49 14 som

213 1211 59 23 böra
294 1213 56 22 råda
365 1213 8 21 i
389 1216 34 18 ett
438 1213 127 28 lagbundet
580 1213 112 21 samhälle
708 1213 43 22 och
765 1213 78 21 därför
855 1219 55 15 vore
926 1212 45 21 för-

213 1246 64 29 tjänt
299 1247 27 21 af
345 1250 36 19 att
404 1247 87 22 erhålla
514 1247 80 28 lagens
617 1247 115 22 sanktion.
763 1247 70 21 Hvad
856 1247 49 21 åter
922 1246 50 21 vid-

210 1281 106 22 kommer
336 1281 139 29 påståendet
496 1281 8 22 i
527 1281 158 22 betänkandet
705 1284 35 19 att
756 1284 34 19 ett
805 1281 82 22 förbud
902 1281 8 21 i
926 1281 44 22 för-

211 1315 88 29 slagets
315 1316 62 29 syfte
393 1316 75 21 skulle
483 1316 85 29 betaga
583 1316 133 27 deltagare
705 1311 13 38 i
729 1316 118 21 allmänna
857 1322 113 15 samman-

212 1349 104 22 komster
324 1351 152 28 möjligheten
485 1353 35 19 att
529 1350 73 21 under
611 1351 90 28 oroliga
709 1350 61 21 tider
778 1350 90 29 skydda
876 1350 36 28 sig
923 1352 50 19 mot

214 1391 111 22 angrepp,
341 1385 30 22 då
386 1385 38 21 må
440 1385 78 21 därtill
534 1385 93 26 erinras,
644 1385 109 21 hurusom
769 1384 119 21 saknaden
904 1384 26 21 af
942 1391 30 14 en

211 1418 68 29 dylik
294 1419 148 29 bestämning
458 1427 92 14 snarare
563 1423 24 18 är
598 1419 75 29 egnad
685 1422 34 19 att
730 1426 81 21 gynna
821 1419 59 26 dem,
891 1419 81 21 hvilka

211 1453 58 28 vilja
285 1453 88 22 infinna
389 1454 36 29 sig
441 1455 13 20 å
470 1455 206 21 sammankomster
686 1454 36 22 för
734 1457 35 18 att
779 1454 69 21 ställa
858 1453 37 22 till
905 1453 66 22 oord-

280 1493 130 24 Lagutskottets
422 1495 112 18 betänkande
545 1495 37 17 N:o
594 1495 18 17 3.
