1086 1767
229 148 28 20 42
461 147 22 22 U.
501 148 22 20 B.
540 159 28 2 —
585 147 61 27 Prop.
664 147 35 22 N:o
715 147 30 21 18.

230 216 116 24 gentemot
368 213 136 27 fordringar,
529 219 50 14 som
604 213 7 20 i
636 213 150 26 laglighetens
811 218 72 15 namn
908 213 28 26 gå
956 214 26 18 ut

230 249 30 27 på
277 249 116 27 själfsvåld
410 249 53 20 med
480 248 174 27 nödvändighet
670 249 67 20 leder.

302 285 103 20 Särskild
429 284 235 27 lagstiftningsåtgärd
694 285 7 20 i
727 284 253 27 tjänstemannafrågan

230 321 43 20 har
289 321 98 20 fordrats
404 321 72 20 bland
493 323 71 18 annat
580 320 29 27 på
630 320 72 21 sådan
719 320 82 27 grund,
818 321 33 20 att
867 313 50 28 Åbo.
934 319 47 22 hof-

230 358 57 19 rätts
308 357 124 20 afskedade
454 356 153 21 medlemmar
626 356 19 27 ej
664 358 74 19 ansett
755 356 34 27 sig
805 356 82 20 kunna
903 356 78 21 arbeta

230 393 156 20 tillsammans
411 393 53 20 med
488 392 50 21 sina
562 392 31 27 på
616 392 94 27 olagligt
725 393 45 20 sätt
796 391 113 22 utnämda
925 392 56 27 tjän-

231 429 152 20 stekamrater
406 429 44 20 och
475 430 33 19 att
531 435 28 14 en
583 428 37 21 del
640 428 25 21 af
684 428 158 21 allmänheten
862 427 74 22 likaså
952 427 30 28 på

230 465 75 26 grund
322 465 24 20 af
364 465 153 20 samvetsskäl
534 464 132 21 underlåter
682 466 33 19 att
730 464 7 20 i
755 464 51 20 sina
822 464 159 21 rättsärenden

231 500 77 21 vända
336 501 33 26 sig
395 500 34 21 till
454 501 69 26 sagda
548 500 92 21 hofrätt
676 501 54 20 Man
754 499 65 21 torde
844 500 137 27 näppeligen

231 536 70 21 hafva
317 536 66 21 tänkt
400 536 62 26 efter,
478 536 34 21 till
533 536 80 21 hvilka
630 536 174 21 konsekvenser
820 536 62 20 detta
899 535 82 21 åskåd-

231 572 114 27 ningssätt
356 573 61 20 leder
428 573 31 26 på
470 573 72 20 andra
554 572 118 21 områden.
697 572 113 27 Exempla
825 573 54 19 sunt
894 571 88 26 odiosa,

232 609 121 26 exemplen
373 609 40 20 äro
436 608 87 27 egnade
540 610 32 19 att
589 609 51 20 såra
657 608 44 21 och
718 608 124 20 framkalla
858 608 42 20 lätt
916 607 66 21 miss-

231 645 95 25 tanken,
335 646 33 18 att
379 644 52 21 med
443 645 54 19 dem
508 644 89 27 afsåges
609 644 116 27 personlig
736 643 180 27 förolämpning,
929 650 53 13 men

232 680 77 20 såsom
319 680 126 26 belysande
454 680 36 20 för
499 680 70 20 saken
579 680 57 20 böra
646 680 28 20 de
683 680 42 20 här
734 680 147 20 omnämnas.
895 679 86 27 Nådiga

232 716 165 27 förordningen
414 716 25 20 af
453 716 44 20 den
509 716 28 20 20
551 715 56 21 febr.
621 716 56 20 1865
690 715 119 21 bestämde
821 715 78 20 såsom
910 714 73 21 kändt

232 754 33 18 att
282 752 34 20 för
333 752 138 26 utnämning
487 752 34 20 till
537 752 129 26 professors
686 752 54 20 eller
751 751 157 26 docenttjänst
918 750 64 21 inom

229 787 116 27 juridiska
364 788 44 20 och
424 788 126 26 teologiska
568 788 154 20 fakulteterna
738 786 121 22 fordrades
876 786 50 21 från
938 786 44 20 den

233 825 10 18 1
267 824 93 26 januari
385 824 56 20 1872
468 823 146 27 »fullständig
639 823 108 27 kunskap
772 822 7 21 i
796 822 77 21 finska
890 822 93 27 språket

232 860 121 20 äfvensom
377 860 104 26 förmåga
509 862 33 18 att
570 860 106 20 meddela
705 858 169 27 undervisning
900 864 82 21 genom

232 895 168 27 föreläsningar
424 896 29 26 på
478 896 69 26 sagda
572 895 90 27 språk.»
698 895 59 27 Fyra
775 894 124 21 decennier
914 894 69 20 hafva

232 931 98 21 förflutit
354 931 70 21 sedan
449 932 76 20 denna
542 931 135 27 förordning
694 931 55 26 gafs,
767 930 44 21 och
828 930 60 20 dock
905 931 25 19 är
946 930 38 20 det

232 967 69 27 ingen
326 967 133 27 hemlighet,
476 969 32 18 att
531 967 45 21 den
597 967 8 20 i
626 967 54 20 flere
699 966 284 27 tjänsteutnämningsfall,

232 1003 111 21 stundom
369 1003 29 27 på
421 1004 74 26 grund
520 1003 22 20 af
558 1005 50 19 rent
630 1003 125 26 nödtvång,
773 1002 76 20 blifvit
865 1002 117 20 åsidosatt.

232 1038 133 28 Säkerligen
390 1039 69 20 hafva
483 1039 28 20 de
535 1039 65 21 flesta
625 1038 25 21 af
671 1038 28 21 de
723 1038 84 21 aktade
832 1038 80 26 lärare,
932 1044 50 14 som

232 1075 71 20 hafva
327 1075 41 21 fått
392 1075 50 20 sina
467 1075 95 27 tjänster
584 1076 125 19 tvärtemot
729 1074 80 26 lagens
825 1073 87 27 tydliga
929 1074 53 25 bud,

232 1112 77 19 ansett
325 1110 33 27 sig
374 1116 84 21 genom
475 1112 33 19 att
523 1112 102 25 mottaga
641 1110 100 27 tjänsten
759 1109 106 27 uppfylla
882 1115 27 14 en
926 1109 58 27 plikt

232 1148 50 19 mot
298 1147 55 20 land
370 1147 44 20 och
430 1146 55 21 folk.
507 1146 51 21 Och
575 1146 95 27 mångas
683 1145 70 21 bland
766 1145 53 21 dem
831 1145 152 26 tjänstevärk-

233 1182 92 20 samhet
349 1182 42 20 har
415 1182 67 21 äfven
506 1181 58 21 varit
580 1181 147 27 synnerligen
744 1180 157 27 förtjänstfull.
934 1181 49 19 Den

232 1217 174 28 finskspråkiga
430 1217 165 27 befolkningen
619 1218 43 20 har
685 1223 45 21 nog
749 1216 72 21 också
837 1217 7 20 i
861 1217 67 20 dessa
944 1216 39 20 fall

232 1254 55 20 med
312 1259 52 21 sorg
388 1255 43 19 sett
455 1253 50 21 sina
529 1253 115 28 språkliga
666 1253 133 26 rättigheter
821 1252 162 27 förtrampade,

232 1295 55 15 men
312 1289 57 21 först
393 1289 74 21 under
491 1290 44 20 den
559 1289 57 21 allra
640 1289 55 20 sista
716 1289 64 20 tiden
802 1288 43 21 har
861 1294 54 14 man
932 1287 53 21 hört

232 1325 86 21 tankar
338 1325 7 21 i
367 1325 72 21 sådan
455 1325 109 27 riktning,
582 1327 32 19 att
630 1331 38 14 om
686 1324 193 27 boykotteringen
896 1323 25 20 af
935 1317 49 26 Åbo

232 1361 88 20 hofrätt
342 1363 25 19 är
389 1361 135 27 berättigad,
548 1363 31 19 ett
603 1361 109 20 likartadt
735 1359 164 28 uppträdande
922 1361 61 25 gent-

233 1399 63 18 emot
322 1397 72 20 andra
419 1397 30 27 på
473 1397 126 27 lagstridigt
623 1398 45 19 sätt
691 1395 131 22 utnämnda
844 1395 139 27 tjänstemän

232 1433 73 20 också
316 1434 26 19 är
353 1433 143 26 berättigadt.
521 1433 43 20 Det
580 1434 26 19 är
622 1432 60 21 dock
699 1434 32 18 att
742 1432 99 26 hoppas,
854 1433 33 18 att
898 1437 38 14 om
948 1431 35 20 så-

233 1468 62 21 dana
312 1469 84 20 tankar
412 1469 75 20 skulle
504 1469 94 20 försöka
614 1469 112 20 omsättas
743 1467 7 21 i
767 1467 167 26 värkligheten,
951 1473 33 14 re-

233 1503 109 27 geringen
359 1504 59 21 skall
435 1504 49 21 visa
501 1511 28 14 en
546 1504 47 21 helt
609 1510 78 14 annan
704 1503 92 25 fasthet,
813 1503 30 20 än
859 1502 62 21 hvad
934 1508 50 14 som
