1081 1745
422 113 41 22 N:o
476 113 27 22 15
804 112 14 22 5

436 182 63 28 11.8.

159 228 69 22 Hvad
254 236 36 14 om
319 228 178 22 sammankomst
513 230 13 20 å
542 228 85 22 allmän
642 228 60 28 plats
720 228 72 22 under
807 227 41 21 bar

90 262 96 22 himmel
208 262 8 22 i
238 262 74 22 denna
334 263 39 27 lag
395 262 100 29 stadgas,
515 263 62 28 gälle
593 263 49 27 ock,
658 262 52 22 med
726 262 28 22 de
768 262 9 22 i
792 262 27 21 16
834 262 14 26 $

91 297 14 21 4
119 297 104 28 punkten
240 297 99 21 nämnda
361 296 124 30 undantag,
501 305 37 14 om
558 297 121 29 offentliga
693 296 156 30 processioner

92 331 43 22 och
149 332 47 28 tåg,
212 338 48 15 som
276 332 111 21 anordnas
403 331 25 22 af
439 332 104 22 enskilda
558 339 107 22 personer
680 332 55 21 eller
749 330 99 23 förenin-

92 373 46 21 gar.
157 366 66 21 Dock
238 373 53 14 vare
307 366 104 22 anmälan
426 366 19 29 ej
458 366 134 29 erforderlig
602 366 141 22 beträffande
752 366 96 22 sedvan-

92 400 48 29 liga
150 400 91 29 festtåg,
254 408 48 14 som
314 400 111 22 anordnas
437 400 24 22 af
470 401 173 29 korporationer
651 401 55 21 eller
712 400 136 29 föreningar.

442 464 27 21 12
485 465 18 26 8.

162 510 125 29 Angående
309 510 181 21 föranstaltande
513 510 23 22 af
558 510 121 29 offentliga
700 509 69 30 nöjen
788 509 61 29 gälle

93 550 60 22 hvad
168 550 79 22 därom
263 553 24 19 är
302 551 54 21 eller
371 550 82 22 varder
467 551 114 28 stadgadt.

445 608 27 21 13
487 609 19 27 &.

162 649 48 21 Har
228 649 84 21 allmän
327 649 185 28 sammankomst,
529 657 37 14 om
580 649 68 22 hvars
658 648 106 23 hållande
774 651 76 19 anmä-

93 683 38 22 lan
156 683 53 22 bort
233 686 73 26 göras,
330 685 39 27 egt
390 691 51 14 rum
456 685 56 20 utan
528 683 69 22 sådan
613 683 111 28 anmälan,
741 683 55 22 eller
810 683 40 22 har

94 718 106 21 anmälan
222 717 19 29 ej
266 718 61 21 skett
352 718 8 21 i
382 717 152 23 föreskrifven
550 718 104 29 ordning,
670 718 54 22 eller
739 725 112 14 samman-

94 752 104 22 komsten
222 752 123 28 försiggått
361 753 12 20 å
389 754 69 20 annat
481 753 66 21 ställe
571 753 54 21 eller
647 760 75 14 annan
744 752 33 22 tid
799 752 52 21 än
836 748 18 37 i

95 786 105 22 anmälan
221 786 137 29 uppgifvits;
374 786 89 22 straffes
484 787 159 21 föranstaltare
659 786 42 22 och
716 786 135 22 ordförande

95 820 84 22 enhvar
193 820 53 22 med
267 821 67 21 böter
355 820 70 29 högst
447 821 125 21 trehundra
594 821 69 21 mark.
693 821 50 29 Lag
766 828 86 14 samma

94 862 60 21 vare,
164 855 42 22 där
220 856 179 21 sammankomst
414 856 13 21 å
442 856 85 21 allmän
542 856 61 28 plats
617 855 73 22 under
704 856 40 21 bar
758 855 94 22 himmel

94 889 78 21 hållits
194 892 56 19 utan
272 889 149 29 iakttagande
444 889 23 22 af
489 889 123 29 föreskrift,
628 897 48 14 som
699 889 77 22 därför
790 889 62 22 med-

95 923 79 22 delats.

163 958 135 22 Underlåter
313 958 136 23 ordförande
465 959 55 22 eller
535 959 158 22 föranstaltare
708 961 35 20 att
756 959 40 21 vid
812 959 40 21 all-

96 995 52 19 män
172 993 178 22 sammankomst
372 993 104 30 iakttaga
497 995 72 28 något
584 993 22 22 af
620 993 60 23 hvad
696 993 50 22 dem
762 993 91 29 jämlikt

95 1027 15 22 8
124 1029 13 26 8
152 1027 98 29 åligger;
266 1027 53 23 böte
335 1027 69 30 högst
419 1028 130 23 tvåhundra
563 1028 70 22 mark.

447 1091 28 22 14
490 1093 19 26 8.

164 1137 70 28 Hvar,
258 1144 49 15 som
329 1139 49 20 mot
396 1137 139 29 stadgandet
552 1137 8 22 i
578 1137 13 22 7
610 1139 13 26 $
641 1137 40 22 vid
696 1137 84 22 allmän
795 1145 58 14 sam-

96 1171 132 22 mankomst
242 1171 97 22 infinner
355 1171 35 29 sig
405 1172 121 28 beväpnad

165 1206 56 21 eller
236 1205 19 29 ej
272 1206 90 28 åtlyder
377 1205 107 30 behörigt
499 1206 77 29 påbud
586 1214 37 14 om
634 1207 220 22 sammankomstens

96 1245 148 30 upplösning,

166 1280 89 22 straffes
271 1281 51 22 med
337 1281 66 22 böter
417 1281 71 29 högst
503 1281 128 22 tvåhundra
645 1281 70 22 mark.

445 1344 28 22 15
488 1346 20 26 8.

166 1388 88 29 Vägras
277 1389 96 29 behörig
393 1390 139 28 myndighet
551 1390 55 22 eller
628 1390 130 22 densamma
772 1390 82 22 under-

97 1422 98 29 lydande
210 1423 139 28 tjänsteman
364 1424 55 21 eller
433 1424 91 29 betjänt
539 1424 100 22 tillträde
654 1424 36 21 till
703 1424 83 22 allmän
796 1431 59 15 sam-
