1086 1767
468 495 28 22 I.

171 563 204 28 Undertecknade,
400 571 47 14 som
475 564 58 29 hysa
558 565 82 21 tvifvel
665 563 115 22 huruvida
805 563 14 22 2
845 565 14 25 $

101 598 28 21 L.
148 598 25 22 O.
192 598 78 22 kunde
288 598 76 29 gifvas
384 606 28 14 en
431 599 26 22 så
469 599 131 22 vidsträckt
612 599 116 28 tolkning,
742 601 35 19 att
790 598 69 21 Stän-

101 632 73 22 derna
198 633 75 28 enligt
291 633 133 22 densamma
442 641 54 14 vore
515 633 112 30 befogade
646 635 35 20 att
700 633 37 21 till
755 631 103 23 behand-

101 667 51 29 ling
169 669 104 27 upptaga
291 667 256 30 tjänstemannafrågan
565 668 8 21 i
592 668 52 21 hela
657 667 53 22 dess
722 667 63 28 vidd,
799 674 59 15 eme-

101 701 46 22 dan
167 701 73 30 sagda
258 702 67 29 fråga
343 702 74 29 enligt
435 703 42 21 vår
494 703 153 28 uppfattning
665 702 52 22 icke
735 709 68 21 synes
822 702 36 21 stå

101 736 9 21 i
128 735 149 30 oskiljaktigt
292 736 169 29 sammanhang
473 737 51 22 med
537 737 28 21 de
578 737 36 22 till
627 736 132 23 Ständerna
771 735 88 23 aflåtna

101 770 168 29 ryskspråkiga
287 771 165 22 skrifvelserna
471 771 43 22 och
532 771 37 22 till
588 771 131 22 Ständerna
737 770 122 23 öfverlem-

102 804 60 23 nade
182 805 175 29 propositioner,
374 805 81 22 hvilka
468 806 61 21 varit
541 804 208 31 kontrasignerade
761 805 24 22 af
797 805 62 22 icke-

102 839 62 22 finsk
188 847 60 21 man,
268 847 55 14 anse
347 840 36 29 sig
408 840 54 22 böra
481 840 95 22 härmed
595 840 98 28 anmäla,
713 841 34 21 att
765 839 24 22 vi
808 839 51 22 icke

102 873 65 22 finna
190 881 28 15 en
244 882 77 14 annan
344 874 144 29 behandling
507 875 23 22 af
548 875 65 22 detta
631 874 85 22 ärende
733 881 56 15 vara
808 873 52 22 sak-

103 908 71 29 enlig,
192 912 30 18 än
241 908 51 28 den,
311 916 49 14 som
378 909 68 22 berör
464 909 73 29 sagda
549 909 133 22 skrifvelser
694 911 60 20 samt
766 909 95 21 kontra-

103 943 150 29 signeringen
275 943 22 22 af
316 943 66 22 dessa
401 943 119 22 äfvensom
539 943 123 22 omordade
678 943 86 28 nådiga
777 950 84 21 propo-

103 977 105 28 sitioner;
234 978 43 21 och
302 978 70 21 hafva
396 978 24 21 vi
444 978 8 21 i
475 978 212 22 reservationsform
711 977 63 22 velat
792 977 69 22 fram-

103 1011 70 22 ställa
200 1012 76 22 denna
303 1013 47 26 vår,
376 1013 51 21 från
450 1013 163 28 pluralitetens
637 1013 8 21 i
663 1013 122 22 Utskottet
804 1011 58 22 afvi-

103 1046 78 22 kande
198 1047 101 28 mening.

175 1130 79 23 Arnold
273 1131 86 26 Berger.
610 1130 13 22 I.
638 1130 23 22 A.
677 1130 116 28 Björklund.
