1067 1756
314 151 27 22 U.
359 151 27 21 B.
401 163 27 3 —
445 150 74 28 Prop.
535 150 41 22 N:o
593 150 36 22 14.
818 149 28 22 39

92 219 112 22 hetsbrott
223 220 6 21 i
250 219 100 29 egentlig
373 219 100 28 mening,
497 221 24 19 är
537 218 102 22 däremot
663 218 39 22 här
724 218 62 28 fräga
808 224 38 16 om

91 254 92 22 sädana.
214 254 38 22 Uti
268 254 147 28 inledningen
437 254 40 21 har
497 253 68 22 redan
582 252 138 27 framhällits,
738 253 108 21 hurusom

90 288 127 28 väsentliga
239 288 118 22 afvikelser
378 288 112 28 föreligga
506 288 31 21 uti
554 288 28 21 de
599 288 72 21 skilda
688 288 91 28 system,
797 292 49 16 som

91 322 139 22 beträffande
256 322 172 29 ansvarigheten
453 323 6 21 i
482 322 188 29 tryckfrihetsmäl
696 322 95 22 kommit
815 321 32 22 till

91 357 147 28 användning
254 357 31 22 uti
301 357 60 22 olika
382 357 83 22 länder.
497 357 176 28 Propositionen
690 356 65 28 utgär
770 356 76 22 härvid

91 391 47 22 från
155 391 44 22 den
216 392 6 21 i
238 392 131 22 straffrätten
389 391 106 29 gällande
511 391 129 29 grundsats,
655 392 30 21 att
697 391 84 22 straffet
791 390 56 22 skall

92 426 63 21 träffa
172 426 44 21 den
232 426 53 22 eller
300 426 59 27 dem,
375 432 50 15 som
442 426 68 21 utfört
525 426 44 21 den
586 426 115 21 straffbara
714 426 132 27 gärningen,

92 460 56 22 efter
163 460 77 22 mättet
256 461 21 21 af
288 461 95 21 enhvars
395 460 73 22 skuld.
499 460 140 28 Härigenom
651 460 102 22 kommer
764 459 83 22 straffet

92 495 34 22 för
142 494 51 27 den,
209 501 51 16 som
277 495 97 28 bidragit
386 495 31 22 till
429 495 102 22 straffbar
541 495 139 28 tryckskrifts
691 495 115 26 tillkomst,
818 495 30 21 att

92 529 35 22 stä
143 529 6 22 i
166 529 131 28 proportion
313 529 31 22 till
360 529 85 28 graden
462 529 21 22 af
499 529 58 22 hans
573 529 143 22 medverkan.
747 529 100 22 Erfaren-

94 564 66 21 heten
178 564 39 22 har
233 564 122 22 emellertid
372 563 129 29 ädagalagt,
517 565 31 20 att
564 564 37 21 det
617 564 6 21 i
639 563 55 29 följd
711 564 22 21 af
743 563 104 28 rättighe-

92 599 38 20 ten
154 598 32 22 till
208 598 261 29 författareanonymitet,
485 598 152 29 synnerligast
658 598 59 22 hvad
733 597 115 23 straffbara

94 633 120 28 uppsatser
230 633 6 21 i
252 633 129 28 periodiska
397 633 151 28 tryckskrifter
563 633 148 26 vidkommer,
727 633 68 22 oftast
807 632 42 21 blir

94 667 105 28 omöjligt
221 667 34 22 för
277 667 44 22 den
345 667 103 22 ätalande
472 669 31 20 att
526 667 85 26 utreda,
634 667 48 22 frän
705 667 66 22 hvem
791 673 57 22 upp-

94 702 76 21 satsen
195 702 75 22 härrör
285 702 54 22 eller
353 708 48 20 ens,
419 703 33 20 att
465 702 104 21 skriftens
585 701 106 22 redaktör
705 701 47 22 före
769 701 79 22 offent-

94 736 145 28 liggörandet
254 736 46 22 haft
315 736 130 22 kännedom
462 743 38 15 om
517 736 140 22 densamma.
687 736 161 28 Lagstiftarene

95 770 66 22 hafva
184 770 74 22 därför
281 771 52 21 sökt
347 771 63 21 finna
426 777 28 15 en
470 771 57 22 form
543 771 34 21 för
601 770 147 22 redaktörens
769 776 79 16 ansva-

96 805 80 27 righet,
200 811 51 16 som
278 804 59 23 både
360 805 141 22 säkerställer
524 805 67 22 åtalet
613 805 44 22 och
680 804 170 23 tillfredsställer

94 839 157 22 rättskänslan.
289 839 37 22 Uti
352 839 175 28 propositionen
558 839 65 28 ingår
651 839 78 22 härom
751 839 97 22 bestäm-

94 873 86 28 ningen
204 874 37 25 att,
261 873 3 22 i
281 873 108 22 händelse
412 873 43 22 den
472 880 86 22 genom
575 874 104 21 skriftens
696 873 98 22 innehåll
810 873 38 22 be-

94 907 93 28 gångna
202 907 149 29 förbrytelsen
367 908 72 28 enligt
448 908 143 28 strafflagens
601 908 112 22 allmänna
722 907 98 29 grunder
829 907 19 28 ej

94 942 44 22 kan
147 942 115 22 tillräknas
272 942 229 27 hufvudredaktören,
511 943 43 21 han
565 943 55 21 skall
629 949 95 15 ansvara
732 943 34 21 för
774 942 75 22 åsido-

94 976 104 22 sättande
221 976 22 22 af
265 976 43 22 den
325 977 209 28 uppmärksamhet,
551 983 84 22 genom
653 977 65 21 hvars
734 976 115 29 pliktmäs-

94 1010 51 28 siga
165 1010 146 28 iakttagande
334 1010 128 22 införandet
479 1011 21 21 af
516 1011 44 22 den
575 1011 133 28 förgripliga
724 1012 125 28 uppsatsen

95 1045 59 21 hade
173 1044 124 29 förebygts.
328 1045 58 22 Från
404 1046 76 21 denna
497 1046 145 28 ansvarighet
657 1046 44 22 kan
718 1046 43 21 han
778 1045 19 29 ej
813 1045 36 21 fri-

93 1081 57 26 göra
167 1079 37 28 sig
220 1086 40 15 ens
277 1085 84 23 genom
377 1080 125 28 förklaring
517 1080 22 22 af
554 1086 74 16 annan
638 1086 90 22 person,
737 1081 31 21 att
775 1080 75 22 denne

94 1113 79 23 såsom
181 1114 113 22 författare
303 1114 127 28 öfvertager
437 1114 182 28 ansvarigheten.
629 1114 44 23 Om
683 1115 43 21 ock
734 1115 5 21 i
747 1114 104 22 enskilda

93 1148 39 22 fall
157 1148 87 28 följden
262 1148 61 22 häraf
338 1148 43 22 kan
398 1148 75 27 blifva,
490 1150 31 20 att
535 1149 39 21 vid
591 1148 259 29 tryckfrihetsförbrytel-

94 1188 37 16 ser
147 1188 86 22 genom
246 1183 116 27 periodisk
369 1183 128 28 tryckskrift
506 1183 49 22 icke
564 1183 61 22 alltid
633 1182 77 29 någon
718 1184 43 21 kan
769 1183 81 22 dömas

94 1217 32 21 till
138 1217 62 21 straff
209 1216 77 22 såsom
299 1217 171 28 gärningsman,
481 1219 70 27 väger
559 1218 60 21 dock
628 1218 74 21 denna
710 1218 140 28 omständig-

95 1251 39 22 het
146 1251 88 22 mindre
244 1251 6 21 i
257 1251 70 22 bredd
335 1251 100 27 därmed,
442 1252 31 21 att
479 1251 96 23 sålunda
587 1251 137 23 åtminstone
731 1258 28 16 en
767 1258 83 22 person

95 1286 50 22 icke
161 1286 81 22 varder
257 1286 70 22 dömd
342 1286 35 22 för
392 1292 28 16 en
436 1286 105 28 gärning,
556 1286 89 22 hvilken
657 1286 71 28 enligt
739 1287 111 21 allmänna

94 1320 168 28 straffrättsliga
278 1320 99 28 grunder
392 1321 20 27 ej
429 1320 43 22 kan
489 1321 115 21 tillräknas
620 1321 93 21 honom.

167 1354 47 22 Här
224 1354 95 22 anförda
329 1354 172 29 bestämningar
516 1357 39 20 äro
571 1355 89 28 egnade
672 1356 31 21 att
710 1356 142 21 förekomma

94 1388 40 22 det
150 1388 64 27 bruk,
230 1394 51 16 som
298 1389 107 22 existerar
421 1389 6 21 i
438 1390 85 26 länder,
533 1390 39 21 där
582 1389 38 22 det
631 1390 103 28 belgiska
743 1390 109 28 systemet

95 1424 24 20 är
137 1423 89 26 infördt,
244 1424 30 20 att
290 1422 77 23 såsom
384 1423 194 23 hufvudredaktör
585 1424 35 21 för
627 1424 115 28 tidningar
750 1424 102 22 anmälas

96 1463 116 22 personer,
236 1463 37 16 om
294 1458 74 21 hvilka
385 1458 54 21 hvar
454 1458 44 22 och
516 1464 28 16 en
560 1459 43 25 vet,
620 1459 30 21 att
667 1458 27 22 de
711 1458 48 22 icke
775 1458 77 22 kunna

165 1502 131 23 Lagutskottets
309 1503 109 18 betänkande
429 1503 38 18 N:o
479 1503 18 18 2.
