1086 1767
351 148 21 22 U.
390 148 22 22 B.
429 160 27 2 —
474 148 60 28 Prop.
552 148 35 22 N:o
603 148 30 21 18.
839 147 28 20 29

117 216 45 19 stat
186 214 75 21 stälda
284 214 139 27 tjänstemän
446 216 33 18 att
495 216 114 24 emottaga
626 214 109 27 lämpliga
753 213 115 27 statstjän-

119 253 45 18 ster
188 250 138 21 utsträcktes
351 250 66 20 äfven
442 250 34 20 till
500 250 95 27 tjänster
618 250 13 20 å
655 256 79 14 annan
757 252 42 18 ort.
832 249 37 21 Ett

119 286 74 27 dylikt
210 286 127 26 stadgande
354 286 74 20 skulle
441 286 164 21 åstadkomma
616 288 33 18 att
659 286 63 20 tiden
735 286 35 20 för
781 286 88 26 indrag-

120 322 143 27 ningsstaten
280 322 6 20 i
303 322 28 21 de
348 322 64 21 flesta
428 322 41 21 fall
486 322 78 21 kunde
580 322 71 21 blifva
663 322 25 21 af
705 322 94 20 alldeles
819 322 52 20 kort

120 358 150 26 varaktighet.

192 394 43 27 Jag
256 394 105 27 öfvergår
381 394 34 21 till
432 394 38 21 det
486 395 7 20 i
510 395 145 27 lagförslaget
671 394 113 27 ingående
801 394 70 26 tredje

122 430 143 26 stadgandet,
292 437 50 14 som
369 430 122 27 förpliktar
516 430 147 27 tjänsteman,
685 437 50 14 som
763 430 52 20 med
840 429 31 20 af-

122 466 86 20 vikelse
233 466 49 20 frän
307 466 113 27 grundlag
446 466 76 21 blifvit
546 466 114 21 utnämnd
687 466 33 20 till
747 465 70 28 tjänst
844 465 28 27 pä

123 502 72 26 grund
214 502 25 20 af
253 502 27 20 de
297 507 83 22 genom
398 502 83 27 nädiga
499 502 130 21 manifestet
649 502 24 21 af
687 502 44 21 den
748 502 14 20 4
778 507 94 15 novem-

123 538 40 21 ber
189 538 56 20 1905
270 538 119 27 upphäfda
412 539 201 26 förordningarna,
630 540 31 19 att
678 538 64 21 inom
759 537 115 27 förloppet

124 573 25 22 af
163 576 30 18 ett
209 573 117 21 bestämdt
343 575 62 20 antal
422 575 112 20 mänader
550 575 51 26 afgä
613 575 49 20 frän
675 574 37 21 sin
723 574 76 27 tjänst.
816 573 57 20 Här-

124 609 39 21 vid
188 610 96 27 uppstär
305 610 89 27 frägan:
417 611 95 20 hvarför
528 611 81 20 endast
626 611 27 20 de
670 610 29 27 pä
716 609 75 27 grund
808 609 24 20 af
847 609 27 20 de

125 646 7 19 i
159 645 127 21 november
317 646 120 27 upphäfda
465 647 192 26 förordningarna
684 646 53 20 med
764 645 111 20 afvikelse

125 681 51 21 från
202 681 113 28 grundlag
341 683 130 20 utnämnda
493 683 200 26 tjänstemännen?
725 681 48 20 Har
799 680 76 27 laglig-

125 717 69 21 heten
218 717 143 22 beträffande
385 718 40 21 vår
449 718 216 27 tjänstemannakår
680 717 96 21 därmed
793 716 82 21 återin-

126 753 64 26 förts,
207 755 33 19 att
256 760 27 14 en
299 754 36 20 del
347 754 93 27 olagligt
451 754 94 21 tillsatta
557 754 58 27 afgå,
627 753 85 21 medan
725 753 73 21 andra
810 753 66 20 kvar-

127 791 83 18 stanna
235 789 7 20 i
267 789 49 21 sina
337 789 169 28 befattningar?
538 790 50 21 Och
606 790 67 21 äfven
690 796 39 14 om
745 788 132 27 rensnings-

128 825 99 20 arbetets
244 825 160 28 utsträckning
421 826 72 21 också
509 826 34 20 till
560 826 63 21 tiden
639 825 48 21 före
700 825 145 21 ofärdssåren
857 823 19 28 ej

129 861 74 20 skulle
228 867 70 20 synas
323 862 185 27 oundgängligen
535 862 140 26 nödvändig,
700 861 24 21 så
753 861 76 20 fordra
852 859 25 28 ju

129 897 59 20 dock
220 897 148 21 konsekvens
400 898 44 21 och
471 899 100 20 klaraste
597 899 51 25 rätt,
675 899 32 19 att
733 897 45 20 alla
805 896 74 21 under

129 933 54 20 åren
213 933 146 21 1902—1905
386 934 29 27 på
439 934 94 27 olagligt
557 935 44 20 sätt
624 934 93 20 tillsatta
740 933 138 26 tjänstemän

130 970 96 19 utsättas
244 969 35 21 för
295 976 90 14 samma
402 970 140 21 bemötande
559 970 51 20 från
628 969 165 21 statsmaktens
805 968 49 21 sida
865 967 14 20 '.

131 1005 64 20 Dock
213 1005 43 20 har
272 1006 122 20 utskottets
416 1006 122 27 majoritet,
555 1012 51 14 som
623 1004 216 27 öfverhufvudtaget
856 1003 25 21 så

131 1043 75 18 varmt
227 1041 109 20 omfattar
359 1041 44 21 den
420 1041 85 27 nådiga
522 1041 183 28 propositionen,
722 1041 33 20 till
773 1040 35 21 sin
825 1045 55 20 egen

131 1076 97 21 ledsnad
245 1077 59 20 varit
321 1079 99 25 tvungen
439 1078 140 25 konstatera,
597 1079 32 18 att
645 1083 28 14 en
690 1077 36 20 del
741 1076 24 21 af
779 1076 28 20 de
824 1075 57 27 tjän-

132 1113 295 26 stemannautnämningar,
444 1119 84 21 genom
545 1113 80 20 hvilka
642 1112 112 21 Finlands
766 1112 63 26 lagar
840 1117 42 14 un-

132 1148 41 20 der
188 1148 28 20 de
234 1151 90 18 senaste
341 1149 54 20 åren
413 1149 29 27 på
460 1149 38 20 det
514 1149 85 26 gröfsta
616 1149 109 20 kränktes
738 1160 28 2 —
778 1147 28 21 de
818 1148 65 19 näm-

133 1184 66 27 ligen,
216 1190 84 21 genom
317 1185 82 20 hvilka
415 1180 34 25 fill
461 1185 141 27 tjänstemän
617 1184 39 21 vid
668 1183 216 22 statssekretariatet

133 1220 44 20 och
194 1221 322 26 generalguvernörskansliet
533 1221 92 26 utsågos
643 1227 116 20 personer,
769 1225 51 15 som
832 1218 51 21 sak-

208 1322 4 8 !
233 1322 68 18 Sådan
321 1322 68 18 skulle
408 1328 49 12 man
478 1322 39 18 ock
537 1324 32 17 tro
589 1324 28 16 att
630 1321 143 23 tankegången
787 1320 58 21 varit,
859 1319 26 18 då

135 1351 40 18 den
204 1352 67 18 finska
299 1352 102 22 lagtexten
431 1352 116 19 nedskrefs.
573 1352 46 18 Men
646 1351 60 19 ordet
729 1350 90 20 »niistä»,
839 1354 46 13 som

135 1381 114 19 återfinnes
266 1382 6 18 i
291 1382 101 18 rubriken
406 1382 40 18 och
461 1388 45 12 som
521 1382 67 18 skulle
602 1381 94 19 bekräfta
710 1382 28 17 ett
751 1380 68 23 dylikt
832 1380 55 17 anta-

136 1412 72 22 gande,
230 1412 77 18 härrör
323 1412 135 23 synbarligen
477 1412 23 18 af
514 1414 28 16 ett
559 1410 196 23 öfversättningsfel.
777 1409 110 21 Jämsides,

137 1441 23 18 sä
173 1442 40 18 har
226 1448 49 12 man
289 1442 103 22 offentligt
405 1442 111 22 försäkrat,
530 1442 82 18 affattas
623 1442 24 22 ju
660 1441 54 18 dock
727 1439 121 19 nuförtiden
862 1438 25 18 de

137 1471 142 23 olikspräkiga
293 1472 127 22 lagtexterna
435 1472 59 18 inom
508 1472 37 18 vär
558 1471 96 23 styrelse!
