1086 1767
342 144 20 22 U.
380 144 22 21 B.
420 156 27 2 —
465 144 60 26 Prop.
543 143 35 22 N:o
597 143 30 21 18.
836 143 28 20 23

182 209 31 20 Pä
231 209 75 27 grund
323 209 24 20 af
363 208 165 21 ofvanstäende
546 208 34 21 fär
594 208 38 27 jag
651 209 119 20 vördsamt
782 208 83 21 föreslä

397 276 32 18 att
448 274 125 21 Ständerna
591 274 48 21 ville
657 274 82 21 besluta
756 276 32 18 att
804 274 23 20 ät
841 274 26 20 II

323 310 97 28 punkten
439 310 8 20 i
461 310 146 27 förevarande
619 310 122 27 lagförslag
752 310 63 27 gifva
826 310 38 27 föl-

322 346 69 28 jande
408 346 80 27 lydelse

397 411 29 21 II.
461 412 148 27 Tjänsteman,
625 419 48 13 som
691 412 95 21 innehar
800 412 67 27 tjänst

327 448 32 20 uti
381 448 89 21 hvilken
495 448 58 27 förre
574 448 161 27 innehafvaren
753 448 50 21 med
817 448 49 21 stöd

327 484 28 27 af
364 484 76 27 punkt
455 484 12 20 I
482 484 8 21 i
505 484 72 21 denna
595 485 36 26 lag
648 484 59 21 skall
723 484 70 21 varda
810 485 54 20 åter-

328 519 66 21 insatt
409 520 50 20 eller
473 520 70 20 skulle
559 519 58 21 varit
633 519 124 28 berättigad
768 521 32 19 att
810 520 54 20 åter-

326 556 97 24 insättas,
448 556 59 20 skall
529 556 52 27 från
609 556 92 27 tjänsten
726 555 55 28 afgå
798 557 13 19 å
829 555 37 28 tid,

325 599 46 13 som
398 591 27 27 af
438 592 94 21 Senaten
550 592 137 25 bestämmes,
705 592 40 20 och
762 599 47 13 som
827 592 39 20 bör

327 628 77 26 infalla
435 627 59 21 inom
523 635 39 13 sex
586 628 109 21 månader
717 628 53 27 från
795 628 70 26 dagen

325 663 36 27 för
376 664 73 20 denna
467 665 47 26 lags
532 664 139 27 utfärdande.

397 729 48 27 Lag
454 735 88 14 samma
553 736 51 13 vare
619 729 36 27 för
667 729 138 27 tjänsteman,
817 736 47 14 som

328 766 96 19 utnämts
441 765 7 20 i
464 765 60 27 kraft
536 765 24 27 af
571 765 25 20 de
608 771 79 20 genom
699 765 85 27 nådiga
796 765 69 20 mani-

326 801 60 26 festet
409 801 29 26 af
458 801 40 20 den
523 802 14 19 4
561 801 122 20 November
703 801 39 26 (22
760 801 104 26 Oktober)

330 837 54 20 1905
410 837 118 27 upphäfda
551 837 191 27 förordningarna
767 837 49 20 med
832 837 33 26 af-

329 872 77 21 vikelse
450 873 52 26 från
541 873 183 27 grundlagsenlig
763 872 101 28 ordning,

327 909 103 26 förutsatt
460 911 32 18 att
523 909 87 27 tjensten
643 910 26 19 är
700 910 31 19 att
756 909 109 26 hänföras

328 944 31 21 till
371 944 154 27 justitiestaten
544 945 50 20 eller
605 944 32 21 till
656 945 155 26 befattningar,
829 944 37 21 vid

328 980 87 21 hvilkas
443 981 126 20 besättande
595 981 81 26 åtgärd
707 981 27 26 af
762 981 104 20 Senatens

323 1016 232 28 justitiedepartement
579 1018 26 19 är
629 1016 133 27 erforderlig.

399 1082 115 27 äfvensom
527 1084 32 19 att
571 1082 124 21 Ständerna
702 1083 87 26 jemväl
801 1083 66 19 måtte

330 1117 7 21 i
344 1117 36 22 sitt
388 1118 155 27 underdäniga
552 1125 52 14 svar
610 1119 31 27 pä
651 1119 40 20 den
699 1118 78 27 nädiga
788 1124 78 21 propo-

328 1153 92 21 sitionen
444 1155 74 20 säsom
544 1154 35 21 sin
595 1154 90 27 mening
702 1155 76 24 uttala,
795 1155 32 19 att
842 1153 26 21 de

329 1190 141 27 tjänstemän,
486 1197 47 14 som
551 1190 7 20 i
573 1190 61 27 kraft
648 1190 28 27 af
683 1190 40 20 den
740 1190 126 27 föreslagna

328 1227 62 26 lagen
414 1226 89 20 komme
528 1227 31 20 att
582 1226 61 27 afgä,
666 1226 53 20 böra
735 1226 67 27 förses
819 1225 49 20 med

329 1262 85 27 anslag,
432 1262 150 27 betryggande
593 1262 64 20 deras
673 1261 118 21 materiella
808 1261 58 20 ställ-

329 1304 59 20 ning.

187 1363 142 27 Helsingfors
346 1363 44 21 den
408 1364 12 20 7
439 1364 134 27 September
591 1364 63 20 1906.

559 1423 79 22 Robert
655 1423 138 22 Hermanson.
