1086 1770
301 216 32 22 34

263 284 46 22 den
336 285 30 22 14
389 285 106 22 sistlidne
519 286 51 28 juni
593 285 42 22 hos
658 285 67 22 Hans
750 284 132 30 Kejserliga
908 285 112 29 Majestät

265 319 105 28 anmälts,
389 320 36 22 för
448 320 74 29 sagda
545 320 57 22 fond
626 320 111 29 uppgjort
761 319 89 29 budget
872 319 73 23 under
963 320 55 21 åren

266 354 64 22 1906
351 354 42 22 och
414 354 63 22 1907
497 357 60 19 samt
574 354 82 22 därvid
676 354 114 22 beräknat
808 354 97 22 fondens
924 354 94 29 tillgån-

263 395 49 22 gar,
331 388 90 22 oafsedt
439 391 35 20 ett
491 388 128 22 eventuellt
636 388 157 30 järnvägslån,
807 388 36 22 till
856 391 34 19 ett
905 396 113 14 samman-

263 422 66 29 lagdt
356 423 84 29 belopp
468 424 23 21 af
519 424 147 27 22,742,441
690 423 66 22 mark
780 423 31 21 81
834 423 77 28 penni,
939 423 80 21 äfven-

267 464 48 15 som
333 458 36 21 för
387 457 72 29 sagda
477 457 128 30 tidsperiod
622 457 92 22 utöfver
731 457 115 22 särskilda
864 457 72 22 andra
953 457 7 22 i
979 464 40 15 an-

263 491 66 22 förda
353 491 122 23 skrifvelse
499 491 151 23 omförmälda
675 492 81 29 anslag
774 492 92 21 anvisat
885 492 132 27 4,900,000

263 526 65 22 mark
341 526 37 22 till
390 527 253 28 nybyggnadsarbeten
656 526 40 22 vid
709 526 28 22 de
749 526 93 29 färdiga
854 527 163 28 järnvägarna,

263 561 133 27 6,300,000
414 561 66 21 mark
506 561 38 21 till
570 561 88 29 ökning
684 561 25 22 af
733 561 169 29 järnvägarnas
929 561 87 28 rörliga

262 595 110 27 materiel,
398 596 133 27 6,801,000
550 595 64 23 mark
639 596 36 21 för
698 594 163 23 fullbordande
886 595 23 22 af
927 595 90 21 Elisen-

261 630 195 28 vaara--Nyslott
473 630 99 29 järnväg
590 632 60 20 samt
668 630 134 27 5,100,000
828 630 36 21 för
882 637 47 21 nya
954 630 62 28 järn-

260 664 232 29 vägsanläggningar
518 664 44 22 och
589 664 36 22 till
649 664 176 29 undersökning
850 664 23 22 af
890 672 47 20 nya
952 664 63 28 järn-

260 698 135 30 vägslinjer,
422 699 136 29 uppgående
586 699 40 21 det
650 699 7 21 i
685 698 117 29 budgeten
829 701 121 26 upptagna
977 698 38 22 be-

261 732 80 30 loppet
362 733 100 29 utgifter
479 734 36 22 för
537 732 157 30 nyssnämnda
713 732 168 30 budgetperiod
901 733 36 21 till
955 740 59 14 sam-

260 767 122 29 manlagdt
410 768 149 28 36,679,220
583 768 76 27 mark;
686 768 43 22 och
756 767 71 22 hafva
850 767 30 22 Vi
904 768 8 21 i
937 767 77 22 anled-

259 802 58 28 ning
335 802 65 22 däraf
418 802 105 22 beslutit:
543 805 35 19 att
591 802 140 29 bemyndiga
750 802 92 22 landets
855 802 103 28 Styrelse
971 804 42 25 att,

259 836 52 22 med
336 836 119 22 anlitande
479 836 163 30 förnämligast
665 837 23 21 af
706 836 44 22 den
769 836 126 22 utländska
913 836 100 30 kapital-

259 870 150 28 marknaden,
428 874 103 26 upptaga
555 874 34 19 ett
607 870 193 29 amorteringslån
820 870 36 21 till
874 870 69 29 högst
961 870 52 29 fyra

257 908 109 26 procents
392 905 102 22 räntefot
521 905 42 22 och
582 905 37 22 till
644 906 25 21 så
692 908 59 19 stort
775 905 122 22 nominellt
921 904 91 29 belopp,

258 946 48 15 som
325 942 128 19 motsvarar
471 947 27 14 en
517 940 36 21 för
571 940 31 21 56
622 940 37 21 års
678 939 34 22 tid
730 939 118 22 fastställd
866 939 107 22 annuitet
989 939 23 22 af

258 973 133 28 2,250,000
415 974 76 27 mark;
519 977 35 19 att
577 974 38 22 till
642 973 150 23 bestridande
819 974 23 21 af
866 976 83 19 räntan
967 973 44 22 och

258 1009 169 28 amorteringen
453 1009 13 21 å
491 1008 64 23 detta
578 1008 39 22 lån
642 1009 81 21 anvisa
746 1011 35 19 ett
799 1007 71 29 årligt
888 1008 81 29 anslag
988 1007 23 22 af

257 1043 133 27 2,250,000
415 1043 66 21 mark
505 1043 51 21 från
584 1042 314 22 kommunikationsfondens
921 1043 89 21 inkom-

256 1082 57 22 ster;
333 1080 59 19 samt
411 1079 34 20 att
463 1076 28 23 de
509 1084 83 22 genom
611 1077 65 22 lånet
693 1076 129 29 inflytande
841 1076 90 22 medlen
945 1076 65 22 skola

255 1111 56 29 ingå
330 1111 36 21 till
385 1111 307 22 kommunikationsfonden.
728 1111 117 29 Slutligen
864 1110 71 22 hafva
953 1110 30 22 Vi
1001 1110 8 22 i

256 1145 159 29 nyssnämnda
442 1145 121 23 skrifvelse
581 1146 41 22 hos
641 1146 65 22 Hans
723 1146 133 28 Kejserliga
873 1145 110 29 Majestät
1001 1145 8 21 i

254 1180 188 29 underdånighet
460 1180 105 28 anhållit,
578 1182 36 20 att
632 1180 83 28 frågan
734 1187 37 15 om
790 1180 76 28 skälig
878 1180 131 28 ersättning

254 1222 28 14 ur
301 1214 117 22 allmänna
436 1214 158 22 statsfondens
613 1214 75 22 medel
701 1214 35 22 för
748 1217 94 26 postens
855 1213 153 23 befordrande

254 1249 13 21 å
293 1249 216 29 statsjärnvägarna
533 1250 71 21 måtte
627 1248 52 22 med
704 1248 40 22 det
768 1251 103 19 snaraste
892 1250 116 27 upptagas

253 1283 38 22 till
309 1283 93 29 slutligt
420 1283 131 29 afgörande.

598 1358 27 21 11
641 1358 19 25 8.

320 1420 67 21 Efter
405 1420 40 22 det
466 1420 31 22 Vi
514 1421 44 21 fått
577 1422 117 27 emottaga
712 1419 73 30 nådig
803 1419 144 30 proposition
966 1428 40 14 an-

251 1454 91 29 gående
361 1455 27 21 de
407 1454 40 22 vid
465 1455 143 28 landtdagen
629 1455 162 22 1905—1906
809 1461 27 14 ur
854 1453 151 30 bevillnings-

250 1489 75 22 medel
345 1489 85 22 äskade
449 1489 82 29 anslag
549 1492 59 19 samt
627 1496 37 15 om
682 1488 117 29 reglering
818 1489 22 22 af
853 1489 152 28 bevillnings-

250 1523 117 29 budgeten
396 1524 35 22 för
457 1525 55 20 åren
539 1524 63 22 1906
624 1523 43 22 och
694 1523 70 27 1907,
784 1523 42 21 och
853 1523 58 21 Vårt
930 1523 74 21 Stats-
