1086 1770
266 160 32 22 24

576 226 29 21 60
616 226 16 22 S

303 268 99 30 Förslag
429 268 119 30 angående
577 268 119 28 stiftande,
725 267 106 29 ändring,
858 267 131 29 förklaring

231 304 59 21 eller
308 302 165 30 upphäfvande
492 303 23 22 af
532 302 117 30 grundlag
662 302 66 28 skall,
741 302 36 22 för
790 305 34 19 att
837 302 63 28 gälla
912 302 76 21 såsom

232 338 25 22 af
283 337 142 29 landtdagen
454 340 103 26 antaget,
584 338 58 20 efter
669 336 44 22 den
742 336 152 29 behandling,
912 336 76 22 som
973 332 18 38 i

233 372 31 22 57
286 374 13 26 8
318 376 25 18 är
361 372 105 29 stadgad,
485 372 52 22 med
550 372 101 21 flertalet
663 374 74 19 röster
749 370 41 23 vid
802 370 74 29 tredje
886 370 102 22 behand-

232 407 80 29 lingen
341 407 137 29 godkännas
506 409 35 19 att
570 406 65 22 hvila
661 406 38 22 till
717 406 72 22 första
808 406 58 20 efter
884 413 46 21 nya
948 405 39 22 val

232 441 246 22 sammankommande
505 440 114 29 landtdag
649 443 59 19 samt
726 440 40 22 vid
785 440 77 21 denna
881 439 107 22 oföränd-

231 476 56 21 radt
305 478 97 26 antagas
420 483 82 21 genom
522 475 83 28 beslut,
624 482 48 15 som
690 475 120 22 omfattats
829 475 23 21 af
865 474 70 21 minst
947 474 42 21 två

230 510 142 29 tredjedelar
390 510 24 22 af
431 510 28 21 de
479 510 90 28 afgifna
586 512 111 19 rösterna.

302 545 84 21 Likväl
410 545 46 21 kan
483 544 141 28 landtdagen
654 547 85 25 antaga
763 543 225 29 grundlagsförslag,

234 582 59 18 utan
313 581 36 19 att
366 578 127 22 detsamma
512 579 99 21 lämnats
630 578 117 27 hvilande,
766 578 8 20 i
793 577 109 22 händelse
915 577 72 22 saken

231 614 8 20 i
260 614 93 28 plenum
372 614 124 21 förklarats
515 612 146 23 brädskande
680 620 83 22 genom
783 612 83 28 beslut,
880 620 48 14 som
941 619 46 15 om-

231 648 85 22 fattats
336 648 23 22 af
376 648 71 21 minst
467 648 44 22 fem
530 647 135 30 sjättedelar
684 648 24 21 af
726 646 28 22 de
773 646 91 29 afgifna
876 649 112 26 rösterna,

231 686 64 18 samt
321 682 111 29 förslaget
454 682 40 22 vid
513 682 74 29 tredje
606 682 172 28 behandlingen
797 681 118 29 godkänts
934 680 54 22 med

232 718 42 20 tvä
293 716 139 30 tredjedelar
450 717 23 21 af
491 717 28 22 de
539 716 89 30 afgifna
646 719 111 19 rösterna.

303 752 42 21 Om
363 751 215 29 ständsprivilegier
596 750 62 30 gälle
677 750 61 22 hvad
757 750 70 22 ofvan
847 758 36 14 om
902 749 86 29 grund-

231 786 40 28 lag
290 786 112 28 stadgats.

584 840 20 18 61
619 840 24 22 8.5

304 884 70 21 Hvad
392 884 7 21 i
419 884 30 21 57
470 883 15 29 $
505 887 24 17 är
548 883 68 28 sagdt
629 883 59 21 skall
702 882 112 22 likaledes
827 882 71 22 lända
910 882 37 21 till
957 882 32 21 ef-

233 918 140 27 terrättelse,
401 918 30 21 dä
454 918 66 29 fräga
544 921 25 18 är
588 925 36 14 om
642 917 153 29 stadganden,
815 917 74 28 enligt
906 917 83 21 hvilka

232 952 134 29 bevillning
384 953 56 20 eller
458 951 94 29 ständig
571 952 69 26 skatt,
660 959 48 14 som
728 951 136 22 ankommer
882 952 12 21 &
913 951 75 22 landt-

233 986 90 29 dagens
351 987 132 28 afgörande,
507 986 60 22 skall
588 989 101 26 utgöras,
708 986 55 21 eller
782 993 36 14 om
837 985 151 30 upptagande

234 1021 24 22 af
283 1021 105 27 statslän,
414 1021 59 22 dock
499 1023 34 19 att
558 1020 83 22 sädant
664 1020 86 22 ärende
775 1021 20 28 ej
818 1021 37 20 mä
874 1020 114 22 förklaras

232 1055 121 28 hvilande,
372 1058 60 19 samt
450 1058 35 18 att
503 1055 86 27 förslag
608 1062 36 14 om
663 1062 32 21 ny
713 1054 56 22 eller
782 1054 62 22 ökad
857 1054 132 29 bevillning

233 1090 58 21 eller
309 1097 32 21 ny
360 1089 93 29 ständig
471 1090 64 21 skatt
552 1089 56 21 eller
627 1096 35 14 om
681 1088 151 30 upptagande
852 1089 23 21 af
890 1088 98 22 statslän

233 1132 68 14 anses
327 1124 109 28 förfallet,
462 1124 77 21 därest
563 1124 39 21 det
624 1124 20 28 ej
663 1123 40 22 vid
722 1123 74 28 tredje
815 1122 174 29 behandlingen

233 1159 123 21 omfattats
376 1159 22 21 af
418 1159 40 21 tvä
477 1158 138 28 tredjedelar
634 1158 22 22 af
675 1158 28 21 de
723 1158 89 28 afgifna
831 1161 111 18 rösterna.

584 1218 22 18 62
618 1219 16 22 8.

304 1261 156 29 Landtdagen
480 1265 25 18 är
523 1262 109 28 obetaget
650 1264 35 19 att
703 1261 37 21 till
759 1261 43 21 sitt
819 1263 63 19 stora
900 1260 91 22 utskott

231 1296 131 29 hänskjuta
382 1296 67 22 äfven
469 1296 71 22 andra
559 1296 83 28 frågor,
662 1300 28 17 än
710 1295 48 21 dei
773 1295 39 27 57,
824 1296 32 20 60
866 1294 42 22 och
919 1295 30 21 61
962 1296 28 26 $$

233 1331 104 22 afsedda.
375 1330 58 21 Sker
460 1329 45 29 det,
532 1330 117 29 tillämpas
673 1329 207 29 bestämningarna
898 1329 8 21 i
925 1329 31 21 57
977 1329 13 26 $

233 1365 107 27 sälunda,
360 1368 34 18 att
413 1364 96 22 ärendet
526 1364 116 29 undergär
660 1364 83 21 endast
761 1364 41 21 tvä
821 1363 170 28 behandlingar

231 1399 46 22 och
297 1400 90 27 afgöres
406 1399 40 21 vid
465 1399 44 21 den
529 1398 71 22 andra
619 1399 23 21 af
661 1398 72 22 dessa.

302 1434 11 21 I
333 1433 91 27 ärende,
443 1441 49 14 som
512 1433 21 29 ej
551 1433 109 21 förvisats
679 1433 36 21 till
735 1436 62 18 stora
816 1432 122 27 utskottet,
954 1432 38 21 mä

232 1468 147 29 landtdagen
397 1468 80 21 kunna
496 1467 90 22 besluta
606 1470 34 19 att
658 1467 129 22 detsamma
808 1467 60 21 skall
887 1466 106 29 undergä
