1086 1770
810 153 26 19 35

465 215 12 26 g
493 217 19 18 2.

178 272 31 19 Då
225 272 125 25 tjänsteman,
372 272 83 19 hvilken
474 273 65 19 blifvit
554 272 26 26 på
596 274 40 18 sätt
653 273 3 19 i
674 274 10 18 1
703 275 9 22 $
728 275 22 17 är
765 273 59 25 sagdt
838 273 28 18 af-

110 301 79 24 skedad,
205 301 42 19 åter
262 301 97 19 tillträder
374 301 32 20 sin
421 301 68 25 tjänst,
505 307 45 14 vare
565 301 44 22 den,
625 307 43 14 som
684 301 26 20 då
720 301 83 20 innehar
816 301 50 26 tjän-

110 332 51 21 sten,
181 329 82 25 skyldig
285 331 30 18 att
330 329 43 20 från
396 329 115 20 densamma
534 329 51 26 afgä,
600 330 59 19 äfven
677 336 32 13 om
725 330 39 19 han
780 330 64 19 blifvit
860 330 5 19 i

109 358 45 25 laga
169 358 85 25 ordning
270 358 31 19 till
317 358 87 25 tjänsten
420 359 105 19 utnämnd.

178 387 73 19 Finnes
267 387 34 18 vid
322 387 33 19 det
377 387 134 26 ämbetsverk,
529 393 42 14 som
592 386 40 21 den
647 387 106 20 afskedade
770 387 96 23 tillhörde,

109 415 53 24 flere,
178 421 42 14 som
236 415 83 20 bekläda
334 415 105 20 enahanda
454 415 91 26 tjänster,
561 422 46 13 vare
622 416 45 24 den,
683 422 42 13 som
742 419 69 17 senast
821 416 45 19 blif-

110 444 29 18 vit
154 444 30 19 till
200 444 31 19 sin
247 444 62 24 tjänst
324 444 104 24 utnämnd,
446 444 82 25 skyldig
543 447 29 17 att
588 445 49 19 först
651 444 49 20 vika.

466 508 10 23 $
493 508 18 19 3.

179 564 57 19 Hvad
252 564 6 19 i
274 564 33 25 lag
327 566 22 18 är
371 564 95 26 stadgadt
487 565 68 19 därom
577 567 30 17 att
628 565 126 19 innehafvare
777 565 20 19 af
813 565 53 19 vissa

111 593 84 25 tjänster
210 592 16 26 ej
242 592 33 20 må
291 595 48 17 utan
354 593 45 25 laga
414 593 123 25 ransakning
552 594 37 19 och
600 594 46 19 dom
657 594 91 19 beröfvas
759 594 107 24 desamma,

111 622 51 25 gälle
176 621 17 26 ej
210 621 4 20 i
230 621 55 26 fråga
298 627 32 14 om
346 622 126 25 tjänsteman,
487 622 80 20 hvilken
583 622 61 20 sedan
659 622 68 26 början
742 622 19 20 af
776 622 22 20 år
812 623 54 20 1903

111 651 36 19 och
169 651 42 19 före
233 651 127 19 utfärdandet
382 651 20 19 af
416 650 74 25 nådiga
504 651 114 20 manifestet
636 652 20 19 af
671 651 39 20 den
725 652 13 19 4
753 651 114 20 November

112 680 54 19 1905
181 679 66 19 blifvit
262 679 20 19 af
297 679 93 25 obehörig
406 679 119 26 myndighet
541 680 48 19 eller
604 682 48 17 utan
663 680 79 25 förslag,
749 680 35 19 der
795 680 72 20 sådant

110 708 63 25 enligt
188 707 33 25 lag
239 708 43 19 bort
297 710 109 23 upprättas,
422 708 29 19 till
472 708 87 25 tjänsten
570 709 103 24 utnämnd,
684 711 48 17 utan
743 709 50 19 skall
804 708 62 20 sådan

111 736 62 25 tjänst
187 737 6 18 i
208 736 45 26 laga
268 737 86 24 ordning
368 736 134 21 återbesättas
523 737 48 20 eller
585 737 37 20 ock
636 737 6 19 i
658 737 159 20 förekommande
832 737 34 19 fall

113 766 9 18 1
141 766 10 23 $
168 765 108 26 tillämpas.

468 830 9 23 8
494 830 19 18 4.

179 885 134 26 Tjänsteman,
328 892 42 13 som
387 885 26 26 pä
434 886 66 24 grund
515 886 20 19 af
550 886 12 20 2
578 886 48 20 eller
642 887 12 19 3
672 888 10 22 $
698 886 43 20 från
756 886 32 20 sin
804 886 63 25 tjänst

110 914 61 25 afgär,
187 914 50 20 skall
253 914 80 26 åtnjuta
347 914 25 20 de
386 914 120 25 rättigheter
521 915 38 19 och
575 921 46 13 vara
629 915 135 20 underkastad
774 915 24 19 de
812 914 54 26 skyl-

110 942 95 25 digheter,
229 949 43 13 som
295 943 63 25 enligt
380 944 12 18 2
408 943 38 19 och
463 944 11 18 7
492 944 23 24 $$
532 944 6 19 i
550 943 74 25 nädiga
636 944 142 24 förordningen
793 944 20 19 af
828 944 39 19 den

109 972 12 18 3
141 971 93 19 Februari
258 972 54 20 1868
334 972 110 19 tillkomma
467 972 87 20 ämbets-
576 972 37 20 och
637 972 129 26 tjänstemän,
788 972 78 20 hvilkas

109 1000 134 25 befattningar
257 1000 100 26 indragas.

177 1028 42 25 Lag
235 1035 76 13 samma
334 1035 46 13 vare
403 1029 122 19 beträffande
541 1029 118 25 obehörigen
676 1030 93 19 afskedad
784 1030 83 24 tjänste-

108 1063 47 13 man
171 1057 35 19 där
221 1057 40 19 han
277 1058 44 19 icke
336 1058 52 19 inom
404 1058 38 19 den
458 1058 6 18 i
482 1058 9 19 1
511 1059 10 23 $
538 1058 95 25 stadgade
649 1058 29 20 tid
694 1060 35 24 gör
744 1058 86 26 anspråk
843 1057 25 26 pä

108 1088 29 16 att
159 1085 62 20 återfå
243 1086 95 25 tjänsten.
368 1086 40 20 Gör
429 1086 40 19 han
493 1086 72 20 sådant
586 1086 88 26 anspråk
694 1087 97 25 gällande,
810 1086 57 26 njute

108 1114 77 20 ändock
200 1114 39 20 den
255 1117 40 17 rätt
311 1115 12 19 2
341 1116 9 23 $
366 1115 6 19 i
388 1115 88 19 nämnda
491 1115 117 25 förordning
624 1116 81 24 stadgar
720 1116 29 19 till
766 1116 46 19 dess
828 1116 39 18 han

108 1144 6 18 i
131 1142 87 26 tjänsten
235 1142 42 21 äter
292 1143 93 20 inträder.

463 1207 10 24 8
490 1207 19 19 5.

178 1263 139 25 Stadgandena
340 1264 5 18 i
368 1264 65 19 denna
455 1264 116 25 förordning
592 1266 36 23 äga
650 1264 44 20 icke
713 1264 127 26 tillämpning
856 1264 11 20 &

111 1291 65 19 sådan
191 1292 5 18 i
213 1292 10 19 1
242 1292 10 24 &
269 1292 113 22 omnämnd,
404 1292 45 20 från
466 1292 89 26 tjänsten
571 1295 48 17 utan
634 1292 45 26 laga
694 1293 122 25 ransakning
830 1293 38 19 och

108 1320 46 18 dom
172 1320 58 25 skiljä
246 1320 126 25 tjänsteman,
388 1320 81 20 hvilken
485 1321 111 19 emellertid
615 1322 104 24 emottagit
734 1327 64 14 annan
815 1322 52 18 ordi-

108 1349 54 18 narie
178 1348 129 25 statstjänsto.

177 1377 111 19 Senaattori
299 1375 109 27 Stählberg
418 1377 61 25 yhtyi
491 1377 110 21 Senaattori
612 1378 117 25 Nyberghin
739 1378 128 20 lausuntoon.

178 1405 110 20 Senaattori
301 1406 95 24 Kyander
410 1406 26 20 oli
453 1412 68 14 samaa
529 1407 67 19 mieltä
604 1407 49 19 kuin
662 1406 112 20 Senaattori
783 1407 83 19 Schildt.

178 1434 119 20 Senaattorit
318 1434 81 20 Donner
412 1434 20 26 ja
447 1435 66 19 Lilius
537 1435 61 20 olivat
613 1435 105 25 kumpikin
733 1436 50 24 yhtä
800 1435 67 20 mieltä

109 1462 109 20 Senaattori
235 1462 117 26 Nyberghin
368 1463 79 19 kanssa.
