1086 1773
274 159 34 26 36

309 231 89 22 Finska
423 231 151 30 medborgare
602 240 44 22 ega
670 233 114 28 rättighet
808 235 36 20 att
862 235 57 20 utan
937 233 60 22 före-

239 265 91 30 gäende
347 266 107 22 tillständ
473 267 197 22 sammankomma
688 267 35 22 för
740 267 182 30 öfverläggning
934 267 8 22 i
955 267 41 22 all-

239 304 55 18 män
313 301 171 28 angelägenhet
501 301 74 22 eller
567 297 15 38 i
588 304 73 20 annat
679 302 77 28 lofligt
773 302 62 29 syfte
854 304 59 19 samt
931 301 65 23 bilda

238 335 137 29 föreningar
398 335 34 22 för
455 335 149 30 fullföljande
628 337 24 22 af
676 336 114 28 ändamäl,
809 344 48 14 som
882 337 20 29 ej
922 335 74 24 strida

239 372 50 19 mot
306 369 40 30 lag
363 369 57 22 eller
437 370 46 29 god
501 370 46 23 sed.

309 404 152 29 Stadganden
479 405 121 29 angående
619 405 63 22 hvad
700 405 40 22 vid
760 405 66 22 dessa
844 405 151 29 rättigheters

237 438 113 29 utöfning
373 439 118 28 iakttagas
516 439 42 22 bör
582 439 67 22 skola
674 439 104 22 utfärdas
797 440 8 21 i
823 439 45 23 den
886 440 108 29 ordning,

236 479 51 16 som
305 473 74 30 gäller
396 474 36 22 för
449 474 113 22 stiftande
580 475 24 21 af
622 474 86 22 allmän
727 474 45 29 lag.

584 561 30 22 13
628 562 20 26 8.

306 623 66 23 Efter
399 624 40 22 det
465 624 66 23 Hans
557 624 133 29 Kejserliga
717 625 109 28 Majostät
850 625 8 21 i
876 625 117 22 öfverens-

234 659 133 21 stämmelse
392 658 51 23 med
468 659 86 29 nädiga
576 659 135 22 manifestet
729 659 23 22 af
770 658 44 23 den
833 659 17 22 4
868 659 125 22 november

239 693 65 22 1905
329 693 37 22 till
390 694 59 21 Värt
472 693 133 29 antagande
627 693 154 22 öfverlämnat
800 693 72 30 nädig
889 694 103 29 proposi-

234 727 53 22 tion
306 727 119 30 angående
449 728 101 29 ändring
568 729 23 21 af
612 729 30 21 10
661 729 13 26 8
693 729 8 21 i
719 727 167 30 förordningen
905 728 23 22 af
947 728 44 22 den

236 762 31 21 31
288 770 61 14 mars
377 763 64 22 1879
461 770 36 15 om
523 763 147 29 näringarne,
699 763 70 22 hafva
796 762 30 22 Vi
844 763 36 21 uti
908 762 84 23 under-

233 795 76 31 dänig
335 798 123 21 skrifvelse
485 798 23 21 af
532 797 44 22 den
603 798 31 21 29
653 797 107 22 sistlidne
778 798 52 28 juni
848 797 89 22 anmält
956 800 36 19 att

234 830 38 28 Vi,
291 831 73 23 under
388 832 120 22 uttalande
527 832 23 22 af
568 834 36 20 att
622 832 166 28 förordningen
807 832 23 21 af
849 832 45 21 den
913 832 13 21 2
946 832 43 29 juli

236 865 67 23 1900
322 874 37 15 om
382 866 97 23 handels
502 866 104 23 idkande
624 867 24 22 af
665 866 70 29 ryska
753 866 142 29 infödingar,
913 867 76 21 säsom

232 902 60 21 utan
311 901 142 22 Ständernas
472 901 142 22 medverkan
633 901 152 28 tillkommen,
804 901 52 22 icke
875 904 38 26 egt
926 901 63 22 kraft

233 935 25 22 af
275 935 47 29 lag,
345 935 106 30 godkänt
477 935 40 22 det
540 936 8 21 i
566 935 46 22 den
639 935 86 29 nådiga
752 935 173 29 propositionen
954 936 35 21 in-

232 969 92 29 gående
341 970 264 29 författningsförslaget
623 969 52 23 med
694 970 28 21 de
735 969 127 30 ändringar
880 969 43 23 och
943 970 45 21 till-

232 1003 57 30 lägg
308 1004 48 23 Vär
373 1005 152 22 förenämnda
542 1005 123 22 skrifvelse
683 1004 135 23 innehäller.

580 1103 30 21 14
623 1103 20 26 8.

303 1165 76 22 Sedan
407 1165 65 22 Hans
499 1165 133 30 Kejserliga
654 1165 110 30 Majestät
782 1165 8 22 i
808 1164 72 29 nådig
904 1173 83 21 propo-

230 1199 73 22 sition
331 1199 37 22 till
397 1199 60 22 Värt
486 1200 132 29 antagande
648 1200 155 22 öfverlämnat
832 1199 88 29 förslag
949 1199 38 22 till

232 1233 198 30 tryckfrihetslag,
449 1234 71 22 hafva
543 1234 30 22 Vi
591 1235 36 21 uti
645 1233 122 23 skrifvelse
785 1233 24 22 af
827 1233 44 22 den
892 1234 13 21 3
924 1237 63 18 näst-

229 1267 73 22 vikne
330 1269 92 28 augusti
449 1268 169 29 underdänigst
644 1269 94 27 anmält,
758 1270 35 20 att
817 1268 28 21 de
869 1268 35 22 uti
927 1269 60 21 före-

229 1302 105 22 varande
358 1302 86 29 nådiga
467 1303 144 29 proposition
634 1303 37 22 till
690 1303 42 22 Oss
750 1302 173 23 öfverlämnade
941 1303 45 21 för-

228 1335 84 30 slagen
331 1337 37 21 till
386 1337 190 29 tryckfrihetslag
594 1337 43 22 och
655 1337 38 22 till
710 1337 40 28 lag
765 1336 161 23 innefattande
939 1337 46 22 till-

228 1370 59 30 lägg
313 1371 36 22 till
379 1372 30 21 16
428 1372 99 29 kapitlet
554 1372 143 29 Strafflagen
721 1371 80 22 blifvit
826 1371 23 22 af
873 1371 42 22 Oss
933 1371 52 22 med

228 1405 65 22 vissa
311 1405 126 29 ändringar
455 1408 103 27 antagna
575 1407 8 21 i
599 1406 45 22 den
662 1406 89 29 lydelse
769 1405 49 22 Vär
835 1405 150 23 förenämnda

227 1439 125 23 skrifvelse
370 1440 95 23 utvisar.
