1084 1767
240 150 29 21 36
459 151 29 23 U.
505 152 27 22 B.
551 165 25 3 —
592 152 75 28 Prop.
684 152 42 23 N:o
742 152 36 23 17.

603 477 32 22 II.

310 545 11 22 I
345 545 112 30 följande
482 545 110 29 punkter
616 547 78 22 hafva
719 547 205 22 undertecknade
944 547 53 22 icke

240 580 98 22 kunnat
356 579 87 24 förena
463 581 39 29 sig
521 587 40 16 om
580 581 135 23 utskottets
734 581 107 30 förslag:

590 656 13 29 s
623 657 23 22 5.

311 707 40 22 Uti
379 707 6 29 $
406 708 13 21 5
440 707 150 23 bestämmes
611 709 35 21 att
664 707 67 23 finsk
751 714 58 15 man
828 707 60 22 eller
901 707 94 22 kvinna

239 741 65 22 skall
329 741 76 22 hafva
430 742 56 29 fyllt
509 742 30 22 21
562 742 28 22 är
608 742 40 22 för
666 744 36 20 att
719 742 26 23 fä
765 742 99 22 tillhöra
884 748 30 15 en
933 741 63 22 före-

239 776 70 29 ning,
338 775 102 23 hvilken
459 776 120 29 fullföljer
598 778 34 21 ett
651 777 113 28 politiskt
782 777 73 28 syfte.
893 776 103 22 Motivet

239 810 40 22 för
304 817 30 15 en
359 811 70 28 dylik
454 811 160 29 bestämning
638 811 49 22 kan
713 811 130 29 själffallet
861 811 54 22 icke
934 817 61 16 vara

240 845 81 28 nägot
347 847 77 20 annat
452 846 31 21 än
503 852 30 15 en
552 846 98 21 önskan
671 847 35 21 att
725 845 57 23 frän
802 845 101 28 politisk
922 845 73 22 värk-

241 879 97 22 samhet
356 879 109 23 utesluta
484 886 129 22 personer,
633 880 86 22 hvilka
738 880 8 22 i
761 880 85 29 regeln
861 880 67 21 ännu
941 879 54 22 icke

239 913 108 28 uppnätt
371 914 48 22 den
445 915 141 28 mogenhet,
612 921 53 16 som
690 915 80 22 borde
788 915 91 28 utgöra
898 921 31 15 en
947 913 47 23 för-

240 948 138 29 atsättning
403 948 38 23 för
466 949 80 22 sådan
570 949 170 26 värksamhet,
764 950 65 21 samt
847 950 36 21 att
904 948 90 23 hindra

239 983 36 21 att
302 983 170 29 minderäriga
497 983 36 22 tili
557 983 80 22 skada
662 983 38 22 för
725 984 38 22 sin
789 983 149 28 uppfostran
959 983 35 22 in-

238 1016 95 29 dragas
351 1017 7 22 i
377 1017 32 22 de
427 1017 118 29 politiska
564 1018 132 22 striderna.

308 1051 82 22 Ocksä
416 1052 203 22 undertecknade
644 1052 56 22 dela
725 1051 36 23 till
786 1051 60 22 fullo
865 1051 49 22 den
933 1058 60 22 upp-

237 1085 148 30 fattningen,
405 1088 35 21 att
462 1093 30 16 en
512 1087 52 22 viss
583 1087 90 28 stadga
692 1087 7 22 i
718 1086 144 23 erfarenhet
880 1086 46 22 och
945 1093 48 15 om-

238 1119 74 23 döme
331 1120 79 23 borde
429 1121 91 28 utgöra
539 1123 35 20 ett
592 1121 82 22 vilkor
692 1121 40 22 för
750 1120 101 29 politisk
865 1121 128 22 värksam-

237 1154 51 27 het,
308 1161 31 16 en
358 1155 99 29 stadga,
477 1162 52 15 som
554 1155 52 22 ofta
632 1155 93 22 saknas
751 1155 46 22 hos
822 1155 65 26 dem,
907 1155 85 22 hvilka

240 1189 68 22 ännu
342 1189 54 22 icke
427 1189 108 29 uppnätt
564 1189 259 30 myndighetsäldern.
864 1189 57 22 Men
951 1189 42 22 det

237 1223 72 22 torde
337 1223 62 22 böra
426 1224 112 28 beaktas,
564 1224 54 22 dels
638 1225 34 21 att
690 1225 47 21 här
763 1223 21 29 ej
810 1224 27 21 är
857 1223 73 29 fräga
953 1230 38 15 om

238 1257 146 23 tilldelande
410 1258 25 22 af
457 1258 80 29 några
562 1258 183 29 befogenheter
768 1258 36 22 uti
823 1257 113 30 politiskt
959 1257 33 23 af-

237 1292 100 26 seende,
363 1292 46 22 och
434 1293 53 22 dels
513 1294 35 21 att
566 1293 32 22 de
620 1293 174 22 restriktioner
817 1293 47 22 här
887 1292 105 22 föreslås

236 1325 129 30 knappast
389 1327 44 23 äro
455 1327 98 29 egnade
573 1329 35 21 att
626 1327 121 23 befordra
766 1327 43 23 det
827 1326 105 24 afsedda
951 1327 41 22 än-

236 1360 110 23 damålet
365 1374 32 2 —
416 1368 104 16 snarare
539 1362 116 23 tvärtom.

306 1395 11 22 I
341 1396 190 28 propositionen
556 1396 64 22 talas
644 1403 40 15 om
710 1396 132 29 »förening
866 1396 57 22 med
941 1396 51 22 sär-

236 1429 66 23 skild
326 1430 101 29 uppgift
453 1432 34 21 att
512 1430 107 23 invärka
638 1431 32 28 på
690 1430 132 29 offentliga
842 1430 149 29 angelägen-

236 1463 93 27 heter»,
363 1464 97 23 hvilket
484 1465 100 29 uttryck
610 1465 25 22 af
658 1465 123 23 utskottet
806 1464 96 29 utbytts
927 1466 65 20 emot

304 1507 132 23 Lagutskottets
449 1508 109 18 betänkande
570 1508 37 18 N:o
619 1509 18 17 2.
