1081 1761
323 142 21 22 U.
363 142 21 22 B.
401 154 28 2 —
447 142 61 28 Prop.
525 142 36 22 N:o
577 142 30 22 16.
821 142 26 20 17

97 208 105 20 damöter
224 208 55 20 eller
297 208 52 20 dess
369 208 140 21 ordförande
533 208 124 27 föreligger.
699 208 46 20 För
765 207 83 21 undvi-

98 244 76 20 kande
191 244 25 20 af
230 244 161 20 missförstånd
408 245 65 19 torde
487 244 88 27 jämväl
592 244 34 21 till
643 245 13 25 &
674 244 55 21 böra
742 244 63 26 fogas
818 246 31 18 ett

98 280 126 26 stadgande
249 280 79 20 därom
354 282 32 18 att
410 280 77 21 såsom
512 280 102 21 ledamot
630 280 6 20 i
655 280 85 20 hofrätt
757 286 67 14 anses
842 280 6 19 i

98 316 76 19 denna
199 316 35 26 lag
252 316 66 20 äfven
336 316 127 20 hofrättens
481 316 174 27 vicepresident,
673 317 41 19 där
731 322 27 14 en
777 315 72 21 sådan

100 351 80 20 finnes.

172 531 76 28 Enligt
279 532 6 20 8
316 531 7 28 8
346 532 6 20 i
377 532 43 20 den
446 532 53 20 nåd.
517 532 175 27 propositionen
709 532 92 27 stadgas
818 533 31 19 att

100 568 44 20 den
169 568 112 20 särskilda
306 568 130 20 domstolen
460 569 59 25 äger,
537 569 53 20 med
607 568 147 26 tillämpning
771 568 25 20 af
810 568 40 20 all-

101 604 54 20 män
172 604 42 26 lag,
231 604 54 20 dom
303 604 6 20 i
327 604 71 20 saken
415 604 67 26 gifva.
501 604 90 20 Domen
608 604 45 20 kan
671 604 98 20 sålunda
786 604 64 20 inne-

102 640 56 20 fatta
180 640 63 20 säväl
263 640 67 20 straff
345 646 49 14 som
413 640 148 20 skadeständ.
593 640 38 20 Att
647 640 137 20 densamma
801 640 51 20 icke

103 675 33 20 fär
153 675 151 27 öfverklagas,
322 676 25 20 är
363 676 153 26 uttryckligen
534 676 111 26 stadgadt.

174 711 191 27 Formuleringen
383 712 25 20 af
422 712 76 20 denna
516 712 13 25 8
542 712 79 26 skiljer
631 712 34 26 sig
677 712 50 20 från
739 711 111 21 Senatens

102 748 84 25 förslag
202 753 83 20 genom
303 749 30 18 ett
349 747 78 26 tillägg
443 747 25 20 af
483 748 101 20 innehäll
603 750 32 17 att
646 748 43 19 den
703 748 84 20 dömde
799 749 53 24 äger

102 784 43 19 rätt
162 785 32 18 att
210 783 42 20 hos
271 783 64 20 Hans
353 783 105 27 Majestät
475 784 88 20 ansöka
581 790 38 14 om
632 783 51 21 näd.
710 783 140 27 Härigenom

101 819 42 20 har
160 819 82 20 endast
259 819 93 20 uttalats
369 819 60 20 hvad
444 819 68 20 äfven
524 819 54 26 eljes
591 819 5 20 i
608 821 23 25 ty
645 819 39 20 fall
696 819 75 20 skulle
782 819 69 20 hafva

103 855 54 26 gällt
174 855 29 27 pä
220 855 73 26 grund
311 855 24 20 af
350 855 44 20 den
412 855 128 21 Monarken
559 855 70 27 enligt
645 855 178 27 grundlagarna,
840 855 13 20 9

101 890 15 28 8
132 891 6 19 i
156 891 214 27 Regeringsformen
388 891 25 20 af
427 892 26 20 är
472 892 55 20 1772
537 892 101 26 jämförd
652 891 52 21 med
717 891 136 26 Förenings-

102 927 43 20 och
163 926 193 21 Säkerhetsakten
374 927 25 20 af
413 927 25 20 är
457 928 64 25 1789,
538 927 178 21 tillkommande
735 928 73 19 rätten
822 928 32 19 att

100 963 6 19 i
133 963 45 20 alla
203 963 45 20 mål
266 963 109 26 ätergifva
393 963 31 24 lif,
447 964 39 19 ära
503 964 44 20 och
564 963 34 20 till
615 964 90 20 kronan
724 962 131 21 förverkadt

99 998 63 27 gods.

176 1034 132 21 Emellertid
326 1035 42 20 har
382 1035 64 20 inom
460 1035 115 21 Utskottet
586 1035 138 21 framhållits
736 1037 32 18 att
779 1035 7 20 i
798 1035 56 20 hän-

104 1071 62 20 delse
183 1070 220 28 benädningsrätten
419 1073 65 25 toges
501 1071 5 20 i
525 1071 101 27 anspräk
643 1072 60 19 ända
720 1071 89 20 därhän
824 1072 31 19 att

107 1107 44 20 den
169 1107 124 20 eventuellt
309 1107 78 20 kunde
405 1107 120 21 föranleda
541 1107 34 20 till
593 1109 31 18 att
636 1106 141 28 äfven?dom,
790 1107 63 20 hvar-

106 1142 91 27 igenom
223 1143 198 27 styrelseledamot
443 1143 78 21 dömts
539 1143 35 20 sin
591 1143 70 26 tjänst
678 1143 110 26 förlustig,
805 1142 51 21 icke

104 1178 76 21 skulle
213 1179 143 25 verkställas,
391 1179 274 26 ansvarighetsinstitutet
704 1179 49 20 icke
778 1179 78 26 längre

101 1214 95 20 komme
220 1216 32 18 att
276 1214 62 21 bilda
368 1215 76 26 någon
478 1215 51 20 fullt
553 1215 93 20 effektiv
671 1214 184 21 konstitutionell

103 1250 96 26 garanti.
233 1251 8 19 I
262 1250 124 27 anledning
414 1251 69 20 häraf
505 1251 42 20 har
573 1250 140 27 exempelvis
729 1250 7 21 i
753 1250 103 30 Sveriges

102 1286 106 26 gällande
232 1286 175 27 regeringsform
428 1285 52 29 (102
497 1285 20 29 8)
543 1287 115 26 upptagits
681 1288 30 19 ett
731 1286 126 27 stadgande

104 1322 81 20 därom
203 1324 33 18 att
252 1322 141 21 Monarkens
411 1322 45 21 nåd
476 1323 49 20 icke
543 1323 37 20 må
605 1323 91 20 sträcka
713 1322 33 27 sig
762 1322 33 20 till
813 1322 44 20 den

102 1358 98 20 dömdes
216 1358 180 20 återinsättande
413 1358 6 20 i
437 1358 71 21 rikets
525 1358 76 27 tjänst.
618 1354 71 24 Äfven
702 1358 6 20 i
719 1358 52 20 flere
783 1357 73 20 andra

103 1393 93 21 länders
216 1394 161 26 författningar
395 1394 43 20 har
457 1394 276 26 ansvarighetsinstitutet
748 1393 109 27 antingen

102 1429 48 20 helt
161 1430 45 19 och
218 1429 71 21 hållet
299 1430 150 26 undantagits
461 1430 50 20 från
528 1430 38 20 det
581 1430 101 25 område,
695 1429 63 20 öfver
769 1429 89 20 hvilket

104 1464 220 27 benådningsrätten
359 1466 104 20 sträcker
490 1466 40 26 sig,
563 1466 53 20 eller
648 1466 43 19 ock
715 1465 143 26 stadganden

749 1506 12 18 2
