1084 1761
214 146 28 21 24
435 146 29 22 U.
481 146 27 22 B.
527 159 23 2 —
569 146 72 28 Prop.
659 146 43 22 N:o
718 146 36 21 15.

214 217 132 29 skriftligen
370 217 56 22 eller
449 218 131 28 muntligen
608 217 78 23 riktad
710 216 78 23 direkt
815 216 37 22 till
882 216 89 22 enhvar

214 252 24 22 af
262 252 149 28 deltagarene
430 252 117 22 särskildt.
583 252 51 22 Den
653 252 46 22 kan
719 250 88 30 jämväl
825 250 28 22 til
880 250 89 22 formen

215 294 56 14 vara
298 286 120 29 kollektiv,
446 287 61 21 blott
531 286 45 22 den
604 286 105 29 tydligen
728 290 26 17 är
778 284 78 23 riktad
875 285 37 21 till
930 285 40 21 be-

214 320 91 22 stämda
331 328 115 21 personer.
483 321 42 22 Om
553 323 16 19 t
597 329 34 13 ex.
655 328 83 21 genom
758 327 28 14 en
805 326 89 15 annons
913 319 56 22 eller

214 355 144 28 kringburen
386 355 54 22 lista
467 355 109 29 samtliga
603 355 148 22 medlemmar
775 354 24 22 af
817 361 28 14 en
863 353 106 22 bestämd

214 389 108 28 förening
341 389 73 22 kallas
432 390 37 22 till
488 397 29 14 en
541 389 186 28 sammankomst,
747 391 57 20 utan
824 390 35 20 att
882 388 88 21 enhvar

214 424 8 21 i
250 423 113 22 kallelsen
396 424 110 22 särskildt
538 428 102 24 nämnes,
669 425 25 21 sä
720 424 73 21 måste
821 422 149 29 deltagarene

215 458 61 22 dock
294 466 66 14 anses
378 459 74 22 såsom
470 459 148 29 personligen
637 458 120 29 inbjudna,
778 457 96 22 emedan
890 457 27 21 de
931 461 39 17 äro

215 493 150 22 förtecknade
383 493 8 22 i
409 493 149 28 föreningens
571 492 216 29 medlemslängder,
801 491 43 22 och
857 491 112 22 kallelsen

214 527 64 29 förty
292 527 9 22 i
319 527 83 30 själfva
415 528 82 21 verket
510 528 66 28 ågått
588 527 120 22 bestämda
720 534 117 22 personer,
850 533 37 14 om
899 526 72 21 också

214 562 52 21 icke
286 562 88 22 enhvar
392 563 23 21 af
433 562 52 22 dem
504 562 112 22 särskildt
629 561 159 29 namngifvits.
808 561 45 21 Till
864 560 105 29 förtydli-

214 596 80 28 gande
312 596 24 22 af
354 596 64 22 detta
436 596 189 22 sakförhållande
644 596 42 22 har
704 595 100 23 särskild
823 595 148 28 bestämning

214 630 85 22 införts
323 631 8 21 i
356 630 75 23 denna
456 631 114 29 paragraf.
590 644 32 3 —
641 631 12 21 I
674 631 71 28 öfrigt
770 630 42 21 har
830 629 115 22 utskottet
963 629 8 21 i

218 665 65 21 detta
302 667 101 20 moment
420 665 103 29 vidtagit
541 673 28 14 en
588 665 90 22 mindre
696 664 110 23 stilistisk
825 663 105 29 ändring.

158 697 54 28 28.
287 699 42 22 Uti
353 700 13 21 2
392 707 66 15 mom.
484 700 13 21 2
516 701 13 26 8
555 700 23 22 af
596 699 270 30 propositionsförslaget
881 698 62 28 ingå,
962 697 8 21 i

216 734 168 29 sammanhang
405 734 51 22 med
475 734 176 22 föreskrifterna
669 742 36 14 om
722 733 64 23 hvad
804 732 41 22 vid
863 732 107 22 anmälan

216 775 36 14 om
271 769 181 21 sammankomst
470 769 60 21 skall
546 769 125 28 iakttagas,
684 768 176 28 bestämningar
872 766 99 23 rörande

214 802 168 29 behörigheten
401 805 35 20 att
453 803 140 22 föranstalta
611 803 85 22 allmän
715 801 188 24 sammankomst.
928 801 43 27 Dä,

215 837 30 28 pä
268 839 47 19 sätt
333 837 70 22 ofvan
420 837 147 25 framhällits,
585 837 116 22 utskottet
719 839 78 20 ansett
815 835 156 28 anmälnings-

215 871 165 29 skyldigheten
410 872 56 22 böra
495 872 140 21 inskränkas
665 871 37 21 till
728 870 209 23 sammankomster
963 869 8 21 i

214 905 53 22 stad
287 906 13 21 &
318 906 85 21 allmän
430 906 61 29 plats
515 906 74 21 under
608 906 41 21 bar
667 905 101 27 himmel,
787 905 42 21 har
848 904 39 22 det
905 906 65 26 synts

214 940 116 22 utskottet
348 940 52 22 icke
417 948 57 14 vara
492 940 108 29 lämpligt
618 942 35 20 att
671 940 8 21 i
691 939 160 29 nyssnämnda
863 938 108 29 paragraf

215 974 119 22 bibehålla
352 974 140 28 stadgandet
506 982 35 14 om
560 974 139 29 behörighet
711 976 35 20 att
758 972 155 24 öfverhufvud
926 973 44 21 för-

214 1008 104 22 anstalta
336 1009 85 21 allmän
440 1010 186 27 sammankomst,
647 1011 57 20 utan
723 1009 42 21 har
784 1008 135 26 detsamma,
937 1008 34 20 sä-

214 1050 49 14 som
289 1043 102 22 hörande
415 1043 36 22 till
476 1044 28 21 de
528 1043 193 30 grundläggande
739 1041 233 29 bestämningarna
956 1037 18 40 i

214 1077 160 29 lagförslaget,
392 1078 84 22 införts
494 1080 74 20 säsom
587 1086 28 14 en
635 1078 98 22 särskild
751 1076 111 30 paragraf
881 1076 39 28 (2).

284 1112 54 22 Med
357 1112 108 22 afseende
482 1113 12 21 &
508 1112 166 29 behörigheten
687 1114 35 20 att
734 1111 139 23 föranstalta
886 1110 86 22 allmän

214 1146 182 22 sammankomst
414 1146 42 22 har
474 1148 127 21 utskottets
619 1146 77 22 flertal
714 1146 79 22 funnit
805 1145 52 22 skäl
870 1148 35 19 att
917 1148 56 26 göra

214 1182 90 19 tvänne
324 1181 124 21 afvikelser
466 1181 51 22 frän
537 1181 181 29 propositionen.
754 1180 53 21 Den
827 1187 43 14 ena
888 1179 84 21 hänför

214 1214 37 28 sig
269 1215 37 21 till
324 1215 148 22 föreskriften
492 1218 34 19 att
545 1215 163 22 föranstaltare
727 1214 165 28 ovillkorligen
913 1213 59 22 skall

214 1256 57 14 vara
298 1249 104 22 bosatt
395 1245 16 37 i
424 1249 44 22 den
494 1252 42 26 ort,
561 1249 94 22 hvarest
678 1249 212 22 sammankomsten
919 1255 53 21 eger

214 1290 58 14 rum.
309 1283 71 22 Detta
398 1284 42 21 har
458 1284 118 22 befunnits
592 1283 123 30 olämpligt
727 1283 112 22 särskildt
851 1282 52 22 med
916 1281 57 22 hän-

214 1317 49 22 sikt
281 1317 37 22 till
336 1318 146 29 föredragare
501 1322 60 18 samt
578 1326 115 21 personer,
712 1325 48 15 som
779 1317 59 29 vilja
856 1316 117 29 uppstäila

214 1351 37 29 sig
270 1352 74 22 säsom
364 1352 138 22 kandidater
515 1353 35 22 för
562 1351 259 30 landtdagsmannaval,
836 1351 43 22 och
892 1351 81 21 hvilka

214 1386 7 21 i
241 1386 73 22 sädan
333 1387 117 29 egenskap
469 1388 73 21 önska
562 1387 86 22 besöka
666 1387 54 22 flere
733 1389 70 20 orter.
831 1386 73 21 Dessa
917 1392 55 14 vore

214 1421 119 28 nämligen
358 1421 74 29 enligt
456 1423 172 27 propositionen
651 1424 106 26 tvungna
776 1423 37 19 att
831 1421 6 20 i
857 1420 28 21 de
905 1422 68 24 orter,

284 1464 130 22 Lagutskottets
426 1464 110 18 betänkande
549 1465 37 16 N:o
599 1465 17 17 3.
