1084 1764
235 146 27 21 18
465 147 22 23 U.
504 147 23 22 B.
544 159 28 3 —
590 147 61 27 Prop.
669 147 35 22 N:o
720 146 30 22 16.

231 212 89 26 införts,
337 212 79 22 hvilka
437 213 7 21 i
462 213 72 21 likhet
553 214 53 20 med
623 214 38 20 det
677 213 105 26 anförda,
799 212 74 28 åsyfta
885 215 32 18 att
925 213 56 21 före-

231 248 73 27 bygga
321 249 38 20 det
375 249 210 24 missförhällande,
602 256 49 14 som
669 250 68 20 ofvan
756 250 99 26 antydts.

304 285 156 21 Erkännande
477 285 79 21 vikten
574 285 25 21 af
613 287 32 19 att
662 286 44 20 den
724 285 129 27 föreslagna
865 285 116 27 ansvarig-

232 320 117 28 hetslagen
368 321 72 21 blefve
458 322 169 26 kompletterad
646 321 52 21 med
715 328 27 14 en
760 321 117 21 föreskrift
893 321 25 20 af
930 321 51 20 ifrä-

231 357 131 25 gavarande
379 358 47 26 slag
446 358 43 20 har
506 358 123 26 Utskottet,
647 357 55 21 efter
718 357 153 27 omröstning,
888 357 93 21 beslutit

231 392 93 21 förorda
349 399 28 14 en
402 394 164 20 motsvarande
591 394 98 26 ändring
706 394 24 20 af
744 394 44 20 den
807 393 52 21 näd.
878 393 102 27 proposi-

230 428 86 27 tionen,
326 429 128 27 hvarjämte
471 429 37 21 det
525 430 119 20 befunnits
661 429 143 27 nödvändigt
820 431 32 19 att
864 429 5 20 i
882 430 13 25 &
907 428 73 21 införa

230 466 31 18 ett
277 464 126 28 stadgande
426 466 99 20 rörande
552 466 180 20 verkställandet
749 466 25 20 af
788 466 43 19 den
849 465 6 20 i
874 466 10 19 7
902 464 14 28 &
932 471 48 14 om-

229 500 114 22 förmälda
360 502 134 27 lottningen.

303 640 77 26 Enligt
396 641 13 20 9
424 639 15 29 &
456 641 22 20 at
495 640 145 27 lagförslaget
656 640 83 21 förstås
757 640 43 20 här
809 639 51 21 med
874 639 104 28 styrelse-

229 676 128 20 ledamöter
373 676 111 21 Senatens
500 677 192 20 viceordförande
709 676 44 21 och
771 675 133 21 ledamöter.

301 712 43 20 Det
368 713 42 19 har
434 714 65 25 synts
519 713 116 20 Utskottet
654 713 24 20 af
708 713 83 20 största
810 711 117 27 betydelse
946 713 32 18 att

228 747 45 21 den
291 748 42 27 lag,
351 748 67 21 hvars
436 748 109 21 stiftande
567 749 6 20 i
595 748 44 21 den
657 748 54 21 nåd.
728 747 176 28 propositionen
921 747 56 21 före-

228 783 54 27 slås,
298 784 116 27 tillämpas
431 784 29 27 på
477 785 44 20 alla
534 785 27 20 de
573 784 154 26 ämbetsmän,
739 783 25 21 af
774 783 92 21 hvilkas
877 784 100 26 görande

228 819 45 21 och
297 820 92 21 låtande
406 820 213 27 upprätthållandet
635 820 25 21 af
675 820 107 27 laglighet
799 819 38 21 vid
854 819 122 27 styrelsens

228 855 181 22 handhafvande
436 856 74 21 beror.
551 856 44 20 Till
619 856 67 21 dessa
711 855 73 21 måste
811 855 166 26 otvifvelaktigt

227 891 111 21 hänföras
356 892 155 27 prokuratorn
528 892 7 20 i
553 892 124 27 Kejserliga
694 892 106 21 Senaten.

299 927 30 21 Af
347 928 37 20 det
397 929 59 31 sätt,
474 928 87 27 hvarpå
579 929 154 26 prokuratorn
751 928 109 20 handhar
876 927 37 20 sitt
930 929 46 18 äm-

226 963 59 26 bete,
310 964 67 20 beror
401 964 7 20 i
434 964 112 27 väsentlig
570 964 54 20 mån
650 964 97 21 känslan
770 964 25 20 af
814 964 163 20 rättssäkerhet

225 999 66 21 inom
316 1000 128 20 samhället.
478 1000 42 20 Det
545 1006 53 14 vore
623 1000 70 27 enligt
718 1000 128 21 Utskottets
862 999 114 27 enhälliga

225 1035 70 21 tanke
319 1042 28 14 en
372 1036 112 26 väsentlig
508 1036 57 20 brist
590 1036 6 20 i
621 1036 227 27 ansvarighetslagen
870 1042 38 14 om
925 1035 52 20 dess

227 1071 145 27 stadganden
389 1072 51 20 icke
457 1072 73 20 skulle
547 1072 130 20 utsträckas
693 1072 34 20 till
745 1071 168 27 prokuratorns
929 1072 47 19 äm-

225 1106 207 22 betsvärksamhet.

298 1143 63 21 Enär
378 1144 191 26 föredragningen
587 1144 24 20 af
628 1144 76 20 finska
721 1144 98 20 ärender
840 1143 42 20 hos
901 1142 74 28 Kejsa-

224 1185 41 14 ren
282 1179 44 21 och
349 1179 140 21 Storfursten
518 1181 26 19 är
567 1186 28 14 en
623 1179 211 27 ämbetshandling,
856 1185 49 15 som
922 1179 54 20 hän-

225 1214 36 20 för
278 1215 33 27 sig
336 1215 33 21 till
394 1216 112 20 Finlands
530 1216 102 26 styrelse,
657 1216 43 20 har
721 1216 115 20 Utskottet
852 1216 75 19 ansett
944 1214 32 27 sig

223 1250 57 21 böra
305 1251 83 21 föreslå
412 1254 32 18 att
469 1252 88 26 jämväl
584 1251 322 21 ministerstatssekreteraren
932 1250 43 21 och

223 1286 61 21 hans
308 1287 89 27 adjoint
420 1288 70 20 måtte
510 1288 131 26 inbegripas
659 1288 73 20 under
749 1287 137 27 stadgandet
903 1286 6 20 i
926 1287 12 19 9
955 1287 19 25 8.

223 1322 36 20 En
285 1322 63 27 dylik
375 1324 136 26 utvidgning
535 1324 25 20 af
579 1324 175 26 ifrågavarande
771 1323 13 25 $
801 1322 108 21 framstår
925 1329 49 14 som

222 1358 135 28 nödvändig
389 1359 7 20 i
431 1360 152 20 betraktande
615 1360 67 20 däraf
708 1362 32 18 att
776 1358 200 27 styrelseätgärder

221 1394 106 27 vidtagas
341 1395 66 21 äfven
417 1397 56 19 utan
482 1398 33 18 att
524 1396 99 20 Senaten
637 1395 151 21 därförinnan
802 1396 56 19 satts
870 1394 6 21 i
888 1394 87 21 tillfälle

221 1431 34 19 att
271 1430 8 20 i
295 1431 94 20 ärendet
411 1431 71 21 utlåta
501 1432 33 26 sig
551 1432 54 20 eller
622 1433 57 25 ägna
697 1432 130 20 detsamma
845 1431 75 26 någon
938 1430 36 20 be-

221 1466 104 27 redning.
