1103 1795
263 165 27 19 88
599 163 25 21 I

232 231 108 30 görelsen
363 231 35 22 2af'
409 231 45 22 don
470 233 12 21 5
497 231 130 22 December
644 233 60 27 1798,
720 231 122 30 angående
857 231 75 29 nagra
947 241 47 12 vu-

233 270 168 30 ständigheter,
425 279 50 14 som
495 271 58 22 böra
568 271 125 29 iakttagas,
710 271 30 22 dä
756 271 237 28 äktenskapsskilnad

232 311 69 21 sökes
323 311 31 28 pä
376 311 77 29 grund
469 311 27 22 af
511 314 9 19 1
538 313 13 26 8
569 313 25 20 13
610 311 53 29 kap.
681 311 27 22 G.
724 311 28 22 B.
782 311 123 22 Ehuruväl
919 311 74 29 sagda

232 351 142 29 kungörelse
396 352 52 21 icke
472 351 78 22 direkt
572 352 64 21 afser
660 351 333 29 äktenskapsskilnadsansök-

232 391 87 29 ningar
334 391 9 22 i
359 391 147 30 dispensväg,
529 399 69 21 synes
618 392 135 22 densamma
768 391 61 22 dock
844 391 84 22 härvid
943 391 9 21 i
967 392 26 21 sä

233 432 75 21 mätto
328 432 134 29 tillämplig,
478 434 36 19 att
529 432 51 21 deri
595 432 54 21 med
663 432 68 21 klara
746 432 44 21 och
801 430 137 29 otvetydiga
949 431 42 21 ord

232 471 145 28 framhälles,
393 471 40 22 det
454 472 82 28 lagens
560 472 62 22 anda
644 472 44 21 och
703 472 97 28 mening
823 475 31 24 är,
870 471 59 22 atti
945 471 47 22 alla

234 512 82 29 frägor
332 519 37 14 om
385 512 237 29 äktenskapsskilnad
638 513 166 28 sorgfällighet
818 512 44 22 bör
877 513 26 21 af
911 512 81 22 veder-

233 552 106 21 börande
353 553 165 28 myndigheter
534 561 72 20 egnas
621 553 208 28 undersökningen
844 553 26 20 af
880 552 45 21 den
935 559 58 22 upp-

232 592 69 28 gifna
317 592 217 22 skilnadsorsakens
550 593 108 29 verkliga
672 593 170 22 beskaffenhet.

303 632 70 22 Hvad
395 640 32 13 nu
450 633 131 21 emellertid
604 633 147 22 vidkommer
770 633 40 21 det
825 632 118 21 härintills
959 632 35 21 in-

233 672 84 29 slagna
333 673 147 21 förfarandet
499 673 41 21 vid
555 673 146 28 beviljandet
717 673 27 21 af
757 672 236 29 äktenskapsskilnad

233 713 9 20 i
259 712 148 29 dispensväg,
430 713 67 21 torde
520 713 51 21 dess
595 713 78 22 bättre
695 713 54 22 med
772 712 150 28 temmeligen
945 714 49 19 stor

234 752 91 22 visshet
347 753 80 21 kunna
449 755 102 26 utsägas,
568 755 36 19 att
625 754 73 27 nägot
720 753 118 22 missbruk
853 752 140 21 derutinnan

234 792 53 21 icke
311 794 39 27 egt
373 800 57 21 rum,
446 793 8 21 i
470 793 40 21 det
532 793 105 28 sålunda,
660 793 73 22 bland
749 795 78 26 annat,
843 792 52 21 icke
911 791 83 22 enbart

234 840 30 13 en
287 833 27 21 af
334 833 173 28 presterskapet
529 833 125 22 meddelad
676 833 101 28 varning
800 833 49 28 mig
863 832 130 28 veterligen

234 872 117 29 någonsin
367 875 88 19 ansetts
471 873 121 27 tillfyllest
608 873 38 21 för
660 872 179 29 medgifvandet
854 872 26 21 af
894 872 45 21 den
953 879 41 14 an-

235 912 69 21 sökta
323 912 129 22 skilnaden.
483 913 123 21 Fastmera
622 920 69 21 synas
707 913 82 28 dylika
805 912 101 21 ärenden
921 911 73 22 hafva

234 952 83 21 blifvit
339 952 134 29 handlagda
495 953 53 22 med
571 953 116 28 tillbörlig
702 953 154 28 försigtighet
871 952 43 21 och
929 959 65 22 sorg-

234 992 117 29 fällighet,
376 992 43 22 och
442 993 84 22 sädant
546 993 43 22 har
605 993 70 22 äfven
690 993 62 21 varit
767 992 158 23 förhällandet
940 991 54 22 med

235 1033 28 20 de
285 1033 26 21 af
329 1033 155 28 domkapitlet
506 1034 122 28 påpekade
650 1033 80 22 fallen.
761 1033 47 22 Vid
826 1033 47 21 den
890 1033 104 21 förbere-

234 1073 77 22 dande
337 1073 181 29 handläggning
538 1073 42 29 jag
604 1073 89 29 egnade
720 1073 46 22 den
788 1073 28 22 af
838 1073 156 28 domkapitlet

234 1113 147 28 uppkastade
400 1114 90 28 frägan,
508 1114 82 22 dervid
606 1114 42 29 jag
663 1114 61 21 hade
739 1113 37 22 till
798 1113 76 22 hands
896 1113 43 21 och
955 1120 39 21 ge-

234 1153 112 29 nomgick
365 1154 111 29 samtliga
495 1155 29 21 de
542 1154 147 29 handlingar,
706 1161 50 14 som
771 1153 65 29 legat
858 1153 37 22 till
917 1153 78 29 grund

235 1193 38 21 för
292 1193 134 30 Kejserliga
445 1194 115 22 Senatens
578 1195 36 21 uti
636 1193 167 29 domkapitlets
822 1193 173 22 ofvanberörda

234 1233 153 30 förteckning
409 1235 105 28 antydda
535 1235 161 28 resolutioner,
716 1233 82 22 visade
817 1233 40 22 det
876 1233 36 28 sig
930 1241 65 14 nem-

234 1273 66 29 ligen
324 1275 41 27 att,
383 1276 66 20 utom
464 1277 36 19 att
515 1275 143 21 ätminstone
673 1274 36 22 uti
724 1275 40 20 tvä
780 1274 27 21 af
820 1273 29 22 de
864 1273 53 22 utaf
931 1273 63 22 dom-

234 1313 102 29 kapitlet
358 1314 117 29 uppgifna
492 1315 79 21 nitton
589 1315 74 21 fallen
681 1314 101 29 varning
797 1313 65 22 inför
876 1313 118 28 kyrkoräd

234 1354 106 28 föregätt
356 1354 45 22 den
411 1354 118 28 beviljade
540 1353 274 29 äktenskapsskilnaden,
826 1353 74 21 ehuru
910 1352 86 22 sädant

235 1393 118 22 mähända
371 1394 52 21 icke
441 1401 28 14 ur
489 1394 29 22 de
532 1394 139 22 meddelade
685 1393 187 22 resolutionerna
887 1393 108 29 tydligen

234 1433 123 29 framgått,
373 1434 35 21 uti
424 1434 46 21 alla
482 1434 28 21 de
520 1435 78 28 öfriga
608 1434 90 29 sjutton
708 1434 74 21 fallen
794 1433 201 28 omständigheter

235 1473 45 22 vuh
295 1473 166 23 förhållanden
477 1475 139 28 förebragts,
633 1474 81 23 hvilka
729 1473 134 29 uppenbart
872 1473 73 28 gifvit
954 1473 41 22 vid
