1103 1795
216 175 14 20 4
360 173 30 22 U.
406 173 27 22 B.
449 185 28 4 —
492 173 30 22 H.
539 173 25 22 F.
581 173 94 22 Antells
691 173 142 28 samlingar.

216 243 62 20 mark
295 244 50 19 utav
360 243 66 26 ränta,
441 242 111 28 angäende
568 242 88 21 hviiken
665 243 8 20 i
683 242 53 27 följd
751 242 21 21 af
783 242 77 27 vägrad
870 242 108 27 betaining

216 283 86 20 process
322 276 70 27 pägär,
412 278 55 19 samt
482 283 25 14 en
524 277 85 20 fordran
626 276 27 27 pä
668 276 40 21 200
725 276 59 21 mark
799 276 7 20 i
822 283 88 14 numera
926 283 51 20 upp-

217 311 54 20 lösta
288 310 94 21 »Torneä
397 310 274 28 ängfartygs-aktiebolag<,
687 310 86 21 hvilken
784 311 5 20 i
802 311 51 26 följd
868 311 21 20 af
905 313 73 18 ersätt-

217 344 162 28 ningsanspräk,
400 351 44 14 som
461 345 21 20 af
497 351 70 14 annan
584 351 76 21 person
677 343 73 22 väckts
766 347 43 18 mot
825 345 88 26 bolaget,
930 345 47 20 icke

217 379 83 20 kunnat
315 379 31 20 till
363 379 97 27 beloppet
476 379 114 20 fastställas
606 379 39 20 och
660 378 110 21 utbetalas.

287 413 102 27 Samtliga
407 414 7 20 i
433 413 335 27 bouppteckningsinstrumentet
787 413 138 21 omformälda
941 414 36 21 ob-

218 448 117 27 ligationer,
351 448 68 20 aktier
440 448 40 20 och
502 448 66 26 öfriga
592 448 152 20 värdeföremäl
766 448 67 25 hafva,
848 448 32 20 för
895 448 23 20 sä
934 448 44 21 vidt

217 482 27 21 de
259 482 48 21 icke
322 481 32 21 till
370 483 225 25 testamentstagarena
606 481 69 20 direkt
690 481 156 26 öfverlemnats,
854 482 124 25 realiserats,

217 517 40 20 och
282 516 57 21 detta
361 516 60 21 öfver
436 516 82 20 hufvud
534 516 49 21 med
600 518 30 18 ett
644 516 33 20 för
693 515 48 22 boet
756 516 137 27 synnerligen
909 523 68 20 gynn-

217 552 56 19 samt
294 550 93 21 resultat.
417 550 104 21 Särskildt
541 550 101 27 förtjenar
661 552 31 19 att
707 550 98 27 päpekas,
822 552 29 19 att
867 550 35 20 vid
917 550 60 21 reali-

217 585 73 27 sering
305 585 21 20 af
342 585 49 20 boet
405 585 107 26 tillhöriga
527 584 69 21 aktier
610 584 79 20 influtit
699 585 48 26 Za
759 584 119 27 1,731,489:
887 585 27 20 03
925 585 52 20 hvil-

217 618 38 21 ket
277 618 75 27 belopp
374 618 61 21 alltså
456 619 49 20 med
529 619 47 26 9
593 618 137 25 476,249:03
746 618 124 27 öfverstiger
892 618 35 21 det
943 619 34 20 vid

217 652 202 28 bouppteckningen
437 655 106 25 upptagna
559 653 79 20 värdet.
814 646 4 5 i

289 687 81 20 Genom
394 687 54 20 hvad
472 687 34 20 vid
530 687 149 20 realisationen
703 687 89 20 sålunda
815 687 78 20 influtit
913 687 64 26 jämte

217 723 74 19 räntor
305 721 39 21 och
361 721 129 26 dividender,
500 721 48 20 med
563 721 74 27 afdrag
649 722 20 19 af
681 721 49 26 gäld
742 721 38 20 och
791 720 121 27 afkortning
924 723 55 18 samt

219 755 111 27 utskylder
345 755 38 21 och
399 755 141 27 förvaltnings
556 755 119 25 kostnader,
692 755 37 20 har
744 755 40 20 den
798 757 180 25 testamentstaga-

217 796 53 15 rena
294 789 125 21 tillfallande
442 789 102 21 kontanta
567 789 149 28 behållningen
742 789 41 21 den
804 789 26 20 30
847 789 59 27 April
924 789 53 20 1898

218 823 89 28 uppgått
322 823 30 22 till
369 824 48 27 ny
433 823 163 27 2,360,127:58,
613 824 73 20 hvaraf
702 823 113 21 utbetalats
830 823 32 20 till

288 910 86 21 Fonden
391 910 32 20 för
439 910 193 21 nationalmuseum
669 926 3 3 .
704 926 3 3 .
738 926 4 3 .
758 909 48 27 Jag
823 909 114 26 1,060,000:
951 922 27 2 —

290 945 151 20 Universitetet
461 961 1 4 .
494 961 4 4 .
528 961 4 3 <
564 961 3 3 0
599 961 3 3 so
634 960 38 4 ss
703 960 39 4 soc
778 953 6 8 >
842 943 96 25 848,000:
951 956 27 1 —

289 979 64 20 Wasa
369 978 91 21 svenska
477 979 83 26 lyceum
600 995 3 3 =.
634 995 4 3 .
669 995 2 3 .
704 995 3 3 .
738 995 4 3 .
778 987 6 10 >
844 978 94 25 105,800:
953 990 25 2 —

288 1013 106 22 Nordiska
408 1016 83 17 museet
507 1013 5 20 i
528 1012 123 21 Stockholm
667 1029 4 4 .
702 1029 3 3 .
737 1029 3 3 .
776 1021 9 10 >
842 1012 95 27 146,523:
952 1024 27 3 —

288 1047 25 21 K.
330 1048 81 20 vitterh.
427 1047 47 20 hist.
490 1054 17 13 o.
519 1047 86 26 antigvi.
620 1047 125 20 akademien

323 1082 7 20 i
345 1081 122 21 Stockholm
496 1098 3 3 .
530 1098 3 3 .
565 1098 3 3 .
704 1097 38 4 o
778 1090 7 9 DM
843 1080 95 24 146,523:
952 1093 26 2 —

288 1115 200 27 Kammartjenaren
517 1115 35 21 Ch.
578 1115 101 28 Frangois
705 1115 34 27 (pä

323 1150 68 27 grund
407 1150 21 20 af
443 1150 201 21 Rädstufvurättens
654 1150 5 19 i
671 1149 66 21 Niko-

323 1184 73 21 laistad
414 1185 58 26 gifna
487 1184 75 27 utslag)
603 1201 3 3 =.
638 1201 3 3 .
672 1200 4 4 .
707 1201 3 3 .
741 1201 3 3 .
780 1193 8 9 >
857 1183 82 25 40,039:
951 1183 26 20 27

288 1219 141 26 Tjenarinnan
445 1218 22 21 L.
486 1218 100 21 Kloeckars
603 1235 3 3 .
638 1235 3 3 <
680 1235 1 3 0
707 1235 39 3 cc
781 1227 7 9 »
873 1217 66 26 5,000:
952 1229 27 2 —

289 1253 10 20 I
316 1253 47 20 boet
378 1253 137 20 innestående
531 1269 4 4 .
566 1270 3 3 .
601 1269 3 4 .
636 1269 3 4 .
740 1269 3 3 ;
780 1260 8 10 &
872 1251 105 25 8,242:
953 1247 28 33 31

655 1293 87 20 Summa
758 1293 48 26 %ryc
819 1291 116 26 2,360,127:
945 1292 33 23 58,

217 1379 42 20 och
279 1378 64 21 hafva
359 1378 171 21 undertecknade
546 1378 119 27 öfvertygat
681 1378 31 27 sig
729 1384 41 19 om,
785 1379 30 19 att
830 1376 147 27 fördelningen

219 1413 22 20 af
263 1413 189 27 kvarlätenskapen
476 1412 118 21 värkställts
612 1413 3 20 i
632 1419 109 20 noggrann
758 1411 219 21 öfverensstämmelse

219 1447 50 21 med
285 1449 144 19 testamentets
445 1447 163 27 bestämningar.

298 1527 142 17 Statsutskoltets
452 1527 110 17 betänkande
576 1527 37 16 N:o
626 1527 18 16 S.
