1111 1778
106 297 86 25 Kursen
202 304 27 23 på

111 328 55 31 ryskt
175 330 53 49 AE

144 362 52 22 mynt.

273 195 32 23 14

573 231 38 56 5
626 260 20 21 8.

316 304 133 22 Beträffande
466 305 39 21 den
521 305 163 28 öfverläggning,
700 311 45 16 som
759 305 36 21 vid
805 293 130 40 gemensamt
945 312 56 15 sam-

246 338 109 22 manträde
376 339 49 21 med
448 339 190 22 Bankdirektionen
660 336 40 24 den
721 340 28 21 22
766 339 92 22 Oktober
877 340 54 22 1897
947 340 52 27 egde

246 379 47 16 rum
315 373 107 28 angående
444 373 99 21 Bankens
561 374 119 26 noteringar
698 373 24 21 af
735 374 76 20 kursen
825 374 27 27 pä
866 374 59 27 ryskt
939 374 61 26 guld-

245 408 61 26 mynt
324 408 56 21 samt
394 408 41 21 den
450 408 72 21 dervid
537 408 88 27 träffade
641 408 216 26 öfverenskommelse,
873 408 31 21 ätt
917 408 82 28 inköps-

219 460 4 3 +
245 442 77 21 kursen
344 442 26 28 pä
393 442 66 28 dylikt
480 444 67 26 mynt,
566 449 45 15 som
630 442 102 22 derintills
751 443 93 21 noterats
859 442 33 22 till
906 444 93 26 myntets

108 732 84 19 Bankens
204 734 27 16 ut-

64 752 16 16 =
103 748 80 41 ländska
195 748 40 41 om-

139 789 48 19 bud.

245 476 108 28 parivärde
375 477 49 21 med
446 476 74 28 afdrag
538 477 23 21 af
577 478 25 26 1/3
617 475 31 27 %,
664 477 145 21 motsvarande
820 477 46 21 'den
878 477 120 22 'beräknade

245 511 115 21 kostnaden
379 510 32 22 för
425 512 94 26 myntets
534 511 130 28 omprägling
679 511 32 21 till
725 511 64 21 finskt
804 506 119 32 guldmynt,
937 512 62 21 fram-

246 545 56 21 deles
320 545 66 21 skulle
405 546 83 21 noteras
502 546 32 20 till
549 545 117 28 parivärdet
680 546 52 20 utan
746 537 121 41 förberörda
877 541 85 32 afdrag,
978 546 23 21 få

244 579 191 27 Bankfullmäktige
454 580 74 21 endast
542 580 86 21 hänvisa
643 580 33 20 till
690 580 55 20 hvad
760 580 123 27 protokollet
897 580 32 21 för
944 580 56 21 före-

245 613 92 22 nämnda
353 614 40 27 dag
408 614 71 22 derom
494 614 120 21 innehäller.

598 684 11 27 8
625 682 19 22 9.

312 728 31 28 Pä
361 725 157 31 framställning
540 728 23 22 af
582 728 190 27 Bankdirektionen
794 729 75 26 antogo
891 700 115 61 Panktull-

243 762 92 27 mäktige
353 763 40 21 den
413 763 13 21 2
440 763 60 27 April
520 763 53 21 1898
593 763 32 21 till
644 763 77 22 ombud
735 763 32 20 för
781 763 87 21 Banken
883 763 7 21 i
905 763 93 22 Amster-

243 797 49 21 dam
306 797 79 22 Herrar
398 797 103 28 Lippman
512 797 113 22 Rosenthal
637 797 17 22 &
665 797 36 22 C:o
716 798 72 21 samt
781 793 10 37 i
803 797 110 22 Bruxelles
926 797 74 22 Cr6dit

243 826 104 33 Lyonnais
362 832 26 27 pä
403 831 69 22 derför
486 833 97 20 närmare
598 831 86 28 angifna
697 832 70 21 vilkor.
834 850 4 1 -

306 866 46 21 "Till
372 866 78 21 ombud
469 866 7 21 i
494 867 95 20 utlandet
603 866 62 22 hafva
680 866 197 28 Bankfullmäktige,
891 849 36 46 på
934 867 66 26 fram-

218 902 2 3 *
243 900 100 27 ställning
365 900 23 21 af
406 900 141 27 Direktionen,
570 900 69 22 vidare
661 901 87 26 antagit,
771 901 41 21 den
831 900 14 22 9
863 901 58 28 April
941 901 57 22 1898

242 935 87 27 Banque
352 935 25 20 de
400 934 58 21 Paris
477 935 22 20 et
518 935 36 20 des
568 935 61 30 Pays
638 935 42 21 Bas
695 935 7 20 i
716 935 66 27 Paris,
799 935 40 22 den
855 936 12 21 7
882 935 41 28 Maj
941 936 58 21 1898

242 969 78 21 Herrar
338 969 78 21 Robert
435 969 137 21 Warschauer
591 969 16 22 &
625 969 36 22 C:o
679 969 7 20 i
704 969 71 22 Berlin
793 970 38 21 och
850 969 41 21 den
911 970 27 21 26
953 970 45 27 Maj

243 1003 55 22 1899.
313 1003 105 22 Deutsche
432 1003 60 21 Bank
507 1003 7 20 i
528 1003 80 26 Berlin,
615 1003 49 22 med
677 1003 72 22 hvilka
764 1003 79 22 banker
857 1000 38 25 och
911 999 87 26 bankir-

228 1043 2 3 *
240 1038 41 20 hus
295 1037 100 21 Finlands
408 1037 62 20 Bank
485 1037 64 21 redan
565 1033 93 31 tidigare,
674 1043 74 21 genom
759 1038 32 21 att
805 1039 130 26 gemensamt
945 1038 51 21 med

79 1297 4 2 +
101 1290 125 25 Kassörernes

104 1319 119 18 handkassor.

242 1071 47 21 dem
311 1070 101 22 förmedla.
433 1070 132 28 placeringen
583 1071 24 21 af
622 1071 136 21 statsverkets
774 1071 52 22 eller
848 1072 66 21 andra
927 1071 71 22 finska.

241 1104 165 27 obligationslän,
421 1104 57 22 trädt
492 1105 8 21 i
515 1105 193 22 affärsförbindelse.
727 1105 80 22 Härvid
823 1106 91 21 aftalade
930 1106 68 22 vilkor
1016 1108 2 2 '

241 1139 111 22 återfinnas
367 1139 7 20 i
388 1139 202 28 Bankfullmäktiges
606 1139 100 28 protokoll
720 1139 32 22 för
762 1141 93 20 nämnda
863 1140 66 27 dagar
940 1141 57 20 samt
1010 1163 2 2 -

240 1169 9 25 i
263 1173 25 21 de
303 1173 31 21 uti
349 1173 48 21 dem
412 1173 114 28 åberopade
541 1173 179 28 framställningar
736 1174 23 21 af
770 1174 141 22 Direktionen.

587 1243 8 26 s
615 1243 32 26 10.

268 1287 133 24 Emedan
416 1287 36 21 det
468 1287 75 28 belopp
558 1287 23 22 af
595 1283 91 32 150,000
700 1289 64 25 mark,
781 1295 45 14 som
841 1289 66 26 enligt
922 1289 84 24 derom
999 1279 10 40 .

235 1311 124 44 meddöladt
372 1321 138 21 förordnande
526 1323 61 25 högst
602 1322 39 21 fick
655 1322 83 21 innestä
753 1323 30 20 uti
793 1323 124 21 biträdande
927 1323 67 22 vexel-

238 1355 109 22 kassörens
362 1355 34 22 vid
411 1355 176 22 hufvudkontoret
601 1356 67 24 kassa,
685 1356 53 21 visat
753 1357 32 26 sig
799 1363 50 15 vara
859 1357 32 22 för
900 1357 92 22 rörelsen

238 1390 139 27 otillräckligt,
393 1389 62 21 hafva
469 1389 197 27 Bankfullmäktige,
682 1390 8 20 i
705 1390 46 21 stöd
767 1391 23 22 af
804 1391 11 26 8
872 1391 8 21 39:i
895 1391 111 27 gällande

238 1423 188 27 bankreglemente,
447 1423 41 21 den
503 1424 28 20 26
549 1419 119 34 September
682 1424 56 29 1898
757 1424 93 26 faststält
865 1425 35 21 det
917 1425 79 27 högsta.

237 1457 82 22 tillätna
337 1457 96 27 beloppet
451 1456 32 22 uti
505 1458 92 20 nämnda
615 1453 61 26 kassa
690 1458 33 22 till
737 1459 93 26 200,000
846 1449 64 40 mark,
923 1449 69 40 hvari-

237 1497 74 21 genom.
334 1490 87 22 sålunda
436 1491 101 21 Finlands
555 1491 70 22 Banks
640 1490 54 23 båda
709 1493 130 21 vexelkassor
854 1493 34 21 vid
902 1493 93 22 hufvud-

236 1523 95 33 kontoret
345 1524 128 22 beträffande
489 1525 61 21 deras
565 1526 148 28 kassabeständ
727 1519 68 41 blifvit
809 1519 103 41 likstälda.
