1103 1795
177 181 86 23 Ständ.
279 181 54 23 Skr.
345 195 26 2 —
382 182 105 21 XXXIII.
499 195 25 2 —
536 182 88 22 Bankf.
640 182 46 23 och
701 181 122 24 Bankrev.

395 559 107 23 Finlands
522 559 113 23 Ständers
657 559 129 24 skrifvelse
802 565 28 17 om
846 559 30 24 val

325 593 20 23 af
357 593 166 28 Bankfullmäktige
539 593 35 23 och
590 593 150 24 Bankrevisorer
754 593 57 28 jemte
827 600 49 22 sup-

325 627 85 29 pleanter
425 627 30 24 för
471 627 47 24 dem.

173 733 57 22 Till
248 733 135 23 Finlands
403 733 133 23 Ständers
553 733 269 30 Bankfullmäktige.

185 801 46 23 Till
252 802 132 22 kännedom
402 801 84 23 varder
503 802 217 29 Bankfullmäktige
738 802 137 29 härigenom

115 836 134 23 meddeladt
267 839 41 26 att,
321 836 30 23 dä
370 836 131 23 Ständerna
518 836 92 30 jemlikt
628 836 141 29 stadgandet
786 837 10 21 i
814 837 32 22 68
861 838 13 26 &

116 871 23 22 af
157 871 268 29 Landtdagsordningen
443 871 88 22 anstält
542 871 39 22 val
594 871 66 22 säväl
672 871 23 22 af
707 871 167 29 Fullmäktige,

115 906 36 22 för
169 908 36 19 att
221 905 82 22 utöfva
321 905 110 22 inseende
450 905 64 22 öfver
532 905 175 29 förvaltningen
724 905 23 22 af
759 905 115 22 Finlands

115 940 76 28 Bank,
213 942 60 20 samt
294 940 23 21 af
335 940 129 28 Revisorer,
478 940 41 25 för
538 942 35 20 att
590 940 99 22 förrätta
708 939 45 22 den
771 940 103 22 revision

115 975 111 21 Bankens
250 975 146 29 förvaltning
418 975 90 28 ärligen
529 975 43 21 bör
589 974 112 29 undergä,
721 982 49 14 som
788 975 44 21 ock
851 974 23 23 af

115 1009 154 29 suppleanter,
288 1009 36 22 för
343 1011 34 20 att
395 1009 41 22 vid
454 1009 122 22 inträffadt
596 1009 79 22 förfall
695 1009 82 28 intaga
794 1009 80 22 Bank-

114 1043 147 29 fullmäktigs
287 1043 57 22 eller
366 1043 110 22 Revisors
498 1043 69 29 plats,
590 1043 66 22 dessa
673 1043 41 22 val
732 1043 89 22 utfallit
838 1043 36 22 sä-

114 1077 73 22 lunda
205 1080 36 19 att
259 1077 81 23 dervid
358 1077 97 22 utsedde
474 1078 88 22 blifvit:

278 1179 68 22 inom
361 1178 181 28 Ridderskapet
558 1177 46 23 och
619 1177 90 23 Adeln:

184 1250 33 21 till
234 1250 198 27 Bankfullmäktig:
456 1248 327 23 Referendariesekreteraren
796 1248 8 21 i
816 1248 57 29 Kej-

114 1283 85 30 serliga
218 1283 102 22 Senaten
338 1284 36 21 för
392 1283 102 22 Finland
512 1283 99 22 Fredrik
630 1283 86 22 Gustaf
732 1283 55 21 Otto
800 1283 72 22 Selim

115 1318 136 29 Stjernvall;

183 1353 34 21 till
239 1353 65 27 förste
324 1352 325 28 Bankfullmäktigssuppleant:
676 1351 137 22 Professorn
830 1350 42 23 vid

113 1386 144 23 Alexanders
275 1386 176 28 Universitetet,
470 1386 65 22 Juris
553 1386 128 29 Utriusgue
695 1386 113 27 Doktorn,
821 1385 51 22 Fri-

113 1421 66 22 herre
197 1421 83 22 Rabbe
299 1421 60 22 Axel
377 1420 95 28 Wrede;

184 1457 33 20 till
239 1457 66 20 andre
325 1456 325 28 Bankfullmäktigssuppleant:
687 1454 158 23 Handlanden
863 1454 9 21 i

113 1489 149 30 Helsingfors
280 1490 60 22 Karl
357 1490 107 29 Hjalmar
482 1489 91 22 Fabian
592 1489 102 28 Schildt;
