1103 1795
128 635 41 23 88

91 660 77 17 Kursen
181 661 25 22 pä

89 684 55 21 ryskt
157 685 52 21 guld-

118 710 61 20 mynt.

133 750 42 22 9:09.

103 774 90 18 Bankens

110 798 78 17 ombud.

123 852 12 22 8
149 852 28 18 10.

83 877 130 17 Kassörernes

83 899 127 19 handkassor.

127 1002 39 16 Sn

87 1019 122 18 Arvodestillägg

82 1037 24 13 för
115 1037 92 17 tjenstemän

81 1055 28 13 och
115 1055 66 17 betjente
187 1056 26 13 vid

91 1073 83 14 kontoret
167 1065 8 32 i
185 1074 21 14 St.

97 1091 95 18 Petersburg,

121 1183 10 20 8
144 1182 27 18 12.

105 1207 86 17 Revisio-

81 1235 60 12 nerna
151 1231 5 16 i
164 1231 47 17 Ban-

125 1255 44 17 ken.

120 1361 11 23 $
145 1362 28 17 13.

86 1386 118 18 Inventerin-

125 1415 40 17 gar.

121 1476 12 22 g
147 1476 28 18 14

81 1499 125 23 Granskning

93 1524 20 17 af
125 1523 72 18 länerö-

113 1548 68 17 relsen.

230 183 27 19 22
492 182 24 23 U.
533 183 22 22 B.
573 197 27 3 —
617 185 105 22 XXXIII.

228 250 44 19 ken
288 251 32 18 att
335 251 8 18 i
358 252 106 18 särskilda
478 253 46 22 fall,
541 254 54 18 etter
606 252 212 27 Bankfulimäktiges
828 253 106 26 pröfning,
949 253 35 20 tili

229 284 100 21 Bankens
353 285 145 21 vexelkunder
518 287 84 26 erlägga
618 289 61 19 ränta
699 288 33 20 för
756 288 60 20 deras
832 289 28 26 pä
875 295 52 20 upp-
943 289 40 20 och

228 320 233 29 afskrifningsräkning
487 323 139 21 innestående
653 323 76 21 medel.
771 324 117 21 Utskottets
915 325 68 20 flertal

229 357 40 20 har
284 357 54 21 dock
355 359 101 20 omfattat
472 359 41 20 den
529 361 103 19 motsatta
647 360 88 26 äsigten,
752 362 32 18 att
800 360 103 20 Finlands
914 361 67 24 Bank,

229 394 72 20 säsom
324 395 172 27 monopoliserad
518 396 184 26 sedelutgifvande
726 396 64 24 bank,
816 396 65 21 borde
903 397 80 20 afhälla

228 430 33 25 sig
284 430 47 20 frän
355 431 29 20 all
407 432 120 26 uppläning
550 434 46 18 mot
619 434 66 22 ränta,
706 433 56 20 helst
784 432 108 20 dessutom
909 432 74 27 hvarje

229 465 119 28 insättning
369 468 13 19 &
404 474 53 19 upp-
481 468 39 19 och
547 468 231 26 afskrifningsräkning
802 469 52 19 ökar
883 468 99 20 Bankens

229 502 69 20 avista
313 503 141 20 förbindelser
470 504 40 20 och
534 505 90 19 sälunda
648 504 75 21 verkar
738 505 70 19 direkt
824 504 158 21 inskränkande

228 539 27 25 pä
276 539 99 20 Bankens
391 539 226 27 sedelutgifningsrätt.
650 541 10 19 I
677 541 94 26 enlighet
787 540 89 21 härmed
892 541 39 19 har
948 541 33 19 Ut-

228 574 81 21 skottet
332 577 75 23 ansett,
432 577 32 19 att
480 576 143 20 omförmälda
639 577 193 26 räntegodtgörelse
848 576 46 20 icke
910 576 71 20 vidare

228 609 66 21 borde
310 611 162 26 ifrägakomma.

302 659 40 20 Det
365 659 7 20 i
393 660 13 25 S
431 661 12 19 8
468 660 22 20 af
513 660 127 21 berättelsen
664 661 105 26 ingående
786 660 141 20 meddelande
944 660 37 20 har

227 693 48 20 ieke
291 694 106 22 föranledt
413 697 65 25 nägot
493 697 101 20 särskildt
610 697 111 20 uttalande
737 697 22 20 af
775 696 114 21 Utskottet.

301 738 30 20 De
347 738 8 19 i
371 737 129 21 berättelsen
510 738 144 21 omförmälda
667 745 42 20 nya
720 738 109 20 ombuden
842 745 63 19 synas
916 738 65 20 hafva

227 773 73 21 blifvit
315 775 93 24 antagna
424 774 180 26 hufvudsakligen
621 774 49 20 med
687 774 117 26 anledning
820 774 22 20 af
854 774 26 20 de
896 774 84 20 konsor-

227 810 122 25 tialaffärer,
367 810 7 19 i
390 810 74 20 hvilka
480 810 102 20 Finlands
599 810 61 20 Bank
676 810 50 20 med
743 810 50 20 dem
810 810 94 26 deltagit.

300 853 46 20 Den
369 852 79 27 ökning
471 853 22 19 af
508 853 75 26 högsta
599 853 106 26 beloppen
721 853 33 20 för
770 852 126 20 biträdande
913 852 67 20 vexel-

226 888 113 20 kassörens
355 888 36 21 vid
407 888 183 21 hufvudkontoret
606 888 112 21 äfvensom
734 889 135 20 kassörernes
883 888 34 20 vid
929 888 50 20 kon-

226 925 62 19 toren
312 925 7 19 i
342 925 150 24 Tammerfors,
517 925 80 26 Viborg
620 925 40 20 och
683 919 48 26 Äbo
755 924 139 25 handkassor,
911 931 45 13 som
974 924 6 20 i

227 960 129 21 berättelsen
365 962 132 23 omnämnes,
512 967 62 20 synes
587 961 65 20 hafva
663 961 54 20 varit
728 961 22 20 af
760 960 102 21 behofvet
873 960 106 27 päkallad.

300 1002 31 21 De
347 1003 28 26 pä
390 1003 69 26 grund
476 1003 22 20 af
513 1009 57 14 anm.
588 1003 12 20 5
617 1003 32 20 uti
665 1003 99 26 gällande
781 1004 43 19 stat
835 1003 32 19 för.
878 1002 103 20 Finlands

225 1038 63 20 Bank
312 1039 33 20 till
369 1040 173 26 tjenstemännen
569 1039 40 20 och
632 1038 96 28 betjente
751 1038 37 21 vid
812 1038 98 20 kontoret
914 1034 14 37 i
949 1038 29 20 St.

225 1074 127 27 Petersburg
373 1075 96 20 härintill
493 1075 108 26 utgängna
624 1075 164 25 arvodestilligg
813 1074 86 20 komme
915 1074 65 26 enligt

226 1110 37 20 det
279 1111 208 26 Bankfullmäktiges
498 1111 112 20 berättelse
627 1111 85 26 bilagda
728 1111 101 25 förslaget
844 1110 33 20 till
894 1117 29 19 ny
939 1111 42 18 stat

225 1147 32 19 att
274 1147 33 20 för
321 1147 117 20 framtiden
454 1147 105 20 bortfalla.

298 1189 190 20 Bankrevisorerne
511 1189 65 20 hafva
598 1189 8 20 i
626 1189 47 20 sina
688 1189 125 20 berättelser
829 1189 27 25 pä
872 1187 69 27 grund
957 1188 22 19 af

224 1225 43 20 den
291 1225 130 27 detaljerade
444 1225 130 26 granskning
590 1225 22 20 af
627 1225 97 20 bankens
740 1225 137 25 förvaltning,
895 1230 45 13 som
957 1225 22 18 af

225 1261 51 20 dem
285 1256 6 35 =
300 1261 128 24 verkställts,
449 1261 49 20 med
514 1261 118 26 synnerligt
648 1261 138 20 erkännande
802 1260 78 20 uttalat
896 1260 31 25 sig
943 1266 34 13 om

224 1297 101 20 Bankens
341 1297 86 25 skötsel,
442 1297 40 20 och
498 1297 64 20 hafva
577 1297 211 25 Banksfullmäktige
800 1297 27 26 pä
838 1296 68 26 grund
918 1295 61 20 häraf

224 1333 111 20 meddelat
350 1333 216 25 bankförvaltningen
582 1333 109 25 decharge.

298 1375 107 20 Utskottet
429 1375 39 20 har
490 1375 118 26 öfvertygat
632 1375 31 26 sig
679 1381 36 14 om
731 1376 32 19 att
779 1374 27 20 de
822 1373 156 26 inventeringar

224 1411 37 20 vid
279 1411 182 21 hufvudkontoret
477 1411 39 20 och
532 1411 233 26 afdelningskontoren,
783 1411 74 20 hvilka
868 1412 35 18 äro
919 1411 6 19 i
937 1411 40 25 gäl-

224 1447 66 20 lande
306 1447 128 26 reglemente
450 1447 132 24 föreskrifna,
600 1447 114 26 behörigen
731 1448 35 24 egt
783 1453 54 13 rum.

298 1487 76 16 Denna
389 1483 14 26 &
419 1483 96 26 päkailar
530 1483 54 20 intet
597 1483 112 20 uiläisude
726 1483 49 20 irän
796 1483 117 20 Uiskotteis
925 1482 52 20 sida.

298 1529 170 19 Bankutskottets
482 1529 126 18 betänkande
622 1529 36 18 N:o
671 1529 19 18 2.
