1103 1795
214 181 27 20 12
436 180 85 23 Ständ.
537 180 55 23 Skr.
608 194 27 2 —
651 181 104 22 XXXIIIL

563 293 29 21 51
614 293 20 26 8.

287 361 150 28 Tjenstemän
456 362 8 21 i
482 361 94 22 banken
596 365 48 18 äro:

286 395 41 22 vid
345 395 211 23 hufvudkontoret:

286 438 28 13 en
333 430 148 28 sekreterare,
500 438 29 13 en
548 430 158 27 ombudsman,
726 437 28 14 en
771 429 204 27 öfverkamrerare,

215 471 29 14 en
273 464 72 21 förste
372 465 138 27 kamrerare,
535 472 28 14 en
591 464 71 21 andre
689 464 137 27 kamrerare,
854 471 28 14 en
901 463 74 22 öfver-

216 498 89 28 kassör,
324 506 29 13 en
371 499 72 21 förste
462 499 86 27 kassör,
568 506 28 14 en
615 498 72 22 andre
705 498 87 28 kassör,
812 506 28 14 en
856 498 119 21 vexelkas-

217 536 44 24 sör,
281 540 28 14 en
327 533 144 28 registrator,
489 535 35 19 tre
544 533 63 22 äldre
626 533 43 21 och
687 533 47 21 fem
746 540 74 21 yngre
833 532 142 27 bokhållare,

217 567 120 22 äfvensom
365 568 30 28 på
423 571 65 18 extra
513 570 47 19 stat
587 568 40 21 två
648 567 138 22 biträdande
804 567 173 22 vexelkassörer

219 601 44 22 och
282 601 84 29 nödigt
385 602 64 21 antal
468 602 134 27 kanslister;

289 636 41 21 vid
349 636 258 29 afdelningskontoren:

289 671 100 21 förutom
417 678 27 14 en
472 670 231 28 bankkommissarie,
731 669 96 22 hvarom
854 670 8 21 i
887 670 13 21 9
920 671 13 25 $
952 673 25 18 är

219 705 77 29 sagdt,
324 712 28 13 en
381 705 81 22 kassör
488 707 66 26 samt,
578 705 40 21 der
636 704 110 22 behofvet
764 704 83 21 sådant
864 704 112 29 påkallar,

219 741 30 28 på
269 742 65 19 extra
362 742 59 19 stat:
441 747 27 14 en
488 739 139 22 biträdande
646 739 147 22 vexelkassör
812 739 117 21 äfvensom
948 746 28 14 en

218 775 58 20 eller
294 774 40 21 två
353 773 215 22 kontorsskrifvare.

567 900 31 21 52
618 900 19 27 8.

290 969 195 28 Tjenstemännen
501 969 40 21 vid
554 968 204 27 hufvudkontoret,
772 968 24 21 af
807 968 81 22 hvilka
901 969 76 21 sekre-

219 1006 92 19 teraren
339 1003 44 22 och
407 1003 200 22 ombudsmannen
630 1003 56 22 böra
709 1002 72 22 hafva
799 1003 126 28 ådagalagt
943 1003 34 21 in-

219 1038 49 29 sigt
295 1038 43 21 och
367 1037 132 22 erfarenhet
525 1038 9 21 i
559 1037 93 22 landets
678 1037 66 28 lagar
767 1037 43 22 och
831 1038 146 28 rättegångs-

219 1072 109 27 väsende,
356 1074 97 27 antagas
482 1072 43 21 och
552 1074 124 19 utnämnas
703 1071 23 22 af
753 1071 153 28 direktionen,
928 1079 49 14 som

219 1106 60 21 efter
305 1106 40 21 det
371 1107 103 28 tjensten
494 1107 62 21 varit
574 1105 117 30 kungjord
710 1105 37 22 till
766 1106 130 29 ansökning
914 1107 64 20 inom

218 1141 82 21 trettio
329 1141 78 28 dagar,
430 1143 124 19 utnämner
572 1141 44 21 den
636 1140 23 22 af
677 1140 139 27 sökandene,
836 1148 47 14 som
902 1140 75 22 direk-

220 1175 80 22 tionen
318 1175 74 22 finner
410 1175 38 22 till
467 1176 101 28 tjensten
591 1175 140 28 lämpligast.
768 1175 42 21 Om
829 1175 148 22 direktionen

218 1209 55 22 icke
306 1217 67 14 anser
407 1210 79 28 någon
519 1209 23 22 af
575 1209 52 22 dem
660 1209 36 22 för
729 1209 163 28 befattningen
922 1209 55 22 fullt

218 1244 106 28 lämplig,
352 1251 54 21 eger
433 1244 147 21 direktionen
599 1245 61 27 ånyo
679 1244 65 21 anslå
763 1244 101 28 tjensten
882 1243 37 22 till
937 1251 40 14 an-

219 1278 109 28 sökning.

289 1313 94 27 Kassör,
411 1312 140 22 biträdande
575 1313 150 21 vexelkassör
748 1312 43 22 och
813 1312 165 22 kontorsskrif-

219 1354 56 14 vare
303 1346 40 22 vid
371 1346 250 29 afdelningskontoren
646 1349 124 19 utnämnas
789 1346 23 22 af
831 1346 146 22 direktionen

219 1381 8 21 i
247 1380 122 23 enahanda
396 1381 107 28 ordning,
531 1388 49 15 som
607 1382 187 28 tjenstemännen
820 1380 41 22 vid
879 1380 99 22 hufvud-

219 1415 118 28 kontoret,
356 1416 59 21 efter
433 1415 41 22 det
490 1415 174 22 vederbörande
682 1415 223 22 bankkommissarie
923 1415 55 22 lem-

219 1453 56 18 nats
294 1450 91 21 tillfälle
405 1453 35 18 att
458 1452 64 27 yttra
541 1450 36 29 sig
596 1457 36 15 om
651 1450 143 22 sökandenes
813 1449 144 30 lämplighet.
