1103 1795
222 198 14 20 6
402 197 23 23 U.
442 197 23 23 B.
482 209 29 4 —
527 197 147 28 Längmanska
689 197 111 24 fonderna,

223 265 28 18 än
269 268 66 20 2,000
351 262 62 21 mark
429 262 30 21 till
476 262 118 21 utdelande
610 262 25 21 af
648 263 44 26 pris
712 262 33 21 för
766 263 165 28 vetenskapliga
947 270 31 14 ar-

223 299 78 26 beten;
323 299 41 20 och
381 299 39 20 har
435 305 27 14 en
478 297 69 22 sådan
563 299 126 26 minskning
712 299 24 20 af
749 299 228 27 Vetenskapssociete-

223 337 50 18 tens
289 334 78 27 anslag
382 337 62 24 synts
460 334 123 21 motiverad
604 334 83 27 jämväl
707 334 25 21 af
753 335 43 20 den
818 337 69 18 större
902 336 75 27 utsigt,

222 377 50 14 som
289 370 33 21 för
337 369 126 22 Societeten
480 370 114 20 förefinnes
611 373 32 17 att
659 370 32 20 för
707 370 51 21 dess
774 369 101 22 ändamål
898 370 80 21 erhålla

223 405 122 22 understöd
361 405 24 21 af
399 405 133 22 statsmedel.
564 405 109 28 Anslaget
694 406 31 20 till
747 406 160 28 Nyfilologiska
927 407 50 21 För-

223 442 96 27 eningen
334 442 40 20 har
390 442 114 21 Utskottet
519 444 72 18 ansett
606 442 73 20 kunna
691 442 102 27 indragas
810 442 41 20 och
867 443 111 20 understö-

224 478 39 20 det
279 474 22 24 åt
317 477 203 27 Turistföreningen
536 477 96 21 minskas
648 477 31 21 till
699 483 63 20 1,000
778 477 68 21 mark.
873 478 106 21 Däremot

224 513 42 20 har
281 513 116 21 Utskottet
412 512 61 21 hållit
490 513 51 25 före,
558 515 33 18 att
604 513 105 27 Kuopion
724 513 167 21 Isänmaallinen
910 513 68 22 Seura

222 550 53 20 med
291 549 103 20 afseende
410 548 13 21 å
439 550 50 19 dess
505 549 87 27 nyttiga
612 549 140 20 verksamhet
776 549 41 20 och
840 548 138 28 ådagalagda

224 585 126 27 lifaktighet
364 585 82 27 jämväl
462 592 29 13 nu
507 585 69 20 borde
598 585 50 20 med
672 585 120 20 understöd
815 584 161 28 ihågkommas;

223 620 44 21 och
290 619 29 28 på
343 621 66 20 ofvan
432 620 92 21 anförda
545 620 47 21 skäl
616 621 39 20 har
675 621 114 20 Utskottet
805 624 76 22 ansett,
903 623 32 18 att
951 627 26 14 en

223 663 87 14 summa
325 657 25 20 af
364 662 66 19 2,000
445 656 62 21 mark
522 657 69 20 borde
610 656 73 21 ställas
701 657 31 20 till
753 657 82 20 Finska
855 657 122 20 Litteratur-

224 692 131 27 sällskapets
371 692 129 27 förfogande
517 692 33 20 för
566 693 66 26 gratis
648 692 114 27 utdelning
778 693 25 20 af
816 692 84 21 skrifter
921 696 56 17 samt

223 731 34 18 att
277 728 82 20 Finska
378 727 321 28 Folkupplysningssällskapet
720 728 68 20 borde
804 727 121 21 bibehållas
940 728 37 20 vid

224 764 38 21 sitt
279 763 57 21 förra
352 763 82 27 anslag,
451 763 67 25 6,000
533 763 68 21 mark.
633 763 9 21 I
659 764 66 27 öfrigt
740 764 40 20 har
795 764 112 21 Utskottet
925 763 52 21 kun-

223 803 40 17 nat
286 799 133 21 understöda
442 799 209 27 Bankfullmäktiges
675 799 87 27 förslag,
787 799 57 20 dock
868 799 49 20 med
934 800 43 20 den

224 835 134 28 förändring,
375 838 32 18 att
423 835 27 20 de
466 835 30 20 till
512 835 114 27 utdelning
642 842 80 20 genom
739 835 99 21 Svenska
854 835 123 20 Litteratur-

223 871 121 27 sällskapet
359 873 7 19 i
382 871 92 20 Finland
490 871 42 20 och
547 871 82 20 Finska
640 871 236 27 Litteratursällskapet
886 871 91 20 afsedda

223 907 96 21 litterära
343 907 78 27 prisen,
446 907 68 26 enligt
532 907 125 20 Utskottets
673 907 63 27 åsigt,
754 907 69 20 borde
838 907 94 26 utgifvas
948 905 29 28 på

224 949 86 14 samma
325 945 44 18 sätt
385 949 47 14 som
448 943 81 20 hittills.

297 977 29 22 På
337 979 70 27 grund
419 978 23 21 af
450 978 38 21 det
498 978 91 21 anförda
597 977 32 22 får
637 979 125 20 Utskottets
771 979 112 20 vördsamt
891 977 84 26 föreslå,

511 1051 32 20 att
560 1049 125 22 Ständerna
700 1049 29 27 af
738 1050 24 21 de
773 1049 124 28 disponibla
907 1049 69 22 vinst-

439 1085 73 27 medel,
528 1085 74 21 hvilka
617 1086 41 20 den
675 1086 28 20 31
718 1085 115 22 December
847 1085 59 21 1899
916 1085 60 21 inne-

439 1121 59 21 stodo
506 1121 11 20 i
527 1121 153 28 Längmanska
697 1121 208 27 testamentsfonden
918 1121 56 21 Litt.

439 1157 35 26 B.,
494 1157 66 21 mätte
576 1159 36 26 jör
622 1157 172 21 nedannämnda
802 1156 106 28 samfund
921 1157 10 20 i
945 1158 29 19 ett

439 1195 36 26 för
483 1193 41 21 allt
538 1193 64 21 anslå
617 1193 97 28 följande
730 1193 80 28 belopp,
822 1193 111 28 nämligen
941 1192 36 27 för

440 1270 84 21 Finska
547 1271 261 27 Vetenekaps-societeten,

510 1308 33 19 att
553 1307 71 20 under
632 1307 103 27 perioden
746 1307 64 20 1900

511 1343 91 20 —1903
617 1343 84 20 utdelas
716 1348 47 15 som
776 1349 33 13 ve-

512 1378 134 27 tenskapliga
659 1378 50 27 pris
733 1395 1 4 .
766 1395 4 4 .
804 1395 4 4 .
826 1377 62 22 Fmk.
905 1378 72 26 2,000

442 1413 94 22 Societas
557 1421 42 20 pro
622 1414 71 27 fauna
714 1415 20 20 et
753 1413 56 28 flora

510 1449 89 28 fennica
647 1467 3 4 oo.
685 1467 4 4 .
724 1467 3 3 .
762 1467 4 3 .
801 1466 4 4 .
856 1457 8 11 »
906 1450 71 25 3,000

440 1485 178 28 Finsk-Ugriska
634 1485 123 28 Sällskapet
799 1502 3 4 =.
854 1493 8 11 »
904 1485 73 26 3,000

440 1521 84 21 Finska
539 1521 122 22 Historiska
679 1521 129 28 samfundet
856 1529 8 10 =»
904 1521 73 26 4,000

297 1568 140 18 Bankutskottet
449 1568 112 18 betänkande
573 1568 35 18 N:o
622 1569 16 17 6.
763 1563 2 2 |
