1111 1795
280 175 28 31 28

320 246 35 22 vid
373 246 95 21 kontoret
482 246 7 21 i
504 245 128 28 Björneborg
646 245 140 25 Handlanden
801 245 70 21 Johan
884 244 119 22 Ferdinand

252 281 103 27 Lojander
369 281 38 21 och
422 281 215 21 Justitierådmannen
651 280 68 21 Johan
735 279 63 22 Arvid
813 279 76 28 Hjorth
903 279 32 21 till
949 275 58 25 leda-

252 317 68 20 möter
333 316 64 21 samt
414 315 33 21 till
465 315 134 28 suppleanter
612 315 140 21 Vicekonsuln
766 314 62 31 Hugo
843 315 108 21 Rosenlew
966 315 39 21 och

252 350 202 22 Provincialläkaren
470 350 52 21 Karl
536 350 72 22 Petter
622 350 127 27 Malmgren;

320 390 36 23 vid
371 391 95 21 kontoret
481 391 7 20 i
502 390 94 22 Joensuu
610 390 136 27 Lagmannen
761 390 53 21 Karl
829 390 118 21 Woldemar
962 389 45 28 Ny-

238 425 61 23 .stén
321 425 39 21 och
377 425 183 21 Kommerserådet
578 424 89 21 Frithiof
684 424 107 28 Napoleon
806 424 153 29 Neppenström
974 424 34 21 till

252 459 117 21 ledamöter
383 459 55 21 samt
453 459 92 21 Rektorn
559 458 75 22 Daniel
648 458 52 22 Axel
715 458 67 22 Walle
794 458 38 21 och
842 458 165 27 Borgmästaren

252 494 70 21 Johan
336 492 73 23 Alfred
424 493 82 27 Nystén
521 493 32 21 till
568 492 143 28 suppleanter;

321 533 35 22 vid
377 533 96 21 kontoret
490 534 7 20 i
515 533 115 28 Jyväskylä
651 532 101 22 Hofrådet
771 532 64 22 Adolf
851 532 99 32 Wilhelm
965 539 40 15 von

254 568 120 28 Zveygberg
389 568 38 21 och
442 568 130 28 Apotekaren
586 568 66 22 Frans
665 568 108 27 Kiljander
784 568 32 21 till
826 568 115 22 ledamöter
951 568 58 21 samt

252 602 166 23 Forstmästaren
434 602 66 22 Oskar
515 602 103 22 Reinhold
632 602 97 27 Agricola
742 602 38 22 och
790 602 215 26 Kronolänsmannen,

254 636 242 28 Vicehäradshöfdingen
517 637 94 21 Theodor
629 636 86 22 Werner
733 637 67 21 Lilius
815 636 32 22 till
862 637 146 28 suppleanter;

322 677 34 21 vid
374 677 96 21 kontoret
484 677 8 20 i
506 677 69 21 Kotka
594 676 139 23 Vicekonsuln
748 677 50 21 Olaf
810 676 73 23 Bälow
897 674 38 24 och
950 677 59 21 Tull-

253 710 127 23 förvaltaren
402 712 65 20 Evald
490 711 119 25 Ferdinand
630 711 118 27 Lundqvist
765 711 33 21 till
816 711 116 21 ledamöter
951 714 58 18 samt

252 742 196 30 Konsularagenten
472 745 83 22 Gabriel
578 746 97 20 Wilhelm
699 745 103 22 Cadenius
825 745 38 21 och
880 745 126 27 Ingeniören

252 779 66 22 Frans
334 780 72 20 Alfred
421 779 67 22 Collin
503 780 33 21 till
551 780 144 31 suppleanter;

321 819 35 21 vid
377 819 96 21 kontoret
491 820 7 20 i
516 820 80 27 Kuopio
620 820 105 21 Kassören
746 820 70 21 Johan
838 820 107 23 Niskanen
967 820 39 21 och

252 853 288 29 Domkapitelssekreteraren
555 855 52 21 Karl
621 854 83 28 Augast
718 854 120 22 Herckman
848 854 33 22 till
890 854 118 22 ledamöter

252 889 55 20 samt
329 884 141 36 Handlanden
492 889 49 21 Carl
563 888 77 23 Gustaf
660 888 115 22 Grönholm
798 890 38 20 och
858 889 146 27 Kronofogden

254 922 92 22 Herman
360 923 87 22 Brunou
462 923 33 22 till
510 923 143 28 suppleanter;
844 922 2 2 i

321 963 35 21 vid
378 963 95 22 kontoret
490 964 8 21 i
517 957 128 28 Nikolaistaä
667 963 183 22 Kommerserädet
868 963 50 22 Carl
935 963 69 22 Johan

251 997 105 22 Hartman
376 996 39 23 och
432 998 163 27 Borgmästaren
614 997 78 22 Gustaf
707 994 72 25 Viktor
798 997 89 28 Cajanus
902 998 32 21 till
948 997 56 22 leda-

243 1032 76 25 möter
337 1033 56 20 samt
411 1032 139 22 Vicekonsuln
569 1032 68 27 Georg
652 1033 69 20 Bucht
736 1033 38 21 och
790 1029 216 26 Justitieräämannen

251 1066 52 21 Bror
317 1066 78 22 Balder
410 1066 100 22 Hemmer
526 1067 32 21 till
572 1067 144 28 suppleanter;

319 1101 35 21 vid
369 1101 95 21 kontoret
478 1101 8 21 i
501 1102 31 21 S:t
546 1101 78 22 Michel
638 1101 139 22 Handlanden
794 1101 48 22 Carl
856 1102 85 21 Fredrik
952 1103 65 20 Pön-
1011 1097 11 37 -

251 1135 63 23 dinen
336 1136 39 22 och
392 1136 214 22 Landssekreteraren
624 1131 136 33 Lagmannen
778 1127 54 42 Karl
845 1134 52 25 Axel
904 1137 101 22 'Norden-

252 1172 71 26 streng
337 1170 33 22 till
381 1171 119 21 ledamöter
514 1172 54 21 samt
577 1172 167 26 Baningeniören
756 1172 66 21 Oskar
832 1172 72 22 Albert
916 1172 88 21 Orrman

252 1206 38 22 och
312 1205 201 22 Provincialläkaren
535 1206 83 22 Herbed
641 1206 103 22 Gotthard
762 1206 116 23 Hällström
897 1207 32 21 till
944 1214 61 20 supp-

250 1239 90 26 leanter;

291 1291 3 1 -
320 1274 34 21 vid
375 1274 96 22 kontoret
488 1274 8 21 i
515 1274 113 22 Sordavala
646 1274 196 29 Häradshöfdingen
861 1276 52 21 Karl
929 1276 78 21 Gustaf

251 1308 57 28 Berg
326 1308 38 22 och
382 1308 101 22 Hofrädet
500 1309 117 21 Alexander
631 1304 82 26 Nikolai
728 1310 99 21 Hoffman
841 1310 33 21 till
888 1310 117 21 ledamöter

252 1343 55 25 samt
328 1342 205 21 Politierädmannen
550 1343 75 25 Daniel
643 1343 85 20 Tiainen
744 1344 37 20 och
798 1344 205 26 Seminariikollegan

253 1375 63 21 Taavi
331 1375 102 20 Lehtinen
449 1375 32 20 till
496 1376 141 27 suppleanter;

320 1409 36 22 vid
370 1409 96 21 kontoret
480 1409 7 21 i
502 1406 138 25 Tammerfors
650 1409 187 24 Kommunalrädet
847 1411 48 22 Carl
905 1411 99 22 Wilhelm

251 1437 107 29 Åkerlund
373 1444 38 21 och
426 1444 130 28 Apotekaren
571 1445 90 22 Thomas
671 1445 101 28 Clayhills
783 1445 31 23 till
824 1445 115 23 ledamöter
948 1447 56 21 samt

251 1478 153 22 Handlandene
421 1478 65 23 Gösta
497 1479 104 23 Sumelius
611 1479 38 23 och
659 1479 79 22 Fabian
748 1480 143 28 Klingendahl
900 1481 33 22 till
943 1488 61 21 supp-

250 1513 89 25 leanter;
354 1517 2 2 '
