1103 1795
223 188 29 20 14
488 186 29 23 U.
534 185 22 26 B,
572 198 28 3 -—
616 187 106 20 XXXIII.

221 253 163 26 omständighet
409 254 59 25 toges
491 253 8 20 i
522 252 140 21 betraktande
685 254 58 19 samt
769 254 32 19 att
824 254 63 19 äfven
910 252 69 20 under

221 289 149 27 nästföljande
393 288 188 26 landtdagsperiod
614 288 147 20 1900—1903
786 295 27 13 en
836 288 42 21 viss
900 288 35 20 del
957 288 22 19 af

223 325 101 20 Bankens
340 325 123 23 nettovinst,
481 324 71 20 denna
568 325 55 25 gäng
639 324 56 20 helst
712 331 25 13 en
754 324 110 27 tredjedel,
879 324 55 26 finge
945 324 33 20 till

222 361 154 20 reservfonden
391 361 80 26 ärligen
488 360 121 20 öfverföras.
642 359 43 21 Vid
701 360 153 26 föredragning
869 360 7 20 i
887 360 91 20 ständen

222 397 23 21 af
262 397 129 20 berättelsen
406 396 29 20 ha
450 396 110 26 angäende
576 396 72 20 denna
664 395 35 21 del
710 395 61 21 däraf
783 395 105 21 särskilda
897 397 80 25 yttran-

222 433 44 20 den
290 432 95 26 afgifvits
409 432 7 20 i
439 432 42 20 den
503 432 101 25 riktning,
630 434 31 17 att
684 432 100 20 Bankens
808 432 81 26 kapital
913 432 65 20 borde

221 468 119 21 förstärkas
363 468 7 20 i
391 468 70 26 nägon
477 469 65 18 större
560 468 51 19 män
627 469 27 18 än
671 467 91 20 sälunda
778 467 22 20 af
816 467 161 20 Bankfullmäk-

222 505 44 25 tige
286 504 125 26 föreslagits.
452 503 96 21 Sålunda
570 503 39 20 har
636 503 69 20 under
728 503 124 24 anförande,
877 505 31 18 att
931 504 47 19 små

222 539 95 21 tillskott
339 539 23 20 af
385 540 70 25 någon
479 539 76 27 miljon
579 539 80 26 årligen
677 545 48 14 vore
741 539 142 26 otillräckliga
897 539 34 20 för
947 541 30 18 att

222 575 123 27 uppbringa
369 575 99 20 Bankens
488 575 80 26 kapital
584 575 33 20 till
634 575 36 20 det
686 575 85 26 belopp,
788 575 42 20 den
846 575 131 20 närvarande

222 611 231 20 affärsverksamheten
479 611 7 20 i
512 611 73 20 landet
616 611 81 24 kräfde,
730 613 56 18 samt
812 613 32 18 att
870 611 35 20 det
931 611 46 20 icke

223 647 73 20 kunde
319 653 52 14 vara
391 647 34 20 för
445 647 215 26 bankförvaltningen
679 649 122 24 angenämt,
818 653 36 14 om
870 647 106 25 ökningen

221 683 24 20 af
261 683 100 20 Bankens
377 683 114 26 tillgångar
506 683 84 26 gjordes
607 683 105 20 beroende
728 683 22 19 af
766 683 72 20 beslut
853 682 36 21 vid
903 683 74 26 hvarje

223 719 110 26 landtdag,
352 719 95 26 yrkande
463 719 127 20 framställts
607 725 35 13 om
659 718 91 27 ändring
766 718 22 20 af
804 718 172 26 bankreglemen-

222 756 31 19 tet
269 755 8 19 i
294 755 55 26 syfte
366 756 31 18 att
413 761 97 14 normera
527 756 31 18 ett
575 754 84 26 belopp,
676 754 132 27 exempelvis
816 755 79 26 fyratio
907 754 69 27 miljo-

222 797 39 13 ner
285 790 68 25 mark,
378 790 87 20 hvartill
488 790 152 20 reservfonden
664 790 64 20 borde
744 790 138 26 uppbringas,
899 790 8 19 i
923 797 53 13 sam-

224 826 111 26 manhang
351 826 103 20 hvarmed
477 826 126 26 föreslagits,
620 827 32 19 att
668 826 22 19 af
706 826 100 20 Bankens
822 826 154 26 odisponerade

222 862 132 21 vinstmedel
377 863 30 19 ott
431 864 65 18 större
520 862 79 26 belopp
622 869 30 12 nu
676 861 70 21 skulle
770 862 33 19 till
827 861 149 21 reservfonden

223 898 123 20 öfverföras.
379 897 29 20 Af
423 897 65 21 andre
504 897 38 20 har
551 904 26 14 en
588 897 68 20 sådan
666 897 81 26 ökning
757 898 81 19 ansetts
849 897 128 26 otillräcklig

222 933 42 20 och
287 933 80 26 förslag
390 933 83 21 därföre
489 933 133 24 framställts,
639 935 32 18 att
686 933 100 20 Bankens
802 933 81 26 kapital
899 940 76 19 genom

222 970 72 25 nägon
310 969 33 20 för
359 969 123 20 ändamälet
497 969 100 26 vidtagen
613 969 91 20 särskild
720 969 82 26 ätgärd,
819 969 116 20 eventuellt
946 971 29 18 ett

222 1005 38 20 vid
284 1005 90 26 lämplig
397 1005 103 26 tidpunkt
522 1005 7 20 i
554 1005 99 20 utlandet
673 1007 104 24 upptaget
793 1005 182 26 amorteringslän,

223 1041 66 20 borde
306 1041 50 20 med
372 1047 37 14 ens
425 1041 131 26 uppbringas
572 1041 34 20 till
622 1042 31 19 ett
668 1041 85 26 belopp,
772 1047 47 14 som
835 1041 69 20 skulle
921 1041 33 20 stä
969 1041 7 20 i

223 1077 70 20 bättre
309 1076 154 26 motsvarighet
478 1077 34 19 till
527 1077 41 20 den
582 1077 135 20 omfattande
727 1077 93 26 uppgift,
833 1077 143 20 Statsbanken

223 1112 39 20 har
285 1113 8 19 i
317 1112 84 20 landets
424 1112 77 20 kredit-
524 1113 40 20 och
588 1113 206 26 penningeväsende.
831 1113 31 19 De
885 1112 91 21 sälunda
999 1115 4 4 *

222 1148 79 20 väckta
324 1148 104 20 särskilda
451 1148 106 26 förslagen
580 1149 29 19 ha
633 1149 21 19 af
676 1149 110 20 Utskottet
802 1148 5 20 i
825 1150 31 19 ett
871 1155 105 13 samman-

223 1184 58 25 hang
297 1183 134 21 behandlats.

297 1219 70 21 Sedan
382 1219 103 20 Finlands
501 1219 61 20 Bank
580 1220 56 20 1868
658 1220 123 26 öfvertagits
805 1220 22 19 af
852 1220 123 25 Ständerna,

222 1255 133 21 fastställdes
373 1256 56 20 1875
446 1256 98 20 Bankens
561 1255 123 26 grundfond
700 1255 34 20 till
750 1262 37 13 sex
804 1256 100 27 miljoner
915 1256 61 20 mark

221 1291 42 20 och
288 1291 149 20 reservfonden
459 1292 34 19 till
516 1292 36 20 nio
575 1291 100 27 miljoner
699 1291 67 20 mark.
809 1291 67 21 Dessa
899 1292 77 26 belopp

222 1327 67 20 hafva
305 1327 119 20 sedermera
439 1328 36 19 tvä
490 1328 78 24 gänger
584 1327 61 20 ökats
661 1328 29 22 sä,
707 1329 32 18 att
756 1327 66 25 enligt
838 1334 29 13 nu
878 1328 98 24 gällande

222 1362 130 26 reglemente
368 1362 150 26 grundfonden
534 1363 55 20 skall
605 1364 75 24 utgöra
695 1362 30 20 tio
736 1362 102 27 miljoner
848 1362 61 20 mark
922 1366 55 18 samt

223 1399 152 20 reservfonden
398 1399 130 26 uppbringas
552 1399 34 20 till
602 1399 83 20 femton
701 1399 102 26 miljoner
819 1399 67 24 mark,
903 1400 74 20 värdet

220 1434 25 19 af
270 1434 99 20 Bankens
393 1435 129 25 fastigheter,
547 1435 128 19 inventarier
699 1435 40 20 och
762 1435 77 20 osäkra
858 1435 119 26 fordringar

222 1469 49 21 däri
287 1470 46 20 icke
349 1470 150 24 inberäknado,
516 1471 120 26 hvarjämte
653 1472 23 18 är
692 1470 106 27 stadgadt,
816 1472 30 19 att
862 1471 53 18 intill
929 1471 47 19 dess

222 1506 152 20 reservfonden
391 1506 57 25 stigit
464 1506 33 20 till
514 1506 64 26 sagda
596 1507 83 25 belopp,
696 1506 34 20 till
746 1506 72 20 denna
833 1506 52 21 fond
902 1507 73 26 hvarje

297 1545 169 19 Bankutskottets
480 1546 126 18 betänkande
619 1546 38 18 N:o
670 1547 19 17 3.
