1103 1795
290 189 21 23 U.
331 190 22 22 B.
369 202 29 2 —
415 189 120 28 Ombygnad
552 189 26 22 af
592 189 126 23 bankhuset.
865 196 12 21 7

127 255 207 27 safesinredningen,
366 255 88 20 hvilken
484 255 43 20 kan
554 255 109 20 anskaffas
688 256 43 20 och
757 256 122 27 uppställas

128 291 113 20 efterhand
257 291 6 20 i
281 290 50 21 mån
347 291 24 20 af
384 291 73 20 behof.

199 325 77 22 Såsom
300 333 27 14 en
350 327 112 26 synnerlig
486 326 100 27 förtjenst
602 327 6 20 i
625 327 103 26 förslaget
744 327 83 21 skattar
842 328 37 20 Di-

128 363 113 20 rektionen
265 364 42 19 den
331 363 196 26 uppmärksamhet
550 363 110 20 Professor
683 363 106 26 Nyström
813 366 67 24 egnat

127 398 218 27 hufvudvestibylens
361 398 123 27 belysning,
501 398 94 26 hvilken,
613 401 52 18 enär
680 399 28 20 de
724 406 28 13 nu
766 399 114 27 befintliga

128 433 149 28 ljusgårdarna
293 436 38 19 äro
347 434 91 21 afsedda
454 437 31 17 att
501 435 86 20 inredas
603 435 30 20 till
648 442 53 17 rum,
716 434 163 21 åstadkommes

128 469 91 22 sålunda
235 473 32 17 att
283 471 27 19 de
326 473 47 18 mot
388 470 135 21 bankhusets
539 469 118 28 gårdsplan
668 471 103 20 vettande
783 471 96 20 fönstren

128 507 7 20 i
162 506 128 27 trapphuset
315 506 66 27 högst
408 506 133 27 väsendtligt
567 506 104 21 förstoras
694 510 56 17 samt
774 507 105 27 derjemte

128 542 124 27 neddragas
275 542 58 21 ända
348 542 31 20 till
396 542 190 27 midtelpodesten,
603 542 149 21 hvarförutom
768 543 112 21 Professor

130 578 105 26 Nyström
259 577 62 22 tänkt
343 578 34 27 sig
401 581 32 18 att
450 577 173 28 ingångsdörren
639 578 67 21 skulle
722 577 25 22 så
762 579 118 20 omändras

128 617 33 17 att
181 615 42 19 den
244 615 68 19 under
328 613 175 21 banktimmarna
518 614 82 27 jämväl
616 614 68 21 skulle
700 614 90 27 fungera
806 613 73 22 såsom

129 649 148 28 ljusöppning.
309 649 86 21 Genom
418 653 33 17 att
475 650 32 20 för
530 650 66 27 öfrigt
612 649 99 21 öfverallt
730 651 2 19 i
749 650 87 21 banken
852 651 28 20 de

129 687 126 20 nuvarande
271 686 76 20 mörka
363 687 66 26 vägg-
445 685 43 21 och
504 685 189 28 takmålningarna
709 686 69 21 skulle
788 688 92 19 ersättas

128 723 51 19 med
203 721 54 27 ljusa
274 721 83 21 sådana
372 722 87 27 hoppas
475 722 143 20 Direktionen
634 725 33 17 att
682 721 22 21 åt
720 722 98 20 bankens
834 722 46 20 inre

128 757 55 21 skall
207 757 92 21 beredas
321 760 32 18 ett
372 757 134 28 väsendtligt
522 757 89 28 gladare
628 758 41 20 och
685 765 60 13 mera
760 757 120 21 tilltalande

128 793 110 21 utseende.

198 829 71 27 Jemte
293 829 37 21 det
346 829 144 21 Direktionen
506 829 39 21 har
562 831 51 19 äran
629 829 31 21 till
677 829 81 21 Herrar
773 829 107 21 Bankfull-

131 865 97 27 mäktige
244 865 91 20 insända
351 864 166 28 ifrågavarande
528 865 105 27 ritningar
646 865 42 20 och
699 865 181 20 kostnadsberäk-

131 901 53 26 ning
200 901 6 20 i
222 900 103 21 afseende
341 899 13 22 å
370 900 136 28 granskning
521 904 57 17 samt
593 900 87 21 anmäla
695 903 33 18 att
738 900 142 21 Direktionen

129 937 34 20 för
179 937 32 20 sin
228 937 34 20 del
279 937 68 20 finner
363 936 110 21 Professor
490 937 116 26 Nyströms
623 936 78 28 förslag
714 936 110 27 lyckligen
834 937 47 20 lösa

129 973 44 20 den
196 972 113 27 förelagda
332 973 121 26 uppgiften,
478 971 32 22 får
530 972 143 21 Direktionen
691 971 86 22 anhålla
793 979 37 14 om
846 972 35 21 be-

130 1008 150 27 myndigande
296 1009 19 26 ej
332 1009 84 20 mindre
432 1011 32 18 att
480 1007 43 22 låta
534 1009 6 20 i
552 1008 153 27 hufvudsaklig
716 1008 165 21 öfverensstäm-

130 1044 67 21 melse
215 1045 50 20 med
282 1044 103 27 förslaget
401 1046 101 25 uppgöra
519 1044 111 21 definitiva
646 1045 104 26 ritningar
766 1045 42 20 och
824 1044 57 21 kost-

130 1079 138 28 nadsförslag
292 1082 27 19 än
341 1080 64 21 äfven
421 1083 38 22 att,
476 1081 68 19 sedan
561 1081 64 19 dessa
641 1080 24 20 af
678 1080 80 21 Herrar
774 1077 107 24 Bankfull-

131 1115 97 27 mäktige
252 1116 111 24 faststälts,
386 1115 43 21 låta
453 1115 71 21 utföra
548 1116 84 20 arbetet
656 1117 104 26 antingen
776 1117 51 19 med
844 1123 37 14 ens

130 1151 51 20 eller
202 1150 138 28 småningom
361 1152 6 20 i
387 1150 52 22 mån
454 1151 25 20 af
492 1151 74 24 behof,
583 1151 110 21 beroende
709 1150 68 29 derpå
793 1151 88 21 hvilket-

131 1188 52 19 dera
199 1187 33 20 för
248 1187 60 21 tiden
324 1188 97 20 befinnes
437 1187 145 27 lämpligast.»

203 1259 31 20 Af
248 1259 143 20 Direktionen
402 1259 39 20 har
452 1259 113 20 Utskottet
576 1263 117 22 yttermera
705 1259 91 20 rörande
810 1260 72 19 denna

130 1293 61 28 fråga
215 1295 106 20 inhemtat
341 1294 105 21 särskilda
468 1295 231 27 detaljupplysningar.
732 1294 96 21 Sålunda
844 1295 39 20 har

129 1331 97 24 erinrats,
241 1334 32 17 att
284 1331 36 20 vid
332 1331 148 20 bedömandet
491 1331 24 19 af
523 1331 43 19 den
577 1331 6 20 i
594 1331 43 20 den
648 1333 108 18 närmaste
767 1331 115 20 framtiden

129 1366 33 20 för
185 1366 91 20 Banken
299 1366 139 27 erforderliga
460 1366 159 21 arbetskraften
639 1366 48 21 icke
702 1367 73 20 kunde
792 1366 91 21 förbises

129 1403 37 19 det
182 1402 72 20 ökade
269 1403 81 24 arbete,
367 1409 48 13 som
425 1402 99 20 kommer
535 1405 32 18 att
580 1401 111 22 åhvälfvas
702 1403 90 20 Banken
803 1409 80 20 genom

130 1437 157 28 förordningen
306 1438 25 20 af
351 1439 42 19 den
411 1443 10 20 3
439 1438 44 27 maj
503 1439 56 25 1899
575 1437 114 28 angående
705 1439 178 26 omorganisatio-

130 1480 43 13 nen
196 1473 25 20 af
241 1474 143 20 statsverkets
407 1473 73 21 kassa-
503 1473 42 21 och
563 1474 237 27 räkenskapsväsende,
817 1474 67 27 enligt

129 1508 87 21 hvilken
240 1509 31 20 till
289 1510 27 19 de
332 1509 108 20 allmänna
456 1509 147 20 kassaverken
619 1509 90 20 influtna
724 1509 78 26 medel,
819 1510 7 20 i
842 1511 41 19 den

201 1550 150 19 Bankutskottets
364 1551 110 18 betänkande
487 1551 35 18 N:o
535 1551 15 17 7.
