1103 1795
257 193 24 19 12

224 259 97 30 ökning,
338 267 50 14 som
404 260 60 22 dock
479 260 52 22 icke
546 262 131 20 motsvarar
693 260 119 29 ökningen
828 260 26 21 af
866 260 28 21 dei
923 261 64 28 post-

224 295 151 27 sparbanken
397 295 75 21 under
495 295 67 21 dessa
577 296 26 21 år
618 295 87 21 insatta
729 295 121 28 beloppen.
881 295 105 21 Orsaken

223 328 40 21 till
287 331 34 19 att
344 329 178 28 sparmärkenas
545 330 152 28 användning
720 330 41 21 vid
783 329 203 29 postsparbanken

224 363 115 22 minskats
356 364 67 21 torde
439 364 37 21 till
495 364 117 29 väsentlig
628 364 37 21 del
680 371 58 14 vara
754 365 50 27 den,
822 366 36 19 att
872 364 113 21 insättare

223 397 9 21 i
247 398 203 28 postsparbanken
466 398 125 22 efterhand
607 398 99 22 kommit
716 399 37 21 till
765 406 28 14 en
804 398 113 29 riktigare
928 405 57 22 upp-

224 432 107 28 fattning
347 440 38 13 om
401 432 134 21 ändamålet
551 433 53 21 med
620 433 67 21 dessa
703 433 103 21 märken.
833 433 106 21 Troende
951 435 35 18 att

222 465 162 29 insättningar
399 466 8 21 i
423 467 203 28 postsparbanken
650 467 83 21 endast
751 467 79 21 kunde
846 467 139 21 verkställas

223 499 100 22 medelst
339 501 157 28 sparmärken,
514 501 106 21 använde
639 501 119 29 nemligen
773 502 101 27 mången
890 501 94 28 sådana,

222 534 9 21 i
247 535 129 27 synnerhet
391 535 74 22 under
481 535 104 22 bankens
597 535 100 29 tidigare
708 536 194 27 verksamhetsår,
915 536 70 21 äfven

222 569 9 20 i
247 568 29 21 de
292 569 49 28 fall,
359 569 30 22 då
404 570 162 28 insättningen
581 570 92 21 kunnat
689 570 41 21 ske
745 571 8 20 i
768 570 108 21 kontant.

296 603 71 22 Hvad
390 603 112 22 särskildt
517 603 28 22 de
565 604 108 21 enskilda
696 604 287 28 sparmärksförsäljarene

222 637 154 29 vidkommer,
393 639 25 20 så
433 638 42 21 har
497 639 123 21 resultatet
636 639 27 21 af
685 639 67 21 deras
767 639 150 20 verksamket
932 638 51 21 icke

222 674 82 19 manat
326 672 38 21 till
386 673 144 28 vidtagande
554 673 27 21 af
601 673 79 28 någon
703 681 63 13 mera
785 673 199 21 vidtomfattande

223 706 85 28 åtgärd
325 707 38 20 för
379 707 103 21 ökandet
498 707 26 21 af
538 707 66 21 deras
621 707 70 22 antal.
718 707 81 22 Under
815 707 28 21 de
859 709 34 19 tre
910 707 75 21 första

223 741 57 21 åren
296 741 27 21 af
335 741 215 28 postsparbankens
573 742 198 21 verksamhetstid
787 741 118 22 anstäldes
920 749 64 14 nem-

222 775 66 28 ligen
311 775 91 29 årligen
419 778 33 19 ett
471 778 73 19 större
567 776 65 21 antal
656 783 47 21 nya
718 775 266 30 sparmärksförsäljare,

223 810 25 21 så
265 812 35 19 att
316 810 90 21 antalet
421 811 27 20 af
462 810 51 21 dem
534 810 103 29 uppgick
653 811 40 20 vid
708 811 123 28 utgången
847 811 27 20 af
887 811 26 20 år
930 812 53 19 1889

222 843 39 22 till
277 846 47 20 645.
357 844 55 21 Som
428 845 28 20 de
472 845 58 20 allra
552 845 69 21 festa
644 845 122 28 försäljare
786 845 130 21 emellertid
932 845 52 20 icke

222 878 80 21 kunde
318 879 90 27 afyttra
424 886 40 14 ens
481 882 33 18 ett
533 879 61 21 enda
609 880 141 28 sparmärke,
767 880 43 20 har
826 881 74 19 större
916 879 69 21 delen

223 913 27 20 af
264 913 53 20 dem
333 913 124 21 efterhand
474 913 77 29 afsagt
567 913 36 29 sig
618 914 138 28 uppdraget.
783 914 82 21 Ehuru
881 916 34 18 ett
925 914 59 21 min-

222 946 41 21 dre
280 947 65 21 antal
360 955 47 21 nya
431 948 122 27 försäljare
576 948 204 29 fortsättningsvis
797 948 91 28 årligen
903 947 82 22 blifvit

222 981 125 28 anställda,
370 981 43 22 har
436 982 88 21 antalet
547 982 88 21 sådana
658 982 39 21 det
720 982 98 21 oaktadt
834 982 99 27 nedgått
947 981 38 22 till

224 1017 40 20 120
280 1015 41 22 vid
343 1016 121 28 utgången
482 1017 26 20 af
521 1017 25 20 år
564 1019 60 19 1898.
656 1017 83 28 Enligt
754 1017 133 28 uppgjorda
901 1017 83 20 beräk-

222 1049 86 29 ningar
324 1050 72 22 hafva
411 1051 167 22 meranämnda
594 1051 123 29 försäljare
733 1051 85 22 försålt
833 1051 151 28 sparmärken

222 1084 76 22 under
321 1085 56 21 åren
403 1087 138 20 1887—1898
565 1086 38 21 till
626 1088 34 19 ett
682 1086 175 29 sammanlagdt
872 1086 71 21 värde
959 1086 27 21 af

222 1119 85 22 endast
325 1121 63 26 4,172
412 1120 66 21 mark
494 1123 27 19 40
536 1121 78 27 penni,
631 1121 92 21 hvilket
738 1121 85 28 belopp
840 1121 90 27 knappt
945 1120 39 21 be-

222 1153 81 22 täcker
327 1154 158 21 kostnaderna
501 1155 37 21 för
554 1155 155 29 erforderliga
731 1155 137 22 blanketter
884 1155 44 21 och
944 1155 41 20 det

222 1188 81 21 arbete
327 1189 53 21 med
403 1189 166 28 skriftvexling
593 1189 43 22 och
652 1189 186 28 redovisningar,
855 1196 50 14 som
921 1196 63 21 spar-

221 1222 235 29 märksförsäljarene
479 1223 129 29 tillskynda
632 1224 52 21 dem
701 1223 173 22 öfverordnade
889 1225 95 26 postan-

222 1257 89 22 stalter.
342 1258 60 21 Förr
415 1261 29 18 än
460 1258 77 21 sinnet
552 1259 38 20 för
606 1258 146 28 sparsamhet
768 1258 87 21 hunnit
871 1265 62 13 mera
948 1259 36 20 ut-

220 1291 96 22 vecklas
332 1291 73 22 bland
421 1292 27 21 de
466 1292 97 29 djupare
579 1293 82 28 lagren
678 1293 27 21 af
720 1293 76 21 folket
812 1292 44 21 och
873 1291 112 22 särskildt

221 1325 74 21 bland
310 1326 140 27 ungdomen,
467 1326 104 21 kommer
592 1327 79 21 derför
686 1327 53 21 icke
755 1325 229 29 sparmärksförsälj-

221 1359 96 28 ningen,
341 1367 54 14 vare
419 1360 35 28 sig
477 1368 84 20 genom
583 1361 201 28 postanstalterna
805 1360 57 22 eller
878 1360 106 21 enskilda

221 1393 216 30 försäljningsmän,
463 1397 34 19 att
520 1395 8 21 i
550 1395 171 22 nämnvärdare
748 1395 59 28 grad
833 1395 98 21 inverka
954 1395 30 28 på

220 1429 297 28 postsparbanksrörelsen.

295 1463 40 20 Uti
353 1463 101 29 Sverige,
480 1464 40 21 der
539 1465 204 28 postsparbanken
760 1465 93 21 arbetat
868 1464 53 21 med
937 1464 46 28 god

221 1498 128 28 framgäng
372 1499 43 20 och
438 1499 93 28 mycket
553 1499 82 22 blifvit
654 1500 80 28 gjordt
749 1500 39 21 för
804 1499 180 28 sparmärksför-
