1103 1795
221 192 25 20 12
450 191 29 23 U.
498 191 26 22 B.
541 204 26 3 -—
583 191 169 22 III-XXXIL

291 254 126 34 Ökningen
432 259 68 22 beror
514 260 30 28 pä
560 259 40 22 det
615 259 107 30 stigande
735 259 107 29 beloppet
852 259 74 22 under
936 258 45 22 den

219 294 53 21 frän
289 293 42 22 och
347 294 52 21 nied
416 295 25 20 är
457 295 54 21 1895
527 295 7 21 i
550 294 221 29 kapitalräkningen
782 294 115 29 ingäende
909 293 73 22 rubri-

219 329 47 20 ken
283 329 145 28 ,ersättning
444 329 24 20 åt
484 329 109 28 åklagare
609 336 27 14 m.
653 328 22 22 fl.
691 328 37 21 för
744 328 147 29 frängängna
906 328 76 22 bötes-

220 362 97 21 andelar
337 370 28 14 m.
383 367 51 22 m.*,
449 363 89 26 hvilka,
554 363 71 21 sedan
642 363 43 21 den
702 370 48 21 nya
765 363 138 28 strafflagen
919 362 63 21 trädt

219 397 8 21 i
243 397 72 27 kraft,
330 398 59 28 utgå
408 405 27 14 ur
454 398 116 21 allmänna
586 397 81 22 medel.
697 398 113 21 Häremot
825 398 79 21 svärar
919 400 63 26 steg-

219 432 85 27 ringen
320 432 8 21 i
345 432 44 21 den
409 432 74 21 under
506 432 90 21 diverse
617 432 106 29 uppbörd
739 432 115 29 ingäende
870 432 111 21 inkomst-

219 469 85 25 posten
321 466 199 25 ,kronosakören*
537 466 44 28 (III
594 474 17 13 s.
623 467 27 26 8).
681 466 113 29 Följande
810 465 76 22 siffror
901 466 80 28 belysa

220 499 68 22 dessa
303 503 84 26 poster.

440 559 148 32 Kronosakören.
704 563 134 23 Ersättningar.

337 593 54 20 1894
412 592 60 21 Fmk
496 593 120 25 94,150:94
665 592 60 21 Fmk
798 598 35 16 ör

337 627 54 21 1895
437 643 9 8 —,
483 628 133 23 143,138:25
690 643 11 8 »
749 627 119 24 —18,394:59

337 662 55 20 1896
414 658 13 35 —
438 677 10 8 ,
480 662 136 24 216,334:88
690 678 10 11 »
734 662 134 25 184,526:36

337 696 54 20 1897
414 692 13 35 —
437 711 11 8 ,
480 696 135 25 252,206:89
689 711 12 9 »
735 696 133 26 119,927:65

290 764 52 21 Den
365 765 26 20 är
416 765 52 21 1896
492 764 60 29 höga
572 759 105 26 summan
693 764 37 21 för
745 764 157 28 ersättningar
917 764 63 21 inne-

219 798 76 21 häller
311 799 73 20 delvis
401 799 35 20 till
452 799 26 20 är
495 800 53 20 1895
565 799 102 21 hörande
684 799 89 28 belopp.

458 914 88 29 Tredje
563 915 179 22 hufvudtiteln.

502 978 199 23 (Civilexpeditionen).

291 1047 63 20 Frän
371 1047 76 20 denna
463 1047 142 21 hufvudtitel
621 1047 71 21 hafva
707 1047 53 21 frän
774 1047 43 21 och
828 1046 52 21 med
891 1047 26 21 är
929 1047 53 22 1897

221 1081 160 21 kostnaderna
396 1081 35 22 för
447 1081 156 22 Statsarkivet
619 1081 125 22 öfverförts
760 1081 38 22 till
813 1081 56 21 elfte
884 1081 99 21 hufvud-

221 1115 78 22 titeln.

293 1155 159 22 Slutsumman
475 1155 26 21 af
520 1155 28 22 de
572 1155 74 22 under
668 1155 77 22 denna
768 1155 143 22 hufvndtitel
926 1163 57 21 upp-

223 1193 73 24 tagna
311 1193 115 25 posterna,
450 1189 144 22 omfattande
610 1189 130 29 utgifterna
756 1190 36 21 för
808 1189 28 22 de
852 1189 65 22 flesta
932 1197 52 21 gre-

221 1231 44 14 nar
281 1224 27 21 af
321 1224 90 21 landets
435 1224 187 21 administrativa
642 1225 146 28 förvaltning
804 1224 43 22 och
863 1224 121 29 offentliga

221 1259 121 25 anstalter,
358 1265 56 15 voro

432 1328 24 20 år
474 1329 52 20 1895
538 1328 61 20 Fmk
610 1329 119 24 4,990,312:
740 1329 26 20 73

439 1379 10 8 »
474 1363 53 20 1896
566 1380 10 10 ,
608 1363 156 26 5,004,795:67

439 1413 8 9 »
472 1398 53 20 1897
564 1414 11 8 ,
607 1397 159 27 5,250,697:98

440 1449 8 10 »
474 1432 53 21 1898
565 1449 11 8 ,
608 1432 158 27 5,503,800:39
777 1430 146 28 (summarisk
933 1430 52 21 räk-

222 1464 62 29 ning
299 1465 46 22 VII
360 1475 17 11 s.
395 1467 26 22 7).

294 1539 145 19 Statsutskottets
451 1541 110 17 betänkande
574 1540 38 17 N:o
624 1541 18 16 2.
