1103 1795
324 183 92 17 Antellska
430 183 133 22 samlingarnas
576 183 72 18 tillväxt
660 183 29 17 och
703 183 49 17 vård.
891 183 22 17 W

163 254 90 22 Medlen
266 254 104 22 förvaras
381 254 30 29 pä
423 254 97 29 löpande
532 255 103 28 räkning
644 255 7 21 i
660 254 116 22 Nordiska
785 254 128 22 Aktieban-

164 290 58 21 kens
240 290 83 22 kontor
340 290 128 22 härstädes.
502 290 29 21 Af
548 290 64 22 detta
630 290 89 28 anslag,
736 297 50 15 som
804 291 61 21 visat
878 291 36 27 sig

164 325 53 22 fullt
234 325 135 28 tillräckligt
387 325 35 22 för
439 327 40 20 sitt
495 325 116 27 ändamål,
629 325 99 23 återstår
743 326 73 28 enligt
828 325 85 22 nedan-

163 361 98 22 stående
278 361 72 22 tabell
367 361 39 22 vid
422 359 120 30 Utgången
560 361 24 22 af
600 362 26 21 är
644 365 55 18 1899
717 361 59 22 I'mk
790 364 72 23 2,602:
874 364 39 23 48;

164 397 157 22 innevarande
346 397 36 22 års
407 397 83 29 anslag
512 397 41 23 har
574 399 63 20 ännu
658 397 51 23 icke
727 397 79 23 blifvit
821 397 91 29 lyftadt.

164 433 35 22 Då
216 433 39 22 det
271 433 52 22 icke
341 433 47 22 kan
406 433 53 22 med
476 433 150 22 bestämdhet
642 433 140 28 förutsägas,
798 433 116 22 huruvida

163 469 8 21 i
183 468 181 29 Delegationens
376 469 97 28 utgifter
485 469 124 22 framdeles
621 476 28 15 en
661 469 90 28 ökning
760 469 56 22 eller
826 469 87 22 minsk-

163 505 58 28 ning
241 507 26 19 är
288 506 34 20 att
342 506 95 25 emotse,
456 511 70 22 synes
547 505 39 22 det
603 505 136 28 lämpligast
755 507 35 19 att
807 504 107 29 anslaget

164 539 128 23 bibehälles
308 540 40 22 vid
365 541 36 21 sin
418 540 135 22 nuvarande
570 540 93 22 storlek.

235 575 50 23 Med
303 576 155 29 iakttagande
476 576 24 22 af
516 576 69 22 ofvan
602 576 87 22 nämda
704 575 209 30 ändringsförslag,

164 611 36 22 får
221 612 169 28 Delegationen
409 612 120 22 vördsamt
550 612 92 26 föreslå,
660 613 34 21 att
711 612 133 22 Ständerna
860 611 53 22 ville

163 647 102 22 besluta:

379 709 22 24 1)
417 710 31 19 att
465 708 93 21 tillsätta
572 715 27 14 en
611 708 138 27 Delegation,
762 707 116 22 bestående
891 708 27 27 af

307 751 26 14 en
349 745 93 20 medlem
459 744 37 21 och
511 746 31 19 tre
554 745 143 26 suppleanter
707 744 35 27 för
754 744 75 28 hvarje
840 744 73 25 stånd,

305 780 50 21 med
379 780 103 27 uppdrag
506 781 31 20 att
557 780 35 27 för
614 780 53 21 åren
688 780 156 22 1901—1904,
861 780 52 20 eller

307 815 46 22 tills
366 815 34 22 vid
411 816 180 21 nästkommande
604 816 106 27 landtdag
719 815 127 22 Ständerna
858 816 55 27 ånyo

307 851 67 27 fattat
395 852 69 21 beslut
480 851 8 21 i
504 852 74 26 saken,
600 851 128 28 handhafva
749 852 83 20 vården
849 851 27 27 af
889 852 24 20 de

307 887 116 22 Antellska
451 887 155 28 samlingarna
633 887 36 21 och
694 887 173 28 användningen
891 887 27 27 af

306 923 151 21 räntemedlen
476 931 28 13 ur
520 923 175 21 Kammarrådet
711 923 103 21 Herman
830 923 83 21 RBosen-

307 959 61 27 bergs
383 959 61 26 fond,
461 961 57 19 samt
534 959 49 20 med
600 961 44 18 rätt
658 959 35 27 för
705 959 159 27 Delegationen
876 961 37 24 att,

307 995 42 20 där
365 995 148 26 tilläfventyrs
529 995 35 26 för
581 995 65 27 något
662 995 66 20 stånd
744 994 79 27 förfall
836 994 77 27 inträf-

306 1030 35 27 fat
359 1030 35 27 för
413 1030 103 27 samtliga
538 1030 123 27 ledamöter,
679 1032 47 19 utse
744 1030 120 27 suppleant
879 1030 34 27 för

307 1066 42 21 den
367 1066 31 21 tid
415 1066 96 26 behofvet
526 1073 79 19 varar:

377 1115 24 26 2)
419 1116 30 19 att
468 1114 42 21 den
532 1114 71 27 årliga
623 1114 122 21 inkomsten
766 1114 8 21 i
795 1114 118 21 Kammar-

307 1150 63 20 rådet
390 1150 102 20 Herman
508 1150 137 27 Rosenbergs
661 1150 55 27 fond
732 1150 57 21 skall
805 1149 60 21 intill
880 1151 33 19 ut-

305 1186 87 27 gången
412 1185 27 27 af
455 1185 167 28 Delegationens
639 1186 102 27 uppdrag
756 1185 98 22 sålunda
871 1185 42 26 för-

307 1221 68 26 delas,
393 1223 32 19 att
441 1223 31 19 tre
488 1221 131 27 femtedelar
630 1221 71 27 däraf
710 1221 115 21 användas
837 1220 34 21 till
882 1221 31 20 in-

309 1257 40 26 köp
370 1257 27 27 af
411 1258 117 20 konstvärk
545 1257 37 21 och
599 1257 207 21 konstindustriella
822 1257 92 27 föremål

307 1293 112 26 äfvensom
437 1293 33 21 till
486 1293 170 21 numismatiska
677 1293 67 26 inköp
764 1293 38 21 och
819 1299 27 14 en
861 1292 52 27 fem-

307 1329 56 20 tedel
380 1329 33 20 till
430 1329 24 20 de
469 1329 153 27 arkeologiska
639 1328 37 21 och
692 1329 150 26 etnografiska
858 1335 55 13 sam-

308 1364 115 27 lingarnas
437 1364 120 27 förökande
569 1366 56 18 samt
638 1364 41 20 den
691 1364 138 20 återstående
840 1364 73 26 femte-

307 1400 69 27 delen,
398 1402 52 19 utan
467 1400 32 27 pä
520 1400 96 26 förhand
636 1400 115 27 faststäldt
772 1399 113 27 ändamål,
906 1399 7 22 i

305 1436 54 20 män
381 1435 27 27 af
425 1435 65 27 behof
507 1435 81 22 anlitas
610 1435 34 22 till
663 1435 156 27 förstärkande
840 1435 28 26 af
880 1435 33 20 det

307 1478 41 14 ena
365 1471 54 20 eller
436 1471 71 21 andra
525 1471 27 27 af
566 1471 90 21 berörda
674 1471 89 27 anslag:
