1103 1795
387 194 25 23 U.
428 194 22 23 B.
469 207 25 3 —
512 195 104 21 XXXIIL
871 196 12 20 5

133 262 33 20 till
182 264 52 18 nära
257 261 82 21 dubbla
354 262 100 26 beloppet
470 261 22 20 af
508 262 107 26 importen
630 261 127 26 föregäende
774 262 34 23 är;
827 261 56 20 1898

133 298 80 20 utvisar
236 304 27 13 en
286 297 52 20 liten
360 298 130 26 minskning,
515 304 50 13 men
588 298 56 20 1899
662 304 26 13 en
704 297 82 26 ökning
801 297 22 20 af
839 303 46 14 mer

133 336 27 18 än
184 334 29 20 50
229 333 34 26 %/o.
280 345 30 2 —
325 333 221 26 Spanmälsimporten
570 334 45 20 åter
638 333 80 20 utvisar
742 340 26 13 en
784 333 99 26 stegring,

133 369 87 21 hvilken
229 370 67 19 mäste
305 369 114 20 betecknas
427 376 46 14 som
482 369 63 26 högst
553 369 127 26 betydande.
706 369 77 20 Denna
791 369 93 26 stegring

132 405 98 27 utgjorde
248 405 56 21 1897
321 405 82 21 inemot
419 406 27 20 12
463 405 100 27 miljoner
579 405 67 25 mark,
665 405 57 21 1898
740 412 16 14 c.
776 403 50 29 31/2
837 405 46 20 mil-

133 442 60 25 joner
209 442 60 19 mark
285 441 40 20 och
343 442 56 19 1899
415 441 47 20 icke
478 441 83 20 mindre
577 443 28 18 än
621 442 27 19 14
658 440 27 27 !/4
697 442 101 25 miljoner
810 441 72 23 mark;

133 477 40 20 och
189 477 214 25 anmärkningsvärdt
419 478 28 23 är,
465 478 31 19 att
512 477 134 20 sistnämnda
661 477 80 26 belopp
757 477 8 20 i
781 477 36 20 det
831 477 53 20 allra

133 514 106 19 närmaste
256 514 117 19 motsvarar
387 513 50 20 hela
452 512 41 21 den
510 519 91 18 summa,
618 512 104 21 hvarmed
737 512 75 21 värdet
824 512 22 20 af
857 512 26 20 de

132 549 7 19 i
163 549 126 25 öfversigten
308 550 111 25 upptagna
433 548 169 27 importartiklar
617 548 33 21 för
667 549 57 20 1899
741 541 143 34 öfverskjuter

133 584 148 20 motsvarande
297 584 64 20 värde
376 584 33 21 för
426 584 63 20 1898.

203 644 37 20 Uti
265 644 128 26 öfversigten
412 644 50 26 ingå
477 644 119 20 emellertid
612 644 46 20 icke
674 644 92 26 redskap
782 644 40 20 och
838 650 43 14 ma-

132 679 71 20 skiner
219 679 22 20 af
256 679 42 20 alla
314 680 50 26 slag,
377 680 19 26 ej
406 679 67 21 heller
482 680 178 27 järnvägsskenor
671 680 40 20 och
722 679 159 24 skentillbehör,

132 715 22 20 af
177 715 68 25 orsak,
266 717 31 19 att
313 715 78 20 exakta
406 715 108 27 uppgifter
530 722 35 14 om
580 715 108 27 importen
703 716 23 19 af
742 715 61 21 dessa
819 715 61 20 artik-

131 751 32 20 lar
186 751 68 20 under
279 752 56 20 1899
359 751 47 20 icke
428 752 52 19 stått
503 753 31 18 att
557 751 97 20 erhållas.
686 751 42 20 För
744 751 25 20 de
786 753 95 18 närmast

131 787 126 26 föregående
281 788 12 19 4
318 788 50 19 åren
388 787 62 20 ställa
466 787 32 26 sig
513 787 74 20 härtill
602 787 95 21 hörande
713 787 71 20 siffror
798 788 28 25 på
841 787 38 20 föl-

131 823 64 26 jande
212 825 52 18 sätt:

572 947 91 17 Tusental
675 947 61 17 mark.

458 1000 46 17 1895
536 988 4 47 |
572 1000 46 18 1896
651 988 2 47 |
685 1000 47 18 1897
764 988 2 47 |
799 1001 46 17 1898

137 1067 98 26 Redskap
255 1067 40 20 och
314 1067 107 20 maskiner!
457 1067 65 24 5,809|
570 1067 66 24 8,290
647 1062 11 35 |
670 1067 79 26 11,506
758 1062 14 35 |
783 1067 78 26 18,571

136 1097 180 26 Järnvägsskenor
329 1097 41 20 och
380 1097 41 20 till-

166 1127 66 20 behör
267 1143 4 4 .
304 1143 4 4 .
341 1143 4 4 so
379 1143 40 4 cc
479 1127 41 20 551
535 1122 15 36 |
571 1127 63 24 1,497
650 1122 14 36 |
684 1127 64 25 1,419
765 1122 12 36 |
798 1127 64 25 3,762

317 1168 90 21 Summa
418 1157 15 45 |
457 1161 82 36 6,360|
570 1169 65 25 9,787
651 1162 2 35 |
670 1169 78 25 12,925
764 1162 2 35 |
783 1169 79 24 22,333

201 1270 41 20 För
257 1269 134 27 jämförelses
413 1269 59 20 skull
487 1270 36 19 mä
539 1270 86 24 erinras,
642 1271 31 19 att
689 1270 108 26 ökningen
813 1270 68 21 under

132 1306 55 20 1898
204 1305 22 20 af
241 1305 108 27 importen
364 1305 48 20 utaf
427 1305 76 20 endast
519 1305 61 21 dessa
596 1305 87 21 artiklar
698 1306 7 19 i
722 1306 35 20 det
773 1308 108 19 närmaste

130 1343 116 18 motsvarar
262 1341 107 26 ökningen
384 1341 68 20 under
468 1348 84 13 samma
570 1341 32 20 tid
618 1341 22 20 af
656 1341 41 20 den
713 1342 119 20 förnämsta
847 1348 33 14 ex-

129 1376 146 27 portartikeln,
292 1378 129 24 trävarorna,
438 1376 40 21 och
494 1377 50 20 med
560 1384 46 13 mer
621 1378 28 20 än
660 1377 28 21 50
697 1376 29 27 %/o
739 1377 142 28 öfverskjuter

130 1412 134 21 sistnämnda
279 1413 80 25 ökning
375 1413 68 20 under
460 1413 64 20 1899.

200 1448 39 20 Att
261 1448 107 27 importen
391 1449 23 19 af
437 1449 107 20 maskiner
568 1449 40 20 och
632 1449 76 20 skenor
731 1449 68 20 under
822 1449 58 20 1899

129 1483 117 26 ingalunda
261 1484 127 26 understigit
404 1484 106 27 importen
526 1485 68 20 under
610 1485 57 20 1898
684 1485 60 20 torde
759 1485 74 20 kunna
844 1492 37 13 an-

200 1529 171 20 Bankutskottets
385 1530 126 19 betänkande
524 1531 38 19 N:o
574 1532 18 17 2.
