1103 1795
384 195 29 24 U.
429 195 24 22 B.
470 208 27 3 —
513 196 105 21 XXXIII.
855 197 25 19 11

129 263 62 20 dessa
217 263 60 19 vluta
299 262 33 20 för
363 262 237 26 sedelutgifningsrätt,
617 263 36 20 mä
682 263 34 20 för
739 269 26 14 en
789 263 92 26 öfvergä-

129 299 54 20 ende
204 298 30 20 tid
255 298 52 20 ökas
323 298 50 20 med
389 298 56 20 ända
461 298 33 20 till
509 298 31 20 tio
555 298 101 27 miljoner
672 299 67 24 mark,
756 298 55 21 dock
831 299 51 19 med

128 334 112 24 förbehåll,
258 335 31 19 att
313 334 132 26 författning,
470 340 45 14 som
539 334 7 19 i
565 333 77 21 sådant
657 334 99 20 afseende
772 334 108 26 vidtagits,

129 371 61 23 skall,
215 370 33 19 för
271 371 31 18 att
322 370 56 25 gälla
393 370 73 25 längre
482 371 28 18 än
525 369 34 20 till
574 369 97 28 följande
687 370 109 30 landtdag,
814 370 66 21 öfver-

129 407 82 19 lemnas
226 406 34 20 till
277 405 128 21 Ständernas
423 405 99 27 pröfning
538 405 39 21 och
594 405 121 27 afgörande.

200 442 63 19 Inom
280 442 108 19 Utskottet
404 442 38 19 har
465 442 127 25 ifrågasatts,
609 442 107 19 huruvida
731 442 46 19 icke
793 442 8 19 i
816 442 64 25 regle-

129 479 82 19 mentet
233 477 63 20 äfven
313 477 64 20 borde
393 477 80 20 införas
490 479 29 18 ett
535 477 117 26 stadgande
668 477 80 25 därom,
766 479 32 19 att
814 477 66 21 öfver-

129 513 101 20 emission
254 513 61 20 alltid
331 513 55 20 skall
401 513 83 26 föregås
500 513 21 20 af
547 513 158 26 räntestegring,
724 520 49 13 men
790 513 38 20 har
844 513 36 21 Ut-

129 549 80 20 skottet
224 551 70 18 ansett
312 549 70 20 denna
398 549 74 26 åtgärd
488 550 23 19 så
528 549 104 27 själfklar,
649 551 31 18 att
695 549 117 26 uttrycklig
828 549 53 20 före-

129 585 63 20 skrift
207 585 74 20 därom
298 585 43 20 kan
361 585 106 21 undvaras
483 585 45 21 lika
544 585 34 21 väl
594 592 46 13 som
656 585 78 20 förbud
750 587 47 18 mot
812 587 69 18 ränte-

129 621 137 26 nedsättning
281 621 67 20 innan
364 621 188 21 öfveremissionen
568 621 102 26 upphört.

202 657 135 20 Beträffande
353 657 66 20 sedan
435 657 247 26 sedelutgifningsrätten
697 657 69 20 under
782 657 97 20 normala

129 693 148 20 förhällanden
301 693 65 20 hafva
387 693 199 26 Bankfullmäktige
608 693 116 24 hemställt,
746 694 32 19 att
794 693 36 20 det
846 692 33 20 be-

128 729 58 26 lopp,
211 729 103 20 hvarmed
336 729 99 20 Bankens
458 729 130 26 utelöpande
611 729 69 20 sedlar
700 730 67 25 jämte
784 728 68 26 öfriga
867 735 15 13 a

129 765 54 20 vista
206 765 141 20 förbindelser
375 765 22 20 fä
425 765 114 25 öfverstiga
562 765 48 20 dess
637 765 72 20 valuta
732 765 33 20 för
789 764 90 21 sedelut-

129 801 142 25 gifningsrätt,
311 801 66 20 måtte
411 801 62 26 höjas
506 801 49 20 från
589 801 117 20 trettiofem
736 801 34 20 till
800 800 80 26 fyratio

129 837 100 26 miljoner
257 836 66 20 mark.
371 837 50 20 Med
446 837 100 20 afseende
577 837 55 24 derå,
664 838 32 18 att
726 837 102 26 beloppet
858 836 23 20 af

129 872 128 27 utelöpande
281 873 70 20 sedlar
373 873 104 20 alltsedan
503 873 56 20 1890
581 873 70 20 städse
667 873 119 25 öfverstigit
801 872 79 27 fyratio

127 908 100 27 miljoner
243 908 61 20 mark
320 909 40 20 och
376 909 171 26 medelbeloppet
563 908 61 20 däraf
640 908 67 20 under
718 908 26 21 de
755 909 30 20 tio
797 910 84 19 senaste

127 945 50 19 åren
201 945 82 26 utgjort
306 944 133 24 58,272,000
460 945 60 19 mark
537 946 57 18 samt
608 944 69 20 under
693 944 25 20 de
734 945 45 19 fem
796 946 83 19 senaste

127 980 49 19 åren
194 980 132 24 68,411,000
350 980 67 24 mark,
440 980 39 20 har
501 980 109 20 Utskottet
626 980 72 20 funnit
714 980 41 20 den
772 980 22 20 af
810 980 68 19 Bank-

127 1015 136 26 fullmäktige
287 1016 120 25 föreslagna
422 1016 151 27 förhöjningen
590 1017 27 25 på
632 1016 55 20 intet
703 1017 41 19 sätt
760 1015 116 26 betänklig.

125 1051 98 20 Fastmer
239 1052 39 19 har
296 1051 109 21 Utskottet
421 1053 75 22 ansett,
513 1053 32 18 att
560 1051 50 20 med
626 1052 100 20 afseende
742 1052 12 19 å
770 1051 42 20 den
828 1058 51 19 syn-

127 1087 80 26 nerliga
234 1087 104 24 säkerhet,
369 1087 36 20 det
435 1087 35 20 vid
496 1087 193 26 sedelutgifningen
715 1087 69 27 följda
814 1089 64 24 syste-

126 1125 45 18 met
197 1123 106 27 erbjuder,
327 1123 64 20 äfven
417 1130 25 13 en
469 1123 131 26 betydligare
623 1123 124 27 förhöjning
773 1130 49 14 vore
845 1123 33 20 til-

125 1159 66 26 lätlig.
224 1159 63 20 Huru
310 1159 58 20 stark
388 1159 100 20 Bankens
511 1159 103 26 ställning
636 1159 8 20 i
667 1159 78 26 själfva
766 1159 74 21 verket
856 1161 24 18 är

126 1194 6 20 i
155 1195 135 20 förhållande
313 1195 34 20 till
367 1195 26 20 de
409 1195 53 24 kraf,
480 1194 73 21 hvilka
568 1195 75 20 kunna
665 1195 77 20 tänkas
760 1195 30 26 på
808 1194 70 26 grund

125 1231 22 19 af
171 1229 48 22 dess
243 1231 166 26 sedelutgifning
432 1231 103 27 möjligen
557 1231 162 26 ifrågakomma,
743 1231 94 25 framgår
853 1236 27 13 ur

125 1266 124 20 omstående
271 1267 100 26 öfversigt
396 1267 22 20 af
440 1267 25 20 de
489 1267 57 20 olika
562 1267 72 26 slagen
650 1267 21 20 af
687 1267 132 20 sedelvaluta
837 1266 40 20 och

125 1301 106 27 beloppen
247 1302 22 19 af
284 1302 130 26 utelöpande
427 1302 69 20 sedlar
508 1303 22 19 år
548 1303 63 23 1899,
623 1303 68 20 under
701 1303 83 20 hvilket
792 1303 24 19 år
824 1302 55 19 Ban-

125 1337 52 20 kens
194 1337 274 27 sedelutgifningsförmåga
484 1345 45 13 mer
546 1340 27 18 än
589 1338 81 26 vanligt
686 1339 62 25 tagits
759 1338 9 20 i
778 1338 99 26 anspråk.

194 1555 171 19 Bankutskottets
379 1556 127 19 betänkande
518 1556 38 19 N:o
569 1558 17 17 3.
