1103 1795
817 178 26 19 27

116 245 130 21 Rönnbäck
270 245 43 21 och
336 245 140 21 Direktören
493 245 8 21 i
516 245 114 21 Finlands
647 245 150 20 Statskontor
812 244 61 28 Lag-

115 286 101 13 mannen
230 279 59 21 Lars
305 279 66 21 Knut
386 279 78 28 Prytz,
482 279 75 21 såsom
573 279 134 21 ledamöter.
740 279 132 28 Styrelsens

115 312 138 28 kamrerare,
269 313 222 28 Kollegiiassessorn
503 313 89 21 Gustaf
603 313 134 21 Alexander
747 313 125 27 Perander,

115 346 96 21 ställdes
221 347 8 20 i
241 347 127 28 anledning
383 348 26 20 af
423 347 114 22 särskilda
548 347 53 21 med
612 347 172 21 ofvanberörda
794 347 79 21 kassa-

116 381 81 21 balans
208 381 8 21 i
227 381 168 29 samraanhang
411 382 95 21 stående
523 381 201 28 omständigheter
739 381 74 22 under
824 382 49 21 åtal

116 416 36 21 för
167 416 126 28 tjenstefel,
317 416 90 21 hvilket
430 420 62 17 ännu
512 420 25 17 är
554 416 115 22 beroende
684 417 30 27 på
730 416 92 28 slutligt
838 416 34 21 af-

115 450 109 28 görande,
248 451 43 20 och
315 451 42 20 har
375 451 58 21 hans
449 451 73 28 tjenst
536 451 143 28 uppehållits
695 451 73 21 sedan
784 450 45 21 den
846 453 25 18 22

115 485 131 21 November
264 487 52 20 1897
333 486 26 20 af
373 483 177 23 Öfverrevisorn
566 485 8 21 i
589 485 174 28 Poststyrelsen
776 485 96 21 Edvard

115 519 130 28 Engelbert
267 519 128 22 Blomroos.
431 520 52 21 Den
505 520 40 21 vid
568 519 303 28 Postsparbanksstyrelsen

116 554 115 21 anställda
254 555 138 27 personalen
411 555 43 20 har
469 555 8 20 i
493 555 73 28 öfrigt
581 554 102 29 utgjorts
699 555 27 20 af
740 561 29 14 en
784 554 87 28 kassör,

116 588 84 21 tillsatt
215 589 130 21 tillsvidare
360 590 30 27 på
406 591 66 19 extra
488 589 116 21 ordinarie
620 591 53 26 stat,
685 591 61 19 samt
757 589 49 21 dels
817 589 54 27 fem,

115 622 49 21 dels
180 630 39 13 sex
234 625 65 18 extra
315 623 108 21 biträden
440 623 121 21 äfvensom
577 631 29 13 en
622 623 164 21 vaktmästare.
816 623 56 21 Hel-

115 656 108 28 singfors,
240 656 45 21 den
303 659 24 19 10
343 657 132 21 November
493 659 59 20 1899.

254 754 143 28 Styrelsen
418 755 41 21 för
475 755 255 28 postsparbanken.

363 853 37 20 HJ.
425 853 203 22 LAGERBORG.

183 909 56 22 P.A.
256 910 113 21 Rönnbäck.
701 911 19 21 L.
738 911 62 28 Prytz.

611 1078 53 20 dv.
683 1078 116 21 Blomroos.

690 1111 42 18 fd,
