1103 1795
209 189 29 20 44
445 188 31 23 U.
491 188 28 22 B.
536 202 27 2 —
578 189 157 21 1II-XXXIIL.

209 256 112 29 personal
333 256 43 21 och
390 252 93 37 stögrad
501 252 73 37 utgift
587 256 150 26 för-bränsle,
752 256 74 22 under
842 256 55 23 1898
905 258 16 20 t.
932 258 35 19 ex.

209 290 139 29 uppgående
371 290 37 21 till
431 292 93 25 488,000
548 291 66 21 mark
643 291 72 28 högre
731 294 29 17 än
775 290 140 29 föregående
931 290 36 27 är;

209 325 41 21 vid
268 325 195 28 banafdelningen
479 333 84 20 genom
579 325 82 28 utbyte
673 325 26 21 af
704 325 115 28 järnräler
829 328 49 19 mot
887 325 81 28 dylika

209 358 27 22 af
250 359 45 20 stål
311 361 60 18 samt
386 366 84 21 genom
485 359 202 28 spärunderhället
703 359 8 21 i
726 359 134 22 allmänhet.

281 393 126 29 Samtidigt
421 394 123 28 päkallade
564 395 46 21 den
625 394 106 22 växande
747 395 97 21 trafiken
861 395 25 21 sä
901 394 67 28 bety-

209 428 78 22 dande
307 428 181 28 komplettering
510 429 26 21 af
556 429 65 21 såväl
643 429 171 28 nybyggnader
832 436 48 14 som
896 428 73 28 rörlig

209 462 112 27 materiel,
339 465 34 18 att
388 462 129 21 kostnaden
536 462 85 27 härför,
636 463 8 20 i
660 463 186 28 räkenskaperna
862 463 106 21 observe-

209 496 43 21 rad
268 497 75 20 såsom
359 496 89 28 ökning
470 497 26 21 af
508 497 225 28 statsjärnvägarnes
748 496 169 29 kapitalvärde,
932 496 37 21 för

210 531 29 21 de
255 533 36 18 tre
306 531 54 20 åren
377 531 141 21 1896—1898
533 531 101 28 uppgått
649 531 37 21 till
702 532 64 26 201/,
782 531 106 28 miljoner
904 530 64 22 mark

210 567 64 19 emot
289 565 111 26 6,300,000
416 564 38 21 mk
470 565 73 20 under
559 565 54 21 ären
630 566 148 21 1893—1895.

280 599 82 21 Redan
378 599 8 21 i
399 599 40 21 det
453 599 147 22 betänkande
616 599 179 22 Statsutskottet
810 599 39 22 vid
865 600 53 21 1897
933 599 36 21 ärs

210 633 115 29 landtdag
341 633 52 22 med
408 633 127 29 anledning
554 634 26 21 af
592 634 205 21 finansrelationen
813 634 70 28 afgaf,
900 634 69 28 päpe-

210 667 73 22 kades
299 671 35 18 att
348 667 128 29 utgifterna
490 668 37 21 för
540 669 169 28 nybyggnader
725 669 42 21 och
783 669 72 28 rörlig
864 668 105 21 materiel

210 702 76 21 under
309 703 54 21 åren
387 704 54 20 1895
464 703 42 21 och
528 704 55 21 1896
607 703 113 28 medtagit
734 704 26 20 sä
778 706 48 18 stor
842 703 36 21 del
891 702 26 21 af
930 702 39 21 det

211 736 116 29 beviljade
343 737 111 28 anslaget,
471 739 34 19 att
515 737 36 21 för
564 737 151 28 användning
725 737 73 22 under
808 737 24 21 är
844 738 53 21 1897
910 737 59 20 äter-

211 771 54 21 stod
281 771 82 22 endast
372 771 60 21 F:mk
442 773 96 25 680,726:
548 773 32 20 99.
602 772 50 21 Här
660 771 70 22 ofvan
739 772 42 21 har
788 771 103 29 påvisats
899 771 70 21 huru-

211 812 50 15 som
277 805 74 21 under
365 805 114 28 sistsagda
495 806 25 21 år
535 805 36 22 för
586 813 32 14 nu
633 806 97 21 berörda
742 806 108 21 ändamål
860 805 109 28 utgifvits

210 839 63 22 Fmk
299 841 158 25 6,477,265:55,
484 840 42 21 och
552 839 74 22 under
649 841 54 20 1898
727 843 89 19 ensamt
838 839 38 22 för
897 839 72 28 rörlig

210 873 107 22 materiel
339 873 60 22 Fmk
422 875 158 26 7,158,400:
548 869 42 36 65,
596 874 81 21 medan
694 874 40 21 det
749 876 26 19 af
788 873 130 22 Ständerna
933 875 36 20 för

211 908 54 21 hela
288 908 185 29 finansperioden
497 910 141 21 1898-1900
660 909 132 21 beräknade
812 908 105 29 anslaget
932 907 37 22 till

211 943 46 21 den
273 943 86 28 rörliga
373 943 145 22 materielens
527 943 89 28 ökning
624 943 108 28 utgjorde
740 943 60 21 F:mk
809 943 116 26 5,600,000:
933 955 35 13 —,

211 977 97 21 hvartill
323 977 133 27 detsamma,
472 978 30 28 pä
517 977 88 29 förslag
621 977 25 21 af
660 977 184 26 Statsutskottet,
862 977 26 21 af
901 977 68 21 Stän-

211 1011 74 22 derna
293 1011 80 29 höjdes
387 1011 51 22 från
451 1013 8 20 i
469 1012 173 29 propositionen
653 1012 84 21 äskade
748 1011 60 22 Fmk
817 1012 150 26 3,600,000:—.

211 1046 12 21 I
245 1046 134 28 jämförelse
395 1047 51 20 med
462 1047 109 28 perioden
589 1047 140 21 1893—1895
745 1046 42 21 har
800 1046 74 28 ärliga
885 1045 83 22 medel-

211 1081 104 28 utgiften
331 1081 36 21 för
382 1081 66 21 dessa
463 1081 107 21 ändamäl
582 1081 66 21 ökats
664 1081 51 21 med
730 1082 50 25 4,735
790 1080 112 29 miljoner,
914 1080 56 21 eller

212 1116 82 26 225,632
302 1117 33 26 %/o.
366 1116 118 21 Trafikens
507 1116 55 21 kraf
582 1115 42 22 har
646 1115 184 29 uppenbarligen
852 1115 63 28 gjort
931 1114 40 21 det

212 1149 109 28 omöjligt
343 1152 34 19 att
392 1150 113 28 begränsa
528 1149 151 22 omförmälda
695 1150 98 28 utgifter
808 1149 37 21 till
865 1153 105 17 närmare

213 1183 239 22 öfverensstämmelse
468 1184 52 21 med
536 1184 28 21 de
580 1184 7 21 i
603 1183 117 29 budgeten
735 1187 126 24 upptagna.

283 1218 47 21 För
342 1222 104 17 närmare
460 1218 125 28 belysande
596 1218 26 21 af
630 1218 98 21 trafiken
736 1218 13 21 &
758 1218 213 28 statsjärnvägarne

212 1251 76 22 under
311 1253 54 20 åren
395 1253 139 21 1895—1898
562 1252 104 29 bilägges
689 1260 29 13 en
738 1251 146 29 jämförande
907 1251 64 22 tablå

213 1287 91 28 (Bilaga
321 1287 31 27 C).

295 1321 35 21 Af
343 1321 116 22 bokslutet
474 1321 36 21 för
525 1321 25 21 är
567 1322 54 21 1898
637 1321 107 27 framgår,
760 1322 35 19 att
810 1319 161 22 kommunika-

213 1354 162 22 tionsfondeus
401 1355 130 28 disponibla
554 1355 126 29 tillgängar
705 1368 27 2 —
753 1354 93 22 utöfver
872 1354 99 21 fondens

213 1389 96 22 skulder
324 1390 36 21 till
376 1389 110 27 enskilda,
503 1390 117 21 allmänna
636 1389 144 22 statsfonden
796 1388 43 22 och
854 1388 117 29 lagmans-

213 1424 276 29 tingsgästningsfonden
500 1438 27 2 —
538 1425 121 28 uppgingo
674 1424 37 21 till
722 1424 61 21 Fmk
796 1424 131 26 21,796,067:
937 1424 33 20 36.

213 1458 90 21 Värdet
326 1457 25 22 af
372 1458 222 29 statsjärnvägarnes
610 1458 143 29 fastigheter,
769 1457 142 22 inventarier
927 1457 43 22 och

213 1491 74 30 rörlig
302 1492 104 21 materiel
421 1495 61 18 samt
489 1492 141 21 materialier
637 1491 189 30 representerade
833 1491 41 22 vid
882 1496 88 17 sammä

285 1531 143 19 Statsutskottets
440 1533 110 17 betänkande
562 1532 38 17 N:o
612 1532 18 17 2.
