1103 1795
228 149 87 22 Ständ.
331 149 56 23 Skr.
409 162 17 3 —
438 149 138 22 Antellska
592 148 175 28 samlingarna.
864 149 13 20 3

111 219 89 23 -seende
225 221 14 21 å
260 220 118 23 desamma
396 222 60 20 samt
473 219 153 30 redovisning
644 220 36 21 för
698 218 179 23 omhänderhaf-

116 254 77 23 vande
211 254 81 22 medel.

185 289 12 21 I
222 288 189 23 förekommande
437 289 43 22 fall
508 296 55 21 eger
580 287 171 30 Delegationen
772 289 42 26 att,
834 287 44 23 allt

112 323 65 22 efter
194 323 95 29 frågans
306 323 168 28 beskaffenhet,
488 323 37 21 till
544 330 133 22 gemensam
695 322 183 29 öfverläggning

117 357 98 30 inbjuda
243 357 168 23 ordförandene
435 358 37 21 för
492 357 217 28 Konstföreningen
728 356 43 22 och
790 357 88 21 Konst-

117 392 187 29 fitsföreningen
328 394 61 20 samt
412 391 173 29 Arkeologiska
606 391 194 23 kommissionens
825 391 52 22 ord-

117 426 97 23 förande
241 427 44 22 och
312 426 212 29 Statsarkeologen,
547 427 57 21 eller
630 427 9 21 i
666 426 67 22 deras
758 426 68 21 ställe
854 426 24 21 af

117 461 178 28 föreningarnas
314 461 109 28 styrelser
441 461 44 22 och
502 461 173 29 Arkeologiska
695 460 182 22 kommissionen

117 495 100 22 utsedda
235 503 116 21 personer.

187 529 96 23 Enhvar
309 530 24 21 af
356 529 182 29 Delegationens
564 529 129 22 ledamöter
715 537 55 22 eger
788 531 36 20 att
841 529 37 22 för

119 563 80 30 hvarje
226 565 24 21 af
276 565 86 21 honom
389 564 117 22 bevistadt
530 564 171 22 sammanträde
719 564 106 29 uppbära
843 566 35 19 ett

119 599 86 22 arvode
223 599 24 22 af
266 599 31 21 25
311 599 72 21 mark.
420 596 81 31 Öfriga
519 599 98 28 utgifter
635 599 124 22 ankomma
778 599 13 21 ä
809 599 68 21 Dele-

119 633 122 29 gationens
259 633 112 29 pröfning
389 633 43 22 och
450 633 180 22 bestämmande.

188 696 25 28 4)
235 698 36 20 att
293 696 36 22 för
351 697 55 21 åren
427 696 168 21 1901—1904
614 695 24 22 af
656 695 221 30 bevillningsmedel

114 730 71 23 anslå
203 733 33 19 ett
254 730 85 30 belopp
359 731 23 21 af
401 731 73 27 5,000
493 731 67 21 mark
578 731 90 28 årligen
687 732 35 20 att
740 731 23 21 af
779 731 99 28 Delega-

119 765 81 22 tionen
226 767 63 20 emot
315 765 299 28 redovisningsskyldighet
642 765 120 22 användas
790 765 37 22 till
849 765 29 22 de

119 799 104 30 utgifter,
242 807 49 14 som
309 799 24 22 af
351 799 52 22 dess
421 799 107 29 uppdrag
546 799 140 22 föranledas.

188 868 87 22 Vidare
293 867 72 23 hafva
383 868 132 21 Ständerna
533 868 110 21 beslutit:

190 927 34 20 att
243 925 14 22 å
274 925 114 22 Finlands
406 925 62 22 folks
486 929 91 24 vägnar
593 925 128 29 godkänna
734 927 144 26 emottagan-

116 959 44 22 det
178 960 23 21 af
220 959 85 22 aflidne
323 960 191 21 Possessionaten
533 959 71 22 Oscar
622 960 87 21 Finnes
728 962 150 19 testamenta-

120 994 63 22 riska
202 994 122 28 donation;

191 1059 34 19 att
243 1056 88 23 värden
349 1064 38 15 om
405 1056 28 22 de
451 1057 119 21 Finneska
592 1057 158 28 samlingarna
763 1056 115 22 ombetros

120 1091 170 28 Delegationen
317 1091 36 22 för
375 1091 87 22 vården
482 1091 22 22 af
523 1091 28 22 de
569 1091 126 22 Antellska
713 1091 166 28 samlingarna,

117 1127 64 21 samt
199 1127 35 20 att
253 1125 116 22 desamma
387 1126 57 21 böra
462 1125 74 22 under
554 1125 89 22 särkild
661 1126 145 28 beteckning
822 1133 58 14 sam-

121 1159 128 22 manhällas
273 1160 36 21 för
334 1162 35 19 att
390 1160 9 21 i
417 1160 75 22 sinom
510 1160 36 21 tid
564 1160 132 22 införlifvas
715 1160 53 21 med
787 1160 93 21 samlin-

120 1201 75 22 garna
211 1194 10 22 i
238 1195 221 27 nationalmuseum;

191 1254 35 19 att
245 1251 44 22 den
308 1259 95 21 summa,
423 1254 47 20 stor
489 1253 91 27 20,000
599 1253 74 27 mark,
689 1260 50 14 som
751 1252 129 21 Possessio-

121 1287 72 21 naten
217 1286 75 21 Finne
315 1288 177 20 testamenterat
510 1289 35 19 att
564 1287 119 21 användas
702 1288 76 20 såsom
797 1286 83 29 bidrag

121 1320 38 22 till
180 1320 147 29 uppförande
349 1321 23 22 af
390 1321 45 21 den
452 1321 121 22 blifvande
592 1321 143 29 byggnaden
753 1321 37 21 för
808 1321 73 27 sagda

121 1362 111 21 museum,
255 1355 61 21 skall
344 1356 31 28 pä
401 1355 123 22 enahanda
552 1357 47 19 sätt
626 1363 49 14 som
701 1355 180 22 Kammarrädet

121 1389 105 22 Herman
249 1389 148 30 Rosenbergs
421 1389 57 23 fond
495 1389 75 22 under
587 1389 110 22 inseendo
717 1390 23 21 af
757 1389 124 22 Bankfull-

122 1424 103 29 mäktige
243 1424 114 22 förvaltas
381 1425 24 21 af
425 1424 115 22 Finlands
562 1424 76 28 Bank,
657 1424 64 22 intill
739 1424 52 21 dess
810 1424 71 22 dona-

121 1458 81 23 tionen
214 1459 47 21 kan
274 1459 37 21 för
324 1458 40 22 det
373 1459 94 22 afsedda
478 1459 132 22 ändamälet
621 1459 129 28 användas;
762 1459 119 21 äfvensom
