1103 1795
223 215 14 20 4
283 214 85 23 —Ständ.
385 214 54 23 Skr.
452 228 25 3 —
488 215 104 22 XXXIII.
604 228 26 3 —
641 215 89 22 Bankf.
747 215 47 23 och
809 215 120 23 Bankrev.

294 287 34 21 till
344 287 65 28 förste
427 287 280 28 Bankrevisorssuppleant:
726 286 158 23 Handlanden
901 287 9 22 i
928 287 56 22 Kri-

223 320 122 29 stinestad,
363 321 202 22 Kommerserädet
582 321 83 22 Alfred
683 321 138 28 Carlström;

294 356 34 21 till
335 357 68 20 andre
412 355 280 29 Bankrevisorssuppleant:
703 353 281 32 Öfverdirektörsadjoin-

224 391 40 20 ten
282 389 9 22 i
309 389 183 29 Forststyrelsen
510 390 54 22 Carl
581 389 79 23 Johan
677 390 143 28 Nummelin;

293 426 34 20 till
349 425 64 28 tredje
430 425 281 28 Bankrevisorssuppleant:
739 424 126 23 Assessorn
882 424 9 22 i
908 424 76 22 Eders

223 457 122 30 Majestäts
363 454 52 26 Åbo
434 459 96 22 Hofrätt
547 459 58 21 Erik
623 459 83 22 Albert
725 459 135 28 Stigzelius;

466 536 67 23 inom
549 535 193 24 Bondeständet:

294 597 33 21 till
352 597 198 28 Bankfullmäktig:
587 595 157 30 Godsegaren,
770 595 210 23 Kommunalrådet

222 630 113 29 Agathon
353 631 130 27 Meurman;

293 666 34 21 till
343 665 65 28 förste
425 665 323 28 Bankfullmäktigssuppleant:
770 665 210 22 Protokollssekre-

222 701 93 20 teraren
342 699 9 22 i
377 699 73 22 Eders
481 699 122 29 Majestäts
632 699 72 22 Senat
728 699 36 22 för
781 699 109 27 Finland,
914 699 66 22 Juris

222 733 129 29 Utriusgue
368 733 108 22 Doktorn
492 733 60 22 Karl
568 733 79 22 Johan
665 733 135 29 Ståhlberg;

293 769 34 21 till
347 769 66 21 andre
434 769 324 27 Bankfullmäktigssuppleant:
797 766 73 23 Äldre
896 767 85 22 Trans-

222 802 77 22 latorn
323 803 10 21 i
355 802 74 22 Eders
461 803 121 28 Majestäts
614 802 73 22 Senat
713 802 37 22 för
772 802 110 28 Finland,
907 802 74 22 Extra

222 836 118 23 ordinarie
358 837 103 22 Lektorn
479 836 40 23 vid
537 836 144 22 Alexanders
699 836 175 28 Universitetet,
893 836 88 23 Filoso-

221 871 30 22 fie
269 871 130 29 Magistern
417 871 80 22 Anton
515 871 99 22 Fredrik
628 871 122 29 Almberg;

293 907 33 21 till
361 907 63 27 tredje
460 906 324 28 Bankfullmäktigssuppleant:
823 905 158 28 Redaktören,

221 940 111 23 Filosofie
350 940 152 23 Kandidaten
521 940 52 22 Nils
591 939 86 23 Viktor
694 939 84 22 Alfred
795 939 113 30 Löfgren;

293 976 34 21 till
345 970 8 38 —
360 975 66 28 ferde
464 975 324 28 Bankfullmäktigssuppleant:
830 974 151 23 Redaktören

222 1009 61 22 Eero
302 1009 87 22 Erkko.

294 1045 33 21 till
347 1045 154 21 Bankrevisor:
529 1043 156 28 Godsegaren,
706 1043 208 22 Kommunalrådet
935 1043 46 22 Ed-

221 1078 43 23 vin
282 1079 110 26 Avellan;

294 1115 33 20 till
349 1114 65 27 förste
437 1113 280 28 Bankrevisorssuppleant:
747 1111 157 29 Godsegaren,
923 1112 59 22 Hof-

221 1147 70 22 rädet
308 1147 93 30 August
418 1146 119 23 Abraham
555 1147 117 27 Fellman;

294 1183 33 21 till
351 1183 67 21 andre
445 1182 280 28 Bankrevisorssuppleant:
761 1181 157 29 Godsegaren,
942 1181 39 21 Fi-

222 1217 82 22 losofie
321 1217 129 28 Magistern
467 1215 63 23 Juho
545 1215 89 22 Rudolf
645 1216 121 28 Forsman;

294 1253 34 20 till
339 1252 64 28 tredje
414 1251 280 28 Bankrevisorssuppleant:
712 1249 168 24 Rusthällaren
891 1249 88 22 Kaarle

222 1285 86 23 Wärri.

293 1348 114 23 Finlands
427 1348 99 22 Ständer
543 1348 133 22 framhärda
694 1350 44 19 etc.

293 1418 153 29 Helsingfors,
464 1418 46 22 den
530 1418 30 21 18
579 1418 47 29 Maj
648 1418 72 22 1900.

328 1521 17 2 —
361 1530 110 23 Felsingfors
484 1531 50 18 1900.
558 1516 118 41 Helsingfors
686 1516 152 41 Centraltryckeri.
