1103 1795
185 182 22 17 26
422 182 136 23 PDelegationens
571 182 90 17 berättelse
674 187 28 12 om

185 253 116 22 svarande
321 254 53 28 post
394 253 36 22 för
448 253 30 22 de
498 253 179 28 vetenskapliga
692 253 161 28 samlingarna
868 254 70 27 utgör

185 289 86 22 endast
288 289 59 22 Fmk
365 292 72 23 9,692:
456 293 32 18 78.
509 289 89 22 Därvid
611 289 40 22 bör
662 289 59 22 dock
734 288 142 27 observeras,
888 288 49 22 dels

185 326 35 20 att
244 324 29 23 de
298 324 185 23 numismatiska
507 325 109 28 inköpen,
641 326 7 20 i
671 325 57 28 följd
749 325 24 21 af
794 325 44 21 den
856 324 81 22 Olden-

186 361 105 28 burgska
313 361 146 28 samlingens
480 360 145 29 försäljning,
644 360 23 22 af
683 360 108 27 anslaget
807 360 35 22 för
858 361 78 21 veten-

185 397 110 28 skapliga
312 395 111 23 ändamål
441 397 59 28 tagit
515 397 3 21 i
531 396 103 29 anspråk
650 403 28 15 en
693 395 133 29 betydande
837 402 99 20 summa,

187 432 58 21 Pmk
264 436 87 22 22,470:
369 436 34 22 48,
422 432 48 21 dels
487 432 43 21 ock
548 434 34 19 att
598 433 24 20 af
639 432 106 28 anslaget
761 432 35 21 för
813 432 67 21 konst
894 432 41 21 och

187 468 170 21 konstindustri
375 469 34 20 ett
425 470 73 19 större
516 467 82 30 belopp
617 470 141 19 reserverats
770 467 34 22 för
815 467 71 29 inköp
899 467 38 22 vid

187 503 158 22 instundande
363 503 219 28 världsutställning
599 505 7 20 i
623 503 72 27 Paris,
712 503 121 22 hvarutom
852 503 24 22 af
892 503 44 22 den

188 540 32 27 1,
237 546 52 15 som
303 541 7 20 i
323 539 54 22 män
395 539 24 22 af
437 539 67 22 behof
520 539 48 22 kan
585 540 84 21 anlitas
686 539 34 22 till
736 539 163 22 förstärkande
914 538 23 23 af

185 575 39 22 det
247 582 45 15 ena
313 575 55 22 eller
389 575 73 22 andra
483 575 113 28 anslaget,
619 574 99 23 äterstär
742 574 43 22 den
805 574 131 29 betydande

185 617 110 16 summan
319 611 23 21 af
363 611 60 21 Fmk
445 614 87 23 24,205:
554 614 34 19 28.
621 611 35 22 Då
678 610 78 23 därtill
777 610 106 22 kommer
903 612 34 20 att

187 646 162 23 erfarenheten
377 646 149 22 beträffande
554 646 114 22 behofven
693 647 35 21 för
752 646 39 22 det
815 653 43 15 ena
882 646 55 22 eller

186 682 75 22 andra
278 682 135 22 ändamalet
432 682 128 22 tillsvidare
576 683 111 21 omfattar
699 682 84 22 endast
794 689 42 22 par
847 681 30 28 är,
895 682 42 21 har

188 718 174 28 Delegationen,
380 718 72 22 hällre
474 721 28 19 än
520 719 33 21 att
571 718 84 22 föreslä
671 725 27 15 en
717 725 30 21 ny
766 717 131 29 fördelning
914 718 23 21 af

186 753 169 27 räntemedlen,
377 754 62 21 velat
459 754 35 22 till
515 755 136 28 utjämning
671 753 23 22 af
710 753 155 22 förhällandet
881 753 54 22 mel-

188 790 36 21 lan
242 789 29 22 de
288 789 180 28 ifragavarande
490 790 112 28 anslagen
620 789 91 27 föreslä,
729 790 34 21 att
779 789 158 22 kostnaderna

187 826 33 21 för
236 825 29 22 de
282 825 184 22 numismatiska
478 825 100 29 inköpen
590 825 46 22 tills
649 825 78 22 vidare
740 825 64 28 finge
815 825 57 28 utgä
884 825 51 22 frän

186 861 111 28 anslaget
313 861 34 22 för
363 861 71 22 konst
450 861 43 22 och
508 861 177 27 konstindustri,
698 861 153 28 hvarigenom
864 863 72 20 större

187 896 128 29 lillgängar
331 903 92 16 vunnes
439 897 35 22 för
492 897 28 22 de
536 897 164 28 arkeologiska
716 896 44 23 och
776 897 160 28 etnografiska

185 933 168 28 samlingarna.
388 933 8 21 1
418 933 70 28 öfrigt
509 932 75 23 skulle
606 932 124 23 enahanda
751 934 130 27 proportion
902 932 35 22 för

186 968 161 28 fördelningen
371 968 24 22 af
416 968 159 22 räntemedlen
595 975 27 15 ur
638 968 180 23 Kammarrädet
834 969 101 21 Herman

187 1004 147 28 Rosenbergs
351 1004 63 26 fond,
431 1011 48 15 som
498 1004 73 22 under
589 1004 153 22 förevarande
762 1004 172 29 ständerperiod

188 1041 58 20 varit
268 1039 116 29 gällande,
407 1039 127 22 fastställas
556 1040 69 22 äfven
648 1040 35 21 för
703 1040 45 22 den
766 1039 85 30 period,
869 1040 66 22 Stän-

185 1076 86 21 dernas
289 1075 78 22 beslut
383 1082 32 15 nu
432 1075 67 22 afser.

259 1111 42 22 Till
323 1111 151 22 bestridande
494 1111 24 22 af
534 1111 28 22 de
580 1111 102 29 utgifter,
699 1119 50 15 som
767 1112 23 21 af
807 1111 128 28 Delegatio-

186 1154 59 15 nens
263 1147 107 29 uppdrag
387 1147 139 24 föranledas,
543 1147 72 22 hafva
632 1147 132 22 Ständerna
780 1147 56 22 stält
847 1147 34 22 till
893 1147 42 22 De-

187 1183 144 28 legationens
349 1182 138 28 förfogande
504 1184 34 21 ett
555 1183 83 28 anslag
655 1184 6 21 i
678 1183 219 28 bevillningsmedel
913 1183 24 22 af

188 1218 57 22 Fmk
264 1222 64 23 5,000
346 1217 96 30 årligen,
460 1219 55 21 eller
532 1219 175 28 sammanlagdt
724 1219 61 22 Fmk
803 1222 77 23 15,000
902 1219 34 22 för

187 1261 53 15 aren
265 1258 152 18 1898—1900.
450 1254 42 22 För
514 1254 24 22 är
561 1259 55 18 1897
639 1255 41 21 har
701 1254 168 29 Delegationen
886 1255 50 22 haft

186 1290 96 27 tillgodo
297 1289 51 23 frän
361 1289 139 28 föregaende
512 1290 152 29 redovisning
676 1290 60 22 Fmk
750 1294 69 22 1,651:
832 1294 27 18 25
872 1290 63 23 saldo

185 1326 63 21 samt
273 1325 59 22 Fmk
359 1329 70 23 1,319:
454 1329 34 23 70,
512 1333 51 14 som
584 1326 35 21 för
640 1328 86 20 tvänne
749 1325 89 23 mindre
858 1326 77 28 inköp,

187 1360 80 22 hvilka
289 1361 42 21 den
353 1360 134 23 davarande
505 1361 167 29 Delegationen
690 1362 33 21 till
743 1365 54 18 1897
816 1361 37 23 ärs
870 1362 65 22 Stän-

185 1397 41 21 der
251 1397 96 26 anmält,
369 1397 123 22 öfverförts
514 1397 51 22 från
587 1398 99 22 Herman
704 1397 147 29 Rosenbergs
868 1398 68 22 fonds

186 1432 77 22 medel
282 1433 34 21 till
331 1432 243 29 bevillningsmedlen,
592 1433 93 22 hvartill
702 1433 107 22 kommer
826 1433 36 22 vid
875 1441 60 14 sam-

187 1475 38 15 ma
246 1468 151 22 rodovisning
418 1469 148 14 oredovisade
587 1476 93 7 oxnensi

381 1485 14 12 g
418 1485 149 6 oredovisade
587 1485 86 13 expens

732 1469 20 22 el
773 1469 59 22 Fmk
850 1473 26 18 12
