1103 1795
463 170 25 21 IT
801 173 27 20 49

95 240 228 21 kronolänsmannen
345 239 43 22 X:s
418 239 146 28 förberörda,
590 239 38 21 till
650 240 207 27 guvernörsembe-

95 283 35 19 tet
153 280 87 22 aflåtna
255 279 124 22 skrifvelse
395 279 109 28 tydligen
520 279 106 21 innehöll
645 279 109 21 anmälan
770 280 86 27 derom,

97 323 34 19 att
156 321 79 20 Petter
258 320 21 21 S.
300 319 87 28 blifvit,
412 319 78 21 såsom
514 319 126 21 misstänkt
664 321 35 18 att
721 319 73 21 hafva
816 327 39 14 an-

96 361 51 27 lagt
171 359 125 22 omordade
321 359 81 27 brand,
427 359 27 20 af
475 359 30 21 X.
530 358 37 21 till
592 358 170 28 länsfängelset
784 359 73 21 inför-

98 401 90 28 passad,
211 403 147 26 guvernören
381 399 75 22 likväl
480 399 141 21 försummat
644 401 39 25 att,
708 399 30 27 på
754 400 47 20 sätt
816 399 41 21 ske

97 441 59 27 bort,
187 441 144 21 omedelbart
361 441 61 20 efter
447 440 154 21 skrifvelsens
628 439 176 28 inhändigande
823 447 34 13 re-

97 481 94 21 mittera
213 481 96 21 ärendet
332 481 37 20 till
388 479 176 23 vederbörande
586 479 172 22 domhafvande
774 480 8 20 i
798 480 60 21 afse-

99 521 58 21 ende
181 522 13 21 &
209 521 156 28 ransaknings
382 520 149 21 anställande
548 519 43 22 och
606 520 9 20 i
631 519 78 22 stället
725 519 83 22 endast
824 521 34 20 öt-

100 561 128 22 verlemnat
244 561 140 21 skrifvelsen
400 561 8 20 i
420 561 74 21 ofvan
504 560 98 22 nämndt
613 560 110 21 afseende
734 560 36 21 till
781 560 77 21 lands-

98 601 170 22 sekreterarens
277 600 179 29 föredragning;
466 603 36 18 att
509 599 236 28 landssekreteraren,
754 600 104 28 lagman-

98 649 46 13 nen
166 641 35 28 N.,
222 641 97 21 oaktadt
335 641 47 21 han
400 641 52 20 bort
467 641 66 20 finna
549 642 35 19 att
601 639 96 22 ärendet
710 639 88 29 jemväl
814 640 43 21 och

99 681 198 28 hufvudsakligen
312 681 110 28 utgjorde
435 681 109 21 anmälan
556 687 37 14 om
604 680 80 21 Petter
695 680 35 21 S:s
742 680 116 29 häktning

99 722 44 21 och
158 722 96 27 således,
271 722 75 29 enligt
361 721 45 22 den
422 721 41 21 vid
478 720 174 22 landskansliet
666 721 94 20 införda
771 721 87 21 arbets-

99 763 106 28 ordning,
218 763 128 21 ankommit
358 763 13 20 å
379 761 294 22 vicelandssekreterarens
682 761 175 29 föredragning,

99 803 73 21 under
195 803 44 21 den
261 803 36 20 tid
320 803 26 20 af
367 804 90 19 tretton
473 802 74 27 dagar
562 801 57 22 eller
634 801 63 22 intill
712 801 45 22 den
773 803 13 20 4
801 801 58 22 Juni

101 845 60 25 1896,
184 842 132 22 hvarunder
339 842 142 28 lagmannen
504 842 36 27 N.,
563 841 61 22 efter
643 841 39 22 det
701 842 73 27 sagda
789 842 69 21 skrif-

98 883 63 21 velse
191 883 36 21 till
254 883 86 21 honom
370 882 174 27 öfverlemnats,
577 882 117 21 handhaft
718 882 35 21 sin
776 883 78 28 tjenst,

99 923 124 21 uraktlätit
247 925 41 24 att,
311 923 30 28 pä
364 925 47 19 sätt
435 923 86 20 honom
544 922 84 28 älegat,
646 930 36 13 om
698 923 84 20 sakens
798 925 62 19 rätta

100 963 163 21 beskaffenhet
282 963 93 21 anmäla
395 963 38 20 för
448 966 148 24 guvernören
612 963 55 20 eller
683 963 175 21 vederbörande

100 1003 170 28 föredragande
297 1003 25 21 af
344 1003 102 21 ärenden
470 1003 121 28 angäende
614 1003 102 21 häktade
738 1010 120 21 personer;

100 1046 60 18 samt
183 1045 34 19 att
239 1043 164 28 kronofogden
426 1043 26 20 L.
478 1043 44 20 och
538 1042 269 29 vicehäradshöfdingen
823 1043 33 27 R.,

100 1083 81 21 hvilka
203 1083 8 20 i
234 1083 117 28 egenskap
375 1083 26 22 af
423 1083 221 28 tjenstförrättande
662 1083 53 21 haft
730 1083 36 28 sig
782 1083 77 22 ombe-

101 1123 89 28 trodda,
214 1123 26 21 L.
263 1123 319 28 landssekreteraretjensten
605 1123 40 21 vid
669 1123 107 22 bemälda
799 1124 60 21 läns-

103 1163 96 28 styrelse
216 1163 53 21 frän
285 1163 45 21 den
349 1165 8 19 1
375 1163 59 21 Juni
452 1165 54 20 1896
522 1163 36 21 till
575 1163 45 21 den
635 1166 13 18 4
663 1163 136 29 päföljande
810 1165 50 20 Juli

102 1203 44 22 och
156 1203 28 21 R.
195 1203 371 29 vicelandssekreteraretjensten
577 1203 75 22 under
662 1204 72 27 sagde
744 1204 59 21 Juni
813 1205 48 21 mä-

100 1243 47 22 nad
155 1246 60 19 samt
224 1244 13 21 &
245 1244 245 27 guvernörsembetets
499 1247 91 25 vägnar
598 1244 170 22 undertecknat
777 1245 82 21 ofvan-

101 1283 102 22 nämnda
225 1283 137 22 skrifvelser
378 1283 38 22 till
432 1283 252 29 Generalguvernören
699 1284 44 21 och
759 1284 100 22 Civilex-

101 1323 141 29 peditionen,
267 1323 101 22 änskönt
392 1323 29 22 de
443 1324 55 21 bort
512 1324 50 21 inse
579 1326 35 19 att
629 1324 230 22 kronolänsmannen

101 1364 43 21 X:s
160 1363 171 22 ofvanberörda
347 1364 116 28 anmälan,
480 1370 50 14 som
542 1363 27 29 ju
580 1364 91 28 utgjort
681 1364 77 28 grund
769 1364 37 20 för
818 1364 42 21 sist

101 1404 154 21 omförmälda
270 1404 143 28 skrifvelser,
430 1404 126 29 päkallade
572 1405 82 21 remiss
670 1405 26 21 af
710 1404 96 22 ärendet
822 1405 38 21 till

100 1444 174 22 vederbörande
290 1445 182 28 domhafvande,
489 1445 125 22 uraktlätit
631 1448 38 25 att,
687 1446 76 21 säsom
780 1445 79 22 veder-

103 1485 57 26 bort,
184 1485 148 27 efterforska,
356 1485 118 21 huruvida
490 1485 78 28 nägon
585 1485 83 29 ätgärd
684 1485 8 20 i
707 1485 154 21 nästnämndt

170 1523 126 18 Prokuratorns
309 1524 96 17 berättelse.
780 1526 10 15 4
