1103 1795
374 177 30 22 U.
419 178 28 21 R.
465 190 25 3 —
505 177 157 22 III-XXXII.
870 178 27 21 43

139 245 89 22 hvilket
251 245 97 22 innebär
371 253 28 14 en
422 246 104 28 stegring
548 245 92 22 utöfver
663 246 40 21 det
718 245 138 28 beräknade,
874 246 26 22 af

139 279 128 22 inkomster

415 311 43 30 1897
529 315 45 18 1898
645 315 44 18 1899

320 343 51 21 med
389 345 53 25 11,57
451 344 28 26 %
509 344 54 26 21,57
571 344 27 26 9/,
628 344 94 27 27,73%/,

138 397 60 18 samt
213 394 26 22 af
250 394 129 29 utgifterna
394 395 50 21 med

403 448 39 25 7,88
450 446 28 27 9/,
509 446 88 27 13,54%/,
627 448 45 25 275
685 447 35 26 %/.

209 497 168 27 Trafikvinsten,
400 504 48 14 som
472 497 26 21 af
517 497 121 22 Utskottet
654 499 83 27 antogs
752 497 93 22 komma
860 499 35 20 att

137 531 78 28 uppgå

289 583 36 21 för
341 583 25 20 år
382 584 53 20 1897
452 583 37 21 till
504 583 60 20 Fmk
580 583 116 25 6.125,000:
706 596 27 2 —

305 635 10 7 »
347 635 9 10 »
381 619 54 20 18988
466 635 10 7 +
531 634 11 8 =,
580 618 153 25 5,430,000:—

305 669 11 7 >
349 668 8 9 »
382 653 55 20 1899
467 669 10 7 +
534 669 10 7 =.
582 653 159 25 5,883,000:—,

161 713 42 22 har
217 714 8 21 i
242 713 83 29 själfva
340 714 82 21 verket
437 714 66 28 stigit
519 715 53 20 1897
590 713 36 22 till
641 714 60 21 Fmk
718 715 116 25 7,253,196:
842 715 27 20 06

373 765 10 8 ä
470 765 10 8 »
520 749 55 21 1898
601 765 10 8 ,
664 766 10 7 or
717 749 152 26 7,618,430:39

181 799 47 8 Kom
274 799 11 8 &
373 800 10 9 N
470 799 10 8 »
521 783 54 21 189
602 799 10 8 ,
664 799 9 11 ,
716 783 158 26 7,544,46816.

205 851 172 21 Trafikvinsten
393 851 40 21 har
449 851 89 21 således
554 851 19 28 ej
590 853 35 19 att
635 851 111 21 framvisa
753 853 73 19 större
834 850 56 22 fluk-

136 884 123 27 tuationer,
281 885 43 21 och
347 885 42 22 har
410 885 60 21 varit
492 885 8 21 i
518 885 60 29 jämt
598 885 107 28 stigande
721 885 51 21 frän
789 885 25 21 är
829 886 62 26 1896,

136 919 30 21 dä
181 919 44 22 den
241 919 109 29 utgjorde
372 920 59 21 Fmk
452 921 158 26 7,067,643:85,
626 919 61 22 ända
702 920 37 21 till
755 921 61 26 1899,
832 920 59 21 hvil-

135 953 40 22 ket
191 953 25 22 år
230 954 89 21 lämnat
335 956 34 19 ett
384 954 72 29 något
471 954 64 29 lägre
550 954 98 21 resultat
662 957 29 18 än
708 955 25 20 är
751 955 60 21 1898.
836 954 55 21 Men

135 988 158 21 förhällandet
313 989 86 20 mellan
414 988 224 29 statsjärnvägarnes
653 989 129 20 inkomster
797 988 43 22 och
854 991 37 19 ut-

135 1022 71 28 gifter
220 1021 37 22 för
271 1022 123 22 underhäll
411 1023 42 21 och
469 1023 68 21 trafik
553 1023 62 20 visar
630 1024 24 19 är
669 1023 59 20 efter
744 1023 24 20 är
779 1030 29 13 en
818 1030 72 21 ogyn-

135 1063 112 15 sammare
260 1057 142 28 proportion.
423 1057 91 21 Nämda
534 1057 97 28 utgifter
641 1057 120 28 uppgingo
772 1057 118 28 nämligen

246 1131 37 22 för
298 1132 25 21 år
339 1133 55 21 1896
412 1132 36 21 till
464 1133 55 24 60,45
527 1133 28 26 %/,
571 1132 26 21 af
609 1132 160 21 inkomsterna

258 1183 9 10 »
305 1184 9 10 »
338 1168 54 20 1897
424 1185 9 10 ,
464 1167 90 27 6284%
576 1184 9 10 ,
683 1183 12 9 5

257 1217 9 12 n
305 1218 7 7 »
337 1203 55 20 1898
422 1219 9 10 ,
462 1203 90 26 65,39%
574 1219 9 9 ,
683 1218 11 8 >

251 1252 12 9 »
301 1251 10 12 »
336 1236 55 21 1899
423 1252 9 11 »
462 1236 90 27 69,889/,
574 1253 10 10 ,
684 1251 11 9 »

201 1308 72 22 Detta
294 1308 148 22 förhållande
464 1309 74 22 finner
561 1309 35 21 sin
612 1309 130 28 förklaring
756 1309 50 21 dels
820 1309 8 21 i
844 1308 45 22 den

133 1343 204 28 omständigheten
361 1345 34 19 att
419 1350 28 14 en
464 1343 105 28 betydlig
584 1343 153 28 nedsättning
752 1343 27 21 af
792 1345 97 19 taxorna

132 1376 36 23 för
183 1377 64 21 såväl
263 1376 68 29 gods-
348 1384 49 15 som
413 1376 273 30 passagerarebefordran
701 1376 91 29 utgjort
806 1384 28 14 en
850 1380 37 18 vä-

132 1411 86 29 sentlig
241 1411 67 22 orsak
327 1412 37 21 till
380 1411 110 22 trafikens
507 1412 79 21 starka
600 1412 112 28 stegring,
728 1411 48 22 dels
792 1411 8 21 i
816 1411 72 22 ökade

131 1445 126 22 kostnader
272 1446 40 21 vid
328 1446 85 27 trafik-,
429 1446 101 21 maskin-
546 1446 43 22 och
604 1446 233 29 banafdelningarne;
848 1445 40 22 vid

131 1479 28 22 de
174 1480 62 22 förra
251 1480 197 29 hufvudsakligen
464 1481 136 22 föranledda
612 1481 26 21 af
647 1481 116 28 betydligt
777 1480 111 22 förstärkt

200 1527 143 17 Statsutskottets
355 1527 112 17 betänkande
479 1527 37 17 N:o
529 1527 18 17 2.
