<?xml version="1.0" encoding="UTF-8"?>
<alto xmlns="http://www.loc.gov/standards/alto/ns-v3#" xmlns:xlink="http://www.w3.org/1999/xlink" xmlns:xsi="http://www.w3.org/2001/XMLSchema-instance" xsi:schemaLocation="http://www.loc.gov/standards/alto/ns-v3# http://www.loc.gov/alto/v3/alto-3-0.xsd">
	<Description>
		<MeasurementUnit>pixel</MeasurementUnit>
		<sourceImageInformation>
			<fileName>/tmp/tess_6wvo96vw_input.PNG</fileName>
		</sourceImageInformation>
		<OCRProcessing ID="OCR_0">
			<ocrProcessingStep>
				<processingSoftware>
					<softwareName>tesseract 5.3.4</softwareName>
				</processingSoftware>
			</ocrProcessingStep>
		</OCRProcessing>
	</Description>
	<Layout>
		<Page WIDTH="1103" HEIGHT="1795" PHYSICAL_IMG_NR="0" ID="page_0">
			<PrintSpace HPOS="0" VPOS="0" WIDTH="1103" HEIGHT="1795">
				<ComposedBlock ID="cblock_0" HPOS="336" VPOS="193" WIDTH="542" HEIGHT="22">
					<TextBlock ID="block_0" HPOS="336" VPOS="193" WIDTH="542" HEIGHT="22">
						<TextLine ID="line_0" HPOS="336" VPOS="193" WIDTH="542" HEIGHT="22">
							<String ID="string_0" HPOS="336" VPOS="193" WIDTH="29" HEIGHT="22" WC="0.93" CONTENT="U."/><SP WIDTH="16" VPOS="193" HPOS="365"/>
							<String ID="string_1" HPOS="381" VPOS="193" WIDTH="28" HEIGHT="22" WC="0.92" CONTENT="B."/><SP WIDTH="18" VPOS="193" HPOS="409"/>
							<String ID="string_2" HPOS="427" VPOS="206" WIDTH="26" HEIGHT="3" WC="0.92" CONTENT="—"/><SP WIDTH="16" VPOS="206" HPOS="453"/>
							<String ID="string_3" HPOS="469" VPOS="193" WIDTH="172" HEIGHT="21" WC="0.50" CONTENT="III--XXXII"/><SP WIDTH="211" VPOS="193" HPOS="641"/>
							<String ID="string_4" HPOS="852" VPOS="193" WIDTH="26" HEIGHT="21" WC="0.96" CONTENT="17"/>
						</TextLine>
					</TextBlock>
				</ComposedBlock>
				<ComposedBlock ID="cblock_1" HPOS="119" VPOS="261" WIDTH="761" HEIGHT="338">
					<TextBlock ID="block_1" HPOS="119" VPOS="261" WIDTH="761" HEIGHT="338">
						<TextLine ID="line_1" HPOS="187" VPOS="261" WIDTH="691" HEIGHT="29">
							<String ID="string_5" HPOS="187" VPOS="261" WIDTH="51" HEIGHT="22" WC="0.95" CONTENT="Den"/><SP WIDTH="16" VPOS="261" HPOS="238"/>
							<String ID="string_6" HPOS="254" VPOS="262" WIDTH="6" HEIGHT="21" WC="0.95" CONTENT="i"/><SP WIDTH="18" VPOS="262" HPOS="260"/>
							<String ID="string_7" HPOS="278" VPOS="261" WIDTH="67" HEIGHT="22" WC="0.93" CONTENT="dessa"/><SP WIDTH="18" VPOS="261" HPOS="345"/>
							<String ID="string_8" HPOS="363" VPOS="261" WIDTH="76" HEIGHT="22" WC="0.93" CONTENT="siffror"/><SP WIDTH="22" VPOS="261" HPOS="439"/>
							<String ID="string_9" HPOS="461" VPOS="261" WIDTH="174" HEIGHT="22" WC="0.92" CONTENT="framträdande"/><SP WIDTH="23" VPOS="261" HPOS="635"/>
							<String ID="string_10" HPOS="658" VPOS="261" WIDTH="220" HEIGHT="29" WC="0.92" CONTENT="utgiftsstegringen"/>
						</TextLine>
						<TextLine ID="line_2" HPOS="120" VPOS="291" WIDTH="759" HEIGHT="33">
							<String ID="string_11" HPOS="120" VPOS="299" WIDTH="80" HEIGHT="19" WC="0.93" CONTENT="härrör"/><SP WIDTH="14" VPOS="299" HPOS="200"/>
							<String ID="string_12" HPOS="214" VPOS="296" WIDTH="101" HEIGHT="21" WC="0.96" CONTENT="förutom"/><SP WIDTH="17" VPOS="296" HPOS="315"/>
							<String ID="string_13" HPOS="332" VPOS="296" WIDTH="26" HEIGHT="21" WC="0.93" CONTENT="af"/><SP WIDTH="12" VPOS="296" HPOS="358"/>
							<String ID="string_14" HPOS="370" VPOS="296" WIDTH="74" HEIGHT="21" WC="0.92" CONTENT="ökade"/><SP WIDTH="16" VPOS="296" HPOS="444"/>
							<String ID="string_15" HPOS="460" VPOS="295" WIDTH="126" HEIGHT="22" WC="0.96" CONTENT="kostnader"/><SP WIDTH="16" VPOS="295" HPOS="586"/>
							<String ID="string_16" HPOS="602" VPOS="296" WIDTH="34" HEIGHT="21" WC="0.93" CONTENT="för"/><SP WIDTH="12" VPOS="296" HPOS="636"/>
							<String ID="string_17" HPOS="648" VPOS="291" WIDTH="186" HEIGHT="33" WC="0.92" CONTENT="Öfverstyrelsen"/><SP WIDTH="9" VPOS="291" HPOS="834"/>
							<String ID="string_18" HPOS="843" VPOS="295" WIDTH="36" HEIGHT="22" WC="0.96" CONTENT="för"/>
						</TextLine>
						<TextLine ID="line_3" HPOS="119" VPOS="330" WIDTH="761" HEIGHT="29">
							<String ID="string_19" HPOS="119" VPOS="331" WIDTH="174" HEIGHT="21" WC="0.92" CONTENT="landtmäteriet"/><SP WIDTH="10" VPOS="331" HPOS="293"/>
							<String ID="string_20" HPOS="303" VPOS="330" WIDTH="43" HEIGHT="21" WC="0.96" CONTENT="och"/><SP WIDTH="11" VPOS="330" HPOS="346"/>
							<String ID="string_21" HPOS="357" VPOS="330" WIDTH="36" HEIGHT="22" WC="0.93" CONTENT="för"/><SP WIDTH="8" VPOS="330" HPOS="393"/>
							<String ID="string_22" HPOS="401" VPOS="330" WIDTH="235" HEIGHT="27" WC="0.91" CONTENT="landtmäteristaten,"/><SP WIDTH="10" VPOS="330" HPOS="636"/>
							<String ID="string_23" HPOS="646" VPOS="330" WIDTH="124" HEIGHT="29" WC="0.92" CONTENT="betingade"/><SP WIDTH="8" VPOS="330" HPOS="770"/>
							<String ID="string_24" HPOS="778" VPOS="330" WIDTH="102" HEIGHT="21" WC="0.91" CONTENT="hufvud-"/>
						</TextLine>
						<TextLine ID="line_4" HPOS="119" VPOS="364" WIDTH="760" HEIGHT="29">
							<String ID="string_25" HPOS="119" VPOS="365" WIDTH="113" HEIGHT="28" WC="0.91" CONTENT="sakligast"/><SP WIDTH="15" VPOS="365" HPOS="232"/>
							<String ID="string_26" HPOS="247" VPOS="365" WIDTH="26" HEIGHT="20" WC="0.96" CONTENT="af"/><SP WIDTH="13" VPOS="365" HPOS="273"/>
							<String ID="string_27" HPOS="286" VPOS="365" WIDTH="89" HEIGHT="21" WC="0.96" CONTENT="arbetet"/><SP WIDTH="16" VPOS="365" HPOS="375"/>
							<String ID="string_28" HPOS="391" VPOS="365" WIDTH="36" HEIGHT="21" WC="0.93" CONTENT="för"/><SP WIDTH="15" VPOS="365" HPOS="427"/>
							<String ID="string_29" HPOS="442" VPOS="364" WIDTH="168" HEIGHT="29" WC="0.92" CONTENT="upprättandet"/><SP WIDTH="16" VPOS="364" HPOS="610"/>
							<String ID="string_30" HPOS="626" VPOS="364" WIDTH="26" HEIGHT="21" WC="0.93" CONTENT="af"/><SP WIDTH="9" VPOS="364" HPOS="652"/>
							<String ID="string_31" HPOS="661" VPOS="364" WIDTH="164" HEIGHT="29" WC="0.92" CONTENT="jordregistret"/><SP WIDTH="11" VPOS="364" HPOS="825"/>
							<String ID="string_32" HPOS="836" VPOS="365" WIDTH="43" HEIGHT="22" WC="0.96" CONTENT="och"/>
						</TextLine>
						<TextLine ID="line_5" HPOS="120" VPOS="399" WIDTH="758" HEIGHT="29">
							<String ID="string_33" HPOS="120" VPOS="402" WIDTH="65" HEIGHT="19" WC="0.93" CONTENT="extra"/><SP WIDTH="16" VPOS="402" HPOS="185"/>
							<String ID="string_34" HPOS="201" VPOS="399" WIDTH="80" HEIGHT="29" WC="0.92" CONTENT="anslag"/><SP WIDTH="15" VPOS="399" HPOS="281"/>
							<String ID="string_35" HPOS="296" VPOS="399" WIDTH="35" HEIGHT="21" WC="0.93" CONTENT="för"/><SP WIDTH="16" VPOS="399" HPOS="331"/>
							<String ID="string_36" HPOS="347" VPOS="399" WIDTH="76" HEIGHT="25" WC="0.93" CONTENT="ritare,"/><SP WIDTH="17" VPOS="399" HPOS="423"/>
							<String ID="string_37" HPOS="440" VPOS="399" WIDTH="26" HEIGHT="21" WC="0.97" CONTENT="af"/><SP WIDTH="13" VPOS="399" HPOS="466"/>
							<String ID="string_38" HPOS="479" VPOS="399" WIDTH="29" HEIGHT="21" WC="0.93" CONTENT="de"/><SP WIDTH="15" VPOS="399" HPOS="508"/>
							<String ID="string_39" HPOS="523" VPOS="399" WIDTH="89" HEIGHT="29" WC="0.92" CONTENT="stadigt"/><SP WIDTH="15" VPOS="399" HPOS="612"/>
							<String ID="string_40" HPOS="627" VPOS="399" WIDTH="107" HEIGHT="21" WC="0.92" CONTENT="växande"/><SP WIDTH="14" VPOS="399" HPOS="734"/>
							<String ID="string_41" HPOS="748" VPOS="399" WIDTH="130" HEIGHT="29" WC="0.92" CONTENT="utgifterna"/>
						</TextLine>
						<TextLine ID="line_6" HPOS="119" VPOS="433" WIDTH="760" HEIGHT="29">
							<String ID="string_42" HPOS="119" VPOS="434" WIDTH="36" HEIGHT="21" WC="0.93" CONTENT="för"/><SP WIDTH="15" VPOS="434" HPOS="155"/>
							<String ID="string_43" HPOS="170" VPOS="433" WIDTH="141" HEIGHT="29" WC="0.92" CONTENT="främjandet"/><SP WIDTH="19" VPOS="433" HPOS="311"/>
							<String ID="string_44" HPOS="330" VPOS="433" WIDTH="26" HEIGHT="21" WC="0.96" CONTENT="af"/><SP WIDTH="14" VPOS="433" HPOS="356"/>
							<String ID="string_45" HPOS="370" VPOS="433" WIDTH="139" HEIGHT="29" WC="0.96" CONTENT="jordbruket"/><SP WIDTH="15" VPOS="433" HPOS="509"/>
							<String ID="string_46" HPOS="524" VPOS="434" WIDTH="43" HEIGHT="21" WC="0.96" CONTENT="och"/><SP WIDTH="17" VPOS="434" HPOS="567"/>
							<String ID="string_47" HPOS="584" VPOS="434" WIDTH="51" HEIGHT="20" WC="0.93" CONTENT="dess"/><SP WIDTH="16" VPOS="434" HPOS="635"/>
							<String ID="string_48" HPOS="651" VPOS="434" WIDTH="141" HEIGHT="27" WC="0.92" CONTENT="binäringar,"/><SP WIDTH="17" VPOS="434" HPOS="792"/>
							<String ID="string_49" HPOS="809" VPOS="433" WIDTH="70" HEIGHT="22" WC="0.96" CONTENT="bland"/>
						</TextLine>
						<TextLine ID="line_7" HPOS="120" VPOS="467" WIDTH="758" HEIGHT="29">
							<String ID="string_50" HPOS="120" VPOS="468" WIDTH="79" HEIGHT="21" WC="0.92" CONTENT="hvilka"/><SP WIDTH="16" VPOS="468" HPOS="199"/>
							<String ID="string_51" HPOS="215" VPOS="467" WIDTH="110" HEIGHT="22" WC="0.91" CONTENT="särskildt"/><SP WIDTH="17" VPOS="467" HPOS="325"/>
							<String ID="string_52" HPOS="342" VPOS="467" WIDTH="112" HEIGHT="29" WC="0.96" CONTENT="anslagen"/><SP WIDTH="15" VPOS="467" HPOS="454"/>
							<String ID="string_53" HPOS="469" VPOS="467" WIDTH="37" HEIGHT="22" WC="0.93" CONTENT="för"/><SP WIDTH="14" VPOS="467" HPOS="506"/>
							<String ID="string_54" HPOS="520" VPOS="467" WIDTH="150" HEIGHT="28" WC="0.92" CONTENT="nyinrättade"/><SP WIDTH="13" VPOS="467" HPOS="670"/>
							<String ID="string_55" HPOS="683" VPOS="467" WIDTH="136" HEIGHT="28" WC="0.92" CONTENT="jordbruks-"/><SP WIDTH="17" VPOS="467" HPOS="819"/>
							<String ID="string_56" HPOS="836" VPOS="467" WIDTH="42" HEIGHT="22" WC="0.96" CONTENT="och"/>
						</TextLine>
						<TextLine ID="line_8" HPOS="120" VPOS="501" WIDTH="760" HEIGHT="23">
							<String ID="string_57" HPOS="120" VPOS="501" WIDTH="263" HEIGHT="23" WC="0.92" CONTENT="kreaturskötareskolor"/><SP WIDTH="9" VPOS="501" HPOS="383"/>
							<String ID="string_58" HPOS="392" VPOS="505" WIDTH="39" HEIGHT="18" WC="0.93" CONTENT="äro"/><SP WIDTH="11" VPOS="505" HPOS="431"/>
							<String ID="string_59" HPOS="442" VPOS="504" WIDTH="35" HEIGHT="19" WC="0.93" CONTENT="att"/><SP WIDTH="8" VPOS="504" HPOS="477"/>
							<String ID="string_60" HPOS="485" VPOS="502" WIDTH="128" HEIGHT="21" WC="0.92" CONTENT="bemärkas."/><SP WIDTH="23" VPOS="502" HPOS="613"/>
							<String ID="string_61" HPOS="636" VPOS="502" WIDTH="35" HEIGHT="21" WC="0.90" CONTENT="De"/><SP WIDTH="10" VPOS="502" HPOS="671"/>
							<String ID="string_62" HPOS="681" VPOS="502" WIDTH="115" HEIGHT="21" WC="0.90" CONTENT="ordinarie"/><SP WIDTH="10" VPOS="502" HPOS="796"/>
							<String ID="string_63" HPOS="806" VPOS="502" WIDTH="74" HEIGHT="22" WC="0.92" CONTENT="ansla-"/>
						</TextLine>
						<TextLine ID="line_9" HPOS="120" VPOS="536" WIDTH="759" HEIGHT="29">
							<String ID="string_64" HPOS="120" VPOS="544" WIDTH="45" HEIGHT="21" WC="0.96" CONTENT="gen"/><SP WIDTH="15" VPOS="544" HPOS="165"/>
							<String ID="string_65" HPOS="180" VPOS="537" WIDTH="36" HEIGHT="21" WC="0.93" CONTENT="för"/><SP WIDTH="14" VPOS="537" HPOS="216"/>
							<String ID="string_66" HPOS="230" VPOS="536" WIDTH="147" HEIGHT="21" WC="0.92" CONTENT="landtbruks-"/><SP WIDTH="16" VPOS="536" HPOS="377"/>
							<String ID="string_67" HPOS="393" VPOS="536" WIDTH="43" HEIGHT="21" WC="0.93" CONTENT="och"/><SP WIDTH="16" VPOS="536" HPOS="436"/>
							<String ID="string_68" HPOS="452" VPOS="536" WIDTH="196" HEIGHT="29" WC="0.92" CONTENT="mejerinstituten"/><SP WIDTH="16" VPOS="536" HPOS="648"/>
							<String ID="string_69" HPOS="664" VPOS="539" WIDTH="60" HEIGHT="18" WC="0.93" CONTENT="samt"/><SP WIDTH="12" VPOS="539" HPOS="724"/>
							<String ID="string_70" HPOS="736" VPOS="537" WIDTH="143" HEIGHT="28" WC="0.92" CONTENT="jordbruks-,"/>
						</TextLine>
						<TextLine ID="line_10" HPOS="121" VPOS="569" WIDTH="564" HEIGHT="30">
							<String ID="string_71" HPOS="121" VPOS="571" WIDTH="88" HEIGHT="28" WC="0.92" CONTENT="mejeri-"/><SP WIDTH="15" VPOS="571" HPOS="209"/>
							<String ID="string_72" HPOS="224" VPOS="571" WIDTH="43" HEIGHT="21" WC="0.93" CONTENT="och"/><SP WIDTH="16" VPOS="571" HPOS="267"/>
							<String ID="string_73" HPOS="283" VPOS="569" WIDTH="279" HEIGHT="23" WC="0.92" CONTENT="kreatursskötareskolor"/><SP WIDTH="14" VPOS="569" HPOS="562"/>
							<String ID="string_74" HPOS="576" VPOS="571" WIDTH="109" HEIGHT="28" WC="0.92" CONTENT="utgjorde"/>
						</TextLine>
					</TextBlock>
				</ComposedBlock>
				<ComposedBlock ID="cblock_2" HPOS="120" VPOS="651" WIDTH="761" HEIGHT="165">
					<TextBlock ID="block_2" HPOS="341" VPOS="651" WIDTH="316" HEIGHT="26">
						<TextLine ID="line_11" HPOS="341" VPOS="651" WIDTH="316" HEIGHT="26">
							<String ID="string_75" HPOS="341" VPOS="651" WIDTH="25" HEIGHT="20" WC="0.96" CONTENT="är"/><SP WIDTH="17" VPOS="651" HPOS="366"/>
							<String ID="string_76" HPOS="383" VPOS="651" WIDTH="55" HEIGHT="21" WC="0.93" CONTENT="1895"/><SP WIDTH="11" VPOS="651" HPOS="438"/>
							<String ID="string_77" HPOS="449" VPOS="651" WIDTH="61" HEIGHT="21" WC="0.91" CONTENT="Fmk"/><SP WIDTH="11" VPOS="651" HPOS="510"/>
							<String ID="string_78" HPOS="521" VPOS="652" WIDTH="99" HEIGHT="25" WC="0.91" CONTENT="299,084:"/><SP WIDTH="10" VPOS="652" HPOS="620"/>
							<String ID="string_79" HPOS="630" VPOS="653" WIDTH="27" HEIGHT="19" WC="0.96" CONTENT="44"/>
						</TextLine>
					</TextBlock>
					<TextBlock ID="block_3" HPOS="349" VPOS="686" WIDTH="310" HEIGHT="26">
						<TextLine ID="line_12" HPOS="349" VPOS="686" WIDTH="310" HEIGHT="26">
							<String ID="string_80" HPOS="349" VPOS="702" WIDTH="10" HEIGHT="7" WC="0.79" CONTENT="«"/><SP WIDTH="24" VPOS="702" HPOS="359"/>
							<String ID="string_81" HPOS="383" VPOS="686" WIDTH="103" HEIGHT="25" WC="0.41" CONTENT="1896,"/><SP WIDTH="36" VPOS="686" HPOS="486"/>
							<String ID="string_82" HPOS="522" VPOS="687" WIDTH="137" HEIGHT="25" WC="0.86" CONTENT="364,693:94"/>
						</TextLine>
					</TextBlock>
					<TextBlock ID="block_4" HPOS="348" VPOS="721" WIDTH="310" HEIGHT="26">
						<TextLine ID="line_13" HPOS="348" VPOS="721" WIDTH="310" HEIGHT="26">
							<String ID="string_83" HPOS="348" VPOS="736" WIDTH="11" HEIGHT="8" WC="0.81" CONTENT="»"/><SP WIDTH="24" VPOS="736" HPOS="359"/>
							<String ID="string_84" HPOS="383" VPOS="721" WIDTH="55" HEIGHT="20" WC="0.90" CONTENT="1897"/><SP WIDTH="38" VPOS="721" HPOS="438"/>
							<String ID="string_85" HPOS="476" VPOS="737" WIDTH="10" HEIGHT="8" WC="0.52" CONTENT=","/><SP WIDTH="36" VPOS="737" HPOS="486"/>
							<String ID="string_86" HPOS="522" VPOS="721" WIDTH="136" HEIGHT="26" WC="0.77" CONTENT="466,037:35"/>
						</TextLine>
					</TextBlock>
					<TextBlock ID="block_5" HPOS="120" VPOS="753" WIDTH="761" HEIGHT="63">
						<TextLine ID="line_14" HPOS="349" VPOS="753" WIDTH="532" HEIGHT="28">
							<String ID="string_87" HPOS="349" VPOS="771" WIDTH="10" HEIGHT="7" WC="0.92" CONTENT="»"/><SP WIDTH="23" VPOS="771" HPOS="359"/>
							<String ID="string_88" HPOS="382" VPOS="755" WIDTH="55" HEIGHT="20" WC="0.88" CONTENT="1898"/><SP WIDTH="37" VPOS="755" HPOS="437"/>
							<String ID="string_89" HPOS="474" VPOS="772" WIDTH="10" HEIGHT="7" WC="0.72" CONTENT=","/><SP WIDTH="38" VPOS="772" HPOS="484"/>
							<String ID="string_90" HPOS="522" VPOS="755" WIDTH="136" HEIGHT="26" WC="0.89" CONTENT="519,804:14"/><SP WIDTH="15" VPOS="755" HPOS="658"/>
							<String ID="string_91" HPOS="673" VPOS="754" WIDTH="144" HEIGHT="27" WC="0.91" CONTENT="(summarisk"/><SP WIDTH="12" VPOS="754" HPOS="817"/>
							<String ID="string_92" HPOS="829" VPOS="753" WIDTH="52" HEIGHT="22" WC="0.92" CONTENT="räk-"/>
						</TextLine>
						<TextLine ID="line_15" HPOS="120" VPOS="788" WIDTH="211" HEIGHT="28">
							<String ID="string_93" HPOS="120" VPOS="788" WIDTH="58" HEIGHT="28" WC="0.96" CONTENT="ning"/><SP WIDTH="15" VPOS="788" HPOS="178"/>
							<String ID="string_94" HPOS="193" VPOS="788" WIDTH="45" HEIGHT="21" WC="0.92" CONTENT="VII"/><SP WIDTH="15" VPOS="788" HPOS="238"/>
							<String ID="string_95" HPOS="253" VPOS="795" WIDTH="17" HEIGHT="14" WC="0.92" CONTENT="s."/><SP WIDTH="20" VPOS="795" HPOS="270"/>
							<String ID="string_96" HPOS="290" VPOS="790" WIDTH="41" HEIGHT="25" WC="0.96" CONTENT="13)."/>
						</TextLine>
					</TextBlock>
				</ComposedBlock>
				<ComposedBlock ID="cblock_3" HPOS="120" VPOS="868" WIDTH="763" HEIGHT="370">
					<TextBlock ID="block_6" HPOS="120" VPOS="868" WIDTH="762" HEIGHT="193">
						<TextLine ID="line_16" HPOS="187" VPOS="868" WIDTH="694" HEIGHT="29">
							<String ID="string_97" HPOS="187" VPOS="869" WIDTH="100" HEIGHT="21" WC="0.84" CONTENT="Utöfver"/><SP WIDTH="22" VPOS="869" HPOS="287"/>
							<String ID="string_98" HPOS="309" VPOS="868" WIDTH="28" HEIGHT="21" WC="0.96" CONTENT="de"/><SP WIDTH="24" VPOS="868" HPOS="337"/>
							<String ID="string_99" HPOS="361" VPOS="869" WIDTH="74" HEIGHT="21" WC="0.96" CONTENT="under"/><SP WIDTH="23" VPOS="869" HPOS="435"/>
							<String ID="string_100" HPOS="458" VPOS="869" WIDTH="114" HEIGHT="21" WC="0.96" CONTENT="särskilda"/><SP WIDTH="23" VPOS="869" HPOS="572"/>
							<String ID="string_101" HPOS="595" VPOS="869" WIDTH="105" HEIGHT="21" WC="0.60" CONTENT="rubriker"/><SP WIDTH="15" VPOS="869" HPOS="700"/>
							<String ID="string_102" HPOS="715" VPOS="869" WIDTH="8" HEIGHT="21" WC="0.60" CONTENT="i"/><SP WIDTH="15" VPOS="869" HPOS="723"/>
							<String ID="string_103" HPOS="738" VPOS="869" WIDTH="143" HEIGHT="28" WC="0.91" CONTENT="kapitalräk-"/>
						</TextLine>
						<TextLine ID="line_17" HPOS="120" VPOS="902" WIDTH="762" HEIGHT="30">
							<String ID="string_104" HPOS="120" VPOS="902" WIDTH="86" HEIGHT="29" WC="0.96" CONTENT="ningen"/><SP WIDTH="16" VPOS="902" HPOS="206"/>
							<String ID="string_105" HPOS="222" VPOS="902" WIDTH="44" HEIGHT="28" WC="0.90" CONTENT="(III"/><SP WIDTH="15" VPOS="902" HPOS="266"/>
							<String ID="string_106" HPOS="281" VPOS="910" WIDTH="17" HEIGHT="14" WC="0.97" CONTENT="s."/><SP WIDTH="17" VPOS="910" HPOS="298"/>
							<String ID="string_107" HPOS="315" VPOS="904" WIDTH="26" HEIGHT="20" WC="0.96" CONTENT="29"/><SP WIDTH="17" VPOS="904" HPOS="341"/>
							<String ID="string_108" HPOS="358" VPOS="910" WIDTH="20" HEIGHT="14" WC="0.91" CONTENT="o."/><SP WIDTH="17" VPOS="910" HPOS="378"/>
							<String ID="string_109" HPOS="395" VPOS="904" WIDTH="36" HEIGHT="27" WC="0.93" CONTENT="31)"/><SP WIDTH="17" VPOS="904" HPOS="431"/>
							<String ID="string_110" HPOS="448" VPOS="906" WIDTH="121" HEIGHT="26" WC="0.96" CONTENT="upptagna"/><SP WIDTH="13" VPOS="906" HPOS="569"/>
							<String ID="string_111" HPOS="582" VPOS="903" WIDTH="110" HEIGHT="28" WC="0.96" CONTENT="anslagen"/><SP WIDTH="9" VPOS="903" HPOS="692"/>
							<String ID="string_112" HPOS="701" VPOS="902" WIDTH="33" HEIGHT="23" WC="0.96" CONTENT="för"/><SP WIDTH="8" VPOS="902" HPOS="734"/>
							<String ID="string_113" HPOS="742" VPOS="902" WIDTH="140" HEIGHT="29" WC="0.95" CONTENT="jordbruket"/>
						</TextLine>
						<TextLine ID="line_18" HPOS="121" VPOS="937" WIDTH="760" HEIGHT="29">
							<String ID="string_114" HPOS="121" VPOS="937" WIDTH="42" HEIGHT="21" WC="0.96" CONTENT="och"/><SP WIDTH="16" VPOS="937" HPOS="163"/>
							<String ID="string_115" HPOS="179" VPOS="937" WIDTH="51" HEIGHT="21" WC="0.93" CONTENT="dess"/><SP WIDTH="24" VPOS="937" HPOS="230"/>
							<String ID="string_116" HPOS="254" VPOS="937" WIDTH="134" HEIGHT="28" WC="0.91" CONTENT="binäringar"/><SP WIDTH="22" VPOS="937" HPOS="388"/>
							<String ID="string_117" HPOS="410" VPOS="938" WIDTH="59" HEIGHT="28" WC="0.95" CONTENT="utgå"/><SP WIDTH="22" VPOS="938" HPOS="469"/>
							<String ID="string_118" HPOS="491" VPOS="937" WIDTH="127" HEIGHT="22" WC="0.96" CONTENT="understöd"/><SP WIDTH="20" VPOS="937" HPOS="618"/>
							<String ID="string_119" HPOS="638" VPOS="937" WIDTH="36" HEIGHT="22" WC="0.96" CONTENT="för"/><SP WIDTH="15" VPOS="937" HPOS="674"/>
							<String ID="string_120" HPOS="689" VPOS="937" WIDTH="66" HEIGHT="22" WC="0.93" CONTENT="dessa"/><SP WIDTH="17" VPOS="937" HPOS="755"/>
							<String ID="string_121" HPOS="772" VPOS="937" WIDTH="109" HEIGHT="22" WC="0.96" CONTENT="ändamål"/>
						</TextLine>
						<TextLine ID="line_19" HPOS="120" VPOS="971" WIDTH="761" HEIGHT="26">
							<String ID="string_122" HPOS="120" VPOS="978" WIDTH="27" HEIGHT="14" WC="0.92" CONTENT="ur"/><SP WIDTH="19" VPOS="978" HPOS="147"/>
							<String ID="string_123" HPOS="166" VPOS="971" WIDTH="231" HEIGHT="26" WC="0.92" CONTENT="landtbruksfonden,"/><SP WIDTH="31" VPOS="971" HPOS="397"/>
							<String ID="string_124" HPOS="428" VPOS="972" WIDTH="38" HEIGHT="21" WC="0.93" CONTENT="för"/><SP WIDTH="30" VPOS="972" HPOS="466"/>
							<String ID="string_125" HPOS="496" VPOS="972" WIDTH="94" HEIGHT="21" WC="0.88" CONTENT="hvilken"/><SP WIDTH="31" VPOS="972" HPOS="590"/>
							<String ID="string_126" HPOS="621" VPOS="971" WIDTH="111" HEIGHT="22" WC="0.88" CONTENT="särskildt"/><SP WIDTH="29" VPOS="971" HPOS="732"/>
							<String ID="string_127" HPOS="761" VPOS="972" WIDTH="120" HEIGHT="21" WC="0.90" CONTENT="redovisas"/>
						</TextLine>
						<TextLine ID="line_20" HPOS="121" VPOS="1005" WIDTH="760" HEIGHT="30">
							<String ID="string_128" HPOS="121" VPOS="1005" WIDTH="236" HEIGHT="28" WC="0.55" CONTENT="(RXVII-XXIX),"/><SP WIDTH="26" VPOS="1005" HPOS="357"/>
							<String ID="string_129" HPOS="383" VPOS="1006" WIDTH="43" HEIGHT="21" WC="0.91" CONTENT="och"/><SP WIDTH="27" VPOS="1006" HPOS="426"/>
							<String ID="string_130" HPOS="453" VPOS="1006" WIDTH="97" HEIGHT="22" WC="0.95" CONTENT="hvilken"/><SP WIDTH="28" VPOS="1006" HPOS="550"/>
							<String ID="string_131" HPOS="578" VPOS="1007" WIDTH="82" HEIGHT="28" WC="0.96" CONTENT="längre"/><SP WIDTH="29" VPOS="1007" HPOS="660"/>
							<String ID="string_132" HPOS="689" VPOS="1006" WIDTH="59" HEIGHT="21" WC="0.93" CONTENT="fram"/><SP WIDTH="26" VPOS="1006" HPOS="748"/>
							<String ID="string_133" HPOS="774" VPOS="1010" WIDTH="107" HEIGHT="18" WC="0.93" CONTENT="närmare"/>
						</TextLine>
						<TextLine ID="line_21" HPOS="122" VPOS="1040" WIDTH="96" HEIGHT="21">
							<String ID="string_134" HPOS="122" VPOS="1040" WIDTH="96" HEIGHT="21" WC="0.91" CONTENT="beröres."/>
						</TextLine>
					</TextBlock>
					<TextBlock ID="block_7" HPOS="121" VPOS="1074" WIDTH="762" HEIGHT="164">
						<TextLine ID="line_22" HPOS="190" VPOS="1074" WIDTH="692" HEIGHT="29">
							<String ID="string_135" HPOS="190" VPOS="1074" WIDTH="51" HEIGHT="21" WC="0.96" CONTENT="Den"/><SP WIDTH="20" VPOS="1074" HPOS="241"/>
							<String ID="string_136" HPOS="261" VPOS="1074" WIDTH="72" HEIGHT="21" WC="0.95" CONTENT="under"/><SP WIDTH="16" VPOS="1074" HPOS="333"/>
							<String ID="string_137" HPOS="349" VPOS="1074" WIDTH="77" HEIGHT="21" WC="0.93" CONTENT="denna"/><SP WIDTH="15" VPOS="1074" HPOS="426"/>
							<String ID="string_138" HPOS="441" VPOS="1074" WIDTH="144" HEIGHT="22" WC="0.86" CONTENT="hufvudtitel"/><SP WIDTH="16" VPOS="1074" HPOS="585"/>
							<String ID="string_139" HPOS="601" VPOS="1074" WIDTH="115" HEIGHT="29" WC="0.96" CONTENT="ingående"/><SP WIDTH="16" VPOS="1074" HPOS="716"/>
							<String ID="string_140" HPOS="732" VPOS="1077" WIDTH="82" HEIGHT="26" WC="0.92" CONTENT="posten"/><SP WIDTH="21" VPOS="1077" HPOS="814"/>
							<String ID="string_141" HPOS="835" VPOS="1075" WIDTH="47" HEIGHT="27" WC="0.29" CONTENT="ref"/>
						</TextLine>
						<TextLine ID="line_23" HPOS="121" VPOS="1108" WIDTH="761" HEIGHT="29">
							<String ID="string_142" HPOS="121" VPOS="1108" WIDTH="38" HEIGHT="21" WC="0.82" CONTENT="och"/><SP WIDTH="26" VPOS="1108" HPOS="159"/>
							<String ID="string_143" HPOS="185" VPOS="1109" WIDTH="294" HEIGHT="28" WC="0.77" CONTENT="skattläggningskostnader"/><SP WIDTH="28" VPOS="1109" HPOS="479"/>
							<String ID="string_144" HPOS="507" VPOS="1113" WIDTH="25" HEIGHT="18" WC="0.95" CONTENT="är"/><SP WIDTH="28" VPOS="1113" HPOS="532"/>
							<String ID="string_145" HPOS="560" VPOS="1109" WIDTH="83" HEIGHT="21" WC="0.93" CONTENT="liksom"/><SP WIDTH="27" VPOS="1109" HPOS="643"/>
							<String ID="string_146" HPOS="670" VPOS="1109" WIDTH="118" HEIGHT="21" WC="0.92" CONTENT="tillförene"/><SP WIDTH="24" VPOS="1109" HPOS="788"/>
							<String ID="string_147" HPOS="812" VPOS="1109" WIDTH="70" HEIGHT="21" WC="0.95" CONTENT="äfven"/>
						</TextLine>
						<TextLine ID="line_24" HPOS="121" VPOS="1142" WIDTH="762" HEIGHT="30">
							<String ID="string_148" HPOS="121" VPOS="1142" WIDTH="74" HEIGHT="21" WC="0.96" CONTENT="under"/><SP WIDTH="21" VPOS="1142" HPOS="195"/>
							<String ID="string_149" HPOS="216" VPOS="1150" WIDTH="30" HEIGHT="14" WC="0.91" CONTENT="nu"/><SP WIDTH="16" VPOS="1150" HPOS="246"/>
							<String ID="string_150" HPOS="262" VPOS="1143" WIDTH="179" HEIGHT="28" WC="0.91" CONTENT="ifrägavarande"/><SP WIDTH="21" VPOS="1143" HPOS="441"/>
							<String ID="string_151" HPOS="462" VPOS="1143" WIDTH="158" HEIGHT="29" WC="0.92" CONTENT="finansperiod"/><SP WIDTH="16" VPOS="1143" HPOS="620"/>
							<String ID="string_152" HPOS="636" VPOS="1143" WIDTH="108" HEIGHT="27" WC="0.91" CONTENT="variabel,"/><SP WIDTH="17" VPOS="1143" HPOS="744"/>
							<String ID="string_153" HPOS="761" VPOS="1143" WIDTH="43" HEIGHT="22" WC="0.92" CONTENT="och"/><SP WIDTH="16" VPOS="1143" HPOS="804"/>
							<String ID="string_154" HPOS="820" VPOS="1143" WIDTH="63" HEIGHT="21" WC="0.92" CONTENT="visar"/>
						</TextLine>
						<TextLine ID="line_25" HPOS="121" VPOS="1177" WIDTH="761" HEIGHT="28">
							<String ID="string_155" HPOS="121" VPOS="1177" WIDTH="62" HEIGHT="28" WC="0.92" CONTENT="lägst"/><SP WIDTH="21" VPOS="1177" HPOS="183"/>
							<String ID="string_156" HPOS="204" VPOS="1177" WIDTH="61" HEIGHT="21" WC="0.90" CONTENT="Fmk"/><SP WIDTH="14" VPOS="1177" HPOS="265"/>
							<String ID="string_157" HPOS="279" VPOS="1178" WIDTH="99" HEIGHT="25" WC="0.90" CONTENT="500,176:"/><SP WIDTH="10" VPOS="1178" HPOS="378"/>
							<String ID="string_158" HPOS="388" VPOS="1178" WIDTH="27" HEIGHT="21" WC="0.96" CONTENT="69"/><SP WIDTH="16" VPOS="1178" HPOS="415"/>
							<String ID="string_159" HPOS="431" VPOS="1178" WIDTH="75" HEIGHT="26" WC="0.96" CONTENT="(1897)"/><SP WIDTH="17" VPOS="1178" HPOS="506"/>
							<String ID="string_160" HPOS="523" VPOS="1177" WIDTH="43" HEIGHT="22" WC="0.92" CONTENT="och"/><SP WIDTH="16" VPOS="1177" HPOS="566"/>
							<String ID="string_161" HPOS="582" VPOS="1177" WIDTH="70" HEIGHT="28" WC="0.92" CONTENT="högst"/><SP WIDTH="17" VPOS="1177" HPOS="652"/>
							<String ID="string_162" HPOS="669" VPOS="1177" WIDTH="61" HEIGHT="21" WC="0.91" CONTENT="Fmk"/><SP WIDTH="15" VPOS="1177" HPOS="730"/>
							<String ID="string_163" HPOS="745" VPOS="1178" WIDTH="99" HEIGHT="26" WC="0.92" CONTENT="602,880:"/><SP WIDTH="11" VPOS="1178" HPOS="844"/>
							<String ID="string_164" HPOS="855" VPOS="1178" WIDTH="27" HEIGHT="20" WC="0.96" CONTENT="90"/>
						</TextLine>
						<TextLine ID="line_26" HPOS="121" VPOS="1212" WIDTH="78" HEIGHT="26">
							<String ID="string_165" HPOS="121" VPOS="1212" WIDTH="78" HEIGHT="26" WC="0.96" CONTENT="(1896)."/>
						</TextLine>
					</TextBlock>
				</ComposedBlock>
				<ComposedBlock ID="cblock_4" HPOS="353" VPOS="1309" WIDTH="293" HEIGHT="23">
					<TextBlock ID="block_8" HPOS="353" VPOS="1309" WIDTH="293" HEIGHT="23">
						<TextLine ID="line_27" HPOS="353" VPOS="1309" WIDTH="293" HEIGHT="23">
							<String ID="string_166" HPOS="353" VPOS="1309" WIDTH="97" HEIGHT="22" WC="0.93" CONTENT="Nionde"/><SP WIDTH="16" VPOS="1309" HPOS="450"/>
							<String ID="string_167" HPOS="466" VPOS="1309" WIDTH="180" HEIGHT="23" WC="0.70" CONTENT="hufvudtiteln."/>
						</TextLine>
					</TextBlock>
				</ComposedBlock>
				<ComposedBlock ID="cblock_5" HPOS="340" VPOS="1366" WIDTH="327" HEIGHT="23">
					<TextBlock ID="block_9" HPOS="340" VPOS="1366" WIDTH="327" HEIGHT="23">
						<TextLine ID="line_28" HPOS="340" VPOS="1366" WIDTH="327" HEIGHT="23">
							<String ID="string_168" HPOS="340" VPOS="1366" WIDTH="327" HEIGHT="23" WC="0.60" CONTENT="(Kommunikationsexpeditioneni."/>
						</TextLine>
					</TextBlock>
				</ComposedBlock>
				<ComposedBlock ID="cblock_6" HPOS="122" VPOS="1429" WIDTH="761" HEIGHT="64">
					<TextBlock ID="block_10" HPOS="122" VPOS="1429" WIDTH="761" HEIGHT="64">
						<TextLine ID="line_29" HPOS="191" VPOS="1429" WIDTH="692" HEIGHT="29">
							<String ID="string_169" HPOS="191" VPOS="1430" WIDTH="136" HEIGHT="28" WC="0.92" CONTENT="Utgifterna"/><SP WIDTH="21" VPOS="1430" HPOS="327"/>
							<String ID="string_170" HPOS="348" VPOS="1429" WIDTH="75" HEIGHT="22" WC="0.96" CONTENT="under"/><SP WIDTH="23" VPOS="1429" HPOS="423"/>
							<String ID="string_171" HPOS="446" VPOS="1430" WIDTH="78" HEIGHT="21" WC="0.93" CONTENT="denna"/><SP WIDTH="22" VPOS="1430" HPOS="524"/>
							<String ID="string_172" HPOS="546" VPOS="1429" WIDTH="142" HEIGHT="22" WC="0.92" CONTENT="hufvudtitel"/><SP WIDTH="21" VPOS="1429" HPOS="688"/>
							<String ID="string_173" HPOS="709" VPOS="1429" WIDTH="73" HEIGHT="22" WC="0.92" CONTENT="under"/><SP WIDTH="15" VPOS="1429" HPOS="782"/>
							<String ID="string_174" HPOS="797" VPOS="1429" WIDTH="86" HEIGHT="22" WC="0.92" CONTENT="finans-"/>
						</TextLine>
						<TextLine ID="line_30" HPOS="122" VPOS="1463" WIDTH="760" HEIGHT="30">
							<String ID="string_175" HPOS="122" VPOS="1464" WIDTH="110" HEIGHT="28" WC="0.92" CONTENT="perioden"/><SP WIDTH="23" VPOS="1464" HPOS="232"/>
							<String ID="string_176" HPOS="255" VPOS="1465" WIDTH="110" HEIGHT="21" WC="0.92" CONTENT="1895—97"/><SP WIDTH="20" VPOS="1465" HPOS="365"/>
							<String ID="string_177" HPOS="385" VPOS="1464" WIDTH="93" HEIGHT="29" WC="0.87" CONTENT="belyses"/><SP WIDTH="17" VPOS="1464" HPOS="478"/>
							<String ID="string_178" HPOS="495" VPOS="1464" WIDTH="26" HEIGHT="22" WC="0.97" CONTENT="af"/><SP WIDTH="12" VPOS="1464" HPOS="521"/>
							<String ID="string_179" HPOS="533" VPOS="1464" WIDTH="103" HEIGHT="29" WC="0.93" CONTENT="följande"/><SP WIDTH="16" VPOS="1464" HPOS="636"/>
							<String ID="string_180" HPOS="652" VPOS="1463" WIDTH="230" HEIGHT="28" WC="0.91" CONTENT="sammanställning"/><SP WIDTH="-10" VPOS="1463" HPOS="882"/>
							<String ID="string_181" HPOS="872" VPOS="1459" WIDTH="13" HEIGHT="39" WC="0.93" CONTENT=":"/>
						</TextLine>
					</TextBlock>
				</ComposedBlock>
				<ComposedBlock ID="cblock_7" HPOS="193" VPOS="1544" WIDTH="621" HEIGHT="19">
					<TextBlock ID="block_11" HPOS="193" VPOS="1544" WIDTH="621" HEIGHT="19">
						<TextLine ID="line_31" HPOS="193" VPOS="1544" WIDTH="621" HEIGHT="19">
							<String ID="string_182" HPOS="193" VPOS="1544" WIDTH="144" HEIGHT="19" WC="0.52" CONTENT="Statsutskottets"/><SP WIDTH="12" VPOS="1544" HPOS="337"/>
							<String ID="string_183" HPOS="349" VPOS="1545" WIDTH="113" HEIGHT="17" WC="0.96" CONTENT="betänkande"/><SP WIDTH="14" VPOS="1545" HPOS="462"/>
							<String ID="string_184" HPOS="476" VPOS="1545" WIDTH="38" HEIGHT="18" WC="0.96" CONTENT="N:o"/><SP WIDTH="12" VPOS="1545" HPOS="514"/>
							<String ID="string_185" HPOS="526" VPOS="1546" WIDTH="18" HEIGHT="16" WC="0.96" CONTENT="2."/><SP WIDTH="260" VPOS="1546" HPOS="544"/>
							<String ID="string_186" HPOS="804" VPOS="1544" WIDTH="10" HEIGHT="17" WC="0.96" CONTENT="2"/>
						</TextLine>
					</TextBlock>
				</ComposedBlock>
			</PrintSpace>
		</Page>
	</Layout>
</alto>
