1103 1795
199 185 13 20 8
496 183 28 22 U.
541 183 26 22 B.
585 196 29 3 —
629 183 33 22 II.

198 253 80 20 rande-
290 253 29 20 de
332 255 69 18 civila
415 252 306 27 rättegångsärendena
675 248 46 36 och
736 252 142 22 broiimäien
890 253 8 20 i
914 253 47 20 iuu-

198 287 38 20 det
261 286 45 21 och
329 286 77 21 hvilka
432 287 132 20 berättelser
591 287 77 20 såsom
691 286 81 27 bidrag
795 287 33 20 till
849 287 112 20 Finlands

199 320 107 21 officiella
322 321 97 21 statistik
432 321 86 27 jemväl
534 320 33 21 till
582 321 66 26 tryck
656 321 120 21 befordras
786 321 44 20 och
841 321 74 20 hållas
926 321 35 21 för

199 355 156 21 allmänheten
377 355 146 27 tillgängliga,
546 355 141 21 omfattande
710 355 44 21 och
774 355 42 21 lätt
830 355 131 21 öfverskåd-

199 389 45 27 liga
267 389 154 27 redogörelser
437 390 29 28 på
482 390 138 21 hithörande
636 390 94 21 område
746 390 79 27 hvarje
841 390 25 20 år
881 397 23 14 se
923 391 37 20 da-

198 430 49 20 gen.
280 424 35 21 Då
339 424 112 21 Utskottet
474 424 32 21 uti
522 424 150 21 förevarande
688 424 63 27 fråga
767 424 87 27 intager
870 431 90 15 samma

199 458 143 27 ståndpunkt
363 465 50 14 som
438 459 52 20 1897
515 458 37 21 års
574 458 142 27 Lagutskott,
739 459 39 20 må
800 458 44 21 här
858 458 102 27 påpekas

198 493 114 20 hurusom
343 493 137 20 nästnämda
510 493 104 20 Utskotts
644 492 169 21 ofvanberörda
844 493 116 20 uttalande

199 527 181 27 uppenbarligen
402 527 49 20 icke
467 527 67 20 afsett
549 529 32 18 att
596 527 44 20 den
657 527 24 20 af
696 527 157 20 Prokuratorn
869 527 91 20 medde-

198 561 51 20 lade
271 561 128 20 statistiken
421 561 70 21 borde
514 568 55 14 vara
594 561 83 26 analog
699 561 53 21 med
776 561 54 21 eller
850 561 47 21 lika
913 568 46 14 om-

197 595 103 21 fattande
330 602 49 14 som
416 596 43 20 den
490 595 6 21 i
527 595 253 28 Justitieexpeditionen
820 595 139 27 utarbetade,

200 631 54 18 utan
279 629 81 21 endast
382 629 96 22 innebär
497 632 32 18 att
546 630 154 20 Prokuratorn
718 630 74 21 skulle
807 630 152 26 tillgodogöra

199 663 34 26 sig
249 664 164 27 ofvannämda,
429 664 65 21 äfven
512 664 87 21 honom
615 664 33 20 till
664 664 60 21 buds
741 664 93 21 stående
850 664 109 27 material,

198 697 76 21 såvidt
297 698 127 21 detsamma
445 698 84 21 hänför
544 698 34 27 sig
592 698 35 21 till
643 699 58 20 hans
717 699 148 20 verksamhet
880 698 79 21 såsom

197 732 44 21 den
266 733 79 26 högste
368 733 109 20 väktaren
493 733 63 20 öfver
572 733 105 26 lagarnas
693 732 181 21 handhafvande
889 732 7 20 i
913 733 46 20 lan-

197 766 43 21 det.
273 767 121 20 Dessutom
417 767 108 26 förtjenar
547 767 124 20 anmärkas
687 769 32 18 att
734 767 37 26 då,
788 767 29 27 på
833 768 44 19 sätt
891 767 67 20 äfven

198 801 6 20 i
227 800 150 21 förevarande
402 801 118 21 berättelse
540 801 139 26 framhålles,
695 801 27 21 de
738 801 26 21 af
776 801 183 27 Justitieexpedi-

197 835 92 20 tionens
314 835 158 26 ifrågakomna
495 835 176 28 publikationer,
694 835 80 21 hvilka
796 835 115 20 härintills
926 837 33 19 ut-

198 869 105 26 kommit,
319 870 90 20 sträcka
424 870 33 26 sig
473 870 81 21 endast
569 873 14 18 t.
600 877 20 14 o.
637 877 29 13 m.
683 869 25 21 är
725 870 62 26 1896,
804 869 74 27 någon
893 869 66 27 justi-

196 903 130 21 tiestatistik
342 903 35 21 för
391 903 28 22 de
434 904 38 21 tvä
487 911 80 14 senare
582 904 54 21 ären
653 904 25 21 af
689 904 43 21 den
744 904 34 21 tid
790 903 168 21 Prokuratorns

197 937 120 22 berättelse
339 938 113 27 omfattar,
469 939 20 20 d.
506 945 20 14 v.
544 945 15 14 s.
576 939 55 20 ären
649 939 52 20 1897
718 939 45 20 och
781 939 61 25 1898,
859 938 98 20 sälunda

197 973 64 19 ännu
277 972 50 21 icke
343 973 72 20 finnes
431 975 32 18 att
477 973 69 26 tillgå.
579 973 66 20 Hvad
661 973 105 26 slutligen
783 972 107 21 beträffar
907 973 51 20 Pro-

197 1006 124 21 kuratorns
337 1007 153 26 anmärkning
506 1007 80 20 derom
602 1009 32 18 att
649 1007 179 26 bearbetningen
845 1006 25 21 af
878 1006 80 27 ifråga-

196 1040 102 21 varande
324 1041 101 20 material
450 1041 92 21 kräfver
566 1041 50 21 icke
642 1041 63 27 ringa
731 1041 71 20 möda
822 1041 43 20 och
882 1041 75 20 arbete

197 1077 60 18 samt
272 1075 7 20 i
295 1075 78 27 hvarje
389 1075 109 21 händelse
514 1075 131 21 förutsätter
660 1075 62 27 långt
735 1077 73 19 större
822 1075 136 20 arbetskraf-

197 1111 33 19 ter
255 1111 30 19 än
309 1110 58 25 dem,
384 1110 121 21 hvaröfver
521 1110 313 27 Prokuratorsexpeditionen
851 1109 106 27 förfogar,

197 1151 68 20 synes
281 1145 75 20 denna
372 1145 160 26 anmärkning,
548 1145 53 20 med
616 1145 91 26 hänsigt
720 1145 34 20 till
768 1144 38 21 det
817 1147 61 18 stora
889 1144 68 21 värde

197 1185 27 14 en
248 1178 125 27 belysande
396 1179 97 20 statistik
517 1179 25 20 af
562 1179 148 20 omförmäldt
732 1179 50 26 slag
806 1181 55 18 utan
880 1178 77 21 tvifvel

197 1213 75 20 skulle
288 1219 47 20 ega,
350 1213 49 20 icke
416 1213 79 20 kunna
510 1213 110 20 tillmätas
631 1213 122 27 betydelse,
768 1213 58 20 helst
836 1213 38 20 det
885 1213 72 20 måste

196 1249 95 24 antagas
314 1249 31 19 att
367 1247 37 21 det
427 1247 63 21 stode
513 1247 7 20 i
544 1247 167 21 Prokuratorns
728 1248 65 19 makt
808 1249 32 18 att
856 1247 102 26 aflägsna

195 1281 28 20 de
243 1281 146 27 svårigheter,
405 1281 78 21 hvilka
500 1282 32 20 uti
548 1281 172 27 ifrågavarande
737 1281 132 21 hänseende
884 1281 74 26 möjli-

196 1321 43 20 gen
256 1315 77 21 kunde
349 1316 90 27 uppstå.

267 1350 8 20 I
292 1350 60 20 detta
368 1350 169 26 sammanhang
552 1350 39 20 må
606 1350 127 27 ytterligare
750 1350 126 20 anmärkas
888 1349 69 21 huru-

197 1390 51 14 som
265 1384 44 26 det,
325 1384 35 21 för
375 1384 207 21 åstadkommande
598 1384 25 21 af
636 1391 27 14 en
679 1384 51 21 klar
746 1384 48 21 bild
811 1384 25 20 af
849 1384 108 21 rättsvår-

195 1418 44 21 den
265 1418 7 20 i
296 1419 82 26 landet,
398 1418 69 27 enligt
483 1418 124 21 Utskottets
623 1418 149 21 förmenande
789 1425 54 14 vore
858 1418 100 21 förmån-

195 1452 46 27 ligt,
265 1459 39 14 om
326 1453 6 20 i
349 1453 167 20 Prokuratorns
531 1453 119 20 berättelse
665 1453 92 26 inginge
773 1452 115 28 uppgifter
901 1452 56 27 jem-

196 1488 37 19 väl
249 1489 98 18 rörande
363 1487 112 20 särskilda
491 1488 92 25 ämnen,
599 1487 79 21 hviika
693 1494 32 13 nu
742 1487 50 21 icke
803 1487 7 20 i
820 1487 137 20 deusainma

267 1532 132 23 Lagutskottets
412 1532 111 18 betänkande
534 1532 39 18 N:o
585 1533 30 17 18.
