1103 1795
215 192 27 20 18
478 189 24 23 U.
518 189 23 22 B.
559 203 27 2 —
603 190 105 21 XXXIII.

214 257 27 21 de
256 257 131 21 öfverblifna
401 263 115 18 remsorna,
533 257 71 20 säsom
621 255 135 27 fullkomligt
771 255 117 25 värdelösa,
899 255 72 20 blifvit

214 294 22 19 af
252 293 143 20 förenämnda
410 293 62 20 firma
488 293 7 20 i
511 293 99 26 England
627 292 111 21 förstörda.

287 329 32 20 Dä
343 329 114 26 tryckeriet
477 329 23 20 är
524 329 56 20 1896
598 328 106 26 stängdes,
722 327 107 21 innehade
845 327 88 20 Banken
949 327 22 20 af

215 365 130 21 Tervakoski
369 365 128 26 Aktiebolag
521 365 117 20 levereradt
662 364 142 26 sedelpapper
827 363 22 20 af
870 363 12 20 5
900 363 71 20 marks

215 401 86 21 valören
325 401 81 24 40,320
430 401 44 24 ark,
500 401 21 20 af
545 401 27 20 10
588 400 72 21 marks
677 400 86 21 valören
780 399 66 25 9,416
862 399 37 21 ark
916 400 55 19 samt

215 438 21 19 af
262 438 27 19 20
313 437 73 20 marks
410 437 85 20 valören
513 437 78 24 13,077
608 437 44 20 ark.
685 436 99 20 Emedan
800 436 88 19 Banken
905 436 65 19 seder-

215 480 60 13 mera
298 473 47 20 icke
369 473 54 20 hade
444 473 70 26 nägon
530 472 138 26 användning
684 472 33 20 för
733 472 59 20 detta
808 471 45 26 slag
869 471 22 20 af
907 471 64 20 sedel-

216 516 89 19 papper,
322 509 176 20 äterlevererades
514 509 36 20 det
566 509 33 20 till
616 508 129 21 Tervakoski
757 507 128 26 Aktiebolag
896 507 32 20 för
941 508 31 19 att

215 545 102 20 försättas
340 545 8 20 i
370 545 147 20 oanvändbart
540 544 61 21 skick
622 544 49 20 med
687 544 112 25 undantag
814 544 23 20 af
854 543 64 25 2,000
934 543 37 20 ark

217 581 22 20 af
255 581 13 20 5
286 581 72 20 marks
375 581 92 24 valören,
484 587 46 14 som
546 580 132 21 fortfarande
694 580 128 20 innehafvas
838 579 22 20 af
876 579 93 20 Banken.

289 617 58 20 Enär
362 617 141 26 tryckningen
520 617 22 20 af
557 617 99 20 sedlarna
671 618 58 18 ännu
745 616 47 20 icke
810 616 102 24 slutförts,
929 615 42 20 kan

216 654 116 25 procenten
349 653 22 20 af
386 653 87 20 Firman
490 653 117 26 Bradbury,
625 652 121 21 Wilkinson
764 652 16 20 &
792 652 48 20 C:os
859 651 40 21 och
917 651 55 20 Herr

216 689 23 20 F.
257 688 130 27 Tilgmanns
403 689 123 20 makulatur
542 689 46 20 icke
604 689 112 20 beräknas.

290 725 71 20 Sedan
383 725 55 20 Herr
463 725 21 20 F.
506 725 115 26 Tilgmann
642 725 108 20 anskaffat
766 724 34 21 till
816 724 113 27 tryckeriet
945 731 26 13 en

216 768 29 19 ny
263 761 228 26 numreringsmaskin,
509 761 38 20 har
562 761 42 20 den
620 761 85 26 dagliga
720 761 183 20 sedelleveransen
919 760 52 20 kun-

217 798 38 19 nat
272 797 133 26 uppbringas
421 797 57 20 ända
492 797 33 20 till
543 797 80 24 24,000
640 798 24 19 st.
682 796 89 21 sedlar.»

292 934 9 20 I
325 933 59 21 detta
407 934 156 26 sammanhang
587 934 39 20 har
646 934 109 20 Utskottet
771 934 47 20 icke
835 934 83 20 kunnat
935 941 37 12 un-

217 970 83 20 derläta
316 971 31 19 att
365 969 32 21 till
413 970 161 25 öfverläggning
589 971 96 25 upptaga
701 970 35 20 det
753 969 85 21 mindre
854 971 119 24 angenäma

217 1006 152 25 förhållandet,
395 1007 32 19 att
448 1006 103 20 Finlands
575 1006 71 20 Banks
671 1006 69 20 sedlar
761 1006 6 19 i
793 1006 49 20 flere
859 1005 114 21 afscenden

217 1041 48 21 icke
292 1043 107 19 motsvara
423 1041 25 21 de
472 1042 98 26 anspräk,
596 1042 74 20 hvilka
692 1043 28 25 pä
743 1041 113 21 desamma
879 1041 94 26 skäligen

217 1077 76 20 kunna
317 1078 80 24 ställas,
415 1077 100 21 särskildt
531 1077 27 20 dä
576 1078 7 20 i
599 1077 141 21 betraktande
756 1080 65 24 tages,
838 1079 32 19 att
886 1077 87 21 Banken

218 1113 34 20 till
275 1113 195 27 sedelutgifningen
490 1114 95 26 ätnjuter
601 1114 107 26 monopol.
741 1113 168 21 Bankutskottet
924 1113 50 20 nöd-

219 1156 38 19 gas
273 1149 111 25 anmärka,
401 1151 32 19 att
444 1149 36 21 det
490 1156 86 20 papper,
594 1150 22 20 af
632 1150 82 20 hvilket
730 1150 26 20 de
773 1157 43 19 nya
826 1149 97 21 sedlarne
933 1149 41 20 till-

219 1185 82 25 verkas,
319 1185 46 21 icke
381 1187 24 18 är
421 1185 106 27 nöjaktigt
542 1186 40 20 och
599 1187 31 19 att
646 1186 98 26 färgerna
760 1187 12 19 ä
789 1186 70 20 sedlar
876 1186 22 20 af
916 1185 57 21 olika

219 1221 60 20 valör
303 1223 37 18 äro
361 1221 33 20 till
419 1221 41 20 den
484 1221 50 26 grad
556 1222 50 24 lika,
624 1223 32 19 att
671 1222 120 26 förvexling
808 1222 108 26 lätteligen
933 1222 42 19 kan

218 1257 95 25 inträffa,
338 1257 60 21 desto
422 1257 66 20 hellre
510 1264 46 14 som
573 1258 63 20 äfven
652 1257 108 21 sedlarnes
776 1258 80 20 format
872 1257 102 28 erbjuder

219 1293 74 20 alltför
316 1293 53 20 liten
389 1293 153 28 skiljaktighet.
576 1294 108 20 Utskottet
699 1294 39 20 har
754 1294 48 20 icke
818 1294 98 20 förbisett
932 1293 41 21 den

219 1329 195 26 omständigheten,
431 1331 31 18 att
478 1329 26 20 de
520 1329 36 21 vid
570 1330 142 26 sedeltrycket
726 1337 29 13 nu
767 1330 100 20 använda
878 1330 97 26 färgerna

219 1364 110 21 förväntas
345 1364 90 28 erbjuda
451 1366 65 19 större
532 1365 98 21 säkerhet
641 1367 46 19 mot
697 1365 150 26 förfalskning,
860 1372 49 13 men
921 1365 54 21 dock

219 1400 48 21 icke
284 1401 84 20 kunnat
381 1401 52 25 inse,
444 1401 57 21 hvad
512 1408 47 14 som
571 1401 69 21 skulle
651 1401 83 25 hindra,
746 1403 33 19 att
790 1401 130 21 ätminstone
931 1402 44 20 sed-

219 1437 72 20 larnes
300 1437 95 20 fränsida
404 1437 72 20 kunde
485 1437 93 20 starkare
584 1437 40 21 och
630 1444 58 14 mera
693 1437 84 27 typiskt
782 1437 195 21 kolorerasiskilda

219 1473 72 26 färger
305 1473 34 20 för
355 1473 26 20 do
397 1473 57 20 olika
471 1473 114 21 valörerna,
614 1473 109 21 "Utskottet:
739 1474 81 21 uttalar
836 1473 82 22 därföre
934 1473 42 22 din

293 1519 171 19 Bankutskottets
478 1519 126 20 betänkande
617 1519 38 19 N:o
668 1521 18 17 2.
