1103 1795
480 171 9 21 I
810 171 26 21 37

106 241 53 20 barn
176 240 35 21 må
226 240 47 21 från
291 241 35 20 det
342 241 118 21 allmännas
476 240 47 21 sida
534 240 90 21 beredas
636 240 88 27 lämplig
734 241 132 31 uppfostran,

107 274 109 21 äfvensom
232 277 33 19 att
281 274 108 27 Styrelsen
403 275 49 21 med
461 275 89 26 ledning
560 273 23 22 af
592 274 40 21 den
644 281 69 14 vunna
724 275 141 28 utredningen

107 308 66 22 måtte
195 309 88 27 vidtaga
307 309 61 22 deraf
386 309 115 28 påkallade
521 309 158 26 lagstiftnings-
695 309 39 21 och
750 309 68 22 andra
833 311 33 20 åt-

106 343 83 27 gärder.

175 378 10 20 I
200 377 113 28 anledning
331 378 65 21 häraf
409 378 39 21 har
463 377 231 28 Fångvårdsstyrelsen
710 378 107 21 anbefalts
833 379 33 20 att

106 412 33 21 till
155 412 91 22 Senaten
260 412 109 22 inkomma
379 413 49 21 med
439 412 144 27 underdånigt
593 413 100 26 yttrande
704 412 59 22 öfver
774 412 91 22 berörda

106 447 97 26 petition,
219 446 38 21 och
273 447 63 20 beror
351 447 90 21 ärendet
455 447 28 26 på
498 447 74 20 vidare
587 446 136 27 behandling.

175 482 36 26 27)
234 481 72 22 Sedan
322 481 122 22 Ständerna
458 482 33 21 uti
506 481 136 27 underdånig
660 481 111 22 skrifvelse
787 481 23 22 af
824 482 41 21 den

109 516 24 20 17
149 515 42 28 Maj
210 516 52 21 1897
279 515 91 22 anhållit
385 518 33 19 att
433 516 22 21 åt
471 516 216 21 landskommunerna
703 516 66 21 måtte
784 523 26 14 ur
826 516 38 21 all-

106 552 78 19 männa
200 551 69 21 medel
284 551 34 21 för
333 551 231 27 folkskolebyggnader
579 551 89 27 beviljas
685 551 179 27 amorteringslån

105 585 28 26 på
147 585 64 27 högst
226 585 74 22 femtio
311 586 35 20 års
357 586 174 26 amorteringstid
543 585 39 22 och
593 588 45 18 mot
648 585 63 27 högst
721 588 33 19 tre
765 587 100 25 procents

106 621 67 26 ränta,
190 620 38 21 har
243 620 60 21 Hans
318 621 120 26 Kejserliga
452 621 103 26 Majestät
570 620 70 21 funnit
655 620 52 27 godt
722 620 6 21 i
745 620 66 21 nåder
821 620 43 21 för-

106 655 66 20 ordna
195 657 33 18 att
251 655 36 21 lån
307 655 33 21 för
355 655 134 27 uppförande
505 655 23 21 af
542 655 231 27 folkskolebyggnader
790 657 34 19 må
840 661 25 15 ur

107 689 140 21 statsverkets
269 689 162 28 utlåningsfond
450 689 23 22 åt
493 689 218 22 landskommunerna
727 689 88 27 beviljas
831 689 33 22 till

106 725 31 20 ett
152 723 77 27 belopp
246 723 24 22 af
283 724 64 27 högst
370 724 166 27 tvåtredjedelar
551 724 23 21 af
588 725 147 20 kostnaderna
750 724 33 21 för
798 724 66 27 bygg-

106 758 107 21 nadernas
232 758 139 27 uppförande,
391 761 33 19 att
444 759 122 26 ätergäldas
582 759 91 20 medelst
688 765 26 14 en
730 758 98 22 annuitet
842 758 25 21 af

105 793 66 20 minst
193 793 48 26 fyra
264 793 40 21 och
327 799 26 15 en
376 793 46 21 half
443 795 89 24 procent
548 793 12 20 å
576 793 36 22 det
635 793 150 27 ursprungliga
804 793 60 20 läne-

105 827 108 27 beloppet,
232 827 24 21 af
274 827 85 22 hvilken
374 827 97 22 annuitet
486 827 77 22 främst
578 827 56 22 skall
650 827 100 22 afräknas
766 829 33 19 tre
815 833 48 20 pro-

106 865 59 18 cents
181 864 63 19 ränta
260 861 13 22 å
288 862 36 21 det
339 861 124 22 utestående
479 861 105 28 kapitalet
600 861 38 22 och
654 861 122 22 återstoden
787 863 77 25 utgöra

105 896 130 27 afbetalning
251 897 12 20 å
279 896 63 22 lånet.

174 931 71 27 Nådig
260 931 127 27 kungörelse
404 931 7 21 i
426 933 74 19 ämnet
515 931 39 21 har
570 931 39 21 den
628 932 23 19 11
672 931 60 26 April
752 931 54 20 1899
830 932 33 19 ut-

105 965 81 22 färdats
199 965 67 27 jemte
283 965 36 22 det
333 965 230 27 Finansexpeditionen
580 966 31 21 uti
626 965 48 21 bref
688 965 23 21 af
725 970 82 15 samma
822 964 41 26 dag

105 1000 34 21 till
153 1000 100 27 samtlige
268 1001 131 26 guvernörer
415 1000 38 21 och
469 999 103 22 Finlands
596 999 136 22 Statskontor
755 999 109 21 meddelat

105 1037 97 19 närmare
212 1034 135 22 föreskrifter
362 1035 34 20 för
412 1034 125 27 utgifvande
553 1034 39 21 och
608 1034 125 27 åtnjutande
748 1033 24 22 af
785 1033 77 21 omför-

105 1069 70 22 mälda
190 1069 41 22 lån.

173 1104 36 25 28)
228 1104 50 21 Med
293 1104 153 21 föranledande
462 1103 24 22 af
500 1104 131 21 Ständernas
647 1103 146 26 underdåniga
808 1102 54 27 peti-

105 1139 44 20 tion
165 1138 24 21 af
203 1138 40 21 den
256 1139 25 20 17
292 1138 43 27 Maj
348 1139 61 26 1897,
421 1141 32 19 att
463 1138 60 21 Hans
537 1138 120 27 Kejserliga
667 1138 101 27 Majestät
777 1137 85 21 täcktes

105 1173 44 21 låta
164 1173 93 22 anställa
276 1173 159 27 undersökning
453 1173 105 21 huruvida
574 1173 38 21 och
628 1173 5 20 i
650 1172 85 21 hvilken
751 1171 49 22 mån
817 1171 45 27 lag-

105 1208 161 21 bestämmelser
281 1208 90 21 rörande
387 1207 134 22 arbetstiden
538 1207 6 21 i
560 1207 136 27 bageriyrket
712 1209 37 18 äro
761 1207 22 20 af
793 1206 69 21 nöden

105 1245 55 18 samt
176 1243 121 20 sedermera
313 1242 111 27 förelägga
439 1241 122 22 Ständerna
576 1242 77 21 sådant
663 1241 117 28 lagförslag
795 1241 6 20 i
817 1242 44 19 äm-

104 1279 42 24 net,
170 1276 86 22 hvartill
279 1277 40 20 den
342 1277 125 20 verkstälda
486 1276 188 27 undersökningen
694 1276 101 27 möjligen
819 1275 42 20 kan

104 1311 57 26 gifva
176 1311 121 27 anledning,
310 1311 39 21 har
360 1311 22 21 åt
392 1311 201 26 Industristyrelsen
604 1311 128 26 uppdragits
743 1311 32 20 att
785 1315 76 21 genom

103 1345 227 27 yrkesinspektörerne
345 1345 119 21 verkställa
480 1345 158 27 undersökning
649 1345 7 21 i
666 1344 124 22 förberördt
805 1343 56 27 syfte

103 1382 56 19 samt
181 1382 32 19 att
234 1379 110 22 inkomma
367 1380 48 21 med
435 1380 100 27 yttrande
554 1380 40 21 och
610 1380 79 27 förslag
704 1380 7 21 i
726 1381 79 24 ämnet,
821 1378 40 22 och

103 1415 39 20 har
157 1415 66 26 sagda
239 1414 124 27 myndighet
373 1421 88 15 numera
471 1414 97 28 fullgjort
579 1414 94 27 antydda
683 1415 103 26 uppdrag,
798 1414 62 21 hvar-

104 1449 54 22 efter
173 1449 90 22 ärendet
278 1451 24 19 är
317 1449 106 22 beroende
438 1451 27 25 på
481 1449 74 21 vidare
570 1449 134 27 behandling.

172 1484 36 27 29)
235 1483 38 22 Uti
296 1483 131 28 underdänig
448 1483 113 22 skrifvelse
584 1483 22 22 ai
627 1485 40 20 den
693 1485 25 20 15
741 1483 43 27 Maj
806 1484 53 21 1897

103 1517 63 22 hafva
181 1517 123 22 Ständerna
319 1518 89 21 anhållit
422 1521 32 18 att
464 1519 60 20 Hans
535 1518 119 27 Kejserliga
664 1519 102 26 Majestät
776 1518 84 21 täcktes
