1111 1759
810 162 38 26 69
871 186 1 3 .

478 228 46 27 88.

194 278 86 20 Banken
298 279 39 22 har
356 279 37 20 sitt
410 279 152 21 hufvudkontor
578 280 7 20 i
599 279 130 27 Helsingfors
745 281 55 20 samt
814 280 63 21 afdel-

125 311 135 27 ningskontor
282 311 7 22 i
310 307 52 29 Åbo,
385 312 90 27 Wiborg,
498 313 135 26 Nikoläistad,
656 313 109 27 Uleåborg,
788 313 88 28 Kuopio,

125 345 135 28 Björneborg,
275 341 149 32 Tammerfors,
434 346 100 27 Joensuu,
552 347 119 28 Jyväskylä,
688 347 31 22 S:t
733 347 82 26 Michel,
831 347 45 22 Sor-

125 379 79 25 davala,
220 378 76 27 Kotka,
313 380 133 21 Tavastehus
460 381 38 21 och
514 381 32 20 S:t
559 381 133 27 Petersburg.
727 388 6 5 -

194 414 40 21 Om
248 414 133 27 provisoriskt
395 414 118 26 inrättande
524 415 49 21 eller
583 415 127 27 indragning
720 415 23 22 af
750 415 126 28 afdelnings-

125 447 72 22 kontor
219 448 26 27 pä
266 449 66 20 andra
354 450 27 19 än
404 446 152 27 ofvannämnda
575 450 54 20 orter
647 449 107 22 förordnar
774 449 101 23 Senatens

125 482 257 28 Ekonomiedepärtement
396 483 26 28 pä
436 483 198 27 bankfullmäktiges
649 483 161 28 framställning.

472 558 25 21 18
513 559 18 26 8.

192 609 101 30 Beloppet
310 609 22 21 af
349 610 93 21 bankens
460 610 133 28 utelöpande.
605 610 68 21 sedlar
691 611 35 20 mä
742 611 49 20 med
813 611 62 26 högst
900 626 2 3 .

123 643 85 28 fyratio
215 641 95 28 miljoner
322 644 58 21 mark
389 644 111 27 öfverstiga
512 645 46 20 dess
568 645 71 20 valuta
650 645 32 21 för
693 644 182 28 sedelutgifnings-

123 679 48 25 rätt,
190 678 85 21 hvartill
292 678 76 21 räknas
387 678 17 27 ej
423 679 53 20 blott
494 679 91 21 bankens
603 674 116 26 metalliska
735 679 61 21 kassa
807 679 66 26 jemte

122 712 104 28 prägladt
233 712 70 28 finskt
310 712 141 28 silfvermynt,
462 713 52 21 utan
526 713 36 21 ock
572 713 92 21 bankens
675 713 98 27 ostridiga
788 708 85 26 fordrin-

124 753 44 21 gar.
178 747 37 21 hos
230 747 48 21 dess
292 747 111 21 utländska
422 747 76 22 ombud
517 747 114 28 äfvensom
649 748 81 21 banken
744 747 106 28 tillhöriga
864 753 9 15 2

123 781 101 22 utlandet
240 781 110 22 betalbara
365 782 76 21 vexlar
454 784 59 19 samt
528 783 12 20 &
550 782 108 21 utländskt
667 782 106 27 myntslag
782 781 91 29 lydande

123 816 142 27 obligationer,
280 816 107 27 kuponger
402 816 37 21 och
455 817 74 20 sedlar.

192 851 72 21 Såsom
279 851 125 27 utelöpande
419 851 69 21 sedlar
499 851 57 21 skola
567 851 78 27 jemväl
660 856 59 15 anses
735 851 91 21 bankens
838 857 34 15 an-

124 885 104 28 visningar
243 886 12 20 å
269 881 69 37 finskt.
355 886 51 27 mynt
421 885 38 21 och
470 885 67 28 öfriga
551 885 34 22 vid
600 885 111 22 anfordran
725 885 97 22 förfallna
833 885 39 21 för-

124 919 103 22 bindelser
239 919 105 22 öfvensom
354 919 134 22 innestående
499 920 73 27 belopp
583 920 12 21 å
607 919 100 27 beviljade
717 919 155 22 kassakreditiv.

468 995 27 20 39
510 995 18 26 8.

191 1051 84 22 Enhvar
294 1051 22 22 af
332 1052 122 21 kassörerna
472 1052 7 20 i
494 1052 81 22 banken
589 1052 89 21 innehar
693 1051 65 22 under
773 1051 32 21 sin
821 1051 49 21 vård

123 1092 25 15 en
164 1086 88 21 särskild
266 1086 124 29 handkassa,
400 1086 62 21 hvars
477 1087 76 26 högsta
567 1087 73 26 belopp
655 1086 113 21 fastställes
779 1085 23 21 af
810 1085 62 22 bank-

121 1121 131 26 fullmäktige
267 1121 26 28 på
308 1115 139 36 direktionens
462 1121 159 27 framställning.

189 1155 98 21 Bankens
306 1155 65 27 öfriga
390 1155 69 30 förråd
477 1155 23 21 af
513 1156 49 26 guld
577 1155 38 22 och
631 1152 75 29 silfver,
721 1155 97 27 myntadt
832 1155 39 21 och

122 1189 114 28 omyntadt,
259 1190 142 28 kopparmynt,
425 1189 74 27 sedlar,
523 1191 130 26 statspapper
675 1190 38 21 och
736 1187 134 29 obligationer

121 1224 33 21 stä
169 1224 65 21 under
252 1224 153 27 vederbörande
424 1224 82 21 kassörs
522 1224 49 21 värd
586 1224 38 21 och
639 1223 72 28 tillsyn
726 1223 37 24 och
778 1223 93 22 förvaras

121 1258 7 20 i
143 1257 105 22 brandfria
262 1257 64 27 hvalf,
337 1257 97 22 försedda
448 1258 60 21 hvart
522 1258 49 21 med
585 1258 35 21 tvä
635 1258 54 21 olika
702 1257 37 27 läs,
751 1257 33 21 till
793 1258 76 26 hvilka,

115 1291 80 23 liksom
210 1291 31 22 till
256 1292 25 21 de
300 1292 7 21 i
324 1292 96 21 hvalfven
439 1291 107 28 befintliga
563 1291 118 28 kässaskäp,
697 1291 112 28 nycklarna
828 1298 42 15 om-

121 1325 158 28 händerhafvas,
295 1326 35 23 vid
347 1325 174 26 hufvudkontoret
536 1326 23 21 af
571 1333 26 14 en
612 1326 92 29 ledamot
718 1326 8 20 i
740 1325 129 22 direktionen

121 1360 39 21 och
178 1360 155 22 öfverkassören
351 1361 38 20 och
407 1360 35 21 vid
461 1359 216 29 afdelningskontdren
691 1360 23 21 af
726 1360 142 22 kommissarie

121 1395 38 20 och
174 1395 77 20 kassör:
393 1400 2 2 :
614 1418 2 2 :

189 1427 195 29 Hufvudkontorets
391 1428 140 27 vexelportfölj
543 1428 92 22 förväras
650 1427 65 22 under
731 1427 139 22 direktionens

121 1462 101 21 särskilda
240 1461 51 23 vård
302 1462 14 23 i
334 1462 47 20 dess
399 1461 123 25 kassahvalf,
539 1462 31 20 till
585 1462 79 20 hvilket
679 1461 137 21 ordföranden
831 1461 38 21 och

121 1503 26 14 en
163 1496 23 21 af
198 1496 142 21 ledamöterna
354 1495 111 21 innehafva
480 1496 51 20 hvar
546 1496 31 20 sin
592 1496 79 26 nyckel.
