1103 1795
352 193 29 22 U.
398 193 27 22 B.
440 205 28 3 —
484 192 163 21 II-—XXXI.
858 193 26 20 73

126 261 77 28 skjuta
219 261 27 21 de
261 261 8 21 i
278 261 135 22 Utskottets
423 261 107 28 kalkyler
540 264 120 25 upptagna
673 261 121 28 beloppen,
806 261 78 21 äfven-

126 303 49 14 som
197 295 110 28 slutligen
330 296 44 21 och
394 295 97 22 framför
512 295 33 22 alt
562 295 8 22 i
586 295 109 22 afseende
711 296 13 21 &
740 295 142 26 tullmedlen,

125 329 80 22 hvilka
220 330 75 21 såsom
311 330 71 21 redan
397 330 103 21 flerfaldt
512 330 26 28 (s.
549 331 12 20 6
573 337 19 15 o.
604 331 36 25 25)
652 329 147 27 framhållits,
810 329 74 22 under

126 364 108 28 perioden
256 364 62 21 visat
336 372 28 13 en
381 364 105 29 stegring
500 364 93 21 utöfver
608 364 46 21 alla
670 364 156 28 beräkningar
840 364 43 21 och

125 399 89 21 lämnat
233 401 34 19 ett
287 398 130 22 öfverskott
438 398 26 22 af
477 406 49 14 mer
540 402 30 18 än
585 400 13 20 8
616 398 106 29 miljoner
737 399 66 21 mark
818 398 65 22 öfver

126 433 61 21 hvad
205 434 53 20 1894
274 434 36 20 års
327 433 156 21 Statsutskott
498 433 36 21 för
549 433 76 21 denna
636 433 156 21 inkomsttitel
803 432 79 21 beräk-

125 470 46 19 nat.
208 467 12 21 I
241 470 94 18 motsatt
356 467 106 28 riktning
485 467 142 22 förekomma
648 467 77 21 denna
746 467 64 28 gäng
832 467 50 21 icke

126 502 71 27 nägra
213 509 61 13 mera
291 501 131 28 betydande
438 501 131 22 afvikelser.
596 501 81 22 Säsom
693 501 44 22 den
749 504 59 19 mest
820 501 62 28 bety-

128 535 126 22 dandekan
264 536 126 21 antecknas
397 539 36 18 att
440 537 13 20 ä
459 536 184 28 köpeskillingar
651 536 36 21 för
694 535 188 29 donationsgods,

125 570 166 21 landboräntor
306 570 43 21 och
368 570 113 21 arrenden
505 570 88 21 influtit
616 571 71 28 nägot
710 570 65 21 öfver
792 571 91 24 100,000

126 605 64 20 mark
201 605 89 20 mindre
301 608 27 17 än
341 612 47 13 som
402 605 130 21 beräknats.
548 605 175 21 Inkomsternas
734 605 148 21 totalsumma

126 639 138 28 Ofverstiger
279 639 51 20 med
346 639 51 21 icke
414 639 90 21 mindre
519 642 29 18 än
561 639 60 21 Fmk
635 640 132 25 12,552,052:
777 640 33 25 96,
827 639 55 22 eller

125 673 107 28 omkring;
256 674 67 27 19%,
346 673 40 21 det
410 673 82 28 belopp
515 673 95 21 hvartill
635 673 246 28 budgetberäkningen

125 707 58 22 hade
200 708 103 21 kommit.

194 742 172 21 Totalsumman
379 742 26 21 af
416 742 128 28 utgifterna
554 742 139 28 öfverstiger
703 742 111 28 kalkylen
830 742 51 21 med

125 777 59 21 Fmk
200 777 119 26 2,370,4C0:
329 779 33 24 65,
379 777 56 20 eller
449 777 8 20 i
473 776 39 21 det
523 779 115 18 närmaste
648 776 52 21 med
712 779 30 24 4,3
750 777 34 27 %,.
808 777 76 21 Häraf

126 811 81 28 belöpa
219 811 36 28 sig
265 811 8 20 i
283 811 74 21 runda
369 811 32 21 tal
413 811 29 28 pä
452 811 72 21 femte
534 811 159 21 hufvudtiteln
707 813 90 24 180,000
810 811 70 23 mark,

125 846 30 27 pä
169 845 82 28 sjunde
266 845 158 22 hufvudtiteln
440 846 93 26 250,000
548 845 72 26 mark,
635 846 30 27 pä
676 845 96 22 ättonde
782 845 98 22 hufvud-

126 880 67 20 titeln
211 881 90 26 150,000
317 880 64 20 mark
397 879 44 21 och
456 880 30 28 pä
500 880 84 20 nionde
594 879 159 21 hufvudtiteln
771 881 112 26 1,000,000

125 914 71 21 mark.
218 914 79 21 Under
311 914 76 29 öfriga
399 914 157 21 hufvudtitlar
564 918 39 17 äro
611 914 165 21 differenserna
786 915 96 20 mindre.

191 1001 35 20 Pä
241 1000 39 21 det
295 1003 34 18 att
344 999 134 23 Utskottets
494 1001 166 20 ofvanstäende
676 1000 206 29 framställningar,

125 1035 26 20 sä
166 1034 51 21 vidt
232 1034 115 22 desamma
363 1035 26 21 af
402 1035 131 21 Ständerna
548 1035 143 28 godkännas,
702 1035 38 21 mä
750 1035 8 21 i
769 1035 113 21 särskilda

124 1069 64 21 delar
197 1069 72 21 blifva
278 1069 26 21 af
310 1069 173 21 vederbörande
494 1069 163 28 myndigheter
665 1069 120 26 beaktade,
796 1069 87 22 tilläter

124 1103 36 28 sig
175 1103 185 27 Statsutskottet,
376 1104 8 20 i
401 1103 104 29 enlighet
520 1103 52 22 med
588 1103 62 22 hvad
665 1103 41 22 vid
722 1104 99 28 tidigare
834 1104 48 28 lag-

124 1138 57 21 tima
195 1137 138 29 landtdagar
349 1139 61 20 varit
425 1138 73 27 fallet,
513 1138 111 28 slutligen
639 1138 120 21 vördsamt
773 1138 85 21 föreslä

398 1203 33 19 att
452 1201 126 21 Ständerna
597 1202 50 20 ville
657 1202 71 27 jämte
743 1202 138 27 underdänig

328 1236 113 27 skrifvelse
451 1236 97 21 insända
558 1236 59 21 detta
628 1236 134 21 betänkande
773 1236 35 21 till
816 1236 66 21 Hans

328 1270 123 27 Kejserliga
473 1270 109 27 Majestät,
603 1270 49 21 med
666 1270 110 21 anhållan
791 1272 34 19 att
838 1271 44 20 det-

328 1311 87 14 samma
437 1304 68 28 blefve
527 1305 35 20 till
581 1304 95 21 Senaten
695 1304 163 27 öfverlämnadt
872 1305 10 20 i

328 1339 101 27 afseende
451 1339 14 20 å
488 1339 131 27 vidtajgande
638 1339 29 26 af
683 1339 24 20 de
723 1339 107 27 åtgärder,
847 1339 34 20 till

327 1372 75 22 hvilka
423 1373 24 21 de
470 1372 30 28 af
516 1372 163 22 Staisutskottet
691 1373 78 27 gjorda
785 1373 96 21 erinrin-

326 1415 42 20 gar
383 1407 39 21 och
437 1407 84 28 förslag
536 1408 77 20 kunna
628 1407 123 28 föranleda.

191 1539 142 17 wtatsutskottets
346 1539 111 17 betänkande
470 1539 38 17 N:o
521 1539 18 16 2.
