1103 1795
257 169 27 20 84
593 168 24 21 II

295 235 56 22 Mon
371 243 37 15 om
427 236 99 22 sålunda
544 236 78 23 demuu
637 237 159 28 benädniugs-
810 236 58 25 elier
883 236 106 29 dispens-

228 277 49 20 rätt
299 276 72 21 äfven
390 277 35 21 uti
440 279 34 19 ett
490 277 142 21 välordnadt
647 277 113 22 samhälle
775 277 52 21 icke
843 276 48 22 kan
906 277 81 22 umbä-

227 323 44 20 ras,
295 316 26 21 så
339 317 73 21 måste
429 317 60 21 dock
505 324 29 14 en
548 317 124 29 betänklig
687 317 61 22 brist
763 324 68 15 anses
847 317 117 29 föreligga
979 318 7 21 i

228 356 46 21 den
289 356 111 29 gällande
410 357 190 28 lagstiftningen,
612 357 77 22 derest
699 359 35 20 ett
745 358 76 21 oftare
832 357 155 28 begagnande

227 396 28 22 af
275 403 88 15 samma
385 399 54 26 rätt,
462 397 112 21 särskildt
593 397 74 22 under
681 397 117 22 likartade
814 397 171 29 förhållanden,

226 436 63 22 visat
309 436 36 29 sig
359 436 154 29 nödvändigt.
543 437 35 21 Af
592 437 186 28 dispensrättens
793 439 71 20 natur
879 439 36 20 att
929 437 58 22 söka

226 476 157 29 komplettera
408 476 44 22 den
475 477 128 21 bestående
625 479 77 20 rätten
726 477 95 28 derhän,
846 479 35 20 att
903 477 35 22 uti
953 479 35 20 ett

227 517 78 28 gifvet
327 517 44 21 fall
393 517 84 28 högsta
499 519 49 20 rätt
570 517 74 29 ernås,
661 517 77 29 följer,
754 519 36 20 att
810 517 4 22 i
829 524 88 15 samma
932 518 55 21 mån

227 557 83 22 luckor
325 557 8 21 i
348 557 184 29 lagstiftningen
554 557 73 22 varda
650 557 73 29 fylda,
739 558 9 21 i
762 565 90 14 samma
870 558 55 21 mån
940 557 47 22 kan

228 597 44 22 ock
287 597 86 29 sjelfva
389 597 170 28 dispensrätten
571 597 115 28 umbäras,
699 597 44 22 och
753 598 154 29 ifrågasättas
918 605 69 21 synes

227 638 50 28 mig
293 638 71 21 äfven
379 638 85 28 kunna,
481 638 117 21 huruvida
612 638 52 21 icke
681 638 71 21 äfven
768 638 141 28 densamma,
926 638 61 21 helst

228 677 41 22 der
292 677 46 22 den
361 681 25 18 är
401 677 130 29 delegerad,
548 677 56 29 sjelf
617 677 41 22 vid
673 685 28 14 en
717 685 64 14 mera
796 677 127 22 utvecklad
938 677 49 29 lag-

227 718 113 28 stiftning
363 718 72 21 borde
456 718 156 21 underkastas
634 719 74 28 några
730 725 94 14 normer
847 717 38 22 till
904 717 83 22 undvi-

227 758 78 21 kande
321 759 27 20 af
362 758 45 21 den
422 758 114 21 vexlande
552 758 133 29 personliga
700 758 163 28 uppfattning,
875 764 49 15 som
933 757 54 22 med

228 805 29 14 en
280 798 46 21 slik
348 800 59 20 rätts
429 798 130 21 utöfvande
581 805 49 14 mer
653 798 56 21 eller
731 797 93 22 mindre
842 798 74 21 måste
931 805 56 14 vara

227 839 106 22 förenad.

297 879 46 21 Det
365 879 43 21 har
430 879 90 28 dragits
535 879 9 21 i
559 879 150 28 tvifvelsmål,
734 887 37 13 om
794 879 54 21 icke
870 878 117 28 dispense-

227 918 84 22 randet
334 919 146 22 beträffande
502 919 94 21 skilnad
618 919 8 21 i
650 919 130 28 äktenskap
803 921 59 19 utan
884 919 104 21 nödvän-

228 958 83 28 dighet
330 959 85 21 vunnit
430 966 29 14 en
475 958 81 22 alltför
572 961 49 19 stor
635 959 166 28 utsträckning
817 958 8 21 i
840 957 87 28 landet,
944 957 44 22 och

228 998 43 22 har
295 999 40 21 det
357 999 71 22 äfven
449 999 145 29 ifrågasatts,
618 999 116 22 huruvida
758 999 46 22 den
824 999 98 28 princip,
938 1006 50 14 som

228 1040 64 22 hvad
318 1041 97 28 specielt
437 1042 73 27 angår
533 1041 145 28 beviljandet
701 1041 27 22 af
749 1040 240 29 äktenskapsskilnad

229 1081 30 27 på
281 1081 79 28 grund
383 1081 26 21 af
430 1081 38 21 kif
482 1081 44 22 och
541 1081 89 28 osämja
644 1081 113 22 makarna
772 1079 103 23 emellan
889 1079 100 22 kommit

228 1120 38 21 till
289 1120 156 29 tillämpning,
468 1121 63 22 varit
553 1121 54 22 med
622 1121 77 22 andan
715 1121 45 22 och
775 1120 128 28 meningen
917 1120 9 21 i
940 1120 48 28 gäl-

227 1159 72 24 lande
317 1161 40 28 lag
373 1161 261 22 öfverensstämmande.
663 1161 12 22 I
690 1161 66 22 detta
772 1160 112 22 afseende
900 1160 89 22 tillåter

226 1199 43 29 jag
289 1201 49 28 mig
353 1205 124 18 omnämna
492 1203 36 20 att
542 1201 76 22 under
632 1201 45 22 den
692 1200 166 29 treårsperiod,
875 1207 49 14 som
940 1200 49 21 står

227 1240 8 21 i
253 1241 76 28 fråga,
353 1243 32 19 ett
409 1241 26 21 af
458 1241 161 28 domkapitlen
634 1241 8 21 i
657 1241 87 27 landet,
768 1240 55 22 med
842 1240 146 21 insändande

228 1281 27 20 af
281 1289 30 13 en
337 1281 152 28 förteckning
512 1282 68 21 öfver
602 1281 28 22 af
651 1281 157 28 domkapitlet
835 1280 75 21 under
933 1281 56 21 åren

230 1323 142 20 1889—1896
392 1321 124 22 utfärdade
539 1321 126 29 skiljobref
677 1322 9 21 i
701 1321 140 28 äktenskap,
857 1320 36 22 uti
908 1320 81 23 hvilka

228 1361 120 28 makarna,
379 1362 60 22 efter
468 1362 148 28 föregången
640 1362 100 28 varning
763 1362 27 21 af
811 1360 178 23 vederbörande

227 1402 155 28 presterskap,
399 1403 29 28 på
443 1402 148 29 underdånig
606 1402 104 22 ansökan
726 1402 99 21 undfått
840 1401 73 29 nådig
928 1409 61 14 reso-

227 1441 85 28 lution,
336 1442 164 22 innefattande
516 1442 110 22 tillstånd
641 1444 34 20 att
690 1443 69 21 träda
774 1443 9 20 i
798 1449 33 21 ny
848 1441 140 29 äktenskap-

228 1481 36 28 iig
286 1482 151 28 förbindelse,
452 1484 43 20 hos
518 1482 259 22 Prokuratorsembetet
792 1481 111 30 påpekat,
919 1481 71 23 huru-
