1103 1795
815 177 25 20 13

111 244 140 29 säljningen,
275 244 72 21 hafva
370 244 173 29 sparmärkena!
560 244 60 21 dock
644 244 83 21 endast
749 244 36 21 uti
804 244 69 28 ringa

111 278 60 29 grad
186 278 103 28 bidragit
310 278 37 21 till
362 278 78 21 denna
462 278 133 29 framgång.
626 278 35 21 Af
674 278 200 28 Postsparbanks-

111 313 127 28 styrelsens
253 313 9 21 i
278 313 96 29 Sverige
390 313 126 21 berättelse
532 314 37 21 för
585 314 26 21 år
629 315 52 19 1897
694 313 105 28 framgår
809 320 63 14 nem-

111 348 71 28 ligen,
199 350 35 19 att
249 348 82 21 värdet
347 349 26 20 af
387 348 106 22 försälda
509 348 152 29 sparmärken
676 350 70 26 utgör
759 350 40 26 1,19
809 349 28 26 9/,
848 348 27 21 af

112 382 256 28 insättningsbeloppet
390 383 74 20 under
488 382 217 29 postspbrbankens
728 382 54 21 hela
805 382 67 21 verk-

113 416 140 22 samhetstid
275 418 160 26 (1884—1897)
460 419 60 19 samt
543 420 42 24 0,47
594 418 27 26 9/,
641 417 26 21 af
688 416 186 29 insättningsbe-

111 451 82 28 loppet
208 451 73 20 under
297 451 25 21 är
340 453 59 19 1897.
427 451 167 22 Motsvarande
609 451 132 28 procenttal
756 451 38 20 för
809 453 64 26 post-

112 485 148 28 sparbanken
279 485 8 20 i
305 485 102 21 Finland
430 488 85 25 utgöra
540 487 76 26 1,51%
641 485 45 27 (för
709 485 55 21 ären
789 487 83 19 1887—

114 521 65 26 1897)
195 521 60 20 samt
271 522 42 25 0,41
323 521 27 26 %/,
367 520 46 27 (för
429 521 25 20 år
473 522 69 25 1897).

314 619 27 18 V.
374 619 297 23 Medelsförvaltningen.

184 680 46 21 Till
246 680 151 21 undvikande
413 680 38 21 för
468 680 126 22 framtiden
612 680 26 21 af
648 680 27 21 de
686 680 185 28 ränteförluster,

112 714 203 29 postsparbanken
338 714 37 21 fär
399 714 133 22 vidkännas
556 714 135 29 derigenom
707 717 35 18 att
756 715 116 20 kontanta

112 748 76 21 medel
203 748 38 21 till
256 749 51 20 icke
331 748 133 29 obetydligt
480 749 85 28 belopp
581 752 141 17 reserverats
738 749 36 20 för
790 749 83 21 bestri-

114 783 76 21 dande
206 783 26 20 af
246 783 157 21 förefallande
418 783 107 28 utgifter,
537 783 142 21 förordnade
689 783 184 28 Finansexpedi-

113 817 81 21 tionen
209 817 8 21 i
232 817 133 28 Kejserliga
389 817 103 21 Senaten
516 817 46 21 den
578 819 27 20 24
620 817 128 21 December
766 819 60 26 1896,
842 818 30 27 pä

114 851 39 21 det
169 851 8 21 i
192 851 202 28 postsparbanken
417 851 88 22 insatta
528 852 76 21 medel
626 852 38 21 mä
687 852 77 21 sävidt
780 851 93 28 möjligt

112 889 69 24 göras
205 885 178 28 räntebärande,
401 889 34 18 att
451 889 35 18 ett
501 886 100 28 löpande
618 886 102 21 förskott
734 886 37 21 till
787 886 85 28 belopp

115 920 26 21 af
154 920 70 29 högst
247 920 151 21 femtiotusen
422 921 68 20 mark
512 921 76 20 skulle
605 921 26 20 af
645 921 7 20 i
667 921 115 21 Finlands
798 921 74 21 Stats-

113 954 85 21 kontor
213 954 123 28 befintliga
356 955 137 20 statsmedel
508 955 80 21 ställas
605 955 37 21 till
657 955 215 28 postsparbankens

113 989 147 27 förfogande.
290 989 35 21 På
347 989 77 28 grund
448 989 26 21 af
496 989 65 22 detta
584 989 158 22 förordnande
760 989 112 22 utbekom

110 1023 88 28 jemväl
213 1023 202 28 postsparbanken
439 1023 46 21 den
503 1027 24 18 12
543 1023 100 22 Januari
661 1026 52 19 1897
730 1024 53 21 frän
798 1023 74 22 Stats-

113 1057 109 21 kontoret
238 1060 33 18 ett
288 1057 102 22 förskott
401 1058 12 21 ä
425 1057 101 22 berörda
541 1058 85 28 belopp
637 1058 151 21 femtiotusen
798 1057 74 22 mark.

183 1091 12 21 I
211 1092 243 21 öfverensstämmelse
470 1092 54 21 med
540 1092 141 29 stadgandet
696 1093 7 20 i
720 1093 11 27 $
750 1093 24 21 15
791 1093 27 20 af
831 1092 41 21 Nä-

112 1125 56 28 diga
183 1126 170 28 förordningen
376 1126 45 21 den
438 1128 26 19 24
480 1126 48 29 Maj
548 1129 59 26 1886,
629 1127 120 28 angäende
765 1134 29 13 en
809 1129 63 26 post-

113 1160 117 27 sparbank
247 1161 8 20 i
270 1160 108 28 Finland,
395 1160 73 21 hafva
485 1161 46 20 alla
547 1161 37 20 för
600 1161 48 21 fast
663 1161 121 28 placering
794 1161 78 28 lediga

112 1194 129 29 tillgångar
257 1195 81 21 blifvit
353 1195 176 21 öfverlemnade
541 1195 37 22 till
588 1196 115 21 Finlands
716 1195 155 28 Statskontor,

112 1229 41 20 der
176 1229 28 21 de
227 1232 97 18 omsatts
338 1229 8 21 i
362 1230 174 21 räntebärande
559 1230 157 28 obligationer
732 1230 54 21 eller
803 1230 69 28 depo-

111 1267 79 17 nerats
209 1263 9 21 i
233 1263 92 28 privata
348 1263 95 22 banker.
475 1264 81 21 Under
578 1264 186 28 treärsperioden
789 1267 83 19 1896—

114 1299 53 20 1898
193 1297 43 22 har
259 1297 121 22 sålunda
370 1293 13 39 i
397 1299 85 28 antydt
506 1299 109 21 ändamål
637 1299 37 20 till
698 1299 174 21 Statskontoret

111 1332 136 21 levererats:

250 1373 26 21 är
293 1375 70 20 1896.
396 1390 3 3 .
432 1390 4 4 .
470 1390 3 3 .
507 1375 48 26 Fig
593 1375 97 26 215,000:
708 1386 25 2 —

260 1417 9 9 »
296 1410 69 19 1897.
397 1425 4 3 <
434 1425 3 3 co
471 1425 3 3 cv
522 1418 9 9 »
592 1409 98 27 563,000:
708 1421 24 2 —

262 1451 9 9 »
297 1444 67 19 1898.
396 1459 4 4 .
433 1459 4 4 .
470 1459 3 4 .
522 1452 9 9 »
592 1444 97 24 510,000:
707 1456 25 2 —

508 1484 47 27 Fmyc
573 1485 117 26 1,288,000:
707 1496 27 3 —
