1111 1786
247 247 51 22 bära.
315 243 33 25 för
366 247 32 21 sin
416 245 139 29 tjenstgöring
574 246 66 21 under
655 241 153 40 semestertiden
834 245 39 21 har
887 245 44 21 icke
941 237 63 41 varit:

246 276 111 29 utfäst:ät
379 280 60 23 dessa
461 281 147 27 praktikanter,
623 287 56 14 men
701 279 107 32 hafva:de
826 279 99 31 vanligen
931 279 90 31 ihåg

233 319 3 3 *
247 315 113 23 kommits
366 314 50 25 med
437 315 164 27 gratifikationer
620 314 8 21 i
650 314 153 30 sammanhang
823 313 48 22 med
890 313 110 22 enahandä

247 345 165 31 belöningar:'ät
434 350 166 26 tjenstomännen
620 349 38 21 och
677 336 116 44 hetjenteti
811 346 105 24 Banken.
914 342 8 37 :
933 348 67 21 Dessa

248 381 163 29 gratifikationer
425 383 96 28 päfördes
536 384 87 26 tidigare
640 380 225 30 diskretionsanslaget,
879 383 60 21 men
943 382 28 22 dä
979 382 25 32 af

247 418 198 27 semesteranslaget
462 418 32 21 för
509 419 82 22 senaste
606 418 22 21 är
643 417 75 30 nödigt
731 417 74 28 belopp
820 417 87 21 befanns
921 417 79 27 odispo-

237 479 3 1 =
247 452 81 28 neradt,
347 452 96 27 -päfördes
463 452 92 24 nämnda
568 452 65 28 utgift
647 452 32 21 för
694 452 22 20 är
732 452 55 21 1898
802 452 106 32 sistsagda
920 452 79 26 anslag,

246 488 62 21 enär
312 496 3 2 -
320 486 141 24 anställandet
483 487 22 22 af
524 486 143 30 ifrägakomna
689 490 96 23 personer
804 486 33 21 vid
856 492 53 21 resp.
927 486 74 21 kontor

248 520 56 21 skett
324 520 7 25 i.
349 520 54 27 syfte
423 521 31 23 att
472 520 32 20 för
523 520 72 25 tiden,
606 520 26 21 dä
651 520 113 21 kontorens
779 520 125 26 tjenstemän
922 520 79 26 ätnjöto

247 554 112 29 semester,
373 554 19 28 &
405 550 58 26 orten:
482 554 63 22 hafva
562 554 89 27 tillgång
668 553 33 22 till
719 554 48 21 med
786 554 105 23 arbetena:
903 553 33 22 vid
953 554 49 21 kon-

248 587 59 27 toren
321 588 110 27 förtrogna”
442 583 87 37 vikarier
546 589 36 27 och
597 587 90 28 utgiften
696 588 95 22 sälunda
803 587 47 22 stod
866 587 94 29 närmast
975 588 27 21 de

247 617 93 33 utgifter,
356 622 35 22 för
402 619 71 28 hyilka
488 622 196 27 semesteränslaget
697 622 80 32 afsetts.
806 622 34 22 Då
853 620 67 30 enligt
929 620 73 26 Direk-

248 656 88 24 tionens
347 657 82 27 förslag
451 657 190 27 gratifikationerna
659 663 26 14 ur
702 656 220 28 diskretionsanslaget
934 656 68 25 fram-

234 702 2 2 —
248 688 117 28 deles*icke
378 691 81 22 komme
475 692 31 20 att
521 691 81 22 utdelas
617 692 56 21 samt
686 697 51 24 man
750 691 45 21 icke
811 691 65 22 heller
885 691 64 22 alltid
960 691 53 21 kan

248 726 93 27 päräkna
356 726 31 20 att
402 726 74 27 nödigt
490 726 73 27 belopp
573 722 37 37 ur;
618 726 197 29 semesteranslaget
825 726 56 21 skall
890 726 69 20 finnäs
969 726 33 20 för

247 755 121 33 ändamålet
387 760 130 27 disponibelt,
536 766 49 15 men
604 760 36 20 det
657 766 26 14 ur
701 759 260 28 nyssanförda:synpunkt
978 761 25 19 är

250 793 112 29 önskyärdt
381 794 31 20 att
427 793 86 32 Banken
529 794 12 21 ä
555 800 59 22 resp.
624 794 54 21 orter
693 794 38 20 har
745 794 32 21 att
792 794 92 27 päräknä
898 794 105 27 behöfliga

247 828 92 23 vikarier
350 824 10 35 .
358 828 66 21 under
443 828 165 21 semestertiden
620 830 68 24 samt,
694 828 52 21 skall
764 828 67 22 hafva
843 828 110 27 möjlighet
969 830 33 20 att

250 862 77 23 ersätta
346 862 59 21 deras
421 862 70 24 arbete
508 862 60 21 äfven
585 862 32 21 för
632 862 40 21 den
686 862 38 26 tid,
739 862 26 22 de
779 862 49 22 icke
839 862 122 23 handhafva
973 863 29 21 vi-

249 892 68 27 käriat
328 887 11 40 '
342 895 35 22 vid
401 902 53 21 resp.
476 896 79 27 kontor,
578 887 71 40 borde:
658 887 78 40 enligt
749 896 147 27 Direktionens:
916 897 87 26 mening

249 929 73 28 nödigt
342 930 74 27 arslag
436 929 69 22 finnas
527 930 31 22 för
577 930 93 29 antydda
688 930 96 22 ändämäl
804 927 43 25 vid:
858 931 61 21 behof
936 931 67 26 dispo-

237 963 5 4 "
249 964 76 24 nibelt.
348 963 31 22 De
397 965 81 27 belopp,
497 970 45 17 som
560 964 71 22 dervid
650 965 69 21 kunde
734 964 156 28 ifrägakomma,
905 965 39 21 har
958 965 45 21 vid-

249 998 123 22 kommande
384 999 95 21 kontoret
493 999 7 20 i
515 999 32 21 S:t
561 993 84 33 Michel,
658 997 171 29 hvilket-kontor,
841 997 68 23 såsom
918 999 86 26 beläget

232 1027 24 28 i
273 1039 37 16 en:
318 1033 147 25 residensstad,
483 1033 93 22 kommer
594 1034 32 20 att
644 1033 84 21 beröras
745 1033 25 21 af
785 1033 40 21 den
836 1039 81 21 genom
930 1033 74 21 räken-

250 1066 166 28 skapsreformen
433 1067 111 27 betingade
563 1067 174 26 arbetsökningen
754 1067 39 21 och
811 1067 88 22 sålunda
915 1062 88 35 framför
1022 1068 2 3 ”

250 1101 25 21 de
294 1101 74 27 öfriga.
377 1101 42 21 kan
429 1101 87 26 komma
531 1102 32 20 att
577 1101 63 23 hafva
653 1101 65 22 behof
730 1101 23 22 af
765 1094 85 32 biträde.
860 1101 34 32 vid
909 1094 96 30 kontors-

249 1135 126 27 göromålen;
394 1135 111 22 beräknats
524 1135 32 22 till
576 1132 68 30 1,200
655 1135 60 22 mark
730 1136 55 21 samt
799 1128 128 32 beträffande
941 1136 64 21 hvart

250 1170 38 21 och
304 1171 30 22 ett
349 1169 24 21 af
385 1169 26 22 de
426 1169 67 27 öfriga
507 1169 81 22 mindre
603 1169 221 31 afdelningskontorön
837 1170 33 21 till
884 1171 42 21 600
937 1171 67 21 mark.

250 1203 134 25 Direktionen
402 1203 39 21 har
461 1203 72 21 vidare.
552 1204 60 23 tänkt
630 1204 32 26 sig
681 1204 31 21 att
730 1204 147 27 dispositionen
891 1204 25 22 af
928 1204 76 28 ifräga

250 1238 90 22 varande
356 1238 73 27 anslag
443 1238 66 21 skulle
525 1239 110 21 ankomma
649 1238 13 22 å
676 1238 77 31 Herrar
763 1239 190 27 Bankfullmäktige
963 1239 40 21 och

251 1273 37 24 har
304 1273 18 24 i
340 1272 215 22 öfverensstämmelse:
575 1272 87 22 härmed
686 1274 50 20 äran
758 1272 75 23 föreslå
854 1273 32 22 att
907 1273 7 21 i
933 1274 70 20 staten

250 1307 68 22 måtte
333 1307 67 21 under
418 1307 70 21 rubrik
509 1307 45 26 ,för
571 1307 109 21 aflönande
699 1307 23 20 af
739 1306 105 30 tillfälliga
857 1307 96 22 biträden
967 1307 36 30 vid

231 1349 4 1 -
250 1341 27 20 de
286 1341 89 26 mindre
391 1341 106 24 kontoren,
513 1342 32 19 att
558 1341 120 26 disponeras
689 1340 54 23 efter
752 1340 201 27 Bankfullmäktiges
969 1340 35 22 be-

237 1373 159 22 *-stämmande*
414 1375 103 26 upptagas
536 1374 30 21 ett
585 1374 73 27 anslag
676 1374 24 21 af
714 1374 7 20 i
736 1371 64 26 rundt
815 1374 29 21 tal
858 1375 65 25 5,000
937 1375 67 21 mark.

297 1417 2 4 ++
319 1407 49 25 Med
384 1407 114 28 anledning
513 1408 61 21 deraf
586 1409 32 26 att
632 1408 36 21 det
679 1408 35 23 för
729 1408 122 23 beredande
861 1408 23 23 af
895 1410 110 21 semester-

251 1443 93 27 ledighet
361 1443 22 21 ät
394 1442 105 22 -Bankens
514 1442 94 24 embets-
619 1442 38 22 och
672 1443 125 27 tjenstemän
813 1444 12 21 &
839 1444 43 21 stat
896 1435 107 46 upptagna

233 1505 2 2 *
242 1477 104 34 anslaget
364 1477 107 26 å-15,000
489 1478 66 29 mark,
573 1481 45 27 som
636 1484 30 16 nu
680 1477 64 22 redan
760 1478 55 22 visat
827 1474 34 32 sig
874 1475 131 31 vara'nägot
1017 1470 11 41 =
1049 1495 2 3 .

249 1507 87 36 knappt;
354 1510 33 23 till
401 1510 51 28 följd
467 1512 23 21 af
501 1504 120 54 föreslagna
634 1517 42 23 nya
690 1512 99 27 tjenster
793 1512 56 22 såväl.
864 1512 34 23 vid
913 1511 92 26 hufvud-
1028 1524 3 2 -
