1103 1795
460 178 24 21 I
798 179 26 19 19

90 248 59 28 ning
172 247 143 28 tillkommit,
340 247 80 21 blifvit
440 246 37 21 till
495 245 176 22 vederbörande
688 245 112 29 sakegare
816 253 38 14 ex-

92 287 133 28 pedierade;

161 335 40 25 att,
218 333 74 20 ehuru
308 332 75 28 enligt
398 331 191 21 landskontorets
605 331 191 27 konceptböcker
809 331 44 21 och

94 373 86 21 diarier
195 373 29 20 de
239 372 74 21 under
328 371 62 22 N:ris
409 373 87 26 17—19,
514 373 33 25 24,
565 373 33 25 26,
616 373 32 25 38,
665 373 92 26 40—42,
773 373 34 24 44,
819 373 33 24 46,

93 415 34 25 48,
145 416 33 25 69,
196 416 32 25 70,
245 415 27 19 80
289 413 43 21 och
348 414 26 20 86
391 412 98 28 angifna
505 411 142 29 handlingar
662 411 54 21 bort
726 411 8 21 i
745 410 110 22 afseende

96 454 13 20 å
124 453 122 21 utlåtande
269 453 134 28 expedieras
427 452 37 21 till
486 451 116 22 särskilda
624 451 166 28 myndigheter
812 450 44 21 och

96 493 147 28 tjenstemän,
268 492 269 21 vicelandskamreraren
559 491 27 21 L.
605 491 61 21 dock
681 491 125 21 uraktlåtit
822 491 34 20 att

96 533 37 22 till
157 533 134 28 expedition
314 532 110 21 befordra
443 532 124 27 desamma,
587 531 124 21 hvarutom
726 531 26 21 L.
768 530 88 22 beträf-

96 574 72 21 fande
191 574 28 21 de
242 574 40 20 två
300 573 168 27 förstnämnda,
486 573 76 20 under
576 572 62 22 N:ris
657 574 24 19 17
698 571 43 22 och
759 574 24 19 18
798 579 58 20 upp-

98 617 73 25 tagna
194 613 122 28 ärendena,
326 613 51 28 till
400 620 53 14 svar
472 613 12 21 &
500 613 176 21 vederbörande
699 612 157 29 kronofogdes

99 663 36 13 om
159 655 52 21 dem
231 654 138 21 framstälda
385 653 129 28 förfrägan,
530 653 119 21 meddelat
664 653 127 28 uppgifter,
807 659 49 14 som

97 695 52 21 icke
181 695 66 26 variti
272 695 53 20 med
353 694 108 28 verkliga
488 694 164 27 förhållandet
678 694 178 21 öfverensstäm-

99 735 94 28 mande;

167 789 36 19 att
224 787 102 28 koncept
348 787 37 20 till
408 787 28 20 de
458 786 74 21 under
550 786 62 22 N:ris
631 788 31 25 10,
679 788 33 24 31,
730 787 32 26 54,
780 787 32 26 58,
830 787 25 20 67

100 827 42 21 och
159 829 27 19 88
201 830 122 25 upptagna
338 826 79 28 utslag
433 826 43 21 och
491 826 155 21 resolutioner
662 826 125 27 saknades;

168 881 35 18 att
225 879 270 21 vicelandskamreraren
517 879 26 20 L.
560 879 35 20 uti
612 878 28 21 de
655 878 75 21 under
744 878 62 21 N:ris
823 879 31 26 71,

101 921 26 19 75
151 919 43 20 och
218 921 25 19 79
263 919 102 21 nämnda
381 918 101 21 ärenden
498 918 42 21 hos
556 917 176 22 vederbörande
746 917 111 22 länebok-

99 958 95 28 hällare,
210 958 202 21 häradsskrifvare
428 958 43 21 och
486 958 211 21 länelandtmätare
714 957 94 28 anmält,
822 959 35 20 att

99 998 78 29 utslag
193 998 134 28 meddelats,
345 999 80 20 förrän
441 998 116 21 ärendena
571 998 81 21 blifvit
662 1001 148 25 guvernören
820 997 37 21 till

99 1038 133 28 afgörande
245 1038 156 29 föredragna;

168 1085 35 19 att
225 1083 269 22 vicelandskamreraren
518 1084 25 20 L.
560 1084 36 21 uti
612 1083 28 21 de
655 1083 75 21 under
744 1083 62 22 N:ris
823 1085 31 25 27,

101 1125 32 26 30,
159 1125 32 26 32,
217 1125 32 26 35,
274 1125 32 26 39,
331 1125 34 26 51,
389 1125 33 26 60,
446 1125 33 26 61,
496 1125 33 26 85,
546 1125 92 26 87—89,
655 1125 26 20 90
697 1125 61 19 samt
774 1125 82 20 91—99

99 1163 100 22 berörda
215 1163 102 22 ärenden
333 1163 139 22 försummat
481 1163 97 29 vidtaga
589 1164 38 21 för
637 1163 89 22 mälens
737 1163 119 30 lagenliga

100 1203 43 22 och
159 1203 166 28 skyndsamma
340 1203 145 28 behandling
502 1203 154 29 erforderliga
671 1204 119 28 ätgärder;

167 1251 36 19 att
227 1249 270 21 vicelandskamreraren
518 1249 27 22 L.
568 1249 42 21 vid
632 1249 177 28 emottagandet
832 1249 27 21 af

99 1289 174 29 handlingarna
295 1289 36 22 uti
354 1289 116 22 ärendena
492 1290 75 21 under
589 1290 63 21 N:ris
675 1291 26 21 52
718 1290 43 21 och
776 1291 36 27 57;
820 1297 38 13 ur-

100 1330 96 21 aktlätit
218 1330 69 26 tillse,
311 1332 36 19 att
366 1329 118 22 desamma
501 1330 62 21 varit
577 1330 54 21 med
646 1330 99 28 behörig
760 1330 99 28 stämpel

101 1370 116 25 försedda,
241 1372 60 19 samt
324 1372 35 19 att
381 1370 26 21 L.
427 1369 113 29 uppburit
555 1370 132 29 penningar
702 1370 38 21 för
756 1371 34 19 att
805 1370 53 21 med

100 1409 100 29 stämpel
215 1409 100 29 belägga
331 1409 115 22 särskilda
462 1410 37 21 till
515 1410 97 21 ärendet
626 1410 75 21 under
716 1411 44 21 N:o
775 1413 27 19 49
816 1411 42 21 hö-

99 1450 73 21 rande
194 1450 149 29 handlingar,
366 1450 82 22 hvilka
470 1450 60 22 dock
549 1451 21 28 ej
586 1451 81 21 blifvit
682 1451 53 22 med
751 1451 109 29 stämpel-

100 1490 97 21 märken
213 1491 120 28 försedda;
349 1493 61 19 samt
