1103 1795
209 189 13 20 4
506 187 30 23 U.
552 188 26 21 B.
597 201 27 3 —
640 187 33 23 11.

211 256 80 27 frågan
315 263 37 14 om
378 257 150 20 meddelande
550 257 25 20 af
595 256 235 28 äktenskapsskilnad
849 257 31 27 pä
895 256 73 27 grund

211 291 25 20 af
250 290 100 28 dispens.

282 325 35 20 Dä
334 325 156 22 Prokuratorn
507 327 74 20 ansett
596 325 34 27 sig
645 325 49 21 icke
711 325 80 21 kunna
807 325 120 21 underläta
939 327 31 19 att

211 359 7 20 i
234 359 36 21 sin
289 359 119 22 berättelse
424 360 90 26 betona,
530 360 114 21 hurusom
661 360 53 21 1897
732 360 36 21 ärs
785 359 106 22 Ständers
907 367 63 20 nyss-

213 394 127 22 omordade
356 394 180 27 tillvägagäende
551 394 69 27 enligt
636 394 170 21 Prokuratorns
822 394 149 21 förmenande

212 428 51 21 icke
284 428 55 27 egde
363 428 51 21 stöd
437 428 7 20 i
467 428 36 26 lag
526 428 44 21 och
586 428 19 27 ej
623 428 70 21 heller
708 435 42 14 var
765 428 25 21 af
803 428 168 26 omständighe-

213 465 66 18 terna
299 462 124 28 päkalladt,
442 463 38 20 mä
496 462 43 21 här
554 462 82 21 främst
651 462 87 21 erinras
754 465 38 24 att,
808 463 30 20 dä
853 462 118 21 berättelse

213 503 39 14 om
277 496 173 27 lagskipningen
474 497 44 20 och
542 497 106 26 lagarnas
669 497 181 20 handhafvande
873 497 7 20 i
895 496 77 21 landet

214 531 218 26 författningsenligt
454 531 43 20 bör
519 531 39 20 vid
576 531 79 27 hvarje
671 531 110 27 landtdag
797 531 127 21 Ständerna
938 531 33 20 till

215 565 133 21 kännedom
372 565 102 26 afgifvas,
496 565 69 20 häraf
578 565 68 21 äfven
661 565 66 27 följer
742 567 32 19 att
790 565 127 21 Ständerna
933 570 40 21 ega

215 599 54 27 ingå
292 600 7 20 i
322 599 140 27 granskning
484 600 44 20 och
552 599 145 21 bedömande
719 600 25 20 af
763 600 76 21 denna
854 599 119 21 berättelse

217 634 45 21 och
285 634 79 21 dervid
387 635 54 25 göra
464 634 28 20 de
515 634 162 27 päminnelser,
700 634 34 20 till
756 634 78 21 hvilka
850 633 124 26 anledning

216 667 47 21 kan
283 668 150 21 förekomma.
464 667 50 22 Och
531 668 47 20 lika
594 667 129 28 uppenbart
739 669 26 19 är
780 670 32 19 att
827 667 37 21 det
880 667 94 21 ankom-

217 709 50 14 mer
289 703 30 27 pä
342 702 127 21 Ständerna
485 703 75 20 allena
576 705 32 18 att
622 702 85 26 afgöra,
723 702 116 21 huruvida
855 702 66 21 dessa
936 702 38 27 pä-

219 737 126 21 minnelser
367 738 39 19 äro
429 737 25 20 af
474 737 42 20 den
541 739 35 18 art
596 739 32 18 att
644 737 27 20 de
686 737 57 20 böra
760 737 155 20 Prokuratorn
931 736 45 21 del-

217 771 73 26 gifvas
305 772 54 20 eller
373 771 55 21 icke.
460 771 157 21 Prokuratorn
633 778 67 20 synes
716 771 120 21 förutsätta
852 773 32 18 att
899 773 30 18 ett
942 770 33 21 sä-

217 805 57 21 dant
284 805 143 27 delgifvande
440 805 49 22 icke
500 812 54 15 vore
565 805 85 27 nödigt,
659 807 55 19 enär
725 805 163 26 Prokuratorn,
898 805 77 26 hvarje

219 840 99 21 särskild
341 840 138 21 Ständernas
497 840 80 27 ätgärd
592 840 99 26 förutan,
707 847 54 14 vore
776 840 7 20 i
799 839 87 22 tillfälle
902 841 32 19 att
949 846 27 13 ur

217 874 172 21 vederbörande
404 874 98 21 utskotts
518 874 146 21 betänkande
679 874 104 21 inhemta
794 874 132 21 kännedom
937 880 38 14 om

219 909 28 20 de
263 909 142 26 synpunkter
421 909 44 20 och
480 908 183 27 önskningsmäl,
679 915 50 14 som
746 908 6 21 i
769 908 107 21 afseende
891 908 14 20 ä
917 908 59 20 hans

219 943 120 20 berättelse
362 943 131 25 framstälts,
517 945 60 18 samt
600 943 38 20 vid
661 943 52 20 dem
737 943 59 20 fästa
811 943 38 20 det
864 942 112 24 afseende,

219 977 85 21 hvaraf
320 977 45 20 han
381 977 46 20 kan
443 977 64 21 finna
523 977 53 20 dem
591 983 55 14 vara
661 977 112 27 förtjenta.
805 977 53 20 Men
874 977 29 20 dä
919 977 58 27 pröf-

220 1011 85 27 ningen
322 1011 67 21 häraf
397 1011 7 20 i
415 1011 95 21 främsta
522 1013 100 18 rummet
635 1011 66 21 beror
712 1011 30 27 pä
753 1011 128 21 Ständerna
892 1011 85 26 sjelfva,

219 1046 72 21 borde
307 1045 37 21 det
359 1052 54 14 vara
431 1045 80 28 tydligt
530 1048 31 18 att
579 1046 155 20 Prokuratorn
753 1045 50 21 icke
822 1047 55 19 utan
894 1045 84 20 känne-

220 1080 56 21 dom
287 1087 38 14 om
336 1079 139 22 Ständernas
486 1079 74 22 beslut
576 1080 46 20 kan
638 1079 150 27 tillgodogöra
799 1079 33 27 sig
842 1079 28 21 de
881 1079 97 28 positiva

221 1115 102 26 resultat,
338 1114 91 21 hvartill
445 1114 171 27 granskningen
632 1114 24 21 af
669 1115 60 20 hans
744 1114 120 21 berättelse
880 1114 7 20 i
901 1113 78 28 sjelfva

220 1149 80 21 verket
314 1149 51 21 ledt.

293 1183 80 21 Såsom
391 1183 86 20 bekant
492 1183 74 21 finnes
582 1183 19 27 ej
618 1183 74 26 någon
709 1183 147 26 bestämning
871 1182 86 26 derom,
973 1181 7 21 i

222 1217 95 21 hvilken
333 1219 43 25 väg
384 1217 82 21 sådant
474 1217 194 27 delgifvande
627 1212 38 37 bör
676 1217 46 21 ske.
747 1217 43 20 Vid
800 1217 54 20 1897
863 1217 37 20 års
909 1216 71 21 landt-

223 1252 45 26 dag
283 1252 66 21 valde
365 1251 127 21 Ständerna
508 1251 25 21 af
546 1251 118 28 praktiska
680 1251 50 21 skäl
746 1253 98 24 utvägen
856 1253 32 18 att
898 1256 82 21 genom

223 1293 29 14 en
269 1286 117 21 skrifvelse
402 1285 105 21 meddela
524 1286 154 21 Prokuratorn
690 1285 39 21 sitt
738 1285 82 26 beslut,
832 1285 96 21 hvarom
945 1291 36 14 an-

222 1321 80 20 mälan
324 1320 107 27 derjemte
454 1320 90 27 gjordes
566 1320 6 21 i
594 1320 224 27 landtdagsbeslutet.
851 1319 131 21 Emellertid

223 1354 43 21 bör
287 1355 37 21 det
342 1354 49 21 icke
408 1354 72 21 nekas
495 1356 32 19 att
542 1356 31 19 ett
588 1354 73 27 dylikt
676 1354 138 26 förfarande,
831 1353 87 21 hvilket
933 1353 50 21 sak-

224 1395 45 15 nar
287 1389 114 21 bestämdt
416 1388 49 21 stöd
483 1389 63 21 såväl
562 1388 7 21 i
585 1388 131 28 uttryckligt
731 1388 163 27 lagstadgande
910 1394 50 15 som
976 1387 7 21 i

225 1423 96 27 tidigare
343 1423 205 28 landtdagspraxis,
571 1423 47 21 kan
639 1429 66 14 anses
728 1429 56 14 vara
800 1423 7 20 i
823 1423 90 20 formelt
929 1423 55 20 hän-

226 1458 85 21 seende.
326 1458 89 21 mindie
430 1457 112 27 egentligt.
569 1457 112 22 Utskottet
696 1457 36 21 får
747 1457 144 20 fördenskull
907 1457 75 20 såsom

225 1492 39 21 sin
276 1492 92 27 mening
384 1492 70 21 uttala
470 1491 172 27 att,
517 1487 13 37 i
540 1491 102 27 händelse
658 1491 128 22 Ständerna
802 1491 71 26 finna,
884 1491 37 21 det
932 1491 53 20 Pro-

296 1537 129 23 Lagutskottets
437 1537 111 18 betänkande
560 1537 38 18 N:o
610 1538 29 17 18.
