1103 1795
369 185 24 22 U.
410 185 22 22 B.
449 198 27 3 —
493 187 105 19 XXXIIL
862 187 13 19 3

125 253 22 19 af
170 252 98 27 spanmäl
291 258 50 14 men
360 252 46 20 icke
422 251 54 21 varit
492 253 24 18 sä
531 251 140 24 omfattande,
688 253 31 18 att
735 251 89 20 berörda
840 251 35 21 ök-

125 289 51 25 ning
199 288 7 20 i
229 288 40 20 och
292 288 33 20 för
348 288 31 26 sig
395 288 69 20 skulle
480 289 40 18 tett
536 287 31 26 sig
583 287 136 26 synnerligen
734 287 141 26 exceptionell

125 325 51 19 eller
191 323 98 21 oroande.
315 323 111 27 Importen
442 323 22 20 af
479 323 122 20 råmaterial
616 323 33 20 för
664 323 108 20 industrin
788 323 38 20 har
842 330 33 13 va-

125 360 28 20 rit
175 361 65 18 större
264 361 27 18 än
310 359 104 26 nägonsin
430 359 95 26 tidigare.
557 359 202 26 Företagsamheten
775 359 39 20 har
829 359 47 20 icke

125 395 115 25 afstannat,
267 397 52 19 utan
343 395 64 21 hafva
430 395 87 27 mycket
537 395 121 27 betydande
675 395 135 21 industriella
825 395 51 21 verk

125 431 80 26 jämväl
228 432 69 19 under
319 433 83 18 senaste
422 431 31 20 tid
474 431 134 24 tillkommit,
626 431 40 20 och
681 431 84 20 landets
782 431 94 26 ständigt

125 467 97 20 växande
245 467 151 20 handelsflotta
411 467 39 20 har
465 467 73 20 funnit
554 468 58 19 ännu
628 467 69 19 bättre
714 466 162 27 sysselsättning

126 504 27 19 än
169 503 67 20 under
259 503 125 26 föregäende
404 503 28 24 är,
450 509 36 14 om
502 504 27 18 än
545 503 96 25 stegrade
656 502 82 26 kolpris
753 502 41 20 och
810 502 67 20 andra

126 545 155 20 ogynnsamma
298 539 182 26 omständigheter
498 538 90 26 menligt
603 538 98 20 inverkat
716 539 28 26 pä
752 537 122 21 resultaten.

198 610 60 20 Trots
282 610 38 20 allt
339 609 59 21 detta
413 609 43 20 kan
470 609 36 20 det
520 609 48 20 icke
583 609 111 25 bestridas,
712 611 31 18 att
758 609 36 20 det
810 609 66 20 finan-

127 646 60 20 siella
202 646 56 25 läget
269 646 8 19 i
288 645 73 20 landet
371 645 105 20 alltsedan
487 646 64 20 vären
564 644 57 21 1898
632 645 55 20 varit
702 645 2 20 i
716 645 160 26 anmärknings-

126 682 52 21 värd
194 681 51 26 grad
261 681 124 26 ansträngdt
401 681 39 20 och
456 681 68 20 under
542 681 56 20 1899
614 681 108 20 utmärkts
738 681 22 20 af
774 688 26 13 en
811 681 65 20 känn-

127 717 37 20 bar
184 717 223 27 penningeknapphet,
432 717 55 26 höga
510 718 126 19 räntesatser
660 717 39 20 och
723 723 27 14 en
770 717 108 20 oafbrutet

127 753 123 26 fortgäende
265 753 124 26 minskning
412 753 22 20 af
450 753 102 20 Finlands
569 753 71 21 Banks
656 753 136 26 obegagnade
812 753 65 21 sedel-

127 789 165 26 utgifningsrätt.
317 789 72 20 Under
409 789 104 26 sistsagda
528 789 24 20 är
567 789 39 20 har
621 789 109 20 dessutom
747 789 41 20 den
804 789 73 20 metal-

127 825 56 20 liska
198 824 87 21 valutan
300 824 33 20 för
349 824 99 20 Bankens
464 824 166 27 sedelutgifning
646 825 80 26 stadigt
741 825 88 26 nedgätt
837 825 40 20 och

127 860 214 26 bankförvaltningen
362 860 100 26 slutligen
478 861 42 19 sett
535 860 31 26 sig
581 860 120 21 föranläten
726 862 30 19 att
772 861 34 20 till
826 862 51 19 tem-

127 898 62 24 porär
212 896 143 26 förstärkning
371 896 22 20 af
408 896 65 26 sagda
488 896 73 20 valuta
576 896 40 20 hos
632 897 126 20 statsverket
773 897 33 20 för
821 897 56 20 Ban-

128 931 53 20 kens
197 931 89 26 räkning
302 932 89 20 utverka
407 933 30 19 ett
450 932 36 20 län
497 931 7 20 i
515 931 116 21 utländska
641 932 85 21 värden.

199 1003 66 20 Dessa
288 1003 149 20 förhällanden
457 1005 37 18 äro
514 1003 22 20 af
551 1003 42 20 den
608 1005 39 22 art,
664 1005 31 18 att
711 1003 168 21 Bankutskottet

128 1039 47 20 icke
198 1039 83 20 kunnat
303 1039 73 26 undgä
399 1040 31 19 att
450 1039 52 20 söka
526 1039 32 20 för
574 1039 32 26 sig
628 1039 98 26 klargöra
740 1039 90 21 orsaken
848 1040 31 20 till

129 1075 120 24 desamma;
274 1075 40 20 och
330 1075 39 20 har
382 1075 111 20 Utskottet
508 1075 34 20 till
558 1082 26 14 en
607 1075 135 27 grundligare
764 1075 114 21 undersök-

129 1110 51 26 ning
196 1111 22 20 af
233 1111 73 20 härtill
321 1111 94 20 hörande
430 1111 182 26 omständigheter
622 1111 73 20 funnit
706 1113 115 25 yttermera
832 1111 47 20 skäl

129 1146 6 20 i
152 1146 26 20 de
201 1147 120 26 yttranden,
336 1147 74 20 hvilka
429 1147 8 20 i
453 1147 90 20 ständen
559 1147 96 26 afgifvits
670 1147 37 20 vid
730 1147 150 26 föredragning

129 1182 22 19 af
173 1182 208 27 Bankfullmäktiges
405 1182 117 21 berättelse.
555 1183 108 20 Utskottet
685 1183 39 20 har
747 1183 83 20 därföre
845 1183 34 20 till

130 1218 129 20 besvarande
282 1219 100 26 upptagit
405 1218 80 26 frägan,
510 1219 74 20 hvilka
606 1219 182 26 omständigheter
803 1219 77 20 främst

129 1253 118 20 förorsakat
270 1253 42 20 den
335 1254 159 26 penningebrist
520 1254 39 21 och
580 1254 101 21 särskildt
704 1255 42 28 den
768 1255 112 26 knapphet

129 1290 28 25 pä
179 1289 116 20 utländska
315 1290 89 24 valutor,
421 1297 47 13 som
483 1290 69 20 under
567 1290 26 20 de
608 1291 37 19 två
660 1292 83 19 senaste
758 1291 50 20 åren
824 1291 56 26 gjort

130 1325 31 25 sig
185 1325 104 25 gällande,
314 1327 56 18 samt
393 1325 119 21 sedermera
535 1326 63 20 äfven
617 1327 132 25 spörsmälet,
774 1326 106 20 huruvida

130 1360 89 20 berörda
241 1360 135 26 olägenheter
399 1360 51 30 bort
470 1361 40 20 och
532 1361 84 20 kunnat
639 1362 22 20 af
681 1361 103 21 Finlands
808 1361 72 20 Banks

130 1395 130 27 förvaltning
275 1397 8 20 i
298 1397 70 26 nägon
384 1398 51 19 män
450 1397 144 20 förekommas
610 1397 51 20 eller
677 1397 114 27 afhjälpas.

202 1431 41 20 Till
267 1432 88 27 ledning
380 1433 7 20 i
410 1433 54 20 först
492 1433 143 29 omförmälda
660 1433 100 20 afseende
782 1433 38 20 har
843 1433 36 20 Ut-

130 1467 79 20 skottet
229 1469 159 20 sammanställt
408 1469 86 26 bilagda
509 1469 101 26 öfversigt
625 1469 23 20 af
662 1469 107 26 importen
786 1469 40 20 och
846 1475 32 14 ex-

201 1513 170 20 Bankutskottets
385 1515 127 18 betänkande
524 1515 38 18 N:o
574 1515 19 18 2.
