1103 1795
393 195 28 23 U.
438 194 22 23 K.
481 208 25 3 —
523 197 106 19 XXXIIL
855 196 26 20 17

127 263 88 21 delshus
239 263 63 20 äfven
325 263 13 20 å
360 263 33 20 sin
409 262 48 21 sida
472 261 103 27 godtgöra
590 263 67 19 ränta.
689 262 29 20 På
734 262 26 20 de
776 261 22 20 af
814 262 68 20 Bank-

127 299 136 26 fullmäktige
275 299 89 20 anförda
374 298 94 27 grunder
478 298 41 20 och
530 298 28 19 dä
568 297 160 26 ifrägavarande
736 297 146 27 räntegodtgö-

126 332 53 23 rels6
195 335 47 20 icke
257 335 44 20 kan
316 335 106 20 likställas
439 333 51 20 med
506 341 72 12 annan
596 333 97 26 inlåning
708 335 46 19 mot
764 335 68 24 ränta,
844 334 38 19 har

127 371 109 20 Utskottet
253 372 70 18 ansett
338 370 32 26 sig
385 370 53 20 böra
453 369 132 20 understöda
600 369 89 21 berörda
705 369 84 27 förslag.

199 406 199 26 Bankfullmäktige
414 405 67 21 hafva
496 405 8 20 i
520 405 34 21 sin
569 405 112 21 berättelse
693 406 28 26 pä
733 405 90 21 anförda
836 405 46 21 skäl

126 442 115 26 föreslagit,
266 444 31 18 att
321 442 36 20 det
379 441 202 26 afdelningskontor
603 442 7 19 i
626 442 132 19 Tavastehus
774 442 54 23 stad,
845 448 36 13 om

127 479 63 19 hvars
206 478 151 26 provisionella
372 477 123 20 inrättande
512 477 119 20 Ständerna
646 477 36 20 vid
700 477 56 20 1897
768 477 34 20 ärs
813 477 68 20 landt-

128 514 41 26 dag
184 514 94 24 beslutit,
295 515 67 19 måtte
379 513 73 20 ställas
469 513 28 26 pä
512 513 106 20 ordinarie
634 513 32 20 fot
679 515 56 18 samt
745 513 33 20 för
789 513 92 20 rörelsen

127 551 82 25 öppnas
224 550 49 20 från
289 549 39 20 och
344 549 51 20 med
410 549 108 26 ingången
534 549 22 20 af
572 549 23 20 är
612 549 54 20 1901
685 549 40 20 och
741 549 13 26 &
771 549 13 20 8
800 549 6 20 i
818 549 63 26 regle-

127 587 82 19 mentet
231 585 77 20 ändras
333 585 97 24 sälunda,
451 586 31 19 att
498 585 34 20 till
548 585 26 20 de
590 585 39 20 där
644 585 156 26 uppräknande
817 585 64 20 afdel-

127 621 168 26 ningskontoren
310 621 87 26 fogades
417 621 99 20 kontoret
532 621 8 20 i
555 621 138 20 Tavastehus.
726 621 77 20 Denna
818 621 63 20 fram-

127 657 102 26 ställning
244 657 60 20 torde
321 657 52 20 böra
389 657 93 20 bifallas.

199 693 73 26 Enligt
285 693 14 26 &
316 693 27 20 20
360 693 22 20 af
397 693 141 26 reglementet
554 694 23 18 är
592 692 103 21 Finlands
711 693 72 20 Banks
794 693 85 26 förplig-

127 729 53 20 telse
196 731 31 18 att
243 729 70 20 inlösa
328 729 47 20 sina
391 729 70 20 sedlar
476 729 47 20 icke
540 728 118 27 begränsad
673 735 78 20 genom
767 729 70 26 nägon
848 729 33 20 be-

127 765 109 26 stämning
251 765 110 26 angäende
376 764 145 27 preskription
538 764 50 20 eller
604 765 108 26 aflysning
723 764 22 20 af
754 765 73 26 gamla
837 765 44 20 sed-

127 801 36 20 lar.
191 801 126 20 Emellertid
333 801 39 20 har
387 800 111 21 Utskottet
513 800 7 20 i
536 800 100 20 afseende
652 801 12 19 &
680 800 91 27 ändring
786 800 23 20 af
818 801 63 26 regle-

127 838 82 19 mentet
231 837 8 19 i
259 836 71 20 denna
345 836 35 20 del
396 836 43 20 fätt
454 836 48 20 frän
518 836 198 26 Bankfullmäktige
732 837 108 26 emottaga
855 843 26 14 en

127 872 118 27 sälydande
260 872 170 26 framställning:

202 908 49 20 »Uti
267 908 211 25 Bankfullmäktiges
494 908 34 20 till
544 908 166 20 Bankutskottet
726 907 36 21 vid
780 908 56 20 1894
848 908 33 19 ärs

126 944 104 26 landtdag
254 944 81 25 afgifna
358 943 114 21 berättelse
490 943 114 21 framhölls
620 944 22 20 af
657 943 145 26 Fullmäktige
818 943 63 20 huru-

127 986 53 18 som,
205 979 27 20 dä
254 979 47 20 icke
317 980 69 20 sällan
402 979 34 20 till
452 979 90 20 Banken
557 979 33 20 för
606 980 83 20 inlösen
704 979 92 26 ingifvas
812 979 69 20 sedlar

126 1015 22 20 af
172 1015 129 26 längesedan
325 1016 110 25 utgängna
457 1015 106 26 upplagor
588 1015 41 21 och
652 1015 88 25 valörer,
764 1015 37 20 det
821 1016 60 25 synts

126 1051 145 26 Fullmäktige
295 1051 94 26 önskligt
413 1052 31 19 att
468 1051 74 26 dylika
557 1051 70 20 sedlar
643 1051 56 26 finge
714 1051 60 20 inom
791 1051 42 20 viss
849 1050 32 20 tid

127 1087 84 26 aflysas,
236 1087 138 26 hvarigenom
399 1087 89 20 Banken
511 1087 71 20 blefve
605 1087 100 20 frikallad
724 1087 48 20 från
788 1086 92 27 skyldig-

127 1122 64 20 heten
208 1124 31 18 att
254 1123 8 19 i
278 1123 47 20 sina
340 1123 79 20 böcker
434 1124 95 25 upptaga
545 1129 26 14 en
587 1129 174 15 ansvarssumma
776 1123 34 20 för
820 1122 61 20 dessa

127 1158 76 25 sedlar,
230 1165 36 13 om
287 1158 74 21 hvilka
384 1160 88 24 antagas
493 1159 73 20 kunde
587 1160 31 19 att
634 1159 26 20 de
676 1159 33 20 till
726 1160 76 19 största
818 1157 63 21 delen

126 1194 47 20 icke
196 1194 72 21 vidare
292 1194 141 25 förekommo,
458 1196 57 19 samt
538 1195 110 20 dessutom
667 1194 42 21 den
724 1195 50 24 risk,
792 1193 89 21 Banken

126 1230 58 26 löpte
206 1236 77 20 genom
305 1230 141 27 möjligheten
462 1230 22 20 af
500 1230 74 27 dylika
590 1231 79 20 sedlars
685 1230 149 25 förfalskning,
851 1229 29 20 af-

126 1265 117 26 lägsnades.

198 1301 10 20 I
231 1301 116 27 anledning
371 1302 22 19 af
408 1302 134 20 förestäende
558 1302 110 21 uttalande
685 1302 111 21 anmärkte
812 1301 68 21 Bank-

126 1337 105 20 utskottet
254 1339 38 23 att,
317 1338 28 20 dä
367 1344 27 13 ur
413 1338 26 20 de
454 1338 34 20 till
504 1339 155 25 Fullmäktiges
675 1338 123 20 förberörda
813 1337 67 21 berät-

126 1372 54 21 telse
197 1372 98 27 bifogade
311 1373 90 20 tabeller
421 1374 59 20 öfver
496 1374 80 26 ärligen
592 1374 115 20 förbrända
723 1373 69 21 sedlar
808 1374 72 26 syntes

126 1409 83 25 framgä
224 1411 31 18 att
271 1409 74 26 dylika
361 1409 73 26 gamla
449 1409 70 21 sedlar
528 1410 34 20 till
576 1409 166 22 beaktansvärdt
752 1409 59 20 antal
822 1411 58 18 ännu

126 1444 139 26 förekommo,
283 1451 88 20 egarene
387 1445 22 20 af
417 1445 80 20 sådana
505 1445 37 21 vid
550 1445 129 21 inträffande
687 1445 109 26 aflysning
804 1445 76 20 lätteli-

126 1487 40 20 gen
183 1480 72 21 kunde
272 1482 91 19 utsättas
372 1481 33 20 för
413 1481 82 20 känbar
502 1481 84 25 förlust,
598 1483 56 19 samt
665 1483 31 18 att
707 1488 51 13 man
766 1481 36 21 väl
814 1481 66 26 knap-

126 1518 49 24 past
198 1516 65 21 borde
279 1517 74 20 kunna
373 1517 45 20 tala
433 1524 37 13 om
485 1518 70 25 nägon
571 1517 44 20 risk
630 1517 33 21 för
679 1519 31 18 att
726 1517 62 20 dessa
804 1516 75 25 sedlar,

197 1556 172 19 Bankutskottets
383 1557 127 18 betänkande
523 1557 31 19 No
568 1558 18 18 3.

901 407 40 23 88

892 695 11 22 8
917 695 29 18 20.
