1103 1795
209 202 27 19 22
468 200 27 23 U.
513 199 21 24 B.
553 213 27 3 —
596 201 105 21 XXXIII

351 267 34 20 hos
407 267 59 20 Hans
488 267 110 25 Kejserliga
621 267 95 24 Majestät
737 266 80 21 anhålla
836 273 30 14 om
885 266 78 25 stadfä-

351 303 56 20 stelse
423 303 12 20 å
449 303 140 20 nedanstående

208 373 156 28 Förordning
381 373 172 22 innefattande
569 373 107 28 ändring
691 373 9 22 1
716 373 65 22 vissa
796 373 68 22 delar
880 371 25 24 af
918 371 44 24 nä-

227 409 58 29 diga
299 409 163 28 reglementet
478 409 40 23 för
533 409 119 23 Finlands
668 408 70 24 Bank
753 408 28 24 af
794 409 48 23 den
858 409 27 22 19
902 407 44 24 Fe-

319 445 86 22 bruari
420 445 60 22 1895
497 446 63 21 samt
575 451 33 22 ny
624 446 50 21 stat
689 444 41 23 för
745 444 109 23 Banken.

559 518 48 25 28

279 559 88 21 Banken
383 566 48 20 eger
446 561 43 19 rätt
504 561 32 19 att
551 559 83 26 utgifva
650 559 69 20 sedlar
735 559 67 26 enligt
817 559 26 20 de
859 559 7 20 i
877 559 22 20 II
910 559 50 26 kap.

206 595 103 30 stadgade
319 595 92 26 grunder
423 598 57 17 samt
490 595 39 20 har
539 595 34 20 till
583 595 91 20 föremål
683 595 35 21 för
728 595 33 21 sin
772 595 135 21 verksamhet
918 597 44 21 att;

277 631 31 20 in-
315 631 40 20 och
364 631 87 21 utvexla
459 631 96 20 bankens
564 631 70 20 sedlar
641 631 40 20 och
690 631 66 21 finskt
762 631 118 21 metalliskt
887 632 72 25 mynt;

277 667 57 26 köpa
349 667 40 20 och
405 667 55 27 sälja
476 667 100 26 myntadt
586 667 41 20 och
638 667 114 26 omyntadt
762 667 52 26 guld
826 667 39 20 och
877 667 84 23 silfver;

277 703 57 26 köpa
349 703 41 20 och
406 703 54 26 sälja
476 705 140 24 statspapper,
633 703 141 26 obligationer
788 703 41 20 och
839 703 120 26 kuponger;

277 739 55 27 sälja
355 739 137 26 anvisningar
513 740 13 19 å
546 739 66 20 finskt
628 741 68 25 mynt,
713 739 111 20 betalbara
839 739 13 20 å
867 740 38 23 ort,
923 738 41 21 der

204 774 87 21 banken
306 775 39 20 har
360 775 78 20 kontor
454 775 51 20 eller
520 777 99 24 agentur;

276 811 57 26 köpa
349 811 40 20 och
405 811 54 27 sälja
475 811 75 24 sedlar,
567 811 73 20 vexlar
656 811 39 20 och
712 811 142 26 anvisningar,
866 811 97 27 lydande

203 847 13 19 å
231 848 68 19 annat
314 847 118 26 myntslag;

277 882 122 20 diskontera
413 883 73 20 vexlar
496 883 12 19 å
519 883 69 19 finska
598 883 68 24 mark,
678 883 138 26 accepterade
826 883 23 20 af
859 883 100 20 inhemsk

203 917 63 21 firma
287 918 51 20 eller
357 919 60 20 inom
438 919 73 20 landet
527 919 70 20 bosatt
613 919 56 20 finsk
684 919 145 26 medborgare,
846 919 113 21 äfvensom

203 954 68 20 andra
285 955 81 26 jemväl
381 955 13 19 å
410 956 32 19 ort
458 955 59 20 inom
533 955 73 20 landet
623 955 109 20 betalbara
747 955 162 26 kreditpapper;

276 989 80 28 bevilja
374 991 143 26 penningelån
532 991 28 26 på
576 991 42 20 viss
634 991 31 20 tid
682 992 46 19 mot
743 992 54 25 pant
812 991 23 20 af
851 991 49 20 ädla
915 997 42 14 me-

202 1025 69 25 taller,
295 1027 140 25 statspapper,
452 1026 145 27 obligationer,
614 1026 111 24 aktiebref,
742 1027 129 20 intecknade
886 1027 72 20 skuld-

201 1061 71 20 sedlar
287 1064 57 18 samt
359 1061 68 21 andra
441 1062 148 27 värdepapper
604 1062 41 21 och
660 1069 72 17 varor;

274 1097 81 28 bevilja
377 1097 155 21 kassakreditiv
552 1098 58 20 såväl
631 1099 45 19 mot
691 1098 127 26 inteckning
832 1098 8 20 i
856 1099 102 25 fastighet

201 1139 47 14 som
272 1135 47 18 mot
342 1133 26 20 de
391 1133 8 20 i
421 1133 127 27 föregående
564 1134 70 26 punkt
650 1134 133 20 omnämnda
798 1134 46 26 slag
860 1134 22 21 af
897 1136 60 25 pant,

201 1168 50 20 med
267 1169 112 26 undantag
394 1169 23 20 af
432 1176 71 17 varor;

273 1207 96 24 mottaga
397 1205 254 27 penningeinsättningar,
677 1207 53 19 utan
756 1205 203 27 räntegodtgörelse,

200 1241 75 20 banken
291 1241 46 20 dock
353 1242 83 25 obetaget
453 1243 29 18 att
497 1243 12 19 å
525 1242 80 25 löpande
620 1243 84 24 räkning
719 1243 43 19 med
777 1242 104 20 utländska
897 1242 60 19 bank-

200 1277 133 25 inrättningar
348 1278 34 19 och
397 1278 115 20 handelshus
528 1279 57 23 äfven
601 1278 13 20 å
629 1278 31 20 sin
675 1278 44 20 sida
734 1278 94 25 godtgöra
844 1279 71 23 ränta;

272 1313 115 20 verkställa
402 1313 168 26 inkasseringar
562 1309 12 34 ;

273 1350 95 24 mottaga
387 1348 8 20 i
415 1348 70 21 förvar
500 1348 134 27 handlingar,
651 1348 147 27 värdepapper
814 1348 40 21 och
870 1348 86 27 dyrbar-

199 1383 60 21 heter
275 1384 59 21 säväl
350 1384 68 21 under
433 1384 115 27 försegling
564 1391 47 14 som
626 1384 7 21 i
650 1386 72 25 öppna
737 1384 150 27 depositioner,
905 1384 50 21 med

199 1419 36 20 det
251 1426 84 19 ansvar,
352 1427 46 14 som
411 1421 35 26 lag
462 1421 90 26 stadgar.

273 1455 41 20 Om
331 1455 26 20 de
372 1456 157 27 förrättningar,
541 1463 47 14 som
598 1457 69 26 äligga
678 1457 86 20 banken
774 1457 34 20 för
819 1456 139 21 statsverkets

199 1491 98 26 räkning,
321 1494 56 18 samt
392 1499 36 13 om
443 1492 158 27 förvaltningen
616 1493 23 20 af
654 1492 152 27 Längmanska
821 1493 136 20 testaments-

198 1527 83 20 fonden
297 1529 23 18 är
335 1527 102 21 särskildt
453 1528 105 26 stadgadt.

272 1567 170 20 Bankutskottets
456 1568 126 19 betänkande
595 1568 37 19 N:o
646 1569 19 18 3.
