1103 1795
371 194 24 23 U.
412 193 24 24 B.
454 208 26 2 —--
498 197 104 20 XXXIII.
853 196 26 19 17

126 255 109 20 härstädes
259 255 98 27 utgjorde
381 256 28 19 86
433 255 128 21 ark=774
584 257 24 18 st.
630 256 24 19 sl.
672 255 28 20 bl.
718 255 40 20 och
781 257 7 18 8
804 256 74 19 ark
859 251 22 35 =

127 292 27 19 48
179 292 24 19 st.
227 291 24 20 sl.
269 290 27 21 bl.
329 291 72 20 Under
417 291 72 20 arbete
504 291 64 20 fanns
584 291 7 20 i
608 291 114 26 tryckeriet
738 291 42 20 den
797 291 26 20 31
841 292 38 19 De-

126 327 84 20 cember
227 327 56 20 1899
301 327 65 24 3,405
383 327 37 20 ark
440 335 15 10 =
468 327 80 24 30,645
565 329 25 18 st.
608 327 24 20 sl.
650 327 29 20 bl.

197 374 173 26 Tillverkningen
394 375 22 20 af
438 375 42 20 100
502 375 72 20 marks
591 375 86 20 valören
693 375 129 26 pähörjades
838 375 41 20 den

128 411 25 19 15
171 410 124 26 September
313 411 55 20 1899
385 411 38 20 och
441 411 99 27 utgjorde
557 411 263 27 sedelpapperleveransen
832 411 47 20 frän

126 446 97 26 England
241 446 78 25 83,987
337 446 37 20 ark
391 455 15 9 =
421 447 95 24 671,896
534 449 24 18 st.
576 447 25 20 sl.
618 447 29 20 bl.
664 447 19 25 (1
705 442 44 34 ark
753 442 38 34 =8
817 449 24 18 st.
852 448 24 19 sl.

125 482 38 26 bl.)
186 482 39 20 och
251 483 26 19 12
301 482 112 21 ark==72
431 484 24 19 st.
474 483 24 20 sl.
516 482 28 21 bl.
576 479 70 24 Äfven
663 483 22 20 af
700 483 134 20 förestående
851 483 27 20 72

125 520 25 19 st.
175 518 24 21 sl.
222 518 28 20 bl.
271 518 38 20 har
333 525 25 13 en
375 518 97 21 afsändts
488 519 34 20 till
538 519 55 20 Herr
610 518 64 21 Musil
698 519 7 19 i
729 518 63 20 Wien
808 519 70 20 säsom

126 555 52 25 prof.
211 554 132 20 Förenämda
367 554 79 24 83,987
469 554 38 20 ark
523 555 39 19 har
578 555 113 26 tryckeriet
707 555 41 20 fätt
764 556 114 25 emottaga,

125 591 74 20 hvaraf
223 590 36 20 det
281 590 148 21 äterlevererat
452 591 80 24 51,000
556 591 38 20 ark
608 599 15 9 =
642 591 95 24 408,000
754 593 25 18 st.
797 591 83 26 färdiga

125 626 182 21 sedelllanketter.
341 626 151 21 Makulaturen
512 627 99 26 utgjorde
628 627 42 20 473
687 627 37 20 ark
734 635 27 9 =
772 627 63 26 3,784
852 629 25 18 st.

125 663 23 19 sl.
166 663 28 20 bl.
212 663 39 20 och
269 663 26 19 12
313 662 37 20 ark
365 662 60 21 =72
442 664 26 19 st.
486 663 24 20 sl.
522 662 28 21 bl.
578 663 47 20 Den
637 663 26 20 31
684 663 117 20 December
822 663 56 20 1899

125 699 62 20 fanns
211 698 7 20 i
241 699 113 26 tryckeriet
377 699 68 20 under
469 699 72 20 arbete
558 699 80 24 32,514
655 699 74 20 ark
707 694 18 35 =
740 699 95 24 260,112
852 701 25 18 st.

125 734 24 21 sl.
167 735 28 19 bl.

197 776 48 20 Med
266 776 165 26 tillverkningen
447 777 23 19 af
486 776 43 21 500
546 776 72 20 marks
634 777 85 20 valören
736 776 84 26 vidtogs
837 777 40 20 den

128 813 6 19 1
163 812 124 26 September
312 813 56 19 1899
393 812 40 20 och
457 812 39 20 har
512 812 88 20 Banken
617 813 41 19 fätt
674 813 107 25 emottaga
799 813 78 24 12,987

125 849 37 19 ark
171 856 28 10 ==
210 849 93 23 103,896
312 846 59 29 st."sl.
382 848 28 20 bl.
420 848 20 25 (1
459 848 37 20 ark
505 856 27 9 ==
537 842 10 37 8
564 849 26 19 st.
600 848 24 20 sl.
635 848 37 25 bl.)
680 848 111 21 äfvensom
802 849 26 19 12
840 848 38 20 ark

125 884 64 20 =72
215 885 24 19 st.
264 884 23 20 sl.
314 884 27 20 bl.
374 884 42 19 Till
440 883 114 27 tryckeriet
577 884 131 21 levererades
724 884 153 21 ofvanstäende

127 920 77 24 12,987
220 919 38 20 ark
275 920 39 20 och
330 920 39 20 har
384 919 114 27 tryckeriet
509 920 147 21 äterlevererat
667 921 32 20 till
712 921 87 20 Banken
812 921 65 24 6,625

125 956 74 20 ark
174 951 15 34 =
209 956 79 24 53,000
309 957 24 19 st.
351 955 84 26 färdiga
450 955 186 21 sedelblanketter.
669 957 47 19 Den
733 956 35 20 vid
784 957 93 20 tillverk-

126 992 78 26 ningen
227 992 7 20 i
258 992 98 25 England
385 992 39 20 och
448 992 111 20 härstädes
582 992 120 20 utfallande
726 992 151 20 makulaturen

125 1028 97 27 utgjorde
247 1027 40 22 271
313 1028 150 24 ark==2,168
485 1029 25 22 st,
532 1028 24 20 sl.
574 1028 28 20 bl.
620 1028 40 21 och
678 1029 26 19 12
724 1028 34 20 ark
775 1023 42 36 ==72
850 1029 24 19 st.

125 1065 24 19 sl.
170 1064 28 20 bl.
230 1063 72 21 Under
325 1063 72 21 arbete
420 1063 64 20 fanns
505 1064 7 19 i
528 1063 114 27 tryckeriet
658 1064 41 20 den
716 1064 24 20 31
760 1064 117 20 December

127 1100 55 20 1899
200 1099 63 25 6,091
280 1099 39 20 ark
333 1107 15 10 =
365 1099 81 24 48,728
463 1101 25 19 st.
506 1099 24 20 sl.
548 1099 28 21 bl.

196 1148 113 20 Dessutom
333 1148 68 20 finnes
422 1148 40 20 hos
484 1148 87 20 Firman
587 1148 118 26 Bradbury,
724 1148 121 20 Wilkinson
861 1148 16 20 &

125 1184 36 20 C:o
179 1185 9 19 1
207 1184 37 20 ark
260 1184 22 19 af
298 1184 20 24 5,
335 1184 35 24 50,
389 1184 42 19 100
448 1183 17 21 &
482 1184 43 20 500
542 1184 72 20 marks
628 1184 108 21 valörerna
748 1185 69 19 säsom
830 1184 48 26 prof

124 1220 33 20 för
172 1219 101 21 framtida
289 1219 160 27 beställningar.

195 1268 37 20 Att
256 1268 161 20 ofvannämnda
441 1269 28 19 26
494 1269 24 19 st.
543 1268 23 20 sl
590 1268 29 20 bl.
637 1268 21 19 af
674 1268 12 19 5
704 1267 72 21 marks
792 1268 85 20 valören

125 1306 105 19 motsvara
253 1305 12 19 3
288 1304 43 24 ark,
355 1304 28 20 48
405 1306 25 19 st.
449 1305 25 20 sl.
492 1305 28 19 bl.
537 1305 22 19 af
575 1305 28 19 50
620 1304 71 20 marks
707 1304 87 21 valören
810 1304 12 19 8
839 1303 38 20 ark

124 1340 39 20 och
187 1340 26 20 72
230 1341 25 19 st.
273 1340 24 20 sl.
314 1340 28 20 bl.
361 1341 22 19 af
400 1340 42 20 100
459 1341 72 19 marks
548 1340 86 20 valören
652 1340 25 19 12
695 1340 37 19 ark
748 1340 39 20 och
806 1339 26 20 72
850 1341 25 18 st.

125 1376 22 20 sl.
165 1376 28 19 bl.
211 1376 21 19 af
249 1376 42 20 500
308 1376 72 20 marks
397 1376 87 20 valören
503 1376 25 20 12
545 1376 45 23 ark,
607 1377 23 18 är
646 1375 104 20 beroende
762 1375 70 26 derpä,
845 1376 32 19 att

124 1412 35 20 vid
175 1411 189 27 proftryckningen
380 1412 22 20 af
418 1412 99 20 sedlarna
532 1412 7 19 i
555 1411 99 26 England
671 1418 26 13 en
713 1413 65 18 större
794 1411 82 26 marigi-

124 1448 35 20 nal
175 1447 54 20 varit
245 1447 128 26 erforderlig,
391 1447 84 21 hvilket
490 1447 48 20 haft
553 1447 32 20 till
603 1447 88 26 påföljd,
709 1448 31 19 att
753 1447 36 20 det
800 1447 77 25 riktiga

125 1483 79 21 antalet
226 1483 69 20 sedlar
315 1490 24 20 pr
355 1483 38 20 ark
409 1483 47 21 icke
472 1484 84 19 kunnat
572 1483 166 24 åstadkommas,
755 1483 41 20 och
812 1483 64 20 hafva

195 1529 171 19 Bankutskottets
380 1529 128 19 betänkande
521 1529 36 19 N:o
571 1530 18 17 2.
