1103 1795
432 174 82 21 XXXII

95 414 144 18 Relation
259 420 28 12 om
305 414 48 18 hvad
370 420 37 12 som
420 414 64 18 blifvit
495 414 95 23 tillgjordt
601 414 6 18 i
620 414 100 22 anledning
732 414 21 18 af
764 414 89 18 Finlands

164 449 89 17 Ständers
271 449 136 17 Statsutskotts
426 449 30 17 vid
475 449 113 22 landtdagen
607 449 21 17 år
646 450 44 16 1897
703 448 72 23 afgifna
789 449 64 17 betän-

163 483 61 18 kande
236 483 52 18 öfver
296 483 214 22 Finansexpeditionens
522 483 30 18 till
565 483 103 17 Ständerna
681 483 102 18 aflemnade
792 483 62 18 berät-

163 518 46 17 telse
222 523 28 12 om
263 517 125 18 statsverkets
400 517 93 18 tillständ.

162 581 60 18 Sedan
234 580 89 18 Finlands
336 581 21 17 är
371 581 44 17 1897
428 580 113 18 församlade
550 580 79 18 Ständer
638 580 27 18 uti
674 580 115 23 underdänig
798 580 55 18 skrif-

94 615 49 18 velse
162 615 30 18 till
210 615 52 18 Hans
281 615 106 23 Kejserliga
403 615 92 22 Majestät
512 615 122 18 öfverlemnat
653 615 32 18 det
703 615 25 23 af
740 615 113 18 Ständernas

93 649 130 22 Statsutskott,
243 649 5 18 i
267 649 99 23 anledning
379 649 21 18 af
411 649 212 23 Finansexpeditionens
636 649 6 18 i
654 649 106 23 Kejserliga
772 649 81 18 Senaten

94 685 28 16 till
136 684 103 18 Ständerna
252 684 101 18 aflemnade
366 685 81 17 relation
461 690 28 12 om
502 685 124 17 statsverkets
639 684 91 22 tillständ,
740 684 70 23 afgifna
823 685 30 17 be-

95 719 100 21 tänkande,
214 718 129 18 innefattande
355 719 68 21 jemväl
436 719 58 22 nägra
507 719 143 22 anmärkningar
661 719 79 18 rörande
752 719 101 18 räkenska-

93 759 58 16 perna
169 753 34 18 och
221 753 137 23 förvaltningen
377 755 48 16 samt
442 753 70 23 förslag
524 753 29 18 till
566 753 111 18 förändrade
689 753 124 22 anordningar
824 753 30 17 för

93 787 106 22 framtiden,
212 787 34 18 har
258 787 106 23 Kejserliga
377 787 87 22 Senaten,
475 787 58 22 jemte
546 787 80 23 afgifvet
634 787 124 23 underdänigt
766 787 86 23 yttrande

95 822 5 17 i
119 821 100 23 anledning
237 821 20 18 af
275 822 57 23 sagda
349 822 127 22 betänkande,
492 822 34 18 hos
538 822 51 18 Hans
602 821 105 23 Kejserliga
720 821 90 23 Majestät
822 826 32 13 an-

95 856 56 18 hällit
164 857 29 17 att
205 856 20 17 fä
240 856 3 17 i
257 856 131 23 sammanhang
401 856 41 18 med
455 856 36 18 den
504 856 79 18 relation
593 861 28 13 om
630 856 124 18 statsverkets
762 855 92 22 tillständ,

94 896 38 13 som
146 891 31 17 till
189 891 60 17 denna
261 891 90 23 landtdag
367 891 94 22 aflemnas,
474 891 82 23 delgifva
568 891 103 18 Ständerna
683 893 85 16 närmare
780 891 74 22 upplys-

93 925 67 23 ningar
178 931 28 12 om
224 926 23 17 de
266 925 93 23 åtgärder,
379 931 38 12 som
435 925 64 18 blifvit
511 926 88 23 vidtagna
612 926 5 17 i
630 926 99 22 anledning
742 925 21 18 af
774 925 80 18 Statsut-

96 959 82 18 skottets
191 959 143 23 anmärkningar
347 960 33 17 och
394 959 77 23 förslag.
495 960 55 17 Efter
562 960 64 17 dertill
638 959 80 18 Senaten
731 959 81 18 lemnadt
823 959 31 17 nä-

95 994 41 23 digt
148 994 53 18 bifall
213 994 57 18 varda
283 994 82 22 följande
379 994 134 23 upplysningar
522 994 103 18 Ständerna
634 994 6 17 i
648 994 106 17 förberördt
766 993 88 18 afseende

94 1028 116 18 meddelade:

343 1099 115 16 Allmänna
471 1100 136 15 statsmedel.

412 1155 130 17 Statsinkomst.

164 1213 17 22 1)
201 1213 27 16 att
247 1212 31 17 det
297 1212 20 17 af
335 1212 149 18 Statsutskottet
496 1213 59 17 säsom
568 1217 23 12 en
604 1212 126 22 oegentlighet
742 1211 112 18 framhällna

95 1247 116 18 förfarandet
230 1249 29 16 att
277 1247 54 18 äfven
343 1247 94 23 tillfälliga
450 1250 53 15 extra
515 1247 129 22 afletalningar
657 1247 10 17 &
679 1247 135 22 köpeskillingen
826 1247 28 21 för

96 1282 186 23 donationslägenheter
300 1282 97 23 upptagits
416 1282 60 18 under
491 1282 126 18 hufvudtiteln
634 1282 90 17 »inkomst
736 1281 20 18 af
767 1281 88 18 domäner

95 1316 34 17 och
148 1321 61 12 annan
227 1317 72 16 statens
318 1315 147 23 förmögenhete,
478 1316 76 17 hvilken
567 1316 113 17 hufvudtitel
692 1316 30 17 för
734 1315 58 23 öfrigt
804 1315 50 18 inne-

95 1350 59 18 fattar
172 1350 66 18 endast
254 1350 126 22 regelbundna
397 1350 123 21 ärsintrader,
533 1350 80 22 grundat
625 1350 28 22 sig
665 1350 24 22 pä
701 1350 154 18 landträkenska-

95 1390 62 17 perna,
176 1390 41 13 men
235 1384 57 18 hafva
310 1384 79 18 berörda
407 1384 145 23 inkomstposter
564 1384 28 18 uti
604 1384 98 18 boksluten
714 1384 42 18 frän
768 1384 34 18 och
814 1384 41 17 med

95 1419 21 18 är
129 1419 44 18 1896
186 1419 116 18 observerats
314 1419 59 18 under
387 1419 83 18 »diverse
483 1419 103 23 uppbörde;

165 1455 19 22 2)
203 1456 29 16 att
249 1455 41 17 med
309 1455 100 22 anledning
428 1455 22 17 af
466 1455 158 18 Statsutskottets
636 1454 98 18 uttalande
746 1454 67 21 derom,
826 1455 30 16 att

95 1489 60 22 någon
175 1489 30 18 del
223 1489 21 18 af
259 1489 159 23 säyningsafgiften
437 1489 30 18 och
487 1489 116 24 exporttullen
616 1489 25 23 pä
654 1490 80 16 trävaror
746 1489 41 17 icke
799 1489 57 18 borde

875 1214 120 13 Statsutskottets

888 1243 94 12 betänkande

909 1272 28 12 N:o
947 1272 12 12 2.

906 1301 35 14 Pag.
951 1301 13 11 4.

906 1455 35 15 Pag.
952 1455 12 12 7.
