1103 1795
281 166 28 21 46
629 165 11 22 I

251 234 80 27 ningen
354 234 91 21 rörande
468 234 26 21 de
516 233 80 21 ofrälse
611 235 103 21 ståndens
730 234 194 28 sammansättning
940 235 71 22 kunde

251 267 129 29 förtydligas
395 268 40 23 och
450 268 98 23 utveklas
563 269 7 21 i
586 268 67 28 syfte:
669 270 34 21 att
718 268 147 29 otydligheten
880 269 7 21 i
902 269 28 22 de
939 269 32 22 uti
983 270 24 21 11

251 303 12 28 $
286 303 175 22 förekommande
476 304 67 21 orden
560 303 94 22 »stiftets
670 304 49 21 med
734 303 107 22 ordinarie
856 303 83 22 embete
955 304 52 21 eller

251 338 67 27 tjenst
333 338 102 22 försedda
449 340 123 25 prestmän«
589 338 40 22 och
640 339 31 21 uti
681 338 129 27 stadgandet
820 339 8 20 i
840 339 26 21 12
875 338 12 28 $
897 339 112 26 angående

252 373 27 22 de
289 372 141 22 medlemmar
440 373 24 21 af
472 373 198 28 stadskommunen,
681 372 75 22 hvilka
766 374 38 20 äro
814 372 48 22 från
872 373 81 21 valrätt
962 375 47 20 ute-

251 407 80 28 slutna,
353 406 68 23 måtte
442 407 156 27 undanrödjas;
621 409 33 20 att
675 407 83 22 sådana
778 413 93 22 grupper
885 406 25 22 af
922 407 85 23 landets

251 442 131 27 befolkning,
405 448 45 15 som
474 442 47 21 icke
536 444 38 19 äro
589 442 7 21 i
611 442 200 27 representationen
827 442 130 26 företrädda,
973 442 34 21 så-

251 476 46 21 vidt
320 476 83 27 möjligt
422 476 70 22 skulle
507 476 83 21 erhålla
605 478 45 20 rätt
665 478 33 20 att
714 476 86 27 deltaga
816 476 7 21 i
838 476 34 21 val
887 476 40 21 och
942 476 67 27 väljas

251 510 35 22 till
307 510 171 28 landtdagsman,
493 513 55 20 samt
563 513 33 20 att
611 510 56 22 både
682 511 42 21 den
739 511 71 27 lägsta
824 510 68 27 årliga
906 510 101 27 inkomst,

251 551 47 16 som
315 545 119 27 berättigar
448 545 34 22 till
497 547 91 20 rösträtt
602 545 36 22 vid
654 545 35 22 val
704 545 34 22 till
752 545 104 28 Borgare-
872 545 40 22 och
925 545 86 22 Bonde-

251 579 99 27 stånden,
373 579 40 22 och
421 579 50 27 "det
486 579 179 28 inkomstbelopp,
681 580 83 21 hvilket
778 580 88 27 medger
881 579 37 22 det
932 579 79 28 högsta

251 615 113 21 röstetalet
387 614 36 22 vid
445 615 35 21 val
502 615 33 21 till
557 615 118 27 nästsagda
697 616 37 20 två
754 614 70 27 stånd,
840 614 90 22 likasom
946 615 62 21 äfven

251 649 124 22 röstskalan
398 649 67 22 måtte
487 650 7 21 i
508 649 246 28 Landtdagsordningen
769 651 116 26 upptagas;
901 651 32 20 att
948 649 61 22 Hans

250 683 102 27 Majestät
374 683 71 22 tillika
468 684 49 22 ville
540 686 51 25 taga
614 684 68 21 under
704 683 100 28 pröfning
826 683 105 22 huruvida
946 683 62 22 och
995 679 17 37 i

250 717 57 22 hvad
330 717 48 22 män
401 724 17 15 s.
434 718 19 21 k.
470 718 172 28 proportionella
658 719 33 21 val
707 718 78 27 kunde,
805 717 103 22 särskildt
923 718 35 21 vid
973 719 35 20 val

251 752 24 21 af
303 755 175 24 representanter
499 753 57 21 inom
578 753 172 26 Presteståndet,
773 753 125 27 medgifvas,
921 753 39 20 där
983 753 26 21 de

251 787 182 27 röstberättigade
455 787 32 28 sig
508 793 34 16 om
566 787 76 22 sådant
664 787 80 22 valsätt
766 787 84 26 förena;
866 786 93 22 äfvesom
976 789 33 19 att

250 821 135 27 proposition
401 821 7 22 i
424 821 59 22 detta
498 823 63 20 ämne
576 821 67 22 måtte
655 821 120 22 Stämderna
785 822 36 21 vid
830 821 175 22 nästkommande

251 855 104 28 landtdag
372 855 128 28 föreläggas.

321 890 11 21 I
347 890 115 28 anledning
477 891 63 21 häraf
552 891 41 21 har
608 891 95 22 Senaten
718 891 102 27 uppgjort
834 890 40 21 och
889 890 6 21 i
906 889 100 22 afseende

250 924 13 21 å
285 924 66 27 nådig
375 924 136 23 fastställelse
533 925 33 22 till
588 925 61 22 Hans
671 925 122 27 Kejserliga
808 925 99 27 Majestät
921 925 86 21 insändt

249 958 83 27 förslag
354 959 33 22 till
403 959 65 28 nådig
482 960 133 27 proposition
630 959 7 22 i
653 961 80 26 ämnet,
748 959 76 22 afsedd
838 961 32 20 att
885 959 121 27 föreläggas

250 993 122 22 Ständerna
386 993 35 22 vid
438 993 70 22 denna
522 994 109 27 landtdag.

319 1028 38 27 51)
380 1027 71 22 Sedan
470 1027 120 23 Ständerna
605 1028 32 22 uti
653 1028 133 27 underdånig
801 1027 111 22 skrifvelse
928 1027 23 22 af
965 1028 41 21 den

249 1063 28 20 29
300 1062 44 27 Maj
369 1063 54 20 1897
439 1062 91 22 anhållit
546 1065 32 19 att
594 1063 77 27 åtgärd
687 1063 69 21 måtte
771 1062 98 27 vidtagas
884 1062 72 21 derom
972 1065 33 19 att

249 1097 82 27 odöpta
353 1096 55 22 barn
427 1097 33 22 till
476 1097 139 22 medlemmar
630 1097 24 22 af
667 1097 112 22 lutherska
794 1097 83 27 kyrkan
892 1097 69 22 blefve
976 1097 31 22 in-

249 1131 63 22 förda
327 1131 32 22 uti
375 1131 97 28 offentlig
487 1131 129 28 föteckning,
632 1131 138 28 upptagande
786 1131 62 22 deras
863 1131 66 27 ålder,
944 1131 62 28 frejd,

249 1166 138 27 skyldskaps-
411 1166 38 22 och
473 1167 288 27 äktenskapsförhällanden,
784 1167 40 21 har
847 1166 92 22 Senaten
955 1173 53 20 upp-

249 1201 58 26 gjort
329 1200 40 21 och
392 1201 6 20 i
421 1200 99 23 afseende
536 1201 12 22 å
563 1201 64 27 nådig
642 1201 140 22 fastställelse
798 1201 34 21 till
846 1201 60 21 Hans
921 1201 87 26 Kejser-

248 1235 46 27 liga
302 1235 101 27 Majestät
411 1235 86 22 insändt
504 1235 81 28 förslag
595 1236 33 21 till
644 1236 80 27 nådiga
738 1235 163 28 propositioner,
917 1235 90 22 afsedda

249 1271 34 20 att
305 1269 122 28 föreläggas
449 1269 120 22 Ständerna
587 1270 36 21 vid
638 1271 70 21 denna
727 1270 110 27 landtdag,
852 1269 113 28 nämligen:
981 1270 26 27 a)

249 1304 111 27 angående
383 1303 89 23 förande
488 1304 23 22 af
524 1304 108 27 offentligt
653 1305 91 27 register
762 1304 60 22 öfver
837 1310 108 21 personer,
961 1310 45 15 som

248 1338 48 22 icke
311 1339 88 21 tillhöra
413 1339 67 27 något
491 1339 6 21 i
508 1339 74 21 landet
593 1339 117 27 behörigen
720 1338 105 22 inrättadt
839 1337 166 28 kyrkosamfund

249 1372 40 22 och
305 1372 23 28 5)
344 1378 34 16 om
394 1372 103 28 ingående
512 1372 23 23 af
548 1373 117 28 äktenskap
681 1372 57 23 inför
752 1372 108 28 borgerlig
876 1372 129 27 myndighet.

318 1407 37 28 52)
378 1408 70 21 Sedan
464 1408 120 22 Ständerna
599 1409 32 20 uti
648 1408 136 27 underdånig
798 1407 111 22 skrifvelse
925 1407 23 21 af
964 1407 41 21 den

248 1443 29 20 26
293 1442 43 27 Maj
354 1443 53 20 1897
424 1442 90 22 anhållit
529 1444 32 20 att
575 1443 60 21 Hans
650 1442 122 27 Kejserliga
786 1442 101 45 Majestät
901 1441 50 22 ville
961 1441 45 22 låta

525 1484 9 5 n
561 1484 75 5 landata
680 1484 25 4 Ha
724 1484 9 4 da
897 1483 10 3 N
914 1475 13 11 JN

247 1477 102 22 utarbeta
372 1477 41 22 och
427 1477 111 28 förolägga
552 1478 85 21 landets
653 1477 93 22 Ständer
761 1483 27 16 on
802 1477 42 28 lag,
860 1477 145 22 innefattande
