1103 1795
226 237 14 7 Tä
301 231 21 21 (s!
346 232 37 21 2-1]
406 237 46 10 KIN
507 238 7 6 4
739 236 11 20 lr
793 238 7 6 a

226 246 13 12 2
304 238 85 22 Ständ.
406 249 54 10 Skr.
476 237 104 22 XXXIIL.
639 237 135 24 Underskr,
790 245 14 15 å
819 238 90 23 sedlar,

227 307 86 22 kanisk
331 311 47 26 väg
396 308 62 22 inom
477 308 111 23 Bankens
606 309 63 22 lokal
688 309 133 28 anbringas,
834 317 52 14 men
899 310 85 21 beträf-

226 342 71 22 fande
317 342 77 23 sedlar
413 343 23 22 af
453 342 73 30 högre
544 343 66 22 valör
627 343 74 29 gäller
719 343 143 22 fortfarande
876 344 109 29 stadgan-

227 377 42 21 det
289 377 9 21 i
319 377 87 29 nådiga
428 377 166 29 förordningen
614 378 22 21 af
654 377 46 22 den
722 379 28 20 13
770 378 68 29 April
860 379 71 28 1874,
950 381 35 19 att

226 411 109 23 sedlarne
353 412 67 22 skola
437 412 176 22 underskrifvas
632 413 22 22 af
673 420 28 14 en
720 412 104 23 direktör
842 413 43 22 och
903 422 29 14 en
945 421 39 15 an-

226 453 50 16 nan
294 447 141 28 tjensteman
452 447 8 21 i
478 447 104 22 Banken.

297 481 137 22 Emellertid
460 481 43 22 har
529 481 46 22 den
601 481 108 29 stegrade
736 481 248 23 affärsverksamheten

228 515 45 22 och
291 515 40 22 det
349 515 37 22 till
404 515 57 30 följd
480 515 66 23 deraf
563 515 74 23 ökade
656 515 111 23 behofvet
783 517 23 22 af
825 517 160 21 cirkulations-

227 549 77 23 medel
322 550 117 22 föranledt
457 550 131 23 Ständerna
604 553 36 20 att
652 553 55 27 taga
719 551 74 22 under
806 551 177 29 öfvervägande,

227 584 119 22 huruvida
364 585 52 22 icke
434 585 109 22 Bankens
556 585 130 22 direktörer
698 585 43 22 och
754 586 139 28 tjenstemän
907 585 77 22 kunde

228 619 88 22 befrias
340 619 85 29 jemväl
448 620 51 21 frän
518 619 164 30 skyldigheten
701 622 35 20 att
754 620 163 22 underskrifva
935 620 50 21 sed-

227 654 43 28 lar,
289 653 102 29 lydande
419 655 13 21 å
458 654 79 22 femtio
565 655 66 21 mark
658 655 43 21 och
725 656 73 21 större
817 655 89 29 belopp,
926 657 59 20 samt

229 696 38 14 om
294 689 52 21 icke
373 688 270 23 namnunderskrifterna
661 689 13 21 &
693 689 67 22 dessa
783 689 83 28 sedlar,
884 689 8 22 i
911 689 74 22 likhet

228 722 55 23 med
309 723 200 22 underskrifterna
536 724 13 21 &
576 723 52 22 dem
652 724 23 21 af
699 724 65 29 lägre
782 724 72 28 valör,
872 723 72 22 borde
962 723 24 22 få

229 757 128 29 anbringas
375 758 31 29 pä
423 758 121 22 mekanisk
562 761 52 26 väg.

299 792 167 22 Medelantalet
489 793 76 22 sedlar
586 793 24 22 af
627 792 85 23 nämda
731 793 72 29 högre
821 793 98 28 valörer,
937 800 48 15 som

229 828 91 29 &rligen
344 827 185 28 underskrifvits,
548 827 107 29 utgjorde
680 827 73 22 under
776 828 55 21 ären
852 828 64 21 1883
942 827 43 22 och

231 863 67 22 1884
318 863 91 27 28,000
427 862 104 29 stycken,
546 870 52 14 men
616 862 43 22 har
677 870 95 14 numera
790 863 67 28 stigit
872 862 37 21 till
921 863 65 21 öfver

232 897 108 28 100,000
359 896 103 29 stycken,
481 896 37 22 till
536 896 93 23 hvilkas
647 896 209 23 underskrifvande
875 897 67 28 ätgär
957 904 28 14 en

230 931 43 29 tid,
292 939 48 14 som
365 931 34 22 för
422 931 98 22 Banken
544 931 78 22 kunde
640 932 29 28 pä
689 933 71 20 annat
779 933 47 20 sätt
844 931 76 22 bättre
938 931 47 22 till-

229 966 138 29 godogöras.
410 965 51 22 Den
488 965 54 28 risk,
570 973 49 14 som
646 965 78 22 kunde
750 973 67 15 anses
844 966 141 29 uppkomma

229 1001 73 28 deraf,
321 1002 36 21 att
380 1000 272 22 namnunderskrifterna
671 1001 125 28 anbringas
815 1001 31 28 pä
863 1001 122 21 mekanisk

228 1039 55 26 väg,
301 1035 43 22 har
362 1031 86 26 ansetts
467 1042 57 15 vara
540 1035 74 28 ringa.
652 1035 124 22 Sedlarnes
794 1035 191 28 underskrifning

229 1071 36 21 för
283 1069 64 23 hand
360 1069 84 22 saknar
456 1071 84 20 nästan
553 1069 43 22 allt
608 1069 118 30 praktiskt
738 1069 72 22 värde
822 1070 75 21 säsom
909 1069 76 28 skydd

228 1107 51 20 mot
302 1104 157 29 förfalskning
482 1103 43 23 och
548 1103 50 22 dess
620 1104 120 29 betydelse
758 1104 76 29 ligger
852 1104 132 29 egentligen

229 1139 58 29 deri,
301 1141 35 20 att
353 1138 105 23 sedlarne
477 1139 50 21 icke
546 1138 96 22 alldeles
658 1139 92 28 färdiga
762 1139 57 28 utgä
831 1139 52 21 frän
896 1139 89 28 trycke-

228 1174 53 28 riet,
300 1173 91 22 hvilket
417 1173 78 22 kunde
522 1173 104 22 medföra
652 1173 78 28 nägon
751 1173 67 28 väda,
836 1173 101 22 särdeles
956 1173 29 21 dä

229 1208 222 29 sedeltryckningen
478 1208 115 29 försiggär
620 1209 13 20 &
660 1215 27 14 en
717 1207 104 30 aflägsen
849 1210 42 19 ort.
930 1208 55 21 Men

229 1243 79 22 denna
325 1242 61 22 väda
404 1242 46 22 kan
468 1242 50 22 lika
535 1242 39 22 väl
592 1242 89 29 undgäs
694 1242 86 22 medels
793 1242 40 22 det
845 1242 140 28 förfarande,

229 1285 52 14 som
307 1277 35 22 för
368 1277 145 22 närvarande
542 1277 116 28 iakttages
685 1277 41 22 vid
752 1277 183 28 tillverkningen
963 1276 22 22 af

229 1312 78 22 sedlar
334 1312 23 21 af
383 1311 64 29 lägre
475 1311 69 28 valör,
567 1312 13 21 ä
604 1311 81 22 hvilka
713 1311 273 22 namnunderskrifterna

230 1346 126 29 anbringas
375 1346 8 21 i
401 1346 109 21 Bankens
529 1353 58 21 egen
606 1346 167 28 tryckerilokal
785 1346 9 21 i
806 1345 113 22 samband
933 1345 52 21 med

229 1381 166 29 numreringen
414 1380 23 22 af
455 1380 105 22 sedlarne
578 1380 74 22 under
669 1380 98 29 behörig
785 1380 108 23 kontroll.

301 1415 131 22 Ständerna
450 1414 93 23 anhälla
562 1414 77 23 derför
657 1415 175 29 underdänigst,

503 1487 31 19 att
556 1487 68 19 Kders
645 1485 117 28 Kejserliga
780 1485 101 27 Majesiäi
903 1485 82 27 iäckies,

436 1520 48 20 med
500 1519 95 28 ändring
608 1520 28 27 af
649 1520 80 27 nädiga
741 1519 154 28 förordningen
909 1520 28 27 af
945 1520 38 20 den

437 1555 27 20 13
488 1554 64 27 April
575 1555 63 26 1874,
661 1554 102 27 päbjuda,
788 1556 30 19 att
842 1554 14 20 å
877 1554 108 21 Finlands
