1103 1795
266 167 27 21 82
608 167 25 21 H

239 234 156 29 väsentligaro
419 235 53 22 män
494 235 76 22 skulla
590 236 26 19 af
630 235 128 22 domstolar
774 235 44 22 och
832 234 167 29 myndigheter

236 274 166 22 öfverskridits
418 275 56 21 eller
490 275 69 28 eljest
569 274 81 23 blifvit
661 275 38 22 för
709 278 59 19 nära
778 274 75 28 trädd,
866 277 30 18 än
905 274 92 22 mindre

237 316 36 19 att
294 314 41 22 vid
353 315 224 28 lagtillämpningen
595 315 109 29 inslagits
720 323 29 14 en
765 315 55 22 skef
833 314 114 29 riktning,
964 315 31 27 sä,

236 354 44 21 och
303 355 30 21 dä
355 355 74 29 nägot
450 355 79 28 dylikt
550 355 53 21 icke
625 355 74 21 heller
715 355 91 22 kunnat
821 354 119 28 iakttagas
956 353 41 22 vid

235 395 178 29 granskningen
429 396 25 21 af
468 395 41 22 det
525 395 77 30 öfriga
617 395 114 29 material,
748 403 50 14 som
813 395 38 21 för
861 394 135 22 kontrollen

235 435 9 21 i
260 436 153 21 omförmäldt
435 436 111 21 afseende
570 436 58 21 stätt
644 436 49 29 mig
707 436 39 21 till
761 435 66 28 buds,
844 438 26 18 är
884 434 43 29 jag
942 434 54 29 följ-

234 475 108 28 aktligen
357 475 8 22 i
380 476 96 21 tillfälle
500 478 35 19 att
557 476 53 21 med
629 475 208 22 tillfredsställelse
853 475 143 22 härmedelst

234 516 143 28 konstatera,
393 518 36 19 att
442 517 98 28 lagarna
555 516 75 22 under
644 516 118 29 perioden,
779 523 50 14 som
840 516 49 21 stär
899 515 9 22 i
918 515 75 28 fräga,

234 556 8 21 i
258 556 129 21 allmänhet
402 556 81 22 blifvit
498 557 9 20 i
521 556 81 22 landet
617 556 40 22 väl
671 556 139 22 handhafda
826 555 45 22 och
887 557 35 20 att
937 555 57 22 säle-

235 596 40 21 des
291 596 46 21 den
352 596 121 22 materiela
488 596 45 22 och
548 596 118 22 kulturela
681 596 176 27 utvecklingen,
869 595 37 22 för
917 595 77 22 sävidt

234 636 86 22 sädant
342 637 78 21 berott
442 637 30 28 pä
494 637 156 28 rättsvärden,
670 636 93 21 kunnat
778 636 30 28 gä
824 635 38 22 sin
876 635 58 28 gilla
950 635 44 21 och

232 676 129 28 regelrätta
375 677 69 28 gäng.

302 839 42 21 Uti
367 839 37 21 sin
427 839 37 22 till
490 841 53 20 1885
566 839 38 21 års
626 839 115 28 landtdag
757 837 95 29 afgifna
868 836 124 23 berättelse

232 879 43 20 har
291 878 132 22 dävarande
433 880 173 21 innehafvaren
617 880 26 20 af
649 877 262 23 Prokuratorsombetet
921 878 70 27 egnat

231 926 30 13 en
284 919 101 22 särskild
407 919 207 28 uppmärksamhet
636 920 25 21 ät
683 919 92 28 frägan,
799 917 118 22 huruvida
939 917 52 22 icke

231 959 112 28 gällande
365 959 216 29 lagbestämningar
596 959 148 22 beträffande
760 958 135 29 beviljande
911 958 26 21 af
951 957 40 22 äk-

230 999 208 28 tenskapsskilnad
460 999 72 22 borde
554 999 155 22 underkastas
732 999 103 22 revision
854 999 9 21 i
878 998 62 29 syfte
956 1000 35 19 att

232 1038 84 29 bringa
332 1039 117 22 desamma
464 1040 9 21 i
488 1043 106 18 närmare
610 1039 245 23 öfverensstämmelse
866 1038 52 22 med
928 1038 63 21 nuti-

230 1078 58 22 dens
303 1080 155 29 uppfattning
473 1081 27 21 af
513 1081 62 22 hvad
590 1081 167 28 äktenskapets
773 1079 93 28 sedliga
881 1078 109 23 ändamäl

230 1118 97 23 kräfver
350 1120 121 22 äfvensom
492 1121 44 21 ock
550 1121 54 21 med
620 1123 28 19 de
663 1121 161 28 grundsatser,
840 1119 82 22 hvilka
937 1119 52 21 här-

229 1159 77 22 intills
324 1160 9 21 i
353 1160 141 30 dispensväg
519 1161 138 29 tillämpats;
685 1161 43 22 och
751 1160 39 23 till
813 1159 128 28 belysande
965 1159 26 21 af

229 1199 66 22 detta
311 1201 113 27 spörsmål
439 1201 71 21 hafva
526 1201 65 22 såväl
605 1201 9 21 i
630 1201 73 29 sagda
718 1200 129 22 berättelse
862 1207 49 14 som
927 1199 8 21 i
951 1199 38 21 be-

228 1241 140 21 rättelserna
392 1241 37 22 till
453 1244 54 19 1888
527 1242 43 21 och
592 1244 53 20 1897
661 1243 38 20 års
714 1241 146 29 landtdagar
874 1239 115 23 särskilda

228 1281 133 21 statistiska
375 1281 123 28 uppgifter
513 1282 81 22 blifvit
610 1282 132 22 Ständerna
758 1281 146 22 meddelade.

298 1321 121 22 Ehuruväl
441 1322 102 22 nämnda
565 1323 67 27 fräga
655 1330 97 14 numera
776 1321 82 22 blifvit
877 1321 71 22 äfven
963 1322 27 20 af

229 1360 122 29 Styrelsen
379 1362 227 28 uppmärksammad,
631 1362 72 22 sedan
725 1362 138 29 Kejserliga
887 1362 101 21 Senaten

228 1401 46 21 den
290 1403 12 20 5
317 1402 68 28 April
403 1405 59 25 1898,
481 1406 69 18 »enär
565 1403 40 22 det
620 1403 155 28 förhållande,
792 1404 38 19 att
844 1401 143 30 upplösning

227 1441 27 22 af
275 1441 299 30 äktenskapsförbindelser
592 1443 8 21 i
616 1443 141 29 dispensväg
772 1443 94 29 ganska
881 1443 51 20 ofta
947 1443 40 28 på-

708 1486 32 9 sår

226 1481 114 30 kallades,
363 1486 80 25 syntes
458 1483 67 28 gifva
540 1484 40 22 vid
595 1484 95 23 handen
705 1496 36 11 att
756 1483 114 30 gällande
885 1485 102 29 lagstad-
