1103 1795
325 183 92 16 Antellska
431 183 133 22 samlingarnas
578 183 72 16 tillväxt
662 183 29 16 och
707 182 47 17 vård.
906 183 8 16 i

165 253 74 22 andra
262 253 190 23 förekommande
477 253 113 22 tillfällen.
627 253 30 22 Sä
682 253 42 22 har
748 253 167 28 Delegationen

165 289 44 22 den
235 293 26 18 13
285 289 47 22 okt.
359 293 55 18 1897
439 289 23 22 af
487 289 200 22 konsthandlaren
712 289 25 22 H.
759 288 126 22 Bukowski
909 290 6 20 i

165 325 135 22 Stockholm
322 325 69 22 inlöst
407 329 27 18 36
451 326 27 21 st.
499 325 115 28 kungliga
636 325 104 22 svenska
756 324 119 29 medaljer,
893 324 23 22 af

166 361 79 22 hvilka
267 365 26 18 23
315 361 101 28 tidigare
437 362 60 21 varit
518 360 189 29 representerade
724 361 7 21 i
747 360 91 22 Antells
855 367 59 15 sam-

164 397 83 29 lingar,
263 397 36 22 för
314 396 60 23 Fmk
391 401 49 19 310:
457 400 38 24 47;
508 397 43 22 den
566 400 26 19 12
604 396 47 23 okt.
665 400 57 19 1898
734 396 23 22 af
769 396 146 22 antikvitets-

165 432 186 31 handelsfirman
368 433 69 22 Adolf
453 433 58 22 Hess
528 433 16 21 &
560 432 141 29 Nachfolger
717 433 6 20 i
738 432 128 21 Frankfurt
878 438 36 15 am

165 468 61 23 Main
245 473 10 18 7
273 470 28 21 st.
319 469 35 22 d:o
371 468 34 22 för
422 469 60 21 Fmk
500 472 48 18 775:
565 476 35 18 —;
616 472 63 18 samt
690 467 46 23 den
749 471 25 19 17
787 467 58 22 febr.
860 471 55 19 1899

165 508 81 18 trenne
270 504 42 27 d:o,
335 504 72 22 bland
428 504 51 22 dem
502 511 28 15 en
550 505 86 27 ytterst
656 511 39 15 rar
715 505 7 20 i
744 503 128 28 anledning
893 503 23 22 af

165 540 74 22 Gustaf
264 540 18 22 II
300 540 81 22 Adolfs
403 540 50 27 död,
470 540 63 22 känd
555 539 83 23 endast
655 541 5 20 i
679 539 39 22 två
738 539 126 28 exemplar,
881 539 35 22 för

165 575 59 22 Fmk
250 579 49 19 764:
324 580 34 18 50.
390 576 49 22 Den
464 579 88 18 22—23
577 577 57 27 sept.
661 579 56 18 1899
743 575 122 28 inropades
886 575 29 28 pä

166 611 123 22 framlidne
309 613 133 27 ingeniören
461 612 25 21 A.
504 611 24 22 F.
546 611 163 23 Westerlunds
727 611 164 28 myntauktion
908 612 7 21 i

166 647 133 23 Stockholm
322 651 43 18 210
386 649 27 20 st.
436 647 24 22 af
480 647 44 22 den
544 648 7 21 i
568 647 69 22 Wala
658 647 65 22 invid
744 646 126 23 Uleäträsk
891 646 25 23 är

167 687 55 18 1889
245 683 131 23 anträffade
398 683 102 28 samling
521 683 23 22 af
565 684 67 27 mynt
653 682 52 23 från
729 683 130 26 1400-talet,
881 683 32 21 till

165 719 184 29 komplettering
366 719 23 22 af
405 719 63 22 hvad
488 719 166 22 Universitetet
673 719 100 28 tidigare
790 718 24 22 af
830 717 85 30 ifräga-

166 755 101 22 varande
284 755 125 28 myntfynd
425 755 129 22 förvärfvat
571 755 34 22 till
622 756 51 21 sina
689 755 139 28 samlingar;
843 755 72 28 priset

166 791 107 28 utgjorde
290 791 59 22 Fmk
368 795 48 18 790:
435 795 33 18 86.
486 791 115 28 Slutligen
619 791 42 22 har
676 791 80 28 början
768 790 33 22 till
814 797 27 15 en
854 796 60 16 sam-

166 827 49 28 ling
231 827 120 22 inhemskt
368 827 132 28 sedelmynt
515 826 79 23 blifvit
610 826 67 29 gjord
693 833 86 22 genom
791 826 88 22 inlösen
892 826 23 21 af

166 866 27 18 25
211 863 27 21 st.
255 863 80 21 finska
356 863 43 22 och
419 863 72 28 ryska
512 862 77 22 sedlar
608 861 51 24 frän
682 862 64 22 tiden
767 861 59 23 efter
849 865 65 23 1809;

167 898 45 22 ink.
230 898 44 22 den
291 902 28 18 22
337 898 48 22 dec.
405 902 55 18 1898
476 898 36 22 för
523 898 60 22 Fmk
596 901 34 19 86.
658 897 184 28 Sammanlagda
853 904 61 15 sum-

167 941 52 15 man
237 934 24 21 af
277 934 183 22 numismatiska
477 934 71 29 inköp
565 935 69 27 utgör
650 934 59 21 Fmk
726 937 87 22 25,858:
832 937 33 18 77.

237 969 45 23 Vid
304 970 45 21 alla
371 969 68 22 dessa
459 969 70 29 inköp
547 969 41 22 har
604 969 91 28 hänsyn
712 970 73 27 tagits
802 969 35 22 till
853 969 61 22 hvad

165 1012 50 15 som
232 1005 98 23 saknats
347 1006 20 28 ej
385 1005 77 24 blotti
474 1005 98 26 Antells,
588 1006 58 21 utan
662 1005 43 22 ock
717 1006 7 21 i
735 1005 179 22 Universitetets

165 1041 136 29 samlingar,
326 1041 110 23 eftersom
459 1041 29 22 de
509 1044 39 19 äro
572 1041 97 22 afsedda
690 1042 36 21 att
744 1042 7 21 i
770 1047 28 16 en
819 1040 95 23 framtid

166 1077 91 22 förenas
273 1077 35 22 till
325 1084 27 15 en
370 1077 67 22 enda.

236 1113 95 22 Värden
348 1113 24 22 af
388 1114 74 27 mynt-
480 1113 43 22 och
541 1109 248 33 medaljsamlingarna
802 1112 42 22 har
856 1113 59 21 varit

165 1149 89 22 ordnad
270 1150 29 27 pä
321 1150 47 21 sätt
389 1155 49 16 som
455 1150 6 21 i
479 1148 140 23 berättelsen
637 1149 33 21 till
689 1152 56 19 1897
762 1149 38 21 ärs
817 1148 98 22 Ständer

165 1185 77 22 finnes
259 1185 112 28 angifvet.
398 1184 129 29 Uppstälda
543 1185 7 21 i
565 1185 33 21 ett
614 1184 91 22 mindre
722 1184 80 29 galleri
815 1185 6 20 i
833 1183 80 22 Konst-

166 1221 150 28 föreningens
338 1220 160 22 museilokal
494 1215 17 38 i
520 1220 122 27 Ateneum,
664 1219 72 23 hafva
755 1219 159 28 samlingarna

166 1257 59 21 varit
246 1256 150 29 tillgängliga
417 1255 34 22 för
472 1256 159 22 allmänheten
653 1257 34 20 tre
707 1255 75 28 dagar
800 1256 7 21 i
824 1255 89 22 veckan

165 1295 62 18 samt
249 1292 69 21 äfven
341 1291 94 23 besökts
456 1291 24 23 af
502 1292 72 28 några
598 1291 128 22 utländska
746 1291 105 22 forskare
872 1291 42 21 och

165 1327 106 22 samlare.
299 1328 36 21 Dä
354 1327 88 22 Antells
460 1327 168 28 myntsamling
644 1327 83 22 befans
743 1333 57 15 vara
816 1326 97 22 förteck-

166 1363 43 21 nad
228 1363 59 22 efter
303 1364 40 21 två
359 1363 62 21 olika
437 1364 95 27 system,
546 1364 4 20 i
563 1362 39 22 det
618 1364 34 20 att
666 1362 45 22 den
723 1362 101 28 katalog,
837 1362 77 22 Antell

167 1399 88 28 begynt
271 1399 84 26 utföra,
367 1405 42 16 var
419 1399 89 22 ordnad
522 1399 60 22 efter
593 1405 78 16 annan
683 1399 90 28 princip
786 1401 29 19 än
828 1397 85 30 Stjern-

165 1435 73 22 stedts
255 1435 42 22 och
315 1435 52 22 hela
384 1435 191 28 myntbestandet
591 1434 147 29 följaktligen
752 1434 78 22 blifvit
841 1435 72 27 provi-

165 1470 86 22 soriskt
266 1470 121 29 uppstäldt
404 1470 58 22 efter
479 1471 39 21 tvä
536 1470 61 22 olika
614 1472 95 26 system,
726 1470 54 28 gafs
797 1469 23 22 ät
835 1469 78 22 värda-
