1103 1795
496 170 10 21 I
830 173 12 20 9

114 239 41 22 den
170 238 80 27 lydelse
265 238 134 21 Ständernas
415 238 76 21 härom
506 237 82 22 aflåtna
604 238 148 28 underdåniga
762 240 111 22 skrifvelse

112 273 34 22 för
161 273 41 22 den
218 274 25 20 31
261 273 7 21 i
283 279 82 16 samma
380 273 80 21 månad
475 274 102 20 närmare
592 273 90 22 utvisar.

181 308 43 21 För
246 307 65 28 öfrigt
334 307 63 21 hafva
415 307 125 21 Ständerna
558 307 32 21 uti
605 307 142 22 förenämnda
762 308 111 23 skrifvelse

112 342 157 27 underdånigst
291 341 90 22 anhållit
404 343 33 20 att
459 341 62 21 Hans
536 341 120 27 Kejserliga
670 341 103 28 Majestät
788 343 84 21 täcktes

112 377 53 26 taga
179 376 7 21 i
201 375 164 28 öfvervägande,
384 375 108 22 huruvida
507 375 40 22 och
562 375 70 22 under
647 375 72 22 hvilka
734 376 68 21 vilkor
817 378 55 20 rätt-

114 410 95 22 sökande
231 410 71 22 kunde
325 410 81 22 tillåtas
422 411 34 20 att
471 409 49 22 med
535 411 78 26 posten
629 409 32 22 till
677 410 88 22 domare
780 410 93 22 insända

114 444 93 28 skriftlig
229 444 219 27 stämningsansökan
472 446 58 19 samt
553 444 101 21 domaren
678 444 86 28 åläggas
781 446 33 20 att
830 445 42 22 till-

114 479 69 22 sända
203 479 97 22 sökande
322 479 144 27 stämningen,
490 479 116 26 äfvensom,
622 479 7 21 i
645 479 102 22 händelse
762 486 26 15 en
804 480 68 21 sådan

114 513 120 28 anordning
256 513 69 22 finnes
347 513 88 28 lämplig
458 513 39 22 och
521 513 48 22 dess
588 513 113 22 införande
716 514 88 27 möjligt,
821 515 51 26 taga

113 549 38 22 det
165 548 240 28 lagstiftningsinitiativ
421 548 39 21 och
475 548 105 21 förordna
595 548 32 21 till
643 548 26 22 de
684 548 68 28 öfriga
763 549 108 27 åtgärder,

113 589 46 16 som
183 583 34 22 för
239 583 133 22 ändamålets
395 583 109 21 vinnande
523 583 76 21 kunna
613 589 53 15 vara
681 583 23 22 af
718 583 81 27 nöden;
815 585 57 20 samt

114 619 33 20 att
161 617 61 22 Hans
241 617 102 28 Majestät
358 617 49 22 ville
425 617 4 21 i
444 617 68 22 nåder
527 617 88 27 vidtaga
631 617 107 27 åtgärder,
755 618 17 27 ej
789 618 83 21 mindre

114 653 79 26 derom,
209 653 34 21 att
265 652 35 21 vid
322 652 180 21 häradsrätterna
526 651 121 28 anhängiga
669 652 49 27 mål,
733 652 72 22 hvilka
821 654 51 26 taga

114 687 95 27 uppskof
229 687 33 21 till
284 687 95 27 följande
398 687 53 26 ting,
468 686 62 21 alltid
545 687 69 21 måtte
629 686 33 22 till
677 687 43 21 viss
735 687 137 27 rättegångs-

113 722 42 27 dag
181 721 22 22 af
221 722 69 27 tinget
305 721 136 28 uppskjutas,
458 723 27 20 än
502 721 61 22 äfven
579 723 33 20 att
627 721 36 22 vid
678 721 100 28 samtliga
792 722 80 21 under-

113 758 69 20 rätter
197 757 69 21 måtte
281 756 33 21 för
329 756 73 27 hvarje
417 756 172 27 rättegångsdag
604 757 13 20 å
632 757 84 20 rättens
733 756 51 22 dörr
799 757 73 21 anslås

113 797 26 15 en
154 791 57 26 lista,
227 791 142 27 upptagande
383 791 71 21 målen
469 790 34 21 för
519 790 69 27 dagen
604 790 7 21 i
626 790 41 22 den
684 791 98 27 ordning,
798 791 8 21 i
819 791 52 22 hvil-

113 825 42 21 ken
178 825 26 22 de
226 825 85 22 komme
333 826 34 20 att
388 825 141 26 handläggas,
548 825 71 21 såvidt
634 824 90 28 möjligt,
740 825 48 22 med
804 825 67 28 angif-

113 859 70 22 vande
198 859 23 22 af
234 859 60 22 tiden
309 859 33 22 för
358 859 63 22 deras
436 859 149 28 företagande.

180 895 71 21 Jemte
270 894 36 21 det
321 894 62 21 Hans
398 894 120 27 Kejserliga
533 894 103 26 Majestät
652 894 41 21 den
709 895 27 20 23
751 894 121 22 November

115 929 53 21 1898
191 929 49 21 låtit
263 928 88 22 utfärda
373 929 65 26 nådig
459 928 128 27 förordning
609 929 112 26 angående
740 929 92 27 ändring
850 929 24 22 af

113 964 12 20 2
145 963 12 27 $
177 964 25 21 15
218 963 49 28 kap.
291 963 213 28 Rättegängsbalken
524 963 7 21 i
551 963 93 27 enlighet
666 963 49 22 med
738 963 132 22 Ständernas

113 996 76 28 beslut,
212 997 41 22 har
269 997 62 22 Hans
350 997 119 28 Kejserliga
484 997 103 28 Majestät
602 997 36 22 vid
653 998 67 21 skedd
735 998 136 27 underdänig

112 1031 152 28 föredragning
287 1031 24 22 af
326 1031 69 28 öfriga
414 1031 62 22 ofvan
493 1031 141 22 omförmälda
648 1031 223 29 författningsförslag

112 1065 46 22 icke
180 1065 58 22 velat
259 1066 107 22 stadfästa
389 1067 115 26 desamma,
528 1073 49 14 men
594 1066 95 22 deremot
705 1066 48 22 lätit
768 1067 103 21 utarbeta

111 1099 93 28 följande
219 1107 42 20 nya
277 1101 78 27 nädiga
369 1101 161 27 propositioner
544 1101 7 21 i
567 1103 79 24 ämnet,
662 1101 114 27 nämligen:

179 1135 23 28 a)
218 1135 111 28 angäende
343 1135 94 28 partiela
452 1135 118 28 ändringar
587 1136 6 21 i
607 1136 213 27 Rättegängsbalken
831 1136 39 21 och

112 1176 34 15 om
161 1170 180 27 stämningsmän
330 1166 15 36 ;

181 1204 20 28 0)
225 1204 150 22 innefattande
398 1205 96 21 ändrade
516 1205 163 27 bestämningar
701 1211 35 15 om
755 1205 115 22 domstol
858 1200 15 36 i

113 1238 115 27 brottmäl;
245 1239 38 22 och

179 1273 20 27 e)
221 1273 151 22 innefattande
395 1273 107 22 särskilda
524 1273 163 28 bestämningar
706 1280 34 15 om
756 1274 114 27 ändrings-

111 1307 96 22 sökande
221 1308 7 21 i
244 1307 127 22 underrätts
386 1307 75 22 domar
476 1307 40 22 och
531 1307 79 28 utslag,

178 1342 73 21 hvilka
272 1342 160 27 propositioner
451 1341 69 22 blifvit
542 1342 33 21 till
590 1341 134 23 Ständernas
740 1341 130 27 behandling

111 1376 163 27 öfverlemnade,
285 1376 149 22 hvarförutom
452 1375 94 23 Senaten
557 1376 103 28 uppgjort
671 1376 45 27 och,
728 1376 7 22 i
746 1376 100 22 afseende
857 1376 13 21 ä

111 1411 64 27 nädig
190 1411 145 26 fastställelse,
347 1411 32 21 till
394 1411 60 22 Hans
470 1411 120 27 Kejserliga
605 1411 102 28 Majestät
723 1411 89 22 insändt
827 1411 43 21 för-

110 1445 47 28 slag
178 1445 33 22 till
230 1446 65 27 nädig
309 1445 143 28 proposition,
469 1445 75 22 afsedd
561 1447 33 20 att
609 1445 123 22 Ständerna
747 1446 36 21 vid
799 1445 71 22 denna
