<?xml version="1.0" encoding="UTF-8"?>
<alto xmlns="http://www.loc.gov/standards/alto/ns-v3#" xmlns:xlink="http://www.w3.org/1999/xlink" xmlns:xsi="http://www.w3.org/2001/XMLSchema-instance" xsi:schemaLocation="http://www.loc.gov/standards/alto/ns-v3# http://www.loc.gov/alto/v3/alto-3-0.xsd">
	<Description>
		<MeasurementUnit>pixel</MeasurementUnit>
		<sourceImageInformation>
			<fileName>/tmp/tess_7fbx5etv_input.PNG</fileName>
		</sourceImageInformation>
		<OCRProcessing ID="OCR_0">
			<ocrProcessingStep>
				<processingSoftware>
					<softwareName>tesseract 5.3.4</softwareName>
				</processingSoftware>
			</ocrProcessingStep>
		</OCRProcessing>
	</Description>
	<Layout>
		<Page WIDTH="1103" HEIGHT="1795" PHYSICAL_IMG_NR="0" ID="page_0">
			<PrintSpace HPOS="0" VPOS="0" WIDTH="1103" HEIGHT="1795">
				<ComposedBlock ID="cblock_0" HPOS="297" VPOS="192" WIDTH="397" HEIGHT="28">
					<TextBlock ID="block_0" HPOS="297" VPOS="192" WIDTH="397" HEIGHT="28">
						<TextLine ID="line_0" HPOS="297" VPOS="192" WIDTH="397" HEIGHT="28">
							<String ID="string_0" HPOS="297" VPOS="193" WIDTH="22" HEIGHT="22" WC="0.92" CONTENT="U."/><SP WIDTH="18" VPOS="193" HPOS="319"/>
							<String ID="string_1" HPOS="337" VPOS="193" WIDTH="22" HEIGHT="22" WC="0.90" CONTENT="B."/><SP WIDTH="16" VPOS="193" HPOS="359"/>
							<String ID="string_2" HPOS="375" VPOS="205" WIDTH="29" HEIGHT="3" WC="0.90" CONTENT="—"/><SP WIDTH="17" VPOS="205" HPOS="404"/>
							<String ID="string_3" HPOS="421" VPOS="193" WIDTH="147" HEIGHT="27" WC="0.96" CONTENT="Längmanska"/><SP WIDTH="15" VPOS="193" HPOS="568"/>
							<String ID="string_4" HPOS="583" VPOS="192" WIDTH="111" HEIGHT="23" WC="0.96" CONTENT="fonderna."/>
						</TextLine>
					</TextBlock>
				</ComposedBlock>
				<ComposedBlock ID="cblock_1" HPOS="337" VPOS="507" WIDTH="537" HEIGHT="130">
					<TextBlock ID="block_1" HPOS="337" VPOS="507" WIDTH="537" HEIGHT="130">
						<TextLine ID="line_1" HPOS="409" VPOS="507" WIDTH="465" HEIGHT="23">
							<String ID="string_5" HPOS="409" VPOS="507" WIDTH="181" HEIGHT="23" WC="0.91" CONTENT="Bankutskottets"/><SP WIDTH="16" VPOS="507" HPOS="590"/>
							<String ID="string_6" HPOS="606" VPOS="507" WIDTH="134" HEIGHT="23" WC="0.96" CONTENT="betänkande"/><SP WIDTH="16" VPOS="507" HPOS="740"/>
							<String ID="string_7" HPOS="756" VPOS="507" WIDTH="36" HEIGHT="23" WC="0.96" CONTENT="N:o"/><SP WIDTH="17" VPOS="507" HPOS="792"/>
							<String ID="string_8" HPOS="809" VPOS="507" WIDTH="15" HEIGHT="22" WC="0.93" CONTENT="6"/><SP WIDTH="14" VPOS="507" HPOS="824"/>
							<String ID="string_9" HPOS="838" VPOS="513" WIDTH="36" HEIGHT="17" WC="0.91" CONTENT="an-"/>
						</TextLine>
						<TextLine ID="line_2" HPOS="338" VPOS="542" WIDTH="535" HEIGHT="30">
							<String ID="string_10" HPOS="338" VPOS="542" WIDTH="83" HEIGHT="30" WC="0.96" CONTENT="gående"/><SP WIDTH="21" VPOS="542" HPOS="421"/>
							<String ID="string_11" HPOS="442" VPOS="543" WIDTH="147" HEIGHT="28" WC="0.96" CONTENT="Längmanska"/><SP WIDTH="20" VPOS="543" HPOS="589"/>
							<String ID="string_12" HPOS="609" VPOS="543" WIDTH="117" HEIGHT="23" WC="0.96" CONTENT="fondernas"/><SP WIDTH="18" VPOS="543" HPOS="726"/>
							<String ID="string_13" HPOS="744" VPOS="543" WIDTH="129" HEIGHT="28" WC="0.96" CONTENT="förvaltning"/>
						</TextLine>
						<TextLine ID="line_3" HPOS="337" VPOS="578" WIDTH="537" HEIGHT="30">
							<String ID="string_14" HPOS="337" VPOS="579" WIDTH="40" HEIGHT="22" WC="0.96" CONTENT="och"/><SP WIDTH="26" VPOS="579" HPOS="377"/>
							<String ID="string_15" HPOS="403" VPOS="579" WIDTH="159" HEIGHT="27" WC="0.96" CONTENT="användningen"/><SP WIDTH="17" VPOS="579" HPOS="562"/>
							<String ID="string_16" HPOS="579" VPOS="578" WIDTH="27" HEIGHT="23" WC="0.96" CONTENT="af"/><SP WIDTH="23" VPOS="578" HPOS="606"/>
							<String ID="string_17" HPOS="629" VPOS="579" WIDTH="26" HEIGHT="22" WC="0.96" CONTENT="de"/><SP WIDTH="26" VPOS="579" HPOS="655"/>
							<String ID="string_18" HPOS="681" VPOS="579" WIDTH="118" HEIGHT="29" WC="0.92" CONTENT="disponibla"/><SP WIDTH="27" VPOS="579" HPOS="799"/>
							<String ID="string_19" HPOS="826" VPOS="580" WIDTH="48" HEIGHT="21" WC="0.91" CONTENT="rän-"/>
						</TextLine>
						<TextLine ID="line_4" HPOS="337" VPOS="615" WIDTH="113" HEIGHT="22">
							<String ID="string_20" HPOS="337" VPOS="615" WIDTH="113" HEIGHT="22" WC="0.87" CONTENT="temedlen."/>
						</TextLine>
					</TextBlock>
				</ComposedBlock>
				<ComposedBlock ID="cblock_2" HPOS="120" VPOS="686" WIDTH="754" HEIGHT="63">
					<TextBlock ID="block_2" HPOS="120" VPOS="686" WIDTH="754" HEIGHT="63">
						<TextLine ID="line_5" HPOS="193" VPOS="686" WIDTH="681" HEIGHT="27">
							<String ID="string_21" HPOS="193" VPOS="686" WIDTH="58" HEIGHT="22" WC="0.96" CONTENT="Från"/><SP WIDTH="20" VPOS="686" HPOS="251"/>
							<String ID="string_22" HPOS="271" VPOS="687" WIDTH="104" HEIGHT="20" WC="0.92" CONTENT="Finlands"/><SP WIDTH="17" VPOS="687" HPOS="375"/>
							<String ID="string_23" HPOS="392" VPOS="686" WIDTH="105" HEIGHT="21" WC="0.92" CONTENT="Ständers"/><SP WIDTH="16" VPOS="686" HPOS="497"/>
							<String ID="string_24" HPOS="513" VPOS="686" WIDTH="198" HEIGHT="27" WC="0.91" CONTENT="Bankfullmäktige"/><SP WIDTH="15" VPOS="686" HPOS="711"/>
							<String ID="string_25" HPOS="726" VPOS="687" WIDTH="39" HEIGHT="20" WC="0.93" CONTENT="har"/><SP WIDTH="16" VPOS="687" HPOS="765"/>
							<String ID="string_26" HPOS="781" VPOS="687" WIDTH="93" HEIGHT="20" WC="0.91" CONTENT="Bankut-"/>
						</TextLine>
						<TextLine ID="line_6" HPOS="120" VPOS="721" WIDTH="585" HEIGHT="28">
							<String ID="string_27" HPOS="120" VPOS="723" WIDTH="85" HEIGHT="21" WC="0.96" CONTENT="skottet"/><SP WIDTH="15" VPOS="723" HPOS="205"/>
							<String ID="string_28" HPOS="220" VPOS="722" WIDTH="41" HEIGHT="21" WC="0.93" CONTENT="fått"/><SP WIDTH="16" VPOS="722" HPOS="261"/>
							<String ID="string_29" HPOS="277" VPOS="726" WIDTH="112" HEIGHT="23" WC="0.93" CONTENT="emottaga"/><SP WIDTH="16" VPOS="726" HPOS="389"/>
							<String ID="string_30" HPOS="405" VPOS="729" WIDTH="27" HEIGHT="14" WC="0.93" CONTENT="en"/><SP WIDTH="16" VPOS="729" HPOS="432"/>
							<String ID="string_31" HPOS="448" VPOS="721" WIDTH="120" HEIGHT="28" WC="0.91" CONTENT="sålydande"/><SP WIDTH="16" VPOS="721" HPOS="568"/>
							<String ID="string_32" HPOS="584" VPOS="721" WIDTH="121" HEIGHT="22" WC="0.96" CONTENT="skrifvelse:"/>
						</TextLine>
					</TextBlock>
				</ComposedBlock>
				<ComposedBlock ID="cblock_3" HPOS="121" VPOS="775" WIDTH="754" HEIGHT="207">
					<TextBlock ID="block_3" HPOS="121" VPOS="775" WIDTH="754" HEIGHT="136">
						<TextLine ID="line_7" HPOS="197" VPOS="775" WIDTH="677" HEIGHT="28">
							<String ID="string_33" HPOS="197" VPOS="777" WIDTH="88" HEIGHT="26" WC="0.92" CONTENT="»Enligt"/><SP WIDTH="15" VPOS="777" HPOS="285"/>
							<String ID="string_34" HPOS="300" VPOS="776" WIDTH="112" HEIGHT="21" WC="0.96" CONTENT="skrifvelse"/><SP WIDTH="16" VPOS="776" HPOS="412"/>
							<String ID="string_35" HPOS="428" VPOS="776" WIDTH="31" HEIGHT="21" WC="0.93" CONTENT="till"/><SP WIDTH="16" VPOS="776" HPOS="459"/>
							<String ID="string_36" HPOS="475" VPOS="775" WIDTH="197" HEIGHT="28" WC="0.91" CONTENT="Bankfullmäktige"/><SP WIDTH="16" VPOS="775" HPOS="672"/>
							<String ID="string_37" HPOS="688" VPOS="776" WIDTH="34" HEIGHT="20" WC="0.96" CONTENT="för"/><SP WIDTH="15" VPOS="776" HPOS="722"/>
							<String ID="string_38" HPOS="737" VPOS="777" WIDTH="42" HEIGHT="20" WC="0.96" CONTENT="den"/><SP WIDTH="13" VPOS="777" HPOS="779"/>
							<String ID="string_39" HPOS="792" VPOS="781" WIDTH="25" HEIGHT="22" WC="0.96" CONTENT="17"/><SP WIDTH="12" VPOS="781" HPOS="817"/>
							<String ID="string_40" HPOS="829" VPOS="777" WIDTH="45" HEIGHT="26" WC="0.96" CONTENT="Maj"/>
						</TextLine>
						<TextLine ID="line_8" HPOS="125" VPOS="811" WIDTH="750" HEIGHT="28">
							<String ID="string_41" HPOS="125" VPOS="814" WIDTH="54" HEIGHT="25" WC="0.96" CONTENT="1897"/><SP WIDTH="18" VPOS="814" HPOS="179"/>
							<String ID="string_42" HPOS="197" VPOS="813" WIDTH="66" HEIGHT="20" WC="0.93" CONTENT="hafva"/><SP WIDTH="16" VPOS="813" HPOS="263"/>
							<String ID="string_43" HPOS="279" VPOS="812" WIDTH="123" HEIGHT="21" WC="0.91" CONTENT="Ständerna"/><SP WIDTH="16" VPOS="812" HPOS="402"/>
							<String ID="string_44" HPOS="418" VPOS="812" WIDTH="6" HEIGHT="20" WC="0.96" CONTENT="i"/><SP WIDTH="17" VPOS="812" HPOS="424"/>
							<String ID="string_45" HPOS="441" VPOS="811" WIDTH="60" HEIGHT="28" WC="0.96" CONTENT="fråga"/><SP WIDTH="17" VPOS="811" HPOS="501"/>
							<String ID="string_46" HPOS="518" VPOS="819" WIDTH="36" HEIGHT="14" WC="0.95" CONTENT="om"/><SP WIDTH="17" VPOS="819" HPOS="554"/>
							<String ID="string_47" HPOS="571" VPOS="811" WIDTH="151" HEIGHT="28" WC="0.96" CONTENT="fördelningen"/><SP WIDTH="10" VPOS="811" HPOS="722"/>
							<String ID="string_48" HPOS="732" VPOS="812" WIDTH="24" HEIGHT="20" WC="0.96" CONTENT="af"/><SP WIDTH="8" VPOS="812" HPOS="756"/>
							<String ID="string_49" HPOS="764" VPOS="812" WIDTH="28" HEIGHT="20" WC="0.92" CONTENT="de"/><SP WIDTH="11" VPOS="812" HPOS="792"/>
							<String ID="string_50" HPOS="803" VPOS="812" WIDTH="72" HEIGHT="27" WC="0.91" CONTENT="dispo-"/>
						</TextLine>
						<TextLine ID="line_9" HPOS="121" VPOS="847" WIDTH="753" HEIGHT="27">
							<String ID="string_51" HPOS="121" VPOS="849" WIDTH="59" HEIGHT="20" WC="0.91" CONTENT="nibla"/><SP WIDTH="19" VPOS="849" HPOS="180"/>
							<String ID="string_52" HPOS="199" VPOS="848" WIDTH="137" HEIGHT="25" WC="0.92" CONTENT="vinstmedel,"/><SP WIDTH="17" VPOS="848" HPOS="336"/>
							<String ID="string_53" HPOS="353" VPOS="847" WIDTH="74" HEIGHT="21" WC="0.96" CONTENT="hvilka"/><SP WIDTH="15" VPOS="847" HPOS="427"/>
							<String ID="string_54" HPOS="442" VPOS="849" WIDTH="43" HEIGHT="19" WC="0.96" CONTENT="den"/><SP WIDTH="17" VPOS="849" HPOS="485"/>
							<String ID="string_55" HPOS="502" VPOS="853" WIDTH="24" HEIGHT="21" WC="0.96" CONTENT="31"/><SP WIDTH="19" VPOS="853" HPOS="526"/>
							<String ID="string_56" HPOS="545" VPOS="848" WIDTH="124" HEIGHT="20" WC="0.96" CONTENT="December"/><SP WIDTH="18" VPOS="848" HPOS="669"/>
							<String ID="string_57" HPOS="687" VPOS="848" WIDTH="55" HEIGHT="26" WC="0.93" CONTENT="1896"/><SP WIDTH="16" VPOS="848" HPOS="742"/>
							<String ID="string_58" HPOS="758" VPOS="848" WIDTH="116" HEIGHT="21" WC="0.91" CONTENT="innestodo"/>
						</TextLine>
						<TextLine ID="line_10" HPOS="121" VPOS="883" WIDTH="636" HEIGHT="28">
							<String ID="string_59" HPOS="121" VPOS="885" WIDTH="7" HEIGHT="20" WC="0.96" CONTENT="i"/><SP WIDTH="17" VPOS="885" HPOS="128"/>
							<String ID="string_60" HPOS="145" VPOS="884" WIDTH="155" HEIGHT="27" WC="0.93" CONTENT="Längmanska"/><SP WIDTH="17" VPOS="884" HPOS="300"/>
							<String ID="string_61" HPOS="317" VPOS="884" WIDTH="210" HEIGHT="21" WC="0.92" CONTENT="testamentsfonden"/><SP WIDTH="16" VPOS="884" HPOS="527"/>
							<String ID="string_62" HPOS="543" VPOS="884" WIDTH="51" HEIGHT="20" WC="0.93" CONTENT="Litt."/><SP WIDTH="18" VPOS="884" HPOS="594"/>
							<String ID="string_63" HPOS="612" VPOS="884" WIDTH="31" HEIGHT="24" WC="0.92" CONTENT="B.,"/><SP WIDTH="17" VPOS="884" HPOS="643"/>
							<String ID="string_64" HPOS="660" VPOS="883" WIDTH="97" HEIGHT="21" WC="0.92" CONTENT="beslutit:"/>
						</TextLine>
					</TextBlock>
					<TextBlock ID="block_4" HPOS="121" VPOS="919" WIDTH="754" HEIGHT="63">
						<TextLine ID="line_11" HPOS="194" VPOS="919" WIDTH="681" HEIGHT="22">
							<String ID="string_65" HPOS="194" VPOS="923" WIDTH="32" HEIGHT="18" WC="0.96" CONTENT="att"/><SP WIDTH="22" VPOS="923" HPOS="226"/>
							<String ID="string_66" HPOS="248" VPOS="919" WIDTH="25" HEIGHT="21" WC="0.95" CONTENT="af"/><SP WIDTH="19" VPOS="919" HPOS="273"/>
							<String ID="string_67" HPOS="292" VPOS="921" WIDTH="65" HEIGHT="19" WC="0.96" CONTENT="dessa"/><SP WIDTH="16" VPOS="921" HPOS="357"/>
							<String ID="string_68" HPOS="373" VPOS="919" WIDTH="70" HEIGHT="21" WC="0.96" CONTENT="medel"/><SP WIDTH="17" VPOS="919" HPOS="443"/>
							<String ID="string_69" HPOS="460" VPOS="919" WIDTH="68" HEIGHT="21" WC="0.96" CONTENT="skulle"/><SP WIDTH="16" VPOS="919" HPOS="528"/>
							<String ID="string_70" HPOS="544" VPOS="919" WIDTH="31" HEIGHT="20" WC="0.92" CONTENT="till"/><SP WIDTH="16" VPOS="919" HPOS="575"/>
							<String ID="string_71" HPOS="591" VPOS="919" WIDTH="167" HEIGHT="20" WC="0.91" CONTENT="nedannämnda"/><SP WIDTH="16" VPOS="919" HPOS="758"/>
							<String ID="string_72" HPOS="774" VPOS="919" WIDTH="101" HEIGHT="21" WC="0.96" CONTENT="samfund"/>
						</TextLine>
						<TextLine ID="line_12" HPOS="121" VPOS="955" WIDTH="671" HEIGHT="27">
							<String ID="string_73" HPOS="121" VPOS="957" WIDTH="8" HEIGHT="20" WC="0.96" CONTENT="i"/><SP WIDTH="16" VPOS="957" HPOS="129"/>
							<String ID="string_74" HPOS="145" VPOS="959" WIDTH="32" HEIGHT="17" WC="0.96" CONTENT="ett"/><SP WIDTH="15" VPOS="959" HPOS="177"/>
							<String ID="string_75" HPOS="192" VPOS="955" WIDTH="33" HEIGHT="21" WC="0.96" CONTENT="för"/><SP WIDTH="16" VPOS="955" HPOS="225"/>
							<String ID="string_76" HPOS="241" VPOS="955" WIDTH="38" HEIGHT="21" WC="0.96" CONTENT="allt"/><SP WIDTH="16" VPOS="955" HPOS="279"/>
							<String ID="string_77" HPOS="295" VPOS="955" WIDTH="108" HEIGHT="21" WC="0.96" CONTENT="utbetalas"/><SP WIDTH="16" VPOS="955" HPOS="403"/>
							<String ID="string_78" HPOS="419" VPOS="955" WIDTH="95" HEIGHT="27" WC="0.96" CONTENT="följande"/><SP WIDTH="16" VPOS="955" HPOS="514"/>
							<String ID="string_79" HPOS="530" VPOS="955" WIDTH="89" HEIGHT="27" WC="0.93" CONTENT="belopp,"/><SP WIDTH="17" VPOS="955" HPOS="619"/>
							<String ID="string_80" HPOS="636" VPOS="955" WIDTH="109" HEIGHT="27" WC="0.92" CONTENT="nemligen"/><SP WIDTH="15" VPOS="955" HPOS="745"/>
							<String ID="string_81" HPOS="760" VPOS="955" WIDTH="32" HEIGHT="20" WC="0.96" CONTENT="till"/>
						</TextLine>
					</TextBlock>
				</ComposedBlock>
				<ComposedBlock ID="cblock_4" HPOS="123" VPOS="1007" WIDTH="572" HEIGHT="65">
					<TextBlock ID="block_5" HPOS="123" VPOS="1007" WIDTH="572" HEIGHT="65">
						<TextLine ID="line_13" HPOS="123" VPOS="1007" WIDTH="571" HEIGHT="29">
							<String ID="string_82" HPOS="123" VPOS="1009" WIDTH="81" HEIGHT="21" WC="0.93" CONTENT="Finska"/><SP WIDTH="21" VPOS="1009" HPOS="204"/>
							<String ID="string_83" HPOS="225" VPOS="1009" WIDTH="265" HEIGHT="27" WC="0.92" CONTENT="Vetenskapssocieteten,"/><SP WIDTH="22" VPOS="1009" HPOS="490"/>
							<String ID="string_84" HPOS="512" VPOS="1011" WIDTH="32" HEIGHT="18" WC="0.96" CONTENT="att"/><SP WIDTH="18" VPOS="1011" HPOS="544"/>
							<String ID="string_85" HPOS="562" VPOS="1008" WIDTH="85" HEIGHT="21" WC="0.93" CONTENT="utdelas"/><SP WIDTH="16" VPOS="1008" HPOS="647"/>
							<String ID="string_86" HPOS="663" VPOS="1007" WIDTH="31" HEIGHT="22" WC="0.92" CONTENT="så-"/>
						</TextLine>
						<TextLine ID="line_14" HPOS="194" VPOS="1044" WIDTH="501" HEIGHT="28">
							<String ID="string_87" HPOS="194" VPOS="1051" WIDTH="48" HEIGHT="14" WC="0.94" CONTENT="som"/><SP WIDTH="21" VPOS="1051" HPOS="242"/>
							<String ID="string_88" HPOS="263" VPOS="1045" WIDTH="44" HEIGHT="27" WC="0.94" CONTENT="pris"/><SP WIDTH="16" VPOS="1045" HPOS="307"/>
							<String ID="string_89" HPOS="323" VPOS="1044" WIDTH="34" HEIGHT="21" WC="0.96" CONTENT="för"/><SP WIDTH="15" VPOS="1044" HPOS="357"/>
							<String ID="string_90" HPOS="372" VPOS="1044" WIDTH="165" HEIGHT="27" WC="0.95" CONTENT="vetenskapliga"/><SP WIDTH="15" VPOS="1044" HPOS="537"/>
							<String ID="string_91" HPOS="552" VPOS="1044" WIDTH="97" HEIGHT="25" WC="0.91" CONTENT="arbeten,"/><SP WIDTH="16" VPOS="1044" HPOS="649"/>
							<String ID="string_92" HPOS="665" VPOS="1047" WIDTH="30" HEIGHT="18" WC="0.91" CONTENT="ut-"/>
						</TextLine>
					</TextBlock>
				</ComposedBlock>
				<ComposedBlock ID="cblock_5" HPOS="124" VPOS="1079" WIDTH="753" HEIGHT="350">
					<TextBlock ID="block_6" HPOS="125" VPOS="1079" WIDTH="752" HEIGHT="243">
						<TextLine ID="line_15" HPOS="194" VPOS="1079" WIDTH="682" HEIGHT="28">
							<String ID="string_93" HPOS="194" VPOS="1081" WIDTH="60" HEIGHT="26" WC="0.92" CONTENT="gifna"/><SP WIDTH="16" VPOS="1081" HPOS="254"/>
							<String ID="string_94" HPOS="270" VPOS="1081" WIDTH="69" HEIGHT="20" WC="0.93" CONTENT="under"/><SP WIDTH="15" VPOS="1081" HPOS="339"/>
							<String ID="string_95" HPOS="354" VPOS="1079" WIDTH="66" HEIGHT="22" WC="0.91" CONTENT="årena"/><SP WIDTH="19" VPOS="1079" HPOS="420"/>
							<String ID="string_96" HPOS="439" VPOS="1081" WIDTH="144" HEIGHT="25" WC="0.89" CONTENT="1897—1899"/><SP WIDTH="45" VPOS="1081" HPOS="583"/>
							<String ID="string_97" HPOS="628" VPOS="1097" WIDTH="4" HEIGHT="4" WC="0.86" CONTENT="."/><SP WIDTH="33" VPOS="1097" HPOS="632"/>
							<String ID="string_98" HPOS="665" VPOS="1097" WIDTH="4" HEIGHT="3" WC="0.89" CONTENT="."/><SP WIDTH="33" VPOS="1097" HPOS="669"/>
							<String ID="string_99" HPOS="702" VPOS="1097" WIDTH="4" HEIGHT="4" WC="0.90" CONTENT="."/><SP WIDTH="22" VPOS="1097" HPOS="706"/>
							<String ID="string_100" HPOS="728" VPOS="1080" WIDTH="62" HEIGHT="20" WC="0.92" CONTENT="Fmk."/><SP WIDTH="16" VPOS="1080" HPOS="790"/>
							<String ID="string_101" HPOS="806" VPOS="1085" WIDTH="70" HEIGHT="21" WC="0.96" CONTENT="3,000."/>
						</TextLine>
						<TextLine ID="line_16" HPOS="127" VPOS="1115" WIDTH="749" HEIGHT="28">
							<String ID="string_102" HPOS="127" VPOS="1116" WIDTH="100" HEIGHT="21" WC="0.96" CONTENT="Societas"/><SP WIDTH="17" VPOS="1116" HPOS="227"/>
							<String ID="string_103" HPOS="244" VPOS="1123" WIDTH="39" HEIGHT="20" WC="0.93" CONTENT="pro"/><SP WIDTH="18" VPOS="1123" HPOS="283"/>
							<String ID="string_104" HPOS="301" VPOS="1116" WIDTH="65" HEIGHT="21" WC="0.96" CONTENT="fauna"/><SP WIDTH="15" VPOS="1116" HPOS="366"/>
							<String ID="string_105" HPOS="381" VPOS="1119" WIDTH="22" HEIGHT="18" WC="0.96" CONTENT="et"/><SP WIDTH="16" VPOS="1119" HPOS="403"/>
							<String ID="string_106" HPOS="419" VPOS="1116" WIDTH="53" HEIGHT="21" WC="0.96" CONTENT="flora"/><SP WIDTH="16" VPOS="1116" HPOS="472"/>
							<String ID="string_107" HPOS="488" VPOS="1115" WIDTH="85" HEIGHT="21" WC="0.92" CONTENT="fennica"/><SP WIDTH="24" VPOS="1115" HPOS="573"/>
							<String ID="string_108" HPOS="597" VPOS="1133" WIDTH="3" HEIGHT="3" WC="0.83" CONTENT="."/><SP WIDTH="36" VPOS="1133" HPOS="600"/>
							<String ID="string_109" HPOS="636" VPOS="1132" WIDTH="2" HEIGHT="4" WC="0.81" CONTENT="."/><SP WIDTH="33" VPOS="1132" HPOS="638"/>
							<String ID="string_110" HPOS="671" VPOS="1132" WIDTH="4" HEIGHT="4" WC="0.82" CONTENT="."/><SP WIDTH="34" VPOS="1132" HPOS="675"/>
							<String ID="string_111" HPOS="709" VPOS="1133" WIDTH="3" HEIGHT="4" WC="0.85" CONTENT="."/><SP WIDTH="42" VPOS="1133" HPOS="712"/>
							<String ID="string_112" HPOS="754" VPOS="1124" WIDTH="8" HEIGHT="11" WC="0.77" CONTENT="»"/><SP WIDTH="42" VPOS="1124" HPOS="762"/>
							<String ID="string_113" HPOS="804" VPOS="1121" WIDTH="72" HEIGHT="20" WC="0.83" CONTENT="4,000."/>
						</TextLine>
						<TextLine ID="line_17" HPOS="125" VPOS="1151" WIDTH="752" HEIGHT="28">
							<String ID="string_114" HPOS="125" VPOS="1152" WIDTH="172" HEIGHT="27" WC="0.90" CONTENT="Finsk-Ugriska"/><SP WIDTH="17" VPOS="1152" HPOS="297"/>
							<String ID="string_115" HPOS="314" VPOS="1151" WIDTH="125" HEIGHT="28" WC="0.81" CONTENT="Sällskapet"/><SP WIDTH="46" VPOS="1151" HPOS="439"/>
							<String ID="string_116" HPOS="485" VPOS="1169" WIDTH="4" HEIGHT="3" WC="0.50" CONTENT="=."/><SP WIDTH="33" VPOS="1169" HPOS="489"/>
							<String ID="string_117" HPOS="522" VPOS="1168" WIDTH="4" HEIGHT="4" WC="0.58" CONTENT="."/><SP WIDTH="34" VPOS="1168" HPOS="526"/>
							<String ID="string_118" HPOS="560" VPOS="1168" WIDTH="3" HEIGHT="3" WC="0.53" CONTENT="so"/><SP WIDTH="34" VPOS="1168" HPOS="563"/>
							<String ID="string_119" HPOS="597" VPOS="1168" WIDTH="3" HEIGHT="3" WC="0.55" CONTENT="so"/><SP WIDTH="34" VPOS="1168" HPOS="600"/>
							<String ID="string_120" HPOS="634" VPOS="1168" WIDTH="4" HEIGHT="4" WC="0.25" CONTENT="so"/><SP WIDTH="34" VPOS="1168" HPOS="638"/>
							<String ID="string_121" HPOS="672" VPOS="1168" WIDTH="3" HEIGHT="4" WC="0.13" CONTENT="."/><SP WIDTH="34" VPOS="1168" HPOS="675"/>
							<String ID="string_122" HPOS="709" VPOS="1168" WIDTH="3" HEIGHT="4" WC="0.14" CONTENT="&lt;"/><SP WIDTH="42" VPOS="1168" HPOS="712"/>
							<String ID="string_123" HPOS="754" VPOS="1160" WIDTH="8" HEIGHT="10" WC="0.64" CONTENT="»"/><SP WIDTH="42" VPOS="1160" HPOS="762"/>
							<String ID="string_124" HPOS="804" VPOS="1157" WIDTH="73" HEIGHT="20" WC="0.35" CONTENT="4,000."/>
						</TextLine>
						<TextLine ID="line_18" HPOS="127" VPOS="1187" WIDTH="750" HEIGHT="26">
							<String ID="string_125" HPOS="127" VPOS="1188" WIDTH="82" HEIGHT="20" WC="0.93" CONTENT="Finska"/><SP WIDTH="16" VPOS="1188" HPOS="209"/>
							<String ID="string_126" HPOS="225" VPOS="1187" WIDTH="125" HEIGHT="21" WC="0.96" CONTENT="Historiska"/><SP WIDTH="17" VPOS="1187" HPOS="350"/>
							<String ID="string_127" HPOS="367" VPOS="1187" WIDTH="129" HEIGHT="22" WC="0.90" CONTENT="Samfundet"/><SP WIDTH="27" VPOS="1187" HPOS="496"/>
							<String ID="string_128" HPOS="523" VPOS="1204" WIDTH="3" HEIGHT="3" WC="0.68" CONTENT="."/><SP WIDTH="34" VPOS="1204" HPOS="526"/>
							<String ID="string_129" HPOS="560" VPOS="1204" WIDTH="4" HEIGHT="3" WC="0.70" CONTENT="."/><SP WIDTH="33" VPOS="1204" HPOS="564"/>
							<String ID="string_130" HPOS="597" VPOS="1204" WIDTH="4" HEIGHT="3" WC="0.45" CONTENT="."/><SP WIDTH="33" VPOS="1204" HPOS="601"/>
							<String ID="string_131" HPOS="634" VPOS="1203" WIDTH="4" HEIGHT="4" WC="0.72" CONTENT="."/><SP WIDTH="33" VPOS="1203" HPOS="638"/>
							<String ID="string_132" HPOS="671" VPOS="1203" WIDTH="6" HEIGHT="5" WC="0.17" CONTENT="&lt;."/><SP WIDTH="32" VPOS="1203" HPOS="677"/>
							<String ID="string_133" HPOS="709" VPOS="1204" WIDTH="4" HEIGHT="4" WC="0.83" CONTENT="."/><SP WIDTH="42" VPOS="1204" HPOS="713"/>
							<String ID="string_134" HPOS="755" VPOS="1196" WIDTH="9" HEIGHT="10" WC="0.89" CONTENT="»"/><SP WIDTH="40" VPOS="1196" HPOS="764"/>
							<String ID="string_135" HPOS="804" VPOS="1193" WIDTH="73" HEIGHT="20" WC="0.88" CONTENT="4,000."/>
						</TextLine>
						<TextLine ID="line_19" HPOS="128" VPOS="1223" WIDTH="749" HEIGHT="28">
							<String ID="string_136" HPOS="128" VPOS="1223" WIDTH="161" HEIGHT="28" WC="0.92" CONTENT="Nyfilologiska"/><SP WIDTH="16" VPOS="1223" HPOS="289"/>
							<String ID="string_137" HPOS="305" VPOS="1223" WIDTH="138" HEIGHT="28" WC="0.90" CONTENT="Föreningen"/><SP WIDTH="43" VPOS="1223" HPOS="443"/>
							<String ID="string_138" HPOS="486" VPOS="1240" WIDTH="4" HEIGHT="3" WC="0.72" CONTENT="."/><SP WIDTH="33" VPOS="1240" HPOS="490"/>
							<String ID="string_139" HPOS="523" VPOS="1239" WIDTH="3" HEIGHT="4" WC="0.75" CONTENT="."/><SP WIDTH="34" VPOS="1239" HPOS="526"/>
							<String ID="string_140" HPOS="560" VPOS="1239" WIDTH="4" HEIGHT="4" WC="0.45" CONTENT="«so"/><SP WIDTH="34" VPOS="1239" HPOS="564"/>
							<String ID="string_141" HPOS="598" VPOS="1240" WIDTH="3" HEIGHT="3" WC="0.36" CONTENT="."/><SP WIDTH="33" VPOS="1240" HPOS="601"/>
							<String ID="string_142" HPOS="634" VPOS="1239" WIDTH="4" HEIGHT="4" WC="0.52" CONTENT="&lt;"/><SP WIDTH="34" VPOS="1239" HPOS="638"/>
							<String ID="string_143" HPOS="672" VPOS="1239" WIDTH="41" HEIGHT="4" WC="0.41" CONTENT="&lt;»."/><SP WIDTH="42" VPOS="1239" HPOS="713"/>
							<String ID="string_144" HPOS="755" VPOS="1231" WIDTH="8" HEIGHT="10" WC="0.64" CONTENT="»"/><SP WIDTH="42" VPOS="1231" HPOS="763"/>
							<String ID="string_145" HPOS="805" VPOS="1229" WIDTH="72" HEIGHT="19" WC="0.49" CONTENT="2,000."/>
						</TextLine>
						<TextLine ID="line_20" HPOS="126" VPOS="1259" WIDTH="750" HEIGHT="28">
							<String ID="string_146" HPOS="126" VPOS="1259" WIDTH="81" HEIGHT="21" WC="0.93" CONTENT="Finska"/><SP WIDTH="17" VPOS="1259" HPOS="207"/>
							<String ID="string_147" HPOS="224" VPOS="1259" WIDTH="262" HEIGHT="28" WC="0.86" CONTENT="fornminnesföreningen"/><SP WIDTH="36" VPOS="1259" HPOS="486"/>
							<String ID="string_148" HPOS="522" VPOS="1276" WIDTH="4" HEIGHT="4" WC="0.57" CONTENT="—."/><SP WIDTH="72" VPOS="1276" HPOS="526"/>
							<String ID="string_149" HPOS="598" VPOS="1275" WIDTH="41" HEIGHT="4" WC="0.24" CONTENT="e"/><SP WIDTH="116" VPOS="1275" HPOS="639"/>
							<String ID="string_150" HPOS="755" VPOS="1267" WIDTH="9" HEIGHT="11" WC="0.41" CONTENT="a"/><SP WIDTH="42" VPOS="1267" HPOS="764"/>
							<String ID="string_151" HPOS="806" VPOS="1265" WIDTH="70" HEIGHT="20" WC="0.52" CONTENT="3,000."/>
						</TextLine>
						<TextLine ID="line_21" HPOS="125" VPOS="1271" WIDTH="587" HEIGHT="56">
							<String ID="string_152" HPOS="125" VPOS="1295" WIDTH="125" HEIGHT="27" WC="0.95" CONTENT="Sällskapet"/><SP WIDTH="24" VPOS="1295" HPOS="250"/>
							<String ID="string_153" HPOS="274" VPOS="1295" WIDTH="33" HEIGHT="20" WC="0.95" CONTENT="för"/><SP WIDTH="24" VPOS="1295" HPOS="307"/>
							<String ID="string_154" HPOS="331" VPOS="1295" WIDTH="105" HEIGHT="20" WC="0.96" CONTENT="Finlands"/><SP WIDTH="21" VPOS="1295" HPOS="436"/>
							<String ID="string_155" HPOS="457" VPOS="1271" WIDTH="109" HEIGHT="56" WC="0.80" CONTENT="Geografi,"/><SP WIDTH="29" VPOS="1271" HPOS="566"/>
							<String ID="string_156" HPOS="595" VPOS="1295" WIDTH="33" HEIGHT="20" WC="0.93" CONTENT="för"/><SP WIDTH="22" VPOS="1295" HPOS="628"/>
							<String ID="string_157" HPOS="650" VPOS="1295" WIDTH="62" HEIGHT="27" WC="0.91" CONTENT="utgif-"/>
						</TextLine>
					</TextBlock>
					<TextBlock ID="block_7" HPOS="124" VPOS="1331" WIDTH="753" HEIGHT="98">
						<TextLine ID="line_22" HPOS="198" VPOS="1331" WIDTH="678" HEIGHT="24">
							<String ID="string_158" HPOS="198" VPOS="1332" WIDTH="71" HEIGHT="18" WC="0.96" CONTENT="vande"/><SP WIDTH="17" VPOS="1332" HPOS="269"/>
							<String ID="string_159" HPOS="286" VPOS="1331" WIDTH="24" HEIGHT="19" WC="0.96" CONTENT="af"/><SP WIDTH="14" VPOS="1331" HPOS="310"/>
							<String ID="string_160" HPOS="324" VPOS="1333" WIDTH="31" HEIGHT="18" WC="0.93" CONTENT="ett"/><SP WIDTH="16" VPOS="1333" HPOS="355"/>
							<String ID="string_161" HPOS="371" VPOS="1331" WIDTH="101" HEIGHT="20" WC="0.92" CONTENT="kartverk"/><SP WIDTH="16" VPOS="1331" HPOS="472"/>
							<String ID="string_162" HPOS="488" VPOS="1331" WIDTH="61" HEIGHT="20" WC="0.96" CONTENT="öfver"/><SP WIDTH="15" VPOS="1331" HPOS="549"/>
							<String ID="string_163" HPOS="564" VPOS="1331" WIDTH="93" HEIGHT="20" WC="0.92" CONTENT="Finland"/><SP WIDTH="17" VPOS="1331" HPOS="657"/>
							<String ID="string_164" HPOS="674" VPOS="1347" WIDTH="1" HEIGHT="3" WC="0.88" CONTENT="."/><SP WIDTH="34" VPOS="1347" HPOS="675"/>
							<String ID="string_165" HPOS="709" VPOS="1347" WIDTH="3" HEIGHT="3" WC="0.87" CONTENT="."/><SP WIDTH="43" VPOS="1347" HPOS="712"/>
							<String ID="string_166" HPOS="755" VPOS="1339" WIDTH="7" HEIGHT="10" WC="0.90" CONTENT="»"/><SP WIDTH="42" VPOS="1339" HPOS="762"/>
							<String ID="string_167" HPOS="804" VPOS="1331" WIDTH="72" HEIGHT="24" WC="0.92" CONTENT="6,000."/>
						</TextLine>
						<TextLine ID="line_23" HPOS="124" VPOS="1366" WIDTH="753" HEIGHT="28">
							<String ID="string_168" HPOS="124" VPOS="1366" WIDTH="148" HEIGHT="27" WC="0.95" CONTENT="Geografiska"/><SP WIDTH="16" VPOS="1366" HPOS="272"/>
							<String ID="string_169" HPOS="288" VPOS="1366" WIDTH="141" HEIGHT="28" WC="0.92" CONTENT="Föreningen"/><SP WIDTH="20" VPOS="1366" HPOS="429"/>
							<String ID="string_170" HPOS="449" VPOS="1383" WIDTH="3" HEIGHT="3" WC="0.75" CONTENT="."/><SP WIDTH="34" VPOS="1383" HPOS="452"/>
							<String ID="string_171" HPOS="486" VPOS="1383" WIDTH="4" HEIGHT="3" WC="0.60" CONTENT="."/><SP WIDTH="34" VPOS="1383" HPOS="490"/>
							<String ID="string_172" HPOS="524" VPOS="1383" WIDTH="2" HEIGHT="3" WC="0.30" CONTENT="."/><SP WIDTH="35" VPOS="1383" HPOS="526"/>
							<String ID="string_173" HPOS="561" VPOS="1383" WIDTH="3" HEIGHT="3" WC="0.25" CONTENT="so"/><SP WIDTH="34" VPOS="1383" HPOS="564"/>
							<String ID="string_174" HPOS="598" VPOS="1383" WIDTH="4" HEIGHT="3" WC="0.44" CONTENT="«+"/><SP WIDTH="33" VPOS="1383" HPOS="602"/>
							<String ID="string_175" HPOS="635" VPOS="1373" WIDTH="4" HEIGHT="4" WC="0.46" CONTENT="+"/><SP WIDTH="34" VPOS="1373" HPOS="639"/>
							<String ID="string_176" HPOS="673" VPOS="1383" WIDTH="3" HEIGHT="3" WC="0.29" CONTENT="so"/><SP WIDTH="34" VPOS="1383" HPOS="676"/>
							<String ID="string_177" HPOS="710" VPOS="1374" WIDTH="54" HEIGHT="12" WC="0.25" CONTENT="L»"/><SP WIDTH="42" VPOS="1374" HPOS="764"/>
							<String ID="string_178" HPOS="806" VPOS="1372" WIDTH="71" HEIGHT="19" WC="0.46" CONTENT="2,000."/>
						</TextLine>
						<TextLine ID="line_24" HPOS="124" VPOS="1402" WIDTH="753" HEIGHT="27">
							<String ID="string_179" HPOS="124" VPOS="1402" WIDTH="104" HEIGHT="27" WC="0.96" CONTENT="Kuopion"/><SP WIDTH="17" VPOS="1402" HPOS="228"/>
							<String ID="string_180" HPOS="245" VPOS="1402" WIDTH="168" HEIGHT="21" WC="0.96" CONTENT="Isänmaallinen"/><SP WIDTH="16" VPOS="1402" HPOS="413"/>
							<String ID="string_181" HPOS="429" VPOS="1402" WIDTH="68" HEIGHT="21" WC="0.92" CONTENT="Seura"/><SP WIDTH="26" VPOS="1402" HPOS="497"/>
							<String ID="string_182" HPOS="523" VPOS="1419" WIDTH="3" HEIGHT="3" WC="0.89" CONTENT="."/><SP WIDTH="34" VPOS="1419" HPOS="526"/>
							<String ID="string_183" HPOS="560" VPOS="1419" WIDTH="4" HEIGHT="3" WC="0.89" CONTENT="."/><SP WIDTH="34" VPOS="1419" HPOS="564"/>
							<String ID="string_184" HPOS="598" VPOS="1419" WIDTH="3" HEIGHT="4" WC="0.91" CONTENT="."/><SP WIDTH="155" VPOS="1419" HPOS="601"/>
							<String ID="string_185" HPOS="756" VPOS="1410" WIDTH="8" HEIGHT="11" WC="0.92" CONTENT="»"/><SP WIDTH="44" VPOS="1410" HPOS="764"/>
							<String ID="string_186" HPOS="808" VPOS="1407" WIDTH="69" HEIGHT="20" WC="0.35" CONTENT="1,000."/>
						</TextLine>
					</TextBlock>
				</ComposedBlock>
				<ComposedBlock ID="cblock_6" HPOS="125" VPOS="1418" WIDTH="752" HEIGHT="119">
					<TextBlock ID="block_8" HPOS="125" VPOS="1418" WIDTH="752" HEIGHT="119">
						<TextLine ID="line_25" HPOS="127" VPOS="1418" WIDTH="586" HEIGHT="47">
							<String ID="string_187" HPOS="127" VPOS="1438" WIDTH="191" HEIGHT="27" WC="0.92" CONTENT="Konstnärsgillet,"/><SP WIDTH="31" VPOS="1438" HPOS="318"/>
							<String ID="string_188" HPOS="349" VPOS="1441" WIDTH="32" HEIGHT="18" WC="0.95" CONTENT="att"/><SP WIDTH="28" VPOS="1441" HPOS="381"/>
							<String ID="string_189" HPOS="409" VPOS="1439" WIDTH="112" HEIGHT="20" WC="0.96" CONTENT="användas"/><SP WIDTH="28" VPOS="1439" HPOS="521"/>
							<String ID="string_190" HPOS="549" VPOS="1438" WIDTH="31" HEIGHT="21" WC="0.96" CONTENT="till"/><SP WIDTH="23" VPOS="1438" HPOS="580"/>
							<String ID="string_191" HPOS="603" VPOS="1418" WIDTH="110" HEIGHT="41" WC="0.92" CONTENT="föranstal-"/>
						</TextLine>
						<TextLine ID="line_26" HPOS="197" VPOS="1473" WIDTH="680" HEIGHT="28">
							<String ID="string_192" HPOS="197" VPOS="1475" WIDTH="66" HEIGHT="19" WC="0.96" CONTENT="tande"/><SP WIDTH="16" VPOS="1475" HPOS="263"/>
							<String ID="string_193" HPOS="279" VPOS="1473" WIDTH="25" HEIGHT="21" WC="0.93" CONTENT="af"/><SP WIDTH="13" VPOS="1473" HPOS="304"/>
							<String ID="string_194" HPOS="317" VPOS="1473" WIDTH="217" HEIGHT="28" WC="0.92" CONTENT="konstutställningar"/><SP WIDTH="16" VPOS="1473" HPOS="534"/>
							<String ID="string_195" HPOS="550" VPOS="1475" WIDTH="6" HEIGHT="19" WC="0.96" CONTENT="i"/><SP WIDTH="17" VPOS="1475" HPOS="556"/>
							<String ID="string_196" HPOS="573" VPOS="1474" WIDTH="126" HEIGHT="21" WC="0.93" CONTENT="landsorten"/><SP WIDTH="55" VPOS="1474" HPOS="699"/>
							<String ID="string_197" HPOS="754" VPOS="1482" WIDTH="8" HEIGHT="11" WC="0.75" CONTENT="=»"/><SP WIDTH="44" VPOS="1482" HPOS="762"/>
							<String ID="string_198" HPOS="806" VPOS="1479" WIDTH="71" HEIGHT="20" WC="0.91" CONTENT="2,000."/>
						</TextLine>
						<TextLine ID="line_27" HPOS="125" VPOS="1509" WIDTH="752" HEIGHT="28">
							<String ID="string_199" HPOS="125" VPOS="1509" WIDTH="82" HEIGHT="21" WC="0.93" CONTENT="Finska"/><SP WIDTH="15" VPOS="1509" HPOS="207"/>
							<String ID="string_200" HPOS="222" VPOS="1509" WIDTH="203" HEIGHT="28" WC="0.87" CONTENT="Konstföreningen"/><SP WIDTH="26" VPOS="1509" HPOS="425"/>
							<String ID="string_201" HPOS="451" VPOS="1527" WIDTH="1" HEIGHT="4" WC="0.49" CONTENT="."/><SP WIDTH="34" VPOS="1527" HPOS="452"/>
							<String ID="string_202" HPOS="486" VPOS="1526" WIDTH="3" HEIGHT="4" WC="0.83" CONTENT="."/><SP WIDTH="34" VPOS="1526" HPOS="489"/>
							<String ID="string_203" HPOS="523" VPOS="1526" WIDTH="3" HEIGHT="4" WC="0.67" CONTENT="."/><SP WIDTH="34" VPOS="1526" HPOS="526"/>
							<String ID="string_204" HPOS="560" VPOS="1526" WIDTH="4" HEIGHT="4" WC="0.37" CONTENT="so"/><SP WIDTH="34" VPOS="1526" HPOS="564"/>
							<String ID="string_205" HPOS="598" VPOS="1526" WIDTH="3" HEIGHT="4" WC="0.45" CONTENT="&lt;"/><SP WIDTH="34" VPOS="1526" HPOS="601"/>
							<String ID="string_206" HPOS="635" VPOS="1527" WIDTH="4" HEIGHT="3" WC="0.63" CONTENT="&lt;"/><SP WIDTH="34" VPOS="1527" HPOS="639"/>
							<String ID="string_207" HPOS="673" VPOS="1527" WIDTH="3" HEIGHT="3" WC="0.31" CONTENT="«so"/><SP WIDTH="34" VPOS="1527" HPOS="676"/>
							<String ID="string_208" HPOS="710" VPOS="1527" WIDTH="4" HEIGHT="3" WC="0.20" CONTENT="2"/><SP WIDTH="42" VPOS="1527" HPOS="714"/>
							<String ID="string_209" HPOS="756" VPOS="1518" WIDTH="8" HEIGHT="10" WC="0.80" CONTENT="2»"/><SP WIDTH="20" VPOS="1518" HPOS="764"/>
							<String ID="string_210" HPOS="784" VPOS="1505" WIDTH="12" HEIGHT="36" WC="0.44" CONTENT="0"/><SP WIDTH="11" VPOS="1505" HPOS="796"/>
							<String ID="string_211" HPOS="807" VPOS="1515" WIDTH="70" HEIGHT="19" WC="0.48" CONTENT="2,000."/>
						</TextLine>
					</TextBlock>
				</ComposedBlock>
				<ComposedBlock ID="cblock_7" HPOS="196" VPOS="1555" WIDTH="346" HEIGHT="20">
					<TextBlock ID="block_9" HPOS="196" VPOS="1555" WIDTH="346" HEIGHT="20">
						<TextLine ID="line_28" HPOS="196" VPOS="1555" WIDTH="346" HEIGHT="20">
							<String ID="string_212" HPOS="196" VPOS="1555" WIDTH="149" HEIGHT="19" WC="0.90" CONTENT="Bankutskottets"/><SP WIDTH="14" VPOS="1555" HPOS="345"/>
							<String ID="string_213" HPOS="359" VPOS="1557" WIDTH="109" HEIGHT="17" WC="0.96" CONTENT="betänkande"/><SP WIDTH="13" VPOS="1557" HPOS="468"/>
							<String ID="string_214" HPOS="481" VPOS="1556" WIDTH="35" HEIGHT="19" WC="0.95" CONTENT="N:o"/><SP WIDTH="10" VPOS="1556" HPOS="516"/>
							<String ID="string_215" HPOS="526" VPOS="1557" WIDTH="16" HEIGHT="18" WC="0.96" CONTENT="6."/>
						</TextLine>
					</TextBlock>
				</ComposedBlock>
			</PrintSpace>
		</Page>
	</Layout>
</alto>
