1103 1795
452 166 83 37 XXXII
833 169 13 21 3

117 239 21 21 af
157 241 39 20 väg-
215 238 30 17 och
263 238 162 23 vattendyggnader,
439 239 87 21 äfvensom
538 237 97 24 utgifterna
646 237 29 22 för
687 237 55 23 sagda
756 235 125 24 Ofverstyrelse

116 273 55 21 Vlefve
183 273 7 17 i
201 273 153 22 finansrelationen
367 274 89 22 upptagna
468 273 54 17 under
534 274 61 16 tvenne
607 272 88 18 särskilda
704 273 66 22 poster,
784 273 28 16 ett
820 271 60 23 dylikt

115 307 124 22 särskiljande
258 307 21 18 af
297 307 105 23 utgifterna
421 307 29 18 för
469 307 144 23 ifrågavarande
632 307 85 18 ändamål
736 306 100 23 iakttagits
848 305 30 18 vid

116 342 129 23 uppgörandet
258 342 21 18 af
289 342 201 23 kapitalräkningarna
503 342 43 18 från
559 342 34 18 och
605 342 42 17 med
660 342 21 17 år
694 342 54 22 1896;

185 377 19 23 7)
222 378 35 20 att,
276 376 118 19 beträffande
414 377 50 18 13:de
483 377 132 21 hufvudtiteln,
628 376 105 18 hvarunder
745 377 93 22 upptagas
851 377 28 16 ut-

119 411 63 23 gifter,
194 411 64 18 hvilka
271 411 50 23 ligga
334 413 50 16 utom
399 411 22 18 de
434 411 61 18 skilda
508 411 163 23 expeditionernas
680 411 5 17 i
695 410 81 18 Senaten
786 410 93 18 ordinarie

117 447 60 16 stater
195 446 34 17 och
247 446 58 17 delvis
324 448 32 15 äro
375 446 20 17 af
407 446 85 22 tillfällig
504 447 62 20 natur,
579 450 23 13 en
615 446 30 17 del
658 447 64 21 poster
735 446 51 21 synts
799 445 81 17 Statsut-

117 480 72 17 skottet
201 479 93 23 sakenligt
306 479 46 18 höra
365 479 59 18 under
435 479 61 23 någon
509 479 21 18 af
541 480 23 17 de
577 479 61 23 öfriga
646 479 156 18 hufvudtitlarna.
820 479 60 18 Stats-

117 515 93 17 utskottet
221 515 35 17 har
269 514 62 18 derför
344 516 64 16 ansett
420 514 35 18 den
468 514 103 23 anordning
583 514 57 18 hafva
653 514 40 18 skäl
702 514 30 18 för
741 514 29 23 sig
779 515 26 16 att
814 513 66 18 sådana

115 549 98 23 tillfälliga,
231 549 70 23 nådigst
320 549 87 22 beviljade
425 550 62 22 anslag
501 549 29 22 för
542 550 88 17 särskilda
643 549 131 22 statsändamål,
788 555 35 11 som
836 550 44 15 otve-

118 585 55 21 tydigt
191 584 41 17 höra
251 584 53 17 under
322 583 57 23 någon
397 584 77 17 bestämd
485 584 111 21 hufvudtitel,
609 584 55 17 skulle
675 584 20 21 få
708 584 28 17 sin
746 584 49 23 plats
807 583 7 17 i
826 583 54 17 denna

119 619 29 17 och
167 619 38 17 icke
222 619 54 16 under
295 619 82 17 rubriken
398 619 76 17 »diverse
492 619 88 17 allmänna
598 619 89 22 utgiftere,
706 618 83 21 hvarvid,
808 617 29 18 för
852 619 29 16 att

119 653 103 18 emellertid
241 653 119 18 åtskilnaden
378 653 69 18 mellan
466 653 79 22 utgifter
563 653 59 22 enligt
641 652 140 23 statsförslaget
797 651 33 18 och
843 651 37 18 till-

118 688 67 22 fälliga
204 687 78 23 utgifter
300 687 144 23 upprätthölles,
461 687 53 18 dessa
528 693 65 12 senare
605 687 80 22 utgifter
697 687 63 18 kunde
773 687 108 18 observeras

120 722 89 18 särskildt
222 722 59 18 såsom
296 722 89 22 »utgifter
397 722 53 17 öfver
462 723 48 16 stat«
524 722 50 18 efter
586 722 22 17 de
618 721 93 18 ordinarie
720 721 104 23 utgifterna
832 721 48 17 inom

120 756 64 23 hvarje
196 756 120 18 hufvudtitel.
340 757 67 22 Enligt
420 756 156 18 Statsutskottets
588 756 71 22 förslag
670 756 35 17 har
718 761 23 12 en
753 755 51 23 dylik
816 755 64 18 anord-

117 792 45 22 ning
180 791 62 18 blifvit
261 791 6 17 i
285 791 203 23 statsräkenskaperna
506 791 98 23 iakttagen
623 791 42 18 från
683 791 35 18 och
736 791 41 18 med
793 791 44 18 1896
850 790 30 18 års

117 826 85 22 bokslut;

430 877 136 18 Militiemedlen.

185 935 19 22 8)
223 937 30 16 att
271 935 34 17 den
324 935 55 22 ligvid
397 941 26 11 om
443 935 20 17 de
482 935 21 21 af
516 935 54 22 ryska
585 935 165 22 Artilleristyrelsen
764 935 29 17 till
806 935 72 17 Gardes-

121 970 99 21 bataljonen
232 970 97 17 levererade
338 971 86 22 patroner
437 970 29 17 och
478 973 58 20 gevär,
549 971 29 17 för
590 970 146 23 möjliggörande
745 971 68 17 hvaraf
820 970 59 18 Stats-

120 1005 92 17 utskottet
224 1006 63 16 ansett
299 1005 56 22 nödig
367 1004 109 23 debitering
488 1005 45 18 böra
544 1005 41 18 med
594 1005 33 18 det
635 1005 60 18 första
703 1005 94 22 utverkas,
805 1005 75 22 jemlikt

117 1039 71 18 Finska
205 1039 226 22 Krigskommissariatets
448 1039 98 18 skrifvelse
562 1039 20 18 af
594 1039 35 18 den
642 1040 21 16 12
675 1039 51 18 Mars
739 1039 45 18 1898
796 1040 32 21 egt
839 1043 41 13 rum

119 1074 97 23 samtidigt
233 1073 41 18 med
292 1073 83 23 ligviden
394 1079 29 12 om
441 1074 61 23 öfriga
519 1074 31 17 till
565 1073 59 19 finska
636 1074 94 18 militären
743 1073 137 19 öfverlemnade

119 1110 56 21 gevär
187 1108 34 18 och
233 1110 96 21 patroner;

188 1143 19 23 9)
220 1144 30 17 att
261 1143 41 17 med
315 1142 102 23 anledning
429 1143 21 17 af
461 1142 33 19 det
501 1143 43 18 utaf
551 1143 146 18 Statsutskottet
705 1143 113 18 framhällna
826 1142 53 19 önsk-

117 1177 112 23 ningsmälet
241 1179 34 20 att,
288 1177 29 18 för
330 1177 166 18 ästadkommande
508 1177 21 18 af
540 1183 23 12 en
576 1178 57 18 exakt
643 1178 107 22 jemförelse
759 1178 11 18 &
779 1183 35 13 ena
826 1177 53 18 sidan

117 1212 69 17 mellan
199 1212 22 18 de
234 1212 94 17 ordinarie
341 1212 105 22 utgifterna
459 1212 60 23 enligt
527 1213 93 22 budgeten
629 1213 34 18 och
671 1213 153 22 räkenskaperna
832 1214 48 16 samt

118 1247 11 17 å
147 1247 35 17 den
201 1247 58 17 andra
270 1247 69 17 mellan
353 1247 22 17 de
388 1247 62 18 skilda
462 1247 90 22 anslagen
564 1247 58 18 under
635 1247 125 18 hufvudtiteln
775 1249 63 16 »extra
850 1249 29 15 ut-

119 1281 66 22 giftere
205 1281 34 18 och
257 1281 23 18 de
298 1281 85 18 faktiska
397 1281 105 22 utgifterna
514 1282 28 17 för
556 1287 68 12 samma
636 1282 90 21 ändamål,
738 1282 141 23 räkenskaperna

119 1317 50 16 borde
180 1316 48 21 föras
242 1316 7 17 i
260 1321 88 17 noggrann
361 1316 177 21 öfverensstämmelse
550 1317 38 17 med
596 1317 87 22 budgeten,
693 1317 29 18 och
732 1318 31 17 den
768 1317 112 22 jemförande

118 1350 59 18 tablån
195 1350 48 21 öfver
261 1351 20 16 de
299 1350 22 21 af
336 1351 95 17 ständerna
448 1352 93 21 godkända
560 1353 44 16 samt
620 1352 20 17 de
652 1352 80 21 faktiska
744 1352 95 22 utgifterna
850 1352 30 20 för

117 1385 56 22 finska
191 1385 88 17 militären
297 1387 88 21 uppgöras
398 1386 7 17 i
417 1386 75 22 enlighet
509 1386 38 17 med
558 1386 145 23 räkenskaperna,
716 1386 163 23 Krigskommissa-

119 1420 57 17 riatet
194 1419 28 18 uti
241 1419 98 18 skrifvelse
355 1420 21 17 af
393 1420 36 18 den
448 1421 22 16 17
490 1421 50 18 Mars
559 1421 45 18 1898
620 1421 93 18 anbefalts
725 1421 56 22 tillse,
794 1422 29 17 att
834 1421 45 17 bok-

118 1454 85 22 föringen
221 1453 20 18 af
259 1454 22 17 de
297 1454 83 18 militära
393 1455 106 22 utgifterna
511 1455 29 18 vid
552 1455 213 23 Krigskommissariatet
776 1455 66 18 varder
854 1455 25 22 på

120 1487 141 24 ifrågavarande
274 1490 39 15 sätt
325 1489 79 22 ordnad;

927 376 30 15 Pag.
975 376 20 12 18.

927 937 35 15 Pag.
973 937 21 12 24.

925 1145 36 15 Pag.
972 1145 22 12 29.
