1103 1795
271 171 27 21 36
617 171 10 22 I

241 241 139 25 näringarne,
400 240 126 27 uppäragits
545 242 33 20 att
595 240 91 22 aflemna
701 241 101 27 yttrande
816 241 80 26 jemväl
911 241 7 20 i
934 241 69 21 denna

241 273 68 28 fråga,
333 274 39 21 och
395 274 96 21 kommer
513 274 166 27 ifrågavarande
698 275 154 27 underdänigä:
862 274 92 27 petition
968 276 36 20 att

241 307 133 28 handläggas
390 309 7 20 i
412 309 154 27 sammanhang
585 309 49 21 med
649 309 76 27 frägan
742 315 34 16 om
792 309 116 27 ändringar
923 309 7 21 i
946 309 57 21 vissa

241 342 61 21 delar
318 343 23 21 af
356 343 150 27 förordningen
524 349 34 15 om
574 343 136 28 näringarne.

311 378 37 27 24)
364 378 37 21 Uti
417 378 133 27 underdänig
560 377 111 22 skrifvelse
687 378 24 21 af
723 378 41 21 den
779 379 26 20 14
820 377 42 28 Maj
874 378 53 21 1897
938 377 64 22 hafva

241 411 122 23 Ständerna
379 411 89 22 anhällit
484 415 32 19 att
532 412 40 22 den
586 412 129 27 treklassiga
726 413 86 26 privata
822 412 74 22 skolan
907 412 6 21 i
924 412 78 22 Marie-

240 447 65 20 hamn
328 446 67 21 mätte
418 447 121 26 öfvertagas
559 446 23 21 af
600 449 71 19 staten
687 448 39 21 och
743 446 138 22 sammansläs
897 447 48 20 med
961 447 41 21 den

240 481 67 21 redan
330 481 134 22 existerande
488 481 133 27 tväklassiga
639 482 194 21 elementarskolan
852 481 33 21 till
903 483 30 19 ett
949 481 52 22 fem-

240 515 91 27 klassigt
350 515 100 22 läroverk
468 516 49 21 med
532 516 60 21 säväl
608 516 55 21 real-
679 522 46 15 som
741 516 93 21 klassisk
850 515 49 22 linie
915 516 40 21 och
971 515 30 22 af-

240 549 85 22 slutade
345 550 76 21 kurser
444 553 56 18 samt
522 552 33 19 att
571 551 76 20 skolan
661 550 55 27 finge
732 553 97 24 mottaga
844 551 71 21 säsom
931 551 70 21 elever

239 584 56 21 bäde
311 590 74 21 gossar
401 585 40 20 och
454 585 74 21 flickor
547 584 111 22 äfvensom
677 587 32 19 att
720 585 119 21 Sordavala
849 585 152 27 privatlyceum

240 619 68 21 mätte
325 619 123 27 öfvertagas
464 619 23 21 af
501 622 70 19 staten
588 621 56 19 samt
659 619 100 27 utvidgas
774 619 33 21 till
822 622 32 19 ett
866 619 135 28 fullständigt

239 653 154 28 finskspräkigt
408 654 113 21 klassiskt-
536 654 54 21 eller
605 654 135 27 reallyceum.

310 688 42 22 Vid
368 688 68 21 skedd
450 688 135 27 underdänig
595 688 154 28 föredragning
759 689 23 21 af
791 689 89 20 ärendet
890 688 41 21 har
940 689 60 20 Hans

240 723 121 27 Kejserliga
376 723 102 26 Majestät
493 723 70 22 funnit
578 723 53 28 godt
646 724 7 20 i
668 723 67 22 näder
750 723 104 22 förordna
868 725 32 19 att
910 723 90 21 treklas-

240 758 46 26 siga
297 757 85 26 privata
397 758 75 21 skolan
482 758 8 21 i
500 757 134 22 Mariehamn
646 757 55 22 skall
713 757 123 27 öfvertagas
848 757 24 20 af
880 759 70 19 staten
961 757 39 21 och

239 792 142 21 sammansläs
401 792 48 21 med
468 792 40 21 den
528 792 111 21 derstädes
657 792 67 21 redan
742 791 111 28 befintliga
870 791 130 27 tväklassiga

239 826 197 21 elementarskolan
456 827 34 21 till
510 829 31 19 ett
559 826 134 27 femklassigt
708 826 147 21 realläroverk
871 826 49 21 med
934 826 66 21 afslu-

240 861 51 21 iade
305 861 76 21 kursor
391 863 56 19 samt
457 867 124 21 gemensam
592 861 155 27 undervisning
756 861 35 21 för
798 867 75 20 gossar
880 860 39 21 och
926 860 75 21 flickor

240 895 109 22 äfvensom
361 897 32 20 att
403 895 119 22 Sordavala
532 896 153 27 privatlyceum
696 896 56 21 skall
764 895 24 22 af
796 897 71 20 staten
878 895 122 27 öfvertagas

240 930 40 22 och
295 931 102 26 utvidgas
413 931 33 21 till
462 933 31 19 ett
503 931 137 27 fullständigt
649 931 130 27 reallyceum
789 930 50 21 med
849 930 64 21 finskt
923 930 76 21 under-

239 965 163 27 visningsspräk
428 965 39 22 och
493 965 40 22 har
548 965 8 22 i
571 966 94 27 enlighet
683 965 92 22 härmed
790 965 66 26 nådig
871 964 128 27 kungörelse

238 999 109 22 utfärdats
363 999 40 22 den
419 1001 13 20 4
447 1000 92 27 Augusti
556 1001 62 20 1898.

309 1034 37 28 25)
371 1034 38 21 Uti
432 1034 133 27 underdänig
588 1034 111 21 skrifvelse
722 1034 24 21 af
764 1034 40 21 den
827 1034 25 21 21
876 1033 43 27 Maj
945 1033 53 21 1897

237 1068 68 21 hafva
327 1069 122 22 Ständerna
472 1069 91 21 anhållit
582 1071 34 20 att
631 1069 24 21 af
668 1068 199 27 bevillningsmedel
884 1067 115 22 understöd

239 1102 24 21 af
276 1103 64 27 3,000
356 1104 61 20 mark
432 1103 81 27 ärligen
533 1105 68 20 mätte
620 1103 88 28 beviljas
725 1103 26 22 de
767 1103 24 21 af
804 1103 84 21 landets
902 1102 97 27 folkhög-

239 1137 81 27 skolor,
337 1143 45 16 som
398 1138 67 21 under
480 1144 26 15 en
522 1138 106 21 arbetstid
642 1138 24 21 af
679 1138 37 21 två
731 1137 25 22 är
771 1143 76 22 genom
863 1139 61 19 arten
935 1137 23 21 af
967 1137 32 20 sin

238 1171 153 28 undervisning
414 1173 54 20 visat
486 1173 32 26 sig
536 1172 102 22 befordra
657 1172 100 28 praktisk
773 1171 157 28 medborgerlig
945 1171 54 21 bild-

237 1206 58 27 ning,
315 1206 119 27 hvarjemte
454 1207 120 22 Ständerna
595 1207 81 22 anmält
694 1208 35 21 att
744 1208 32 21 ett
791 1207 77 26 belopp
884 1205 23 22 af
921 1206 77 26 24,000

239 1241 62 21 mark
317 1241 33 21 för
366 1241 29 28 är,
412 1241 52 21 eller
479 1241 76 22 inalles
570 1242 78 26 72,000
663 1241 63 22 mark
740 1241 36 22 för
791 1241 51 21 ären
858 1241 140 21 1898—1900

237 1274 72 23 blifvit
324 1275 24 22 af
362 1275 120 22 Ständerna
494 1276 37 23 för
546 1276 167 27 ifrågavarande
729 1275 99 22 ändamål
844 1275 102 26 anslaget.

308 1310 42 21 Vid
373 1310 67 21 skedd
463 1311 133 27 underdånig
618 1311 154 27 föredragning
794 1310 25 21 af
840 1311 60 20 detta
919 1309 79 22 ärende

237 1344 41 20 har
293 1345 60 21 Hans
369 1345 121 27 Kejserliga
504 1345 102 27 Majestät
621 1345 6 21 i
642 1345 68 21 nåder
726 1344 96 22 anbefalt
837 1346 32 20 att
880 1344 119 21 detsamma

237 1378 57 21 skall
309 1378 83 22 lemnas
409 1381 51 20 utan
475 1378 107 23 afseende.

308 1414 37 26 26)
375 1413 38 22 Uti
435 1413 133 28 underdånig
589 1413 111 22 skrifvelse
723 1413 23 22 af
768 1413 40 22 den
826 1414 28 21 29
876 1413 43 27 Maj
944 1413 53 21 1897

237 1447 66 22 hafva
325 1448 121 21 Ständerna
468 1447 90 22 anhållit
576 1450 33 20 att
624 1455 26 14 en
665 1448 83 21 komité
763 1448 23 21 af
800 1447 132 26 sakkunniga
949 1453 49 21 per-

236 1487 67 16 soner
317 1481 68 22 måtte
399 1484 103 20 tillsättas
517 1483 7 21 i
539 1482 98 22 ämäämä!
653 1484 32 20 att
699 1482 123 22 undersöka
833 1481 41 22 och
885 1481 68 22 uttala
965 1482 33 27 sig

236 1516 117 22 huruledes
377 1516 22 22 åt
414 1517 7 21 i
437 1517 75 27 sedligt
535 1517 101 22 afseende
659 1517 138 22 vanvårdade
820 1516 40 22 och
880 1516 117 22 vanartade
