1103 1795
330 180 91 18 Antellska
435 180 133 23 samlingarnas
581 181 71 17 tillväxt
665 180 29 17 och
709 180 48 17 vård.
895 180 22 17 25

168 252 37 26 sig
221 258 85 21 genom
328 251 37 22 val
387 251 23 22 af
430 251 125 29 suppleant
571 252 26 21 sä
616 251 70 29 länge
704 251 111 22 behofvet
831 251 86 29 påstår.

170 287 29 22 Af
223 287 153 22 förevarande
400 287 124 22 berättelse
549 287 111 28 framgår,
682 288 33 21 att
740 287 177 28 Delegationen,

169 322 26 23 så
211 323 37 22 väl
265 323 38 22 vid
321 323 161 28 etnografiska
498 323 71 28 inköp
586 329 50 16 som
654 323 68 22 äfven
740 329 86 15 annars
837 322 30 22 da
879 322 39 22 det

168 359 50 28 gält
234 360 35 21 att
284 362 65 19 utom
366 359 78 22 landet
461 359 123 28 tillgodose
602 359 166 28 samlingarna,
787 359 60 21 varit
864 358 53 22 nöd-

169 394 73 22 sakad
264 394 113 23 öfverlåta
400 395 100 22 beslutet
521 396 23 21 at
565 395 148 28 sakkunnigt
730 394 94 27 ombud,
848 394 69 22 äfven

169 430 30 22 dä
215 430 39 22 det
270 430 52 22 icke
338 432 61 20 varit
416 430 66 29 fråga
498 438 38 15 om
553 430 97 23 föremal
667 430 24 22 af
702 430 91 22 mindre
806 430 111 28 betyden-

169 466 45 22 het.
247 466 32 22 På
303 466 77 28 grund
403 466 66 22 häraf
490 466 36 22 får
546 466 171 29 Delegationen
738 466 84 21 föresla
844 465 72 22 sädan

170 501 143 29 förändring,
340 504 34 20 att
399 503 5 20 i
429 509 69 15 mom.
516 502 21 22 b.
560 502 24 22 af
604 502 44 22 den
672 506 54 18 1897
744 501 124 23 faststälda
885 502 32 21 in-

169 538 146 22 struktionen
334 538 220 29 mellanmeningen,
573 538 43 27 ,da
633 538 95 28 inköpet
747 537 63 22 afser
821 537 96 22 föremal

169 573 24 22 af
210 573 89 22 mindre
317 573 163 28 betydenhet",
497 574 76 22 skulle
591 573 94 29 utbytas
704 575 54 21 mot:
780 573 42 28 ,dä
834 573 84 22 sädant

169 609 51 22 icke
238 609 46 22 kan
304 609 137 22 undvikas".

241 645 150 23 Beträffande
409 645 28 22 de
454 645 23 22 åt
495 645 166 28 Delegationen
683 645 152 22 ombetrodda
856 645 61 22 med-

169 681 38 22 len
222 681 92 22 lämnas
331 682 81 27 längre
429 681 58 22 fram
507 688 29 15 en
553 681 70 27 tablå,
636 688 49 15 som
697 682 90 21 utvisar
799 681 68 22 deras
880 681 36 22 be-

170 717 51 28 lopp
234 717 43 22 och
289 717 152 28 användning
452 717 73 22 sedan
538 717 141 28 föregående
691 717 158 28 redovisning.
867 717 49 22 Den

169 753 130 28 fördelning
317 753 24 21 af
357 753 44 22 den
419 753 73 28 arliga
513 753 169 28 afkastningen
699 752 53 23 frän
769 753 148 22 Kammarra-

169 789 39 22 det
226 788 99 23 Herman
342 788 146 29 Rosenbergs
505 789 62 26 fond,
585 795 50 16 som
652 789 23 22 af
693 792 55 19 1897
761 788 38 23 ärs
811 788 106 27 Ständer,

169 824 53 22 med
240 825 89 28 hänsyn
350 825 33 21 till
400 825 109 22 testators
526 826 7 20 i
549 825 105 22 lifstiden
671 824 80 23 visade
768 825 99 21 intresse
884 824 35 22 för

169 861 52 21 sina
242 860 116 23 särskilda
379 861 135 28 samlingar,
532 861 116 22 faststälts
665 862 34 20 att
716 860 62 29 gälla
794 860 38 22 vid
850 859 68 23 deras

169 896 127 22 förökande
317 896 75 22 under
413 896 151 22 förevarande
584 896 182 29 ständerperiod,
786 896 42 22 har
844 895 73 22 öfver-

170 932 88 21 hufvud
281 934 67 27 synts
369 932 94 29 lämpad
484 932 59 22 efter
565 931 235 23 förhandenvarande
817 934 100 19 omstän-

169 967 111 28 digheter.
304 967 133 22 Emellertid
450 967 42 23 har
504 968 24 21 af
540 968 106 28 anslaget
659 967 34 22 för
703 968 71 21 konst
784 967 44 22 och
840 967 77 22 konst-

169 1003 107 27 industri,
301 1010 50 15 som
376 1006 70 26 utgar
471 1004 52 22 med
548 1004 27 29 %/;
600 1003 24 22 af
646 1003 98 22 fondens
768 1003 150 26 ärsafkomst,

170 1039 76 28 ätgätt
270 1039 175 29 sammanlagdt
470 1039 84 22 endast
575 1039 60 22 Fmk
656 1043 86 23 64,555:
760 1043 34 23 35,
812 1039 26 22 sä
855 1041 34 20 att
906 1047 12 14 a

170 1075 107 28 anslaget
297 1075 87 22 återstå
406 1075 37 22 vid
459 1075 122 28 utgången
599 1075 23 22 af
639 1075 25 22 är
682 1079 55 18 1899
754 1075 60 22 Fmk
833 1078 84 23 14,766:

169 1114 35 23 47,
222 1111 83 22 medan
323 1111 28 22 de
367 1111 179 28 vetenskapliga
563 1111 168 28 samlingarna,
748 1117 50 16 som
813 1110 104 29 tillgodo-

169 1153 38 16 ses
225 1147 53 21 med
297 1147 26 28 !/;
340 1147 23 21 af
380 1146 178 27 ärsafkomsten,
576 1147 72 22 hafva
660 1147 63 22 kräft
734 1153 28 15 en
773 1146 144 29 jämförelse-

169 1183 35 21 vis
216 1185 73 19 större
301 1184 83 27 anpart
398 1183 23 21 af
433 1182 166 26 räntemedlen,
612 1183 55 21 eller
675 1182 176 29 sammanlagdt
862 1182 55 22 Fmk

169 1221 87 23 33,691:
274 1222 37 23 27;
329 1217 14 23 &
359 1218 107 28 anslaget
483 1217 87 23 äterstä
587 1218 84 22 endast
687 1218 58 22 Fmk
758 1221 35 18 87:
807 1221 33 23 15,
853 1217 64 22 hvar-

167 1255 75 27 jämte
263 1253 26 23 är
312 1257 55 19 1898
389 1254 24 22 af
429 1253 43 23 den
492 1254 37 29 !/;,
549 1261 49 15 som
616 1255 140 21 reserverats
774 1253 35 22 för
825 1255 35 20 att
875 1253 43 22 för-

169 1289 81 22 stärka
267 1289 39 22 det
322 1296 43 15 ena
382 1290 55 21 eller
453 1289 75 22 andra
544 1290 114 28 anslaget,
675 1289 95 22 anlitats
788 1289 36 22 för
841 1291 77 20 veten-

169 1325 108 29 skapliga
302 1325 110 22 ändamål
437 1325 60 22 Fmk
519 1329 49 23 861,
590 1325 85 22 medan
696 1325 36 22 för
748 1325 99 22 konsten
865 1325 54 22 eller

170 1361 189 22 konstindustrin
376 1360 85 23 sädant
477 1361 53 22 icke
547 1362 61 21 varit
624 1361 87 28 nödigt.
736 1360 77 23 Ocksä
831 1361 88 21 utvisar

170 1397 100 22 tabellen
287 1398 14 21 &
317 1397 42 22 sid.
377 1401 20 23 3,
414 1397 112 22 hurusom
543 1397 39 22 vid
594 1396 119 29 ingängen
726 1397 22 22 af
759 1396 160 23 innevarande

169 1433 26 22 är
212 1433 107 28 anslaget
336 1433 35 22 för
388 1433 68 22 konst
472 1433 43 22 och
533 1433 170 22 konstindustri
720 1432 91 29 uppgär
828 1432 34 22 till
881 1431 38 23 det

171 1468 131 29 betydande
329 1469 105 28 beloppet
457 1469 25 22 af
506 1469 60 22 Fmk
587 1472 86 23 43,583:
696 1472 34 23 35,
752 1468 86 22 medan
863 1471 55 19 mot-
