1103 1795
357 193 29 22 U.
402 193 28 22 B.
446 206 26 2 -—
489 192 158 21 II-—XXXII.
856 192 26 20 67

193 259 131 26 Ärsräntan
343 263 36 22 får
397 263 127 27 användas,
538 263 74 28 enligt
626 262 183 29 Skolstyrelsens
822 262 61 29 pröf-

123 299 59 28 ning
210 298 43 21 och
275 297 181 28 bestämmande,
475 298 75 21 såsom
567 297 67 29 hjälp
652 296 43 23 och
713 296 128 22 understöd
859 297 25 21 ät

124 333 179 22 folkskollärare
330 332 43 22 och
400 332 138 27 lärarinnor,
558 331 30 22 dä
609 331 29 22 de
660 331 23 22 af
701 331 109 29 sjukdom
828 331 56 21 eller

125 367 119 22 älderdom
262 367 79 22 blifvit
358 367 162 22 urständsatta
538 368 35 20 att
591 366 72 21 verka
680 366 9 21 i
707 365 43 22 sitt
767 365 55 22 kall.

194 454 19 25 2)
244 453 81 22 Isidor
351 453 161 22 Dannströms
543 452 215 23 testamentsfond.
795 452 90 22 Genom

125 489 138 20 testamente
291 487 22 21 af
340 486 45 22 den
414 487 13 21 9
456 487 51 28 juni
537 487 63 21 1886
628 486 53 22 med
709 486 78 22 däruti
805 487 79 29 gjordt

125 521 84 29 tillägg
236 521 23 22 af
287 521 44 21 den
351 522 13 20 3
384 521 122 22 december
533 529 16 13 s.
569 522 19 20 ä
614 521 42 21 har
681 521 99 21 svenske
800 521 83 22 under-

125 557 66 20 säten
218 555 75 22 Isidor
319 556 143 21 Dannström
486 555 43 22 och
546 555 59 22 hans
624 555 82 22 hustru
724 555 62 22 Rosa
805 556 78 21 Dann-

125 593 70 19 ström
222 589 121 23 förordnat
370 590 71 22 bland
470 592 73 19 annat
566 592 35 19 att
628 590 23 21 af
677 589 67 22 deras
770 590 114 22 efterläm-

124 624 61 23 nade
216 625 181 28 kvarlåtenskap
429 625 127 21 lasaretten
583 625 9 21 i
618 620 52 25 Åbo
701 625 44 21 och
775 625 108 28 Helsing-

125 660 47 21 fors
191 659 74 22 skulle
284 659 113 22 hvardera
415 660 76 21 säsom
510 659 134 28 grundfond
660 659 36 22 till
708 659 176 22 konvalescent-

126 694 52 21 hem
196 694 121 21 bekomma
338 694 90 27 10,000
447 694 73 21 mark.

195 778 21 25 3)
232 779 28 20 A.
275 777 23 22 J.
314 777 150 22 Johanssons
481 777 193 22 donationsfond
689 777 40 22 för
743 777 140 28 lungsjuke.

127 815 76 22 Sedan
230 815 134 21 direktören
387 815 37 21 för
441 814 72 22 Hotel
531 814 113 29 Rydberg
671 814 8 21 i
701 814 136 22 Stockholm
856 815 27 20 A.

125 850 22 21 J.
181 849 133 22 Johansson
340 849 38 22 till
407 849 151 21 bestridande
593 849 23 22 af
646 849 170 22 sanatoriivärd
849 849 35 22 för

125 884 126 29 lungsjuke
277 883 72 22 bland
376 883 140 22 underbefäl
542 883 44 22 och
613 883 113 29 manskap
750 883 40 22 vid
809 883 75 22 finska

126 919 117 21 militären
262 918 86 22 förärat
369 918 90 27 10,000
478 918 72 27 mark,
569 918 43 21 har
629 918 30 21 K.
670 917 102 22 Senaten
791 918 45 21 den
852 918 29 21 21

127 953 59 28 april
212 953 64 22 1898
298 952 122 22 förordnat
439 955 35 18 att
492 952 130 22 tillsvidare
642 952 82 22 endast
742 955 110 19 räntorna
872 953 13 20 ä

129 987 216 22 donationsmedlen
364 987 63 28 finge
445 987 37 22 för
500 987 133 21 ändamälet
646 987 126 27 användas,
785 987 99 22 hvarhos

127 1022 174 21 Statskontoret
323 1021 116 22 anbefalts
457 1021 93 22 medlen
568 1021 101 22 förvalta
687 1021 44 22 och
749 1021 8 22 i
776 1029 28 14 en
823 1021 61 22 skild

126 1056 56 22 fond
201 1057 103 26 bokföra,
318 1058 59 19 samt
395 1056 92 28 ärligen
505 1056 31 29 pä
553 1056 279 29 Krigskommissariatets
851 1063 34 14 re-

126 1091 112 22 kvisition
256 1090 104 22 utbetala
378 1093 113 19 räntorna
509 1091 61 21 därä.

312 1266 381 35 Donationsgodsen.

194 1364 139 22 Relationen
349 1364 121 29 angäende
486 1365 29 21 de
530 1364 26 22 af
570 1364 140 22 statsverket
720 1364 88 22 inlösta
816 1364 70 22 dona-

127 1399 150 29 tionsgodsen
292 1399 8 21 i
316 1399 100 28 Viborgs
433 1399 43 22 och
493 1399 35 22 S:t
542 1399 97 22 Michels
655 1399 38 21 län
709 1399 37 21 för
762 1399 56 21 ären
831 1400 54 21 1896

126 1435 84 20 —1898
233 1433 90 28 (XXV)
345 1437 116 24 upptager
484 1437 64 18 ännu
572 1435 26 20 13
614 1433 64 29 gods,
695 1434 13 20 å
723 1433 83 21 hvilka
820 1433 65 21 land-

126 1468 84 21 boerne
224 1467 52 22 icke
292 1467 93 22 erhällit
400 1467 136 22 skattebref.
559 1467 138 22 Emellertid
712 1467 72 22 hafva
799 1467 86 22 skatte-

126 1503 53 21 bref
191 1502 118 22 utfärdats
321 1502 36 21 för
373 1502 143 22 landboerne
532 1503 14 21 &
561 1503 117 21 Laurola
671 1498 15 36 i
691 1502 121 22 december
824 1503 63 26 1895,

196 1549 145 18 Statsutskottets
353 1548 112 18 betänkande
478 1548 38 17 N:o
529 1548 17 18 2.
