1103 1795
481 162 11 21 I
808 164 27 21 23

105 231 179 28 tillskottsanslag
299 231 7 21 i
321 231 239 28 bevillningsbudgeten
578 231 34 21 för
628 231 143 22 innevarande
786 232 78 22 finans-

104 266 82 28 period,
203 268 51 20 utan
270 266 70 21 funnit
356 270 33 18 att
405 266 119 22 detsamma
539 266 35 21 vid
585 265 198 23 förstinstundande
793 267 71 22 landt-

105 301 41 26 dag
160 300 40 22 bör
215 301 45 21 deri
273 303 114 25 upptagas,
397 301 40 21 har
447 301 62 21 Hans
520 300 101 27 Majestät
631 300 109 28 Kejsaren,
751 301 35 20 vid
797 301 67 22 skedd

104 335 131 27 underdånig
259 335 153 27 föredragning
430 335 23 21 af
472 335 60 22 detta
552 335 81 21 ärende
648 335 39 22 den
703 335 28 21 29
747 335 46 28 (17)
812 335 51 22 Juni

107 371 60 24 1899,
189 370 71 21 täckts
283 369 134 22 Ständernas
441 369 143 22 omförmälda
606 370 70 21 beslut
698 369 86 28 nådigst
805 371 58 20 stad-

104 405 58 21 fästa
186 406 55 20 samt
267 404 71 22 tillika
360 405 7 21 i
391 404 67 22 nåder
478 404 108 22 fastställa
609 405 41 21 den
673 404 32 22 till
727 404 65 28 nådig
806 405 58 27 pröf-

104 440 51 27 ning
170 440 89 21 insända
275 440 107 27 ritningen
398 440 33 21 till
442 440 140 21 förenämnda
592 439 145 28 gafvelgrupp.
767 440 46 21 Och
824 440 40 21 har

105 474 131 27 bestyrelsen
255 473 33 22 för
307 474 114 21 utförande
441 474 23 21 af
480 473 164 28 ifrågavarande
660 473 138 28 gafvelgrupp
814 474 49 21 blif-

105 509 30 21 vit
157 508 74 21 härom
254 508 149 28 underrättad,
427 509 93 21 hvarhos
541 508 141 22 förenämnda
696 509 82 26 ritning
793 508 71 22 blifvit

105 543 32 22 till
153 543 132 27 bestyrelsen
302 543 122 21 öfversänd.

105 681 42 22 D.
176 676 91 27 Ärenden
291 681 28 22 uti
343 681 65 22 hvilka
426 681 116 22 Ständerna
556 680 30 22 till
602 681 55 22 Hans
673 681 113 28 Kejserliga
801 681 61 27 Maje-

171 721 56 22 stäts
243 721 76 28 nådiga
334 721 137 28 bepröfvande
482 721 104 22 framstält
597 721 139 28 underdåniga
746 721 116 28 petitioner.

175 785 20 26 1)
210 784 38 22 Uti
263 784 134 27 underdånig
412 784 112 22 skrifvelse
541 784 23 22 af
578 785 41 21 den
636 785 25 20 21
679 784 42 27 Maj
734 785 53 21 1897
799 785 65 21 hafva

105 819 120 21 Ständerna
247 819 91 22 anhällit
362 821 33 19 att
417 819 33 21 till
472 820 50 20 näst
541 819 202 22 sammanträdande
758 819 105 27 landtdag

105 854 67 21 måtte
188 853 76 22 aflåtas
279 853 66 28 nådig
359 853 143 28 proposition,
518 854 18 27 ej
553 853 83 22 mindre
646 859 35 16 om
692 853 68 22 sådan
771 853 91 28 ändring

105 887 23 22 af
141 888 13 21 5
169 888 11 27 8
196 887 6 22 i
218 887 78 28 nådiga
315 887 153 28 förordningen
489 894 34 15 om
539 887 134 28 näringarne,
688 887 71 28 gifven
776 888 40 21 den
834 889 26 20 31

104 921 59 22 Mars
187 923 61 26 1879,
268 925 33 19 att
316 923 104 26 rättighet
439 922 32 22 till
487 922 139 22 bedrifvande
642 923 23 21 af
678 923 78 21 handel
772 922 13 21 &
799 923 63 27 gator

105 957 38 21 och
160 959 47 25 torg
221 963 77 21 genom
313 957 53 21 barn
383 957 68 22 under
468 957 26 21 15
510 956 24 22 är
550 957 56 21 skall
621 957 72 21 kunna
708 963 76 21 genom
788 952 13 37 i
799 957 63 21 sär-

105 991 66 22 skildt
193 991 140 22 föreskrifven
357 991 90 28 ordning
469 991 113 22 tillkomna
596 991 162 28 bestämningar
773 991 36 21 vid
824 997 38 16 an-

105 1032 48 15 svar
168 1025 117 28 förbjudas,
298 1028 27 19 än
337 1025 62 22 äfven
407 1028 34 20 att
448 1025 62 28 fräga
518 1032 34 15 om
562 1026 79 21 sädana
648 1026 171 27 bestämningars
828 1028 34 19 ut-

105 1060 102 21 färdande
228 1060 36 21 mä
285 1061 73 21 kunna
379 1063 107 25 upptagas
502 1060 24 21 af
538 1060 201 27 stadsfullmäktige,
754 1060 85 21 hvilkas
854 1060 7 21 i

104 1094 87 22 ärendet
213 1095 82 22 fattade
317 1095 70 22 beslut
403 1095 101 21 insändes
520 1095 33 21 till
569 1095 161 21 vederbörande
745 1096 115 26 guvernör,

105 1135 44 16 som
169 1129 65 27 jemte
258 1132 49 24 eget
325 1129 102 27 yttrande
443 1129 141 22 öfverlemnar
600 1129 93 22 beslutet
708 1129 33 22 till
757 1129 105 22 Senatens

104 1163 273 28 Ekonomiedepartement,
394 1164 7 21 i
417 1163 100 22 afseende
532 1163 13 22 ä
555 1164 101 27 pröfning
666 1164 39 21 och
715 1163 146 22 fastställelse.

171 1198 46 22 Den
238 1199 25 21 21
285 1199 88 21 Januari
391 1199 55 21 1898
461 1198 39 21 har
515 1205 26 14 en
557 1199 81 21 komit6
654 1198 89 22 tillsatts
759 1198 35 21 för
808 1205 53 20 upp-

104 1233 93 28 görande
219 1233 24 22 af
263 1233 81 28 förslag
367 1233 33 22 till
423 1233 117 27 ändringar
555 1233 6 21 i
577 1234 57 21 vissa
657 1233 58 22 delar
738 1233 23 21 af
782 1233 79 27 nådiga

104 1268 149 27 förordningen
275 1269 41 20 den
339 1269 25 20 31
389 1268 59 21 Mars
468 1268 61 26 1879,
546 1273 33 16 om
595 1267 135 28 näringarne,
746 1267 40 22 och
801 1268 59 21 kom-

104 1309 43 14 mer
170 1302 165 27 ifrägavarande
359 1302 148 27 underdäniga
530 1302 90 27 petition
644 1305 33 19 att
699 1302 131 27 handläggas
853 1302 7 21 i

103 1337 153 27 sammanhang
276 1337 49 21 med
347 1337 76 27 frägan
446 1343 34 15 om
500 1336 68 28 öfriga
584 1336 114 28 ändringar
713 1337 7 20 i
735 1336 68 27 sagda
817 1336 43 21 för-

104 1371 95 27 ordning.

171 1407 22 26 2)
209 1407 37 21 Uti
262 1406 135 27 underdänig
413 1405 113 22 skrifvelse
542 1406 24 21 af
580 1405 40 22 den
636 1406 27 21 28
673 1405 43 28 Maj
730 1405 54 22 1897
796 1405 64 22 hafva

104 1441 117 22 Ständerna
237 1441 92 22 anhällit
344 1443 33 20 att
392 1441 61 22 Hans
467 1440 121 28 Kejserliga
602 1440 101 27 Majestät
718 1440 50 21 ville
784 1439 45 22 läta
840 1440 18 27 ej

103 1475 80 22 mindre
202 1475 127 22 införskaffa
344 1475 116 27 utredning
475 1481 33 16 om
525 1475 27 21 de
566 1475 84 26 brister,
665 1475 73 21 hvilka
753 1474 107 22 tilläfven-
