1103 1795
367 181 30 24 U.
412 182 27 22 B.
455 195 27 3 —
497 182 168 21 III-XXXII.
870 185 27 20 39

140 251 96 26 185,706:
245 251 34 26 83,
303 257 49 14 som
372 251 106 28 uppstätt
493 251 135 28 därigenom
652 253 34 19 att
708 251 122 28 upplupna
845 258 52 14 men

137 284 51 21 icke
211 284 110 21 förfallna
342 288 80 18 räntor
441 285 13 20 å
469 285 38 20 län
524 285 42 20 och
583 285 154 28 obligationer
751 285 73 21 första
840 285 57 28 gän-

137 325 45 22 gen
198 318 7 21 i
221 318 64 21 detta
307 318 94 21 bokslut
424 318 150 27 observerats,
591 319 43 21 och
650 319 13 21 å
679 319 72 21 andra
767 319 67 22 sidan
850 319 45 22 den

137 352 112 21 likaledes
265 350 119 30 tillfälliga
399 353 109 28 utgiften,
524 355 48 19 stor
588 354 81 27 57,816:
679 354 33 25 91,
729 353 36 22 för
778 361 28 13 en
817 353 27 22 af
852 353 44 22 den

138 386 117 21 allmänna
278 386 138 30 nedgången
440 387 7 21 i
470 387 166 29 noteringarnä
657 387 14 21 &
686 387 156 29 obligationer
857 388 38 28 pä-

137 420 78 22 kallad
230 421 167 29 nedskattning
413 421 26 22 af
452 422 219 28 bokföringsvärdet
685 422 37 21 för
732 422 96 21 kassans
839 422 57 22 obli-

137 455 111 28 gationer,
270 456 26 21 så
318 456 99 21 återstår
431 463 28 14 en
482 456 151 21 nettoförlust
656 456 25 21 af
694 456 60 21 Fmk
771 457 81 26 38,818:
861 457 34 21 65.

136 489 71 21 Detta
231 489 114 29 förtjänar
369 491 26 20 sä
419 490 93 28 mycket
537 498 63 14 mera
618 490 210 29 uppmärksamhet,
846 498 49 13 som

137 523 95 22 kassans
247 524 98 28 utgifter
368 524 37 21 för
431 525 124 28 pensioner
570 524 66 22 efter
658 525 73 28 några
754 525 32 26 är,
810 525 30 21 dä
862 527 34 19 ett

137 560 71 19 större
230 559 65 20 antal
317 559 26 21 af
363 558 118 22 officerare
504 559 40 21 vid
568 558 51 22 dei
635 559 80 28 början
732 559 26 21 af
772 559 123 21 1880-talet

135 593 125 28 uppstälda
275 595 127 26 trupperna
427 593 71 21 blifva
513 593 263 28 pensionsberättigade,
792 593 101 28 antagli-

137 634 44 21 gen
197 627 92 21 komma
305 629 34 19 att
354 627 57 21 ökas
426 627 9 21 i
450 627 117 29 betydligt
582 627 103 22 starkare
700 627 148 29 progression
864 631 29 17 än

136 660 98 22 härtills.
264 661 37 21 D&
323 661 165 28 behällningen
510 661 23 21 af
556 661 279 22 öfverskottsstatsmedel
858 661 36 22 för

136 696 144 21 närvarande
296 696 125 28 medgäfve
437 699 34 18 att
486 696 115 21 förstärka
622 696 271 28 krigsmanshuskassans

136 730 97 29 kapital,
257 730 43 21 och
323 730 34 21 dit
379 730 132 22 öfverförda
532 730 74 21 medel
622 738 83 21 genom
721 731 109 28 utläning
846 733 48 18 mot

135 764 154 29 inteckning
276 760 14 38 i
300 764 205 29 landsfastigheter
512 765 89 28 jämväl
612 765 94 21 komma
719 765 44 21 den
775 765 118 21 allmänna

135 799 101 21 rörelsen
260 799 37 21 till
320 799 35 21 till
378 799 68 28 godo,
470 807 66 13 anser
558 799 122 22 Utskottet
695 799 37 28 sig
747 799 56 21 böra
818 799 74 21 säsom

136 833 128 21 önskvärdt
286 833 123 22 framhålla
425 836 31 18 att
471 835 31 26 af
513 834 254 27 öfverskottsstatsmedei
784 841 26 14 en
825 836 68 19 större

134 868 138 27 öfverföring
295 868 42 27 för
361 868 260 27 krigsmanshuskassans
640 868 162 27 förstärkande
824 868 69 21 skulle

135 909 38 21 ega
189 909 54 15 rum.

246 1039 534 29 Kommunikationsfonden.

202 1109 12 21 I
234 1109 129 21 relationen
386 1109 56 28 ingå
457 1109 122 21 enahanda
594 1109 128 28 räkningar
737 1114 43 17 och
796 1109 94 28 tablåer,

133 1150 49 15 som
197 1143 9 21 i
224 1143 29 22 de
268 1143 131 26 relationer,
421 1143 81 22 hvilka
517 1144 35 21 till
568 1146 103 19 närmast
686 1143 140 29 föregående
842 1143 49 29 lag-

133 1177 57 22 tima
205 1177 141 29 landtdagar
361 1177 128 22 aflämnats.

201 1212 71 21 Emot
288 1211 220 29 kapitalräkningen
523 1211 36 22 för
576 1213 54 20 1897
647 1212 68 26 (XVI
730 1219 16 14 s.
764 1214 22 24 5)
803 1213 37 20 må
851 1219 40 14 an-

133 1246 98 27 märkas,
255 1248 35 19 att
304 1246 8 21 i
327 1249 83 25 posten
433 1246 109 28 utgifter
557 1245 35 22 för
607 1246 72 28 rörlig
694 1246 106 21 materiel
816 1254 30 13 m.
861 1253 29 15 m.

132 1280 40 21 vid
180 1280 212 28 statsjärnvägarne
399 1280 59 21 Fmk
467 1281 119 26 4,350,274:
593 1281 41 21 49%
641 1280 56 28 ingå
703 1280 60 21 Fmk
772 1281 119 26 10,880:24,

133 1322 28 14 en
177 1315 78 28 utgift,
269 1321 49 14 som
334 1314 212 29 statsjärnvägarne
561 1314 46 21 fätt
621 1314 131 22 vidkännas
767 1314 37 22 för
819 1315 72 28 dyna-

133 1348 188 22 mitkatastrofen
336 1348 40 22 vid
391 1348 89 22 Antrea
497 1350 61 20 1896.
588 1348 12 22 I
615 1348 224 29 statsjärnvägarnes
855 1352 35 18 rä-

132 1382 130 29 kenskaper
274 1382 42 23 har
331 1382 76 22 denna
415 1383 137 29 utgiftspost
560 1382 89 30 päförts
658 1382 231 29 trafikkostnaderna,

132 1417 91 22 hvilket
244 1425 69 20 synes
336 1417 121 22 Utskottet
479 1417 119 29 riktigare,
621 1417 30 21 dä
665 1417 40 21 det
721 1417 168 28 nyanskaffade

132 1451 83 22 endast
230 1452 66 27 afsäg
311 1454 130 19 attersätta
456 1451 40 22 det
511 1451 121 27 förstörda,
649 1459 52 13 men
718 1451 19 28 ej
754 1451 74 22 ökade
845 1451 45 22 den

131 1486 88 28 rörliga
241 1486 140 22 materielen.
412 1485 90 22 Genom
525 1493 32 14 nu
578 1486 121 21 anmärkta
716 1485 174 30 förfaringssätt

201 1533 142 17 Statsutskottets
356 1532 111 18 betänkande
479 1532 38 17 N:o
529 1532 19 18 2.
