1111 1792
76 512 31 49 I.
135 523 59 27 Om
213 522 37 26 de
271 523 60 29 hos
348 514 299 47 Bankfullmäktige
658 508 170 54 förehafda

230 597 5 9 —
245 569 252 33 hufvudsakliga
516 570 142 31 ärenden.
677 584 3 2 :

428 628 46 36 81
508 642 6 2 -

144 654 70 45 Sedan
228 662 116 48 Kejserliga
358 678 94 22 Senaten
461 679 31 21 uti
503 660 113 50 skrifvelse”
619 679 46 21 från
675 679 77 21 Finans
763 679 65 27 Expe-

50 724 3 2 +
75 712 92 21 ditionen
185 712 33 21 till
236 713 134 30 Direktionen
389 713 32 21 för
439 713 103 22 Finlands
563 714 59 20 Bank
640 714 25 20 af
681 714 40 20 den
740 713 12 21 8
767 714 61 24 Mars

76 743 55 25 1898
151 746 87 22 anhällit
256 748 31 20 att
305 739 100 40 Finlands
425 744 58 25 Bank
502 748 48 21 ville
572 748 40 21 med
623 748 205 21 företrädesvis
792 739 41 40 ut-

36 802 3 1 +
75 780 88 22 Jändska
180 780 158 23 finansinstitut:
353 782 24 22 af
393 783 65 20 större
472 782 135 27 betydenhet
624 782 57 22 bilda
699 783 30 20 ett
746 782 82 21 konsor-

52 828 4 2 -
75 815 54 21 tium
151 815 32 21 för
205 815 208 28 öfvertagandefixt
428 815 27 29 pä
472 816 32 22 för
525 816 124 24 statsverket
666 816 106 27 möjligast
788 816 40 21 för-

75 850 106 27 delaktiga
195 850 65 22 vilkor
275 850 23 22 af
310 850 36 23 det
357 850 177 28 -amorteringslän
548 850 32 22 till
595 850 91 28 -högst
694 850 26 27 31/2
733 852 95 26 procents

75 884 61 21 ränta
151 884 39 21 och
204 884 48 21 med
267 885 29 20 60
310 884 217 28 ärs,amorteringstid
542 885 32 20 till
589 885 22 21 sä
626 885 52 21 stort
692 884 80 28 belopp,
784 891 44 14 som

76 919 114 21 motsvarar
210 925 25 15 en
254 919 94 21 'annuitet
362 919 31 26 af
403 919 19 21 2
441 915 95 31 miljoner
555 918 66 27 mark,
643 919 105 26 angående
766 919 64 20 hvars

75 953 133 26 upptagande
223 953 27 28 pä
267 953 87 28 lämplig
373 953 97 27 tidpunkt
485 953 37 22 och
537 954 54 21 med
601 953 106 30 anlitande
723 949 105 25 förnämli-

74 987 49 27 gast
141 987 23 22 .af
181 987 40 22 den
240 986 124 24 utländska
373 987 288 28 kapitalmarknaden
594 981 69 39 nådig
678 985 124 30 kungörelse
820 987 10 20 i

75 1021 219 23 öfverensstämmelse
302 1022 52 22 med:
362 1018 131 26 Ständernas
503 1023 35 20 vid
550 1021 52 23 1897
614 1023 33 20 års
654 1020 104 29 landtdag
767 1022 8 20 i
786 1023 50 20 äm-.

75 1057 37 22 net
119 1056 78 22 fattade
208 1057 68 21 beslut
284 1045 111 43 nästsägde
404 1057 41 27 dag
456 1057 111 28 utfärdats,
575 1058 55 23 samt
637 1057 191 26 Bankfullmäktige

70 1089 14 27 i
97 1091 113 38 anledning
220 1086 66 27 häraf
299 1098 80 17 samma
395 1091 40 28 dag
448 1091 137 28 bemyndigat
595 1090 190 33 Bankdirektionen
798 1091 31 21 att

75 1125 26 28 gå
115 1125 7 21 i
137 1126 124 27 författning
279 1133 34 14 om
323 1126 189 27 ävägabringande
531 1126 31 21 för.
580 1121 144 26 omförmälda
732 1125 96 29 ändamål

75 1160 23 21 af
111 1161 37 20 'ett
169 1161 135 24 konsortium,
324 1157 44 30 deri
389 1160 99 25 Finlands
511 1161 59 22 Bank
592 1161 67 20 skulle
680 1161 82 26 deltaga
780 1157 48 24 med

75 1195 95 26 omkring
183 1195 32 22 !/10
226 1195 23 21 af
256 1183 150 46 länebeloppet,
415 1196 31 21 lät
456 1195 188 28 Bankdirektionen
655 1201 76 21 genom
740 1194 48 21 bref
797 1195 33 20 till

75 1229 65 27 några
158 1230 192 28 penningeinstitut
362 1229 122 22 i/utlandet
502 1230 84 27 inbjuda
600 1225 65 38 dessa
685 1229 32 21 till
731 1229 98 21 bildande

75 1263 24 20 af.
115 1264 120 25 konsortier,
252 1253 74 44 hvilka.
343 1264 54 29 inom
415 1264 42 21 viss
474 1265 69 28 utsatt
560 1264 31 21 tid
610 1263 51 27 egde
679 1264 32 21 till
729 1263 100 22 Finlands

75 1297 59 30 Bank
150 1297 78 28 ingifva
237 1295 116 30 förseglade
367 1298 65 22 anbud
445 1305 36 14 om
492 1298 66 21 länets
563 1297 160 28 öfvertagande.
734 1291 11 40 .
744 1297 41 21 Vid
794 1303 36 21 ge-

73 1333 107 29 mensamt
186 1333 158 22 sammanträde
355 1333 50 21 med
415 1332 190 29 Bankdirektionen
616 1332 40 21 den
667 1332 28 21 24
705 1332 59 30 Mars
775 1332 54 21 1898

73 1363 129 33 meddelade
213 1367 137 27 ordföranden
361 1368 9 21 5
375 1365 143 24 Direktionen
532 1367 179 22 Bankdirektören'
725 1366 105 27 Wegelius

36 1403 2 2 *
73 1402 36 22 att
123 1401 8 21 i
149 1399 119 29 förberördt
284 1401 96 22 afseende
403 1401 74 22 endast
495 1403 31 20 ett
545 1401 70 29 anbud
628 1400 104 27 ingifvits,
742 1397 98 30 hvilket

843 678 118 19 Statsverkets

848 703 13 17 3
870 704 85 21 procents

883 725 38 18 län.

44 1438 16 13 +
75 1435 50 22 derä
139 1435 100 28 uppbröts
255 1436 55 23 samt
325 1435 86 27 befanns
427 1441 49 14 vara
492 1434 151 22 underskrifvet
658 1434 32 21 för
705 1434 87 27 Banque
804 1434 24 21 de

76 1469 59 23 Paris
150 1470 21 20 et
185 1467 37 23 des
227 1469 64 35 .Päys
306 1463 42 27 Bas
364 1469 32 28 af.
399 1469 21 20 J.
434 1469 25 20 V.
473 1469 57 28 Tors,
545 1468 32 21 för
586 1467 72 22 Credit
668 1467 111 28 Lyonnais,
793 1474 37 21 per

29 1514 4 2 :
50 1521 2 2 >
76 1510 118 22 procuram,
207 1503 23 23 af
242 1502 25 23 E,
281 1503 69 22 Moret
369 1495 37 29 och
426 1503 32 20 för
477 1503 130 22 Stockholms
626 1502 94 25 enskilda
734 1502 60 29 Bank
809 1501 23 22 af

65 1538 76 21 K.A.
156 1531 139 35 Wallenberg,
310 1545 50 14 men
373 1537 107 29 förbehöll
498 1537 32 28 sig
549 1537 113 32 konsortiet
676 1537 42 21 rätt
736 1537 35 34 att
780 1528 51 29 med
