1103 1795
207 166 27 20 14

355 165 29 22 U.
400 165 29 22 B.
444 178 27 3 —
488 165 29 22 H.
533 165 27 22 F.
576 165 97 23 Antells
689 166 141 27 samlingar.

416 231 82 30 logiska
521 235 39 20 och
575 234 148 28 etnografiska
737 235 167 28 samlingarnas
919 235 47 28 för-

415 268 83 21 ökande
505 270 60 19 samt
572 269 42 20 den
624 268 134 21 återstående
768 269 135 26 femtedelen,
910 271 57 19 utan

412 303 32 26 på
466 303 98 26 förhand
586 303 113 27 faststäldt
721 303 113 26 ändamål,
856 304 3 20 i
874 303 53 21 mån
942 303 29 27 af

415 337 67 27 behof
500 337 84 21 anlitas
607 337 35 21 till
663 337 153 28 förstärkande
837 337 29 28 af
876 338 35 21 det
925 345 42 14 ena

416 371 52 21 eller
482 371 73 21 andra
570 372 29 27 af
612 371 89 22 berörda
716 371 90 28 anslag;

485 412 25 24 3)
525 413 33 19 att
573 411 36 28 för
625 411 157 27 Delegationen
798 411 111 28 fastställa
921 411 44 28 föl-

409 446 71 26 Jonde
495 446 149 21 instruktion:

485 560 42 21 Det
543 561 75 20 tillhör
634 561 155 27 Delegationen

482 637 25 23 a)
516 637 33 18 att
560 635 119 20 bestämma
691 642 35 13 om
737 635 25 20 de
772 635 106 21 donerade
889 636 74 19 ränte-

415 669 97 20 medlens
536 669 147 27 användning
708 669 49 21 med
782 669 89 27 ledning
893 669 29 27 af
940 669 25 20 de

414 703 170 28 upplysningar,
600 711 48 13 som
663 703 123 21 inhämtats
796 703 29 27 af
831 703 134 28 samlingar-

412 743 42 14 nas
476 737 98 27 vårdare,
599 737 39 21 och
661 738 49 21 med
730 738 141 27 iakttagande
893 737 28 28 af
939 737 26 21 de

413 771 190 28 hufvudgrunder,
626 779 45 14 som
695 772 9 20 i
726 772 80 21 sådant
825 772 99 27 afseende
939 771 30 27 af

415 805 125 21 Ständerna
555 807 121 26 faststälts;

481 845 19 27 b)
519 847 33 20 att
568 846 78 27 utöfva
663 846 77 27 tillsyn
752 846 38 21 och
801 846 93 21 kontroll
904 846 61 27 öfver

411 880 81 20 värden
515 882 29 25 af
562 883 25 18 de
610 881 115 20 Anteliska
748 881 155 27 samlingarnu
925 880 39 21 och

410 914 38 21 vid
457 915 162 20 räntemedlens
630 915 147 20 användande
787 915 98 27 iakttaga
897 916 65 19 testa-

412 950 44 19 tors
474 949 119 27 föreskrift,
610 951 33 18 att
658 949 78 20 endast
750 949 93 26 föremål
858 949 28 27 af
897 949 65 20 värk-

412 983 38 27 ligt
473 983 65 21 värde
562 983 36 21 må
613 983 133 28 förvärfvas,
763 983 91 27 hvarför
870 983 92 27 Delega-

411 1017 74 21 tionen
508 1017 10 20 i
540 1017 123 21 allmänhet
685 1017 39 21 bör
745 1017 71 21 under
835 1017 128 28 erforderlig

411 1051 133 21 medvärkan
567 1051 29 27 af
607 1051 140 28 sakkunniga
762 1051 58 27 själf
829 1051 80 28 pröfva
924 1051 39 21 och

410 1086 78 27 afgöra
506 1085 77 28 frågor
598 1093 35 14 om
648 1086 74 27 inköp,
738 1086 52 21 dock
806 1086 49 21 med
869 1088 45 19 rätt
928 1086 37 27 för

411 1120 157 27 Delegationen
590 1122 39 25 att,
645 1120 28 21 då
688 1120 82 21 sådant
784 1121 46 20 icke
844 1121 44 20 kan
903 1121 58 20 und-

410 1155 68 26 vikas,
502 1155 138 26 öfverlämna
664 1155 130 27 afgörandet
816 1155 24 20 åt
860 1156 103 26 experter,

410 1196 47 14 som
473 1189 157 28 Delegationen
646 1191 72 19 utsett.
751 1189 31 20 De
798 1189 90 28 inköpta
903 1189 59 27 före-

410 1223 73 21 målen
506 1223 124 27 förtecknas
652 1223 106 28 styckevis
780 1223 51 21 eller
850 1223 114 27 gruppvis,

409 1265 51 13 men
480 1257 66 21 alltid
567 1258 48 20 med
631 1257 114 28 uppgifvet
760 1258 68 26 antal,
844 1257 10 21 i
869 1257 92 28 Delega-

411 1292 86 21 tionens
510 1292 120 27 protokoll;

479 1333 18 26 e)
516 1334 38 25 att,
576 1333 73 20 därest
664 1333 82 20 sådant
760 1333 70 25 äskas,
848 1333 35 20 till
897 1333 66 26 Rege-

411 1366 78 28 ringen
511 1366 88 28 afgifva
621 1367 104 27 yttrande
740 1366 10 21 i
764 1366 82 28 frågor,
863 1373 46 14 som
926 1366 35 20 be-

411 1403 51 18 röra
477 1401 25 21 de
517 1401 114 20 Antellska
647 1401 169 27 samlingarna;

478 1435 22 27 d)
519 1436 33 20 att
567 1435 87 27 afgifva
668 1435 35 21 till
715 1435 126 21 Ständerna
853 1435 110 20 berättelse

411 1476 33 14 om
462 1469 24 21 de
501 1469 107 21 donerade
621 1469 169 28 samlingarnas
802 1469 53 21 vård
865 1469 39 21 och
914 1469 47 20 till-

275 1515 142 17 Statsutskottets
427 1515 111 17 betänkande
550 1515 38 17 N:o
602 1516 18 26 8.
