1103 1795
359 184 30 22 U.
405 184 28 22 B.
448 197 22 2 —
491 184 158 21 1II-XXXII.
858 185 27 20 65

197 255 133 22 Sedermera
357 255 43 22 har
426 256 29 28 pä
482 255 77 29 grund
583 255 24 22 af
624 255 31 21 K.
675 255 115 22 Senatens
809 255 76 22 beslut

127 290 24 21 af
178 289 45 22 den
251 291 14 20 5
294 289 121 22 december
441 290 65 21 1898
524 297 85 21 genom
628 289 216 29 sammanslagning
862 289 23 22 af

129 324 97 28 »fonden
253 325 36 20 för
315 323 159 30 befrämjande
502 324 24 21 af
547 324 173 29 egostyckning
738 324 43 21 och
800 324 85 29 jordaf-

127 358 124 29 söndring*
279 358 52 22 med
359 359 99 28 ,fonden
485 358 38 22 till
543 358 164 22 förbättrande
728 359 22 21 af
768 358 46 22 den
832 359 53 22 obe-

127 395 80 20 suttna
224 393 180 29 befolkningens
424 393 126 29 ställning"
569 393 89 22 bildats
674 401 29 14 en
716 393 101 21 särskild
830 393 55 22 fond

127 427 52 22 med
197 428 150 28 benämning:

232 499 51 22 Den
299 499 131 22 obesuttna
444 499 195 27 befolkningens
655 499 126 22 lånefond.

197 553 108 22 Fondens
331 553 76 22 medel
434 552 118 23 användas
580 553 38 21 till
642 556 36 19 att
696 553 36 22 för
750 554 133 27 arbetsföre,

128 588 117 22 välkända
271 588 44 21 och
342 587 98 28 driftiga
465 595 109 21 personer
600 587 73 22 bland
698 588 46 21 den
762 589 123 21 obesuttna

128 623 202 22 samhällsklassen
349 623 30 28 på
396 622 163 29 landsbygden
577 622 145 22 underlätta:

200 659 21 26 1)
240 657 71 28 inköp
331 657 23 21 af
372 657 67 21 mark
456 657 37 21 till
512 657 148 28 tomtplatser
678 657 43 21 och
740 657 143 28 uppförande

129 692 22 21 af
170 700 59 21 egna
247 691 110 22 bostäder
374 691 31 29 på
423 698 58 21 egen
500 691 87 28 grund;

197 727 24 26 2)
240 726 71 28 inköp
331 725 22 22 af
372 729 85 18 smärre
475 725 271 29 jordbrukslägenheter;
766 729 59 18 samt

199 761 23 26 3)
241 760 111 29 rödjning
379 760 43 21 och
447 759 131 30 uppodling
602 760 24 21 af
644 760 61 28 kärr,
724 768 88 14 mossar
830 761 55 21 eller

128 803 77 14 annan
232 795 73 27 mark,
331 795 97 21 hvartill
455 794 95 22 odlaren
572 795 129 21 förvärfvat
720 795 35 28 sig
774 795 111 28 antingen

128 829 138 29 eganderätt
284 829 55 21 eller
357 829 126 28 nyttjorätt
494 829 37 22 för
548 829 81 28 längre
648 829 41 22 tid.

197 864 46 21 För
261 863 65 22 detta
345 863 107 22 ändamål
470 863 93 22 utlånas
582 863 98 22 fondens
699 864 134 29 tillgångar,
847 871 38 15 en-

128 899 45 28 ligt
199 898 29 21 K.
258 898 113 22 Senatens
399 901 105 18 närmare
523 898 173 21 bestämmande
715 898 9 21 i
741 898 79 29 hvarje
839 902 46 18 sär-

129 933 73 22 skildt
224 933 48 27 fall,
295 934 24 20 åt
341 932 209 28 landskommuner,
574 932 244 30 landtbrukssällskap
843 933 43 22 och

129 967 127 28 behörigen
274 967 159 29 legaliserade,
451 967 8 21 i
478 967 40 21 det
535 967 52 21 med
606 967 99 22 fondens
724 967 110 22 bildande
853 968 33 21 af-

129 1001 71 22 sedda
226 1002 61 28 syfte
315 1001 118 22 verkande
460 1001 134 29 föreningar
621 1001 53 22 med
699 1001 135 30 skyldighet
851 1002 35 22 för

129 1036 65 21 desse
213 1039 36 18 att
267 1036 23 22 af
307 1035 28 22 de
354 1036 133 29 upplånade
505 1035 92 22 medlen
615 1035 66 23 bilda
693 1037 88 27 kassor,
794 1036 91 22 hvilkas

129 1071 128 28 tillgångar
282 1071 24 21 få
332 1069 120 23 användas
479 1070 65 22 såväl
566 1070 37 21 till
621 1071 72 29 inköp
713 1071 23 22 af
754 1071 132 28 jordbruks-

128 1105 142 29 lägenheter,
294 1105 113 28 lämpliga
431 1107 35 19 att
490 1103 67 23 delas
574 1105 44 21 och
632 1105 37 22 till
687 1105 125 22 obesuttna
829 1113 57 21 upp-

129 1140 66 27 låtas,
214 1147 48 14 som
281 1139 44 22 ock
343 1139 38 21 till
399 1139 77 21 direkt
493 1139 109 28 utlåning
615 1140 9 20 i
636 1140 90 21 mindre
744 1142 84 26 poster,
854 1140 32 21 alt

129 1175 7 20 i
155 1174 69 21 ofvan
243 1173 85 29 antydt
345 1173 67 29 syfte.

197 1208 51 22 Lån
267 1209 24 21 åt
309 1208 141 28 kommuner,
469 1208 243 29 landtbrukssällskap
730 1209 42 21 och
788 1209 99 21 förenin-

129 1251 43 20 gar
195 1243 104 28 utgifvas
320 1245 49 19 mot
388 1243 14 20 2
413 1239 32 35 /,
464 1245 68 19 ränta
550 1242 44 22 och
612 1243 65 22 skola
697 1243 189 28 amorteringsvis

129 1277 140 22 återbetalas
297 1277 62 22 inom
386 1277 47 21 viss
460 1277 42 28 tid,
526 1277 70 28 högst
616 1277 33 22 40
669 1278 32 26 år,
719 1277 114 22 beroende
851 1278 36 21 för

129 1311 80 29 hvarje
227 1311 42 23 fall
288 1312 23 21 af
329 1311 30 22 K.
374 1311 114 22 Senatens
506 1311 181 22 bestämmande.

198 1345 171 22 Låneansökan
387 1345 115 22 inlämnas
522 1346 37 21 till
570 1350 146 24 guvernören
727 1346 8 22 i
745 1346 71 25 länet,
828 1345 59 22 hvil-

129 1380 47 21 ken
194 1380 39 21 det
251 1380 130 22 sedermera
399 1380 91 29 åligger
508 1382 36 20 att
560 1381 72 29 jämte
650 1383 54 26 eget
723 1380 120 22 utlåtande
853 1380 34 22 in-

129 1414 74 22 sända
221 1415 317 28 ansökningshandlingarna
555 1415 37 22 till
610 1415 30 22 K.
660 1415 109 22 Senaten.

199 1449 46 21 Till
263 1449 98 29 ledning
378 1449 41 22 vid
437 1449 97 22 kassans
553 1450 146 29 förvaltning
714 1457 28 14 m.
757 1457 29 14 m.
799 1449 88 29 åligger

130 1483 39 21 det
187 1483 117 28 kommun,
323 1483 243 30 landtbrukssällskap
585 1484 56 22 eller
659 1485 107 28 förening
784 1486 34 19 att
830 1491 57 22 upp-

199 1533 144 18 Statsutskottets
356 1533 111 18 betänkande
482 1534 35 17 N:o
530 1534 18 17 2.
809 1540 10 11 5
