<?xml version="1.0" encoding="UTF-8"?>
<alto xmlns="http://www.loc.gov/standards/alto/ns-v3#" xmlns:xlink="http://www.w3.org/1999/xlink" xmlns:xsi="http://www.w3.org/2001/XMLSchema-instance" xsi:schemaLocation="http://www.loc.gov/standards/alto/ns-v3# http://www.loc.gov/alto/v3/alto-3-0.xsd">
	<Description>
		<MeasurementUnit>pixel</MeasurementUnit>
		<sourceImageInformation>
			<fileName>/tmp/tess_kne890ts_input.PNG</fileName>
		</sourceImageInformation>
		<OCRProcessing ID="OCR_0">
			<ocrProcessingStep>
				<processingSoftware>
					<softwareName>tesseract 5.3.4</softwareName>
				</processingSoftware>
			</ocrProcessingStep>
		</OCRProcessing>
	</Description>
	<Layout>
		<Page WIDTH="1103" HEIGHT="1795" PHYSICAL_IMG_NR="0" ID="page_0">
			<PrintSpace HPOS="0" VPOS="0" WIDTH="1103" HEIGHT="1795">
				<ComposedBlock ID="cblock_0" HPOS="199" VPOS="178" WIDTH="476" HEIGHT="23">
					<TextBlock ID="block_0" HPOS="199" VPOS="178" WIDTH="476" HEIGHT="23">
						<TextLine ID="line_0" HPOS="199" VPOS="178" WIDTH="476" HEIGHT="23">
							<String ID="string_0" HPOS="199" VPOS="179" WIDTH="25" HEIGHT="20" WC="0.96" CONTENT="12"/><SP WIDTH="285" VPOS="179" HPOS="224"/>
							<String ID="string_1" HPOS="509" VPOS="178" WIDTH="29" HEIGHT="23" WC="0.91" CONTENT="U."/><SP WIDTH="16" VPOS="178" HPOS="538"/>
							<String ID="string_2" HPOS="554" VPOS="178" WIDTH="28" HEIGHT="23" WC="0.88" CONTENT="B."/><SP WIDTH="18" VPOS="178" HPOS="582"/>
							<String ID="string_3" HPOS="600" VPOS="191" WIDTH="24" HEIGHT="3" WC="0.78" CONTENT="—"/><SP WIDTH="18" VPOS="191" HPOS="624"/>
							<String ID="string_4" HPOS="642" VPOS="178" WIDTH="33" HEIGHT="23" WC="0.89" CONTENT="11."/>
						</TextLine>
					</TextBlock>
				</ComposedBlock>
				<ComposedBlock ID="cblock_1" HPOS="193" VPOS="246" WIDTH="764" HEIGHT="1259">
					<TextBlock ID="block_1" HPOS="197" VPOS="246" WIDTH="760" HEIGHT="404">
						<TextLine ID="line_1" HPOS="197" VPOS="246" WIDTH="760" HEIGHT="28">
							<String ID="string_5" HPOS="197" VPOS="246" WIDTH="157" HEIGHT="27" WC="0.86" CONTENT="användning."/><SP WIDTH="31" VPOS="246" HPOS="354"/>
							<String ID="string_6" HPOS="385" VPOS="247" WIDTH="51" HEIGHT="27" WC="0.95" CONTENT="Och"/><SP WIDTH="22" VPOS="247" HPOS="436"/>
							<String ID="string_7" HPOS="458" VPOS="247" WIDTH="30" HEIGHT="21" WC="0.91" CONTENT="dä"/><SP WIDTH="22" VPOS="247" HPOS="488"/>
							<String ID="string_8" HPOS="510" VPOS="247" WIDTH="73" HEIGHT="27" WC="0.96" CONTENT="lagen,"/><SP WIDTH="24" VPOS="247" HPOS="583"/>
							<String ID="string_9" HPOS="607" VPOS="254" WIDTH="50" HEIGHT="14" WC="0.89" CONTENT="som"/><SP WIDTH="24" VPOS="254" HPOS="657"/>
							<String ID="string_10" HPOS="681" VPOS="247" WIDTH="42" HEIGHT="21" WC="0.89" CONTENT="alls"/><SP WIDTH="16" VPOS="247" HPOS="723"/>
							<String ID="string_11" HPOS="739" VPOS="247" WIDTH="49" HEIGHT="21" WC="0.92" CONTENT="icke"/><SP WIDTH="16" VPOS="247" HPOS="788"/>
							<String ID="string_12" HPOS="804" VPOS="248" WIDTH="97" HEIGHT="19" WC="0.91" CONTENT="nämner"/><SP WIDTH="15" VPOS="248" HPOS="901"/>
							<String ID="string_13" HPOS="916" VPOS="247" WIDTH="41" HEIGHT="20" WC="0.96" CONTENT="hat"/>
						</TextLine>
						<TextLine ID="line_2" HPOS="197" VPOS="280" WIDTH="759" HEIGHT="28">
							<String ID="string_14" HPOS="197" VPOS="281" WIDTH="45" HEIGHT="20" WC="0.92" CONTENT="och"/><SP WIDTH="23" VPOS="281" HPOS="242"/>
							<String ID="string_15" HPOS="265" VPOS="280" WIDTH="106" HEIGHT="22" WC="0.96" CONTENT="bitterhet"/><SP WIDTH="22" VPOS="280" HPOS="371"/>
							<String ID="string_16" HPOS="393" VPOS="281" WIDTH="85" HEIGHT="21" WC="0.93" CONTENT="mellan"/><SP WIDTH="23" VPOS="281" HPOS="478"/>
							<String ID="string_17" HPOS="501" VPOS="281" WIDTH="83" HEIGHT="20" WC="0.96" CONTENT="makar"/><SP WIDTH="18" VPOS="281" HPOS="584"/>
							<String ID="string_18" HPOS="602" VPOS="281" WIDTH="77" HEIGHT="22" WC="0.96" CONTENT="såsom"/><SP WIDTH="16" VPOS="281" HPOS="679"/>
							<String ID="string_19" HPOS="695" VPOS="281" WIDTH="51" HEIGHT="27" WC="0.96" CONTENT="laga"/><SP WIDTH="15" VPOS="281" HPOS="746"/>
							<String ID="string_20" HPOS="761" VPOS="281" WIDTH="51" HEIGHT="21" WC="0.96" CONTENT="skäl"/><SP WIDTH="15" VPOS="281" HPOS="812"/>
							<String ID="string_21" HPOS="827" VPOS="281" WIDTH="37" HEIGHT="21" WC="0.93" CONTENT="för"/><SP WIDTH="14" VPOS="281" HPOS="864"/>
							<String ID="string_22" HPOS="878" VPOS="281" WIDTH="78" HEIGHT="21" WC="0.53" CONTENT="äkten-"/>
						</TextLine>
						<TextLine ID="line_3" HPOS="198" VPOS="315" WIDTH="756" HEIGHT="27">
							<String ID="string_23" HPOS="198" VPOS="315" WIDTH="171" HEIGHT="27" WC="0.91" CONTENT="skapsskilnad,"/><SP WIDTH="24" VPOS="315" HPOS="369"/>
							<String ID="string_24" HPOS="393" VPOS="315" WIDTH="7" HEIGHT="20" WC="0.96" CONTENT="i"/><SP WIDTH="24" VPOS="315" HPOS="400"/>
							<String ID="string_25" HPOS="424" VPOS="316" WIDTH="9" HEIGHT="19" WC="0.93" CONTENT="1"/><SP WIDTH="25" VPOS="316" HPOS="433"/>
							<String ID="string_26" HPOS="458" VPOS="316" WIDTH="13" HEIGHT="25" WC="0.67" CONTENT="&amp;"/><SP WIDTH="22" VPOS="316" HPOS="471"/>
							<String ID="string_27" HPOS="493" VPOS="315" WIDTH="26" HEIGHT="20" WC="0.96" CONTENT="14"/><SP WIDTH="17" VPOS="315" HPOS="519"/>
							<String ID="string_28" HPOS="536" VPOS="315" WIDTH="53" HEIGHT="27" WC="0.93" CONTENT="kap."/><SP WIDTH="17" VPOS="315" HPOS="589"/>
							<String ID="string_29" HPOS="606" VPOS="315" WIDTH="216" HEIGHT="21" WC="0.92" CONTENT="Giftermälsbalken"/><SP WIDTH="18" VPOS="315" HPOS="822"/>
							<String ID="string_30" HPOS="840" VPOS="317" WIDTH="59" HEIGHT="19" WC="0.96" CONTENT="samt"/><SP WIDTH="16" VPOS="317" HPOS="899"/>
							<String ID="string_31" HPOS="915" VPOS="315" WIDTH="39" HEIGHT="21" WC="0.96" CONTENT="101"/>
						</TextLine>
						<TextLine ID="line_4" HPOS="197" VPOS="349" WIDTH="758" HEIGHT="28">
							<String ID="string_32" HPOS="197" VPOS="349" WIDTH="44" HEIGHT="20" WC="0.96" CONTENT="och"/><SP WIDTH="25" VPOS="349" HPOS="241"/>
							<String ID="string_33" HPOS="266" VPOS="350" WIDTH="40" HEIGHT="20" WC="0.96" CONTENT="103"/><SP WIDTH="16" VPOS="350" HPOS="306"/>
							<String ID="string_34" HPOS="322" VPOS="350" WIDTH="26" HEIGHT="26" WC="0.71" CONTENT="$$"/><SP WIDTH="17" VPOS="350" HPOS="348"/>
							<String ID="string_35" HPOS="365" VPOS="349" WIDTH="144" HEIGHT="28" WC="0.92" CONTENT="Kyrkolagen"/><SP WIDTH="21" VPOS="349" HPOS="509"/>
							<String ID="string_36" HPOS="530" VPOS="350" WIDTH="98" HEIGHT="26" WC="0.95" CONTENT="stadgar,"/><SP WIDTH="16" VPOS="350" HPOS="628"/>
							<String ID="string_37" HPOS="644" VPOS="352" WIDTH="32" HEIGHT="18" WC="0.92" CONTENT="att"/><SP WIDTH="15" VPOS="352" HPOS="676"/>
							<String ID="string_38" HPOS="691" VPOS="349" WIDTH="50" HEIGHT="22" WC="0.96" CONTENT="icke"/><SP WIDTH="16" VPOS="349" HPOS="741"/>
							<String ID="string_39" HPOS="757" VPOS="357" WIDTH="40" HEIGHT="14" WC="0.93" CONTENT="ens"/><SP WIDTH="17" VPOS="357" HPOS="797"/>
							<String ID="string_40" HPOS="814" VPOS="349" WIDTH="91" HEIGHT="22" WC="0.96" CONTENT="skilnad"/><SP WIDTH="16" VPOS="349" HPOS="905"/>
							<String ID="string_41" HPOS="921" VPOS="349" WIDTH="34" HEIGHT="21" WC="0.96" CONTENT="till"/>
						</TextLine>
						<TextLine ID="line_5" HPOS="198" VPOS="383" WIDTH="758" HEIGHT="28">
							<String ID="string_42" HPOS="198" VPOS="384" WIDTH="57" HEIGHT="25" WC="0.93" CONTENT="säng"/><SP WIDTH="22" VPOS="384" HPOS="255"/>
							<String ID="string_43" HPOS="277" VPOS="383" WIDTH="44" HEIGHT="21" WC="0.93" CONTENT="och"/><SP WIDTH="26" VPOS="383" HPOS="321"/>
							<String ID="string_44" HPOS="347" VPOS="385" WIDTH="46" HEIGHT="19" WC="0.92" CONTENT="säte"/><SP WIDTH="17" VPOS="385" HPOS="393"/>
							<String ID="string_45" HPOS="410" VPOS="383" WIDTH="45" HEIGHT="21" WC="0.96" CONTENT="kan"/><SP WIDTH="17" VPOS="383" HPOS="455"/>
							<String ID="string_46" HPOS="472" VPOS="384" WIDTH="29" HEIGHT="27" WC="0.93" CONTENT="pä"/><SP WIDTH="17" VPOS="384" HPOS="501"/>
							<String ID="string_47" HPOS="518" VPOS="383" WIDTH="87" HEIGHT="28" WC="0.91" CONTENT="antydd"/><SP WIDTH="16" VPOS="383" HPOS="605"/>
							<String ID="string_48" HPOS="621" VPOS="383" WIDTH="74" HEIGHT="27" WC="0.96" CONTENT="grund"/><SP WIDTH="16" VPOS="383" HPOS="695"/>
							<String ID="string_49" HPOS="711" VPOS="383" WIDTH="95" HEIGHT="28" WC="0.93" CONTENT="beviljas"/><SP WIDTH="16" VPOS="383" HPOS="806"/>
							<String ID="string_50" HPOS="822" VPOS="383" WIDTH="71" HEIGHT="21" WC="0.91" CONTENT="innan"/><SP WIDTH="17" VPOS="383" HPOS="893"/>
							<String ID="string_51" HPOS="910" VPOS="385" WIDTH="46" HEIGHT="19" WC="0.92" CONTENT="sär-"/>
						</TextLine>
						<TextLine ID="line_6" HPOS="197" VPOS="417" WIDTH="758" HEIGHT="29">
							<String ID="string_52" HPOS="197" VPOS="417" WIDTH="76" HEIGHT="21" WC="0.90" CONTENT="skilda"/><SP WIDTH="16" VPOS="417" HPOS="273"/>
							<String ID="string_53" HPOS="289" VPOS="418" WIDTH="132" HEIGHT="27" WC="0.92" CONTENT="omgängar,"/><SP WIDTH="16" VPOS="418" HPOS="421"/>
							<String ID="string_54" HPOS="437" VPOS="418" WIDTH="123" HEIGHT="21" WC="0.92" CONTENT="bestäende"/><SP WIDTH="16" VPOS="418" HPOS="560"/>
							<String ID="string_55" HPOS="576" VPOS="418" WIDTH="49" HEIGHT="21" WC="0.96" CONTENT="dels"/><SP WIDTH="17" VPOS="418" HPOS="625"/>
							<String ID="string_56" HPOS="642" VPOS="418" WIDTH="6" HEIGHT="20" WC="0.93" CONTENT="i"/><SP WIDTH="16" VPOS="418" HPOS="648"/>
							<String ID="string_57" HPOS="664" VPOS="418" WIDTH="98" HEIGHT="27" WC="0.92" CONTENT="varning"/><SP WIDTH="15" VPOS="418" HPOS="762"/>
							<String ID="string_58" HPOS="777" VPOS="418" WIDTH="25" HEIGHT="20" WC="0.92" CONTENT="af"/><SP WIDTH="9" VPOS="418" HPOS="802"/>
							<String ID="string_59" HPOS="811" VPOS="418" WIDTH="144" HEIGHT="28" WC="0.91" CONTENT="kyrkoherde"/>
						</TextLine>
						<TextLine ID="line_7" HPOS="197" VPOS="452" WIDTH="758" HEIGHT="27">
							<String ID="string_60" HPOS="197" VPOS="452" WIDTH="44" HEIGHT="21" WC="0.93" CONTENT="och"/><SP WIDTH="24" VPOS="452" HPOS="241"/>
							<String ID="string_61" HPOS="265" VPOS="452" WIDTH="123" HEIGHT="27" WC="0.92" CONTENT="kyrkoräd,"/><SP WIDTH="23" VPOS="452" HPOS="388"/>
							<String ID="string_62" HPOS="411" VPOS="452" WIDTH="48" HEIGHT="21" WC="0.96" CONTENT="dels"/><SP WIDTH="22" VPOS="452" HPOS="459"/>
							<String ID="string_63" HPOS="481" VPOS="452" WIDTH="7" HEIGHT="20" WC="0.93" CONTENT="i"/><SP WIDTH="23" VPOS="452" HPOS="488"/>
							<String ID="string_64" HPOS="511" VPOS="452" WIDTH="176" HEIGHT="27" WC="0.92" CONTENT="förhandlingar"/><SP WIDTH="24" VPOS="452" HPOS="687"/>
							<String ID="string_65" HPOS="711" VPOS="452" WIDTH="61" HEIGHT="21" WC="0.96" CONTENT="inför"/><SP WIDTH="15" VPOS="452" HPOS="772"/>
							<String ID="string_66" HPOS="787" VPOS="452" WIDTH="100" HEIGHT="21" WC="0.96" CONTENT="domstol"/><SP WIDTH="16" VPOS="452" HPOS="887"/>
							<String ID="string_67" HPOS="903" VPOS="452" WIDTH="52" HEIGHT="21" WC="0.96" CONTENT="med"/>
						</TextLine>
						<TextLine ID="line_8" HPOS="197" VPOS="486" WIDTH="758" HEIGHT="28">
							<String ID="string_68" HPOS="197" VPOS="486" WIDTH="125" HEIGHT="27" WC="0.91" CONTENT="ätföljande"/><SP WIDTH="16" VPOS="486" HPOS="322"/>
							<String ID="string_69" HPOS="338" VPOS="486" WIDTH="69" HEIGHT="24" WC="0.93" CONTENT="böter,"/><SP WIDTH="17" VPOS="486" HPOS="407"/>
							<String ID="string_70" HPOS="424" VPOS="486" WIDTH="101" HEIGHT="27" WC="0.90" CONTENT="föregätt,"/><SP WIDTH="14" VPOS="486" HPOS="525"/>
							<String ID="string_71" HPOS="539" VPOS="493" WIDTH="68" HEIGHT="20" WC="0.93" CONTENT="synes"/><SP WIDTH="16" VPOS="493" HPOS="607"/>
							<String ID="string_72" HPOS="623" VPOS="486" WIDTH="37" HEIGHT="21" WC="0.96" CONTENT="det"/><SP WIDTH="16" VPOS="486" HPOS="660"/>
							<String ID="string_73" HPOS="676" VPOS="487" WIDTH="52" HEIGHT="20" WC="0.96" CONTENT="med"/><SP WIDTH="17" VPOS="487" HPOS="728"/>
							<String ID="string_74" HPOS="745" VPOS="487" WIDTH="24" HEIGHT="20" WC="0.96" CONTENT="sä"/><SP WIDTH="14" VPOS="487" HPOS="769"/>
							<String ID="string_75" HPOS="783" VPOS="487" WIDTH="91" HEIGHT="27" WC="0.96" CONTENT="mycket"/><SP WIDTH="11" VPOS="487" HPOS="874"/>
							<String ID="string_76" HPOS="885" VPOS="487" WIDTH="70" HEIGHT="20" WC="0.96" CONTENT="större"/>
						</TextLine>
						<TextLine ID="line_9" HPOS="197" VPOS="520" WIDTH="758" HEIGHT="28">
							<String ID="string_77" HPOS="197" VPOS="521" WIDTH="50" HEIGHT="20" WC="0.92" CONTENT="skäl"/><SP WIDTH="26" VPOS="521" HPOS="247"/>
							<String ID="string_78" HPOS="273" VPOS="521" WIDTH="57" HEIGHT="20" WC="0.89" CONTENT="böra"/><SP WIDTH="25" VPOS="521" HPOS="330"/>
							<String ID="string_79" HPOS="355" VPOS="520" WIDTH="87" HEIGHT="21" WC="0.92" CONTENT="fordras"/><SP WIDTH="28" VPOS="520" HPOS="442"/>
							<String ID="string_80" HPOS="470" VPOS="523" WIDTH="38" HEIGHT="24" WC="0.96" CONTENT="att,"/><SP WIDTH="26" VPOS="523" HPOS="508"/>
							<String ID="string_81" HPOS="534" VPOS="520" WIDTH="40" HEIGHT="21" WC="0.93" CONTENT="der"/><SP WIDTH="27" VPOS="520" HPOS="574"/>
							<String ID="string_82" HPOS="601" VPOS="521" WIDTH="162" HEIGHT="27" WC="0.88" CONTENT="äktenskapets"/><SP WIDTH="26" VPOS="521" HPOS="763"/>
							<String ID="string_83" HPOS="789" VPOS="520" WIDTH="143" HEIGHT="28" WC="0.92" CONTENT="upplösande"/><SP WIDTH="16" VPOS="520" HPOS="932"/>
							<String ID="string_84" HPOS="948" VPOS="521" WIDTH="7" HEIGHT="20" WC="0.96" CONTENT="i"/>
						</TextLine>
						<TextLine ID="line_10" HPOS="197" VPOS="555" WIDTH="758" HEIGHT="27">
							<String ID="string_85" HPOS="197" VPOS="555" WIDTH="139" HEIGHT="27" WC="0.91" CONTENT="dispensväg"/><SP WIDTH="15" VPOS="555" HPOS="336"/>
							<String ID="string_86" HPOS="351" VPOS="555" WIDTH="67" HEIGHT="20" WC="0.92" CONTENT="sökes"/><SP WIDTH="16" VPOS="555" HPOS="418"/>
							<String ID="string_87" HPOS="434" VPOS="555" WIDTH="29" HEIGHT="27" WC="0.96" CONTENT="pä"/><SP WIDTH="16" VPOS="555" HPOS="463"/>
							<String ID="string_88" HPOS="479" VPOS="555" WIDTH="74" HEIGHT="26" WC="0.96" CONTENT="grund"/><SP WIDTH="17" VPOS="555" HPOS="553"/>
							<String ID="string_89" HPOS="570" VPOS="555" WIDTH="25" HEIGHT="20" WC="0.93" CONTENT="af"/><SP WIDTH="13" VPOS="555" HPOS="595"/>
							<String ID="string_90" HPOS="608" VPOS="555" WIDTH="101" HEIGHT="20" WC="0.92" CONTENT="rädande"/><SP WIDTH="17" VPOS="555" HPOS="709"/>
							<String ID="string_91" HPOS="726" VPOS="555" WIDTH="107" HEIGHT="26" WC="0.92" CONTENT="oenighet"/><SP WIDTH="11" VPOS="555" HPOS="833"/>
							<String ID="string_92" HPOS="844" VPOS="555" WIDTH="111" HEIGHT="20" WC="0.91" CONTENT="makarne"/>
						</TextLine>
						<TextLine ID="line_11" HPOS="197" VPOS="587" WIDTH="758" HEIGHT="28">
							<String ID="string_93" HPOS="197" VPOS="587" WIDTH="107" HEIGHT="28" WC="0.92" CONTENT="emellan,"/><SP WIDTH="17" VPOS="587" HPOS="304"/>
							<String ID="string_94" HPOS="321" VPOS="589" WIDTH="81" HEIGHT="20" WC="0.92" CONTENT="sädant"/><SP WIDTH="16" VPOS="589" HPOS="402"/>
							<String ID="string_95" HPOS="418" VPOS="589" WIDTH="138" HEIGHT="20" WC="0.92" CONTENT="ätminstone"/><SP WIDTH="16" VPOS="589" HPOS="556"/>
							<String ID="string_96" HPOS="572" VPOS="589" WIDTH="50" HEIGHT="20" WC="0.92" CONTENT="icke"/><SP WIDTH="17" VPOS="589" HPOS="622"/>
							<String ID="string_97" HPOS="639" VPOS="589" WIDTH="38" HEIGHT="21" WC="0.93" CONTENT="mä"/><SP WIDTH="16" VPOS="589" HPOS="677"/>
							<String ID="string_98" HPOS="693" VPOS="589" WIDTH="126" HEIGHT="26" WC="0.92" CONTENT="medgifvas"/><SP WIDTH="16" VPOS="589" HPOS="819"/>
							<String ID="string_99" HPOS="835" VPOS="588" WIDTH="52" HEIGHT="21" WC="0.93" CONTENT="med"/><SP WIDTH="11" VPOS="588" HPOS="887"/>
							<String ID="string_100" HPOS="898" VPOS="589" WIDTH="57" HEIGHT="20" WC="0.90" CONTENT="min-"/>
						</TextLine>
						<TextLine ID="line_12" HPOS="198" VPOS="623" WIDTH="492" HEIGHT="27">
							<String ID="string_101" HPOS="198" VPOS="623" WIDTH="38" HEIGHT="20" WC="0.95" CONTENT="dre"/><SP WIDTH="17" VPOS="623" HPOS="236"/>
							<String ID="string_102" HPOS="253" VPOS="623" WIDTH="68" HEIGHT="20" WC="0.93" CONTENT="dessa"/><SP WIDTH="16" VPOS="623" HPOS="321"/>
							<String ID="string_103" HPOS="337" VPOS="623" WIDTH="125" HEIGHT="26" WC="0.96" CONTENT="omgångar"/><SP WIDTH="15" VPOS="623" HPOS="462"/>
							<String ID="string_104" HPOS="477" VPOS="623" WIDTH="74" HEIGHT="20" WC="0.96" CONTENT="blifvit"/><SP WIDTH="15" VPOS="623" HPOS="551"/>
							<String ID="string_105" HPOS="566" VPOS="623" WIDTH="124" HEIGHT="27" WC="0.96" CONTENT="iakttagna."/>
						</TextLine>
					</TextBlock>
					<TextBlock ID="block_2" HPOS="195" VPOS="657" WIDTH="760" HEIGHT="404">
						<TextLine ID="line_13" HPOS="267" VPOS="657" WIDTH="688" HEIGHT="27">
							<String ID="string_106" HPOS="267" VPOS="657" WIDTH="131" HEIGHT="21" WC="0.94" CONTENT="Emellertid"/><SP WIDTH="23" VPOS="657" HPOS="398"/>
							<String ID="string_107" HPOS="421" VPOS="657" WIDTH="77" HEIGHT="20" WC="0.96" CONTENT="kunde"/><SP WIDTH="26" VPOS="657" HPOS="498"/>
							<String ID="string_108" HPOS="524" VPOS="657" WIDTH="44" HEIGHT="20" WC="0.96" CONTENT="den"/><SP WIDTH="24" VPOS="657" HPOS="568"/>
							<String ID="string_109" HPOS="592" VPOS="657" WIDTH="206" HEIGHT="27" WC="0.95" CONTENT="omständigheten,"/><SP WIDTH="24" VPOS="657" HPOS="798"/>
							<String ID="string_110" HPOS="822" VPOS="659" WIDTH="32" HEIGHT="19" WC="0.96" CONTENT="att"/><SP WIDTH="16" VPOS="659" HPOS="854"/>
							<String ID="string_111" HPOS="870" VPOS="657" WIDTH="85" HEIGHT="20" WC="0.96" CONTENT="antalet"/>
						</TextLine>
						<TextLine ID="line_14" HPOS="197" VPOS="691" WIDTH="757" HEIGHT="28">
							<String ID="string_112" HPOS="197" VPOS="691" WIDTH="258" HEIGHT="28" WC="0.91" CONTENT="äktenskapsskilnader"/><SP WIDTH="23" VPOS="691" HPOS="455"/>
							<String ID="string_113" HPOS="478" VPOS="691" WIDTH="29" HEIGHT="27" WC="0.96" CONTENT="på"/><SP WIDTH="23" VPOS="691" HPOS="507"/>
							<String ID="string_114" HPOS="530" VPOS="691" WIDTH="74" HEIGHT="26" WC="0.95" CONTENT="grund"/><SP WIDTH="23" VPOS="691" HPOS="604"/>
							<String ID="string_115" HPOS="627" VPOS="691" WIDTH="25" HEIGHT="20" WC="0.96" CONTENT="af"/><SP WIDTH="19" VPOS="691" HPOS="652"/>
							<String ID="string_116" HPOS="671" VPOS="691" WIDTH="94" HEIGHT="28" WC="0.96" CONTENT="dispens"/><SP WIDTH="23" VPOS="691" HPOS="765"/>
							<String ID="string_117" HPOS="788" VPOS="691" WIDTH="72" HEIGHT="20" WC="0.96" CONTENT="under"/><SP WIDTH="16" VPOS="691" HPOS="860"/>
							<String ID="string_118" HPOS="876" VPOS="697" WIDTH="78" HEIGHT="15" WC="0.95" CONTENT="senare"/>
						</TextLine>
						<TextLine ID="line_15" HPOS="196" VPOS="725" WIDTH="758" HEIGHT="28">
							<String ID="string_119" HPOS="196" VPOS="725" WIDTH="57" HEIGHT="20" WC="0.96" CONTENT="tider"/><SP WIDTH="24" VPOS="725" HPOS="253"/>
							<String ID="string_120" HPOS="277" VPOS="725" WIDTH="104" HEIGHT="21" WC="0.96" CONTENT="befunnit"/><SP WIDTH="16" VPOS="725" HPOS="381"/>
							<String ID="string_121" HPOS="397" VPOS="725" WIDTH="33" HEIGHT="27" WC="0.95" CONTENT="sig"/><SP WIDTH="15" VPOS="725" HPOS="430"/>
							<String ID="string_122" HPOS="445" VPOS="725" WIDTH="7" HEIGHT="20" WC="0.97" CONTENT="i"/><SP WIDTH="16" VPOS="725" HPOS="452"/>
							<String ID="string_123" HPOS="468" VPOS="725" WIDTH="138" HEIGHT="26" WC="0.96" CONTENT="tilltagande,"/><SP WIDTH="18" VPOS="725" HPOS="606"/>
							<String ID="string_124" HPOS="624" VPOS="732" WIDTH="66" HEIGHT="14" WC="0.96" CONTENT="anses"/><SP WIDTH="15" VPOS="732" HPOS="690"/>
							<String ID="string_125" HPOS="705" VPOS="725" WIDTH="55" HEIGHT="28" WC="0.96" CONTENT="tyda"/><SP WIDTH="16" VPOS="725" HPOS="760"/>
							<String ID="string_126" HPOS="776" VPOS="725" WIDTH="29" HEIGHT="28" WC="0.96" CONTENT="på"/><SP WIDTH="17" VPOS="725" HPOS="805"/>
							<String ID="string_127" HPOS="822" VPOS="727" WIDTH="38" HEIGHT="24" WC="0.94" CONTENT="att,"/><SP WIDTH="17" VPOS="727" HPOS="860"/>
							<String ID="string_128" HPOS="877" VPOS="725" WIDTH="77" HEIGHT="21" WC="0.96" CONTENT="såsom"/>
						</TextLine>
						<TextLine ID="line_16" HPOS="197" VPOS="759" WIDTH="757" HEIGHT="26">
							<String ID="string_129" HPOS="197" VPOS="759" WIDTH="156" HEIGHT="21" WC="0.91" CONTENT="Prokuratorn"/><SP WIDTH="20" VPOS="759" HPOS="353"/>
							<String ID="string_130" HPOS="373" VPOS="759" WIDTH="6" HEIGHT="20" WC="0.96" CONTENT="i"/><SP WIDTH="20" VPOS="759" HPOS="379"/>
							<String ID="string_131" HPOS="399" VPOS="760" WIDTH="35" HEIGHT="20" WC="0.96" CONTENT="sin"/><SP WIDTH="16" VPOS="760" HPOS="434"/>
							<String ID="string_132" HPOS="450" VPOS="759" WIDTH="119" HEIGHT="21" WC="0.96" CONTENT="berättelse"/><SP WIDTH="16" VPOS="759" HPOS="569"/>
							<String ID="string_133" HPOS="585" VPOS="760" WIDTH="67" HEIGHT="20" WC="0.96" CONTENT="äfven"/><SP WIDTH="16" VPOS="760" HPOS="652"/>
							<String ID="string_134" HPOS="668" VPOS="760" WIDTH="140" HEIGHT="25" WC="0.94" CONTENT="framhåller,"/><SP WIDTH="16" VPOS="760" HPOS="808"/>
							<String ID="string_135" HPOS="824" VPOS="760" WIDTH="78" HEIGHT="25" WC="0.93" CONTENT="lagens"/><SP WIDTH="17" VPOS="760" HPOS="902"/>
							<String ID="string_136" HPOS="919" VPOS="759" WIDTH="35" HEIGHT="20" WC="0.92" CONTENT="be-"/>
						</TextLine>
						<TextLine ID="line_17" HPOS="196" VPOS="793" WIDTH="758" HEIGHT="28">
							<String ID="string_137" HPOS="196" VPOS="794" WIDTH="125" HEIGHT="26" WC="0.91" CONTENT="gränsning"/><SP WIDTH="23" VPOS="794" HPOS="321"/>
							<String ID="string_138" HPOS="344" VPOS="793" WIDTH="22" HEIGHT="21" WC="0.96" CONTENT="af"/><SP WIDTH="22" VPOS="793" HPOS="366"/>
							<String ID="string_139" HPOS="388" VPOS="794" WIDTH="27" HEIGHT="20" WC="0.96" CONTENT="de"/><SP WIDTH="23" VPOS="794" HPOS="415"/>
							<String ID="string_140" HPOS="438" VPOS="794" WIDTH="46" HEIGHT="26" WC="0.93" CONTENT="fall,"/><SP WIDTH="23" VPOS="794" HPOS="484"/>
							<String ID="string_141" HPOS="507" VPOS="794" WIDTH="32" HEIGHT="20" WC="0.96" CONTENT="uti"/><SP WIDTH="23" VPOS="794" HPOS="539"/>
							<String ID="string_142" HPOS="562" VPOS="794" WIDTH="78" HEIGHT="20" WC="0.93" CONTENT="hvilka"/><SP WIDTH="20" VPOS="794" HPOS="640"/>
							<String ID="string_143" HPOS="660" VPOS="793" WIDTH="231" HEIGHT="28" WC="0.92" CONTENT="äktenskapsskilnad"/><SP WIDTH="17" VPOS="793" HPOS="891"/>
							<String ID="string_144" HPOS="908" VPOS="793" WIDTH="46" HEIGHT="21" WC="0.96" CONTENT="kan"/>
						</TextLine>
						<TextLine ID="line_18" HPOS="197" VPOS="827" WIDTH="758" HEIGHT="28">
							<String ID="string_145" HPOS="197" VPOS="827" WIDTH="133" HEIGHT="27" WC="0.90" CONTENT="medgifvas,"/><SP WIDTH="15" VPOS="827" HPOS="330"/>
							<String ID="string_146" HPOS="345" VPOS="828" WIDTH="57" HEIGHT="21" WC="0.97" CONTENT="varit"/><SP WIDTH="18" VPOS="828" HPOS="402"/>
							<String ID="string_147" HPOS="420" VPOS="828" WIDTH="35" HEIGHT="21" WC="0.93" CONTENT="för"/><SP WIDTH="15" VPOS="828" HPOS="455"/>
							<String ID="string_148" HPOS="470" VPOS="828" WIDTH="71" HEIGHT="27" WC="0.92" CONTENT="träng."/><SP WIDTH="33" VPOS="828" HPOS="541"/>
							<String ID="string_149" HPOS="574" VPOS="828" WIDTH="52" HEIGHT="21" WC="0.93" CONTENT="Men"/><SP WIDTH="14" VPOS="828" HPOS="626"/>
							<String ID="string_150" HPOS="640" VPOS="828" WIDTH="69" HEIGHT="27" WC="0.92" CONTENT="jemte"/><SP WIDTH="16" VPOS="828" HPOS="709"/>
							<String ID="string_151" HPOS="725" VPOS="828" WIDTH="38" HEIGHT="21" WC="0.93" CONTENT="det"/><SP WIDTH="16" VPOS="828" HPOS="763"/>
							<String ID="string_152" HPOS="779" VPOS="828" WIDTH="113" HEIGHT="20" WC="0.92" CONTENT="Utskottet"/><SP WIDTH="15" VPOS="828" HPOS="892"/>
							<String ID="string_153" HPOS="907" VPOS="827" WIDTH="48" HEIGHT="21" WC="0.93" CONTENT="häl-"/>
						</TextLine>
						<TextLine ID="line_19" HPOS="196" VPOS="861" WIDTH="759" HEIGHT="28">
							<String ID="string_154" HPOS="196" VPOS="862" WIDTH="25" HEIGHT="20" WC="0.93" CONTENT="lit"/><SP WIDTH="23" VPOS="862" HPOS="221"/>
							<String ID="string_155" HPOS="244" VPOS="861" WIDTH="48" HEIGHT="22" WC="0.96" CONTENT="före"/><SP WIDTH="22" VPOS="861" HPOS="292"/>
							<String ID="string_156" HPOS="314" VPOS="864" WIDTH="31" HEIGHT="19" WC="0.93" CONTENT="att"/><SP WIDTH="22" VPOS="864" HPOS="345"/>
							<String ID="string_157" HPOS="367" VPOS="862" WIDTH="67" HEIGHT="21" WC="0.92" CONTENT="äfven"/><SP WIDTH="20" VPOS="862" HPOS="434"/>
							<String ID="string_158" HPOS="454" VPOS="863" WIDTH="73" HEIGHT="20" WC="0.96" CONTENT="andra"/><SP WIDTH="23" VPOS="863" HPOS="527"/>
							<String ID="string_159" HPOS="550" VPOS="862" WIDTH="201" HEIGHT="27" WC="0.93" CONTENT="omständigheter,"/><SP WIDTH="16" VPOS="862" HPOS="751"/>
							<String ID="string_160" HPOS="767" VPOS="862" WIDTH="77" HEIGHT="21" WC="0.92" CONTENT="säsom"/><SP WIDTH="20" VPOS="862" HPOS="844"/>
							<String ID="string_161" HPOS="864" VPOS="863" WIDTH="32" HEIGHT="19" WC="0.96" CONTENT="att"/><SP WIDTH="15" VPOS="863" HPOS="896"/>
							<String ID="string_162" HPOS="911" VPOS="868" WIDTH="44" HEIGHT="14" WC="0.96" CONTENT="ena"/>
						</TextLine>
						<TextLine ID="line_20" HPOS="195" VPOS="895" WIDTH="759" HEIGHT="28">
							<String ID="string_163" HPOS="195" VPOS="895" WIDTH="86" HEIGHT="22" WC="0.96" CONTENT="maken"/><SP WIDTH="15" VPOS="895" HPOS="281"/>
							<String ID="string_164" HPOS="296" VPOS="896" WIDTH="66" HEIGHT="21" WC="0.96" CONTENT="råkat"/><SP WIDTH="14" VPOS="896" HPOS="362"/>
							<String ID="string_165" HPOS="376" VPOS="896" WIDTH="7" HEIGHT="21" WC="0.93" CONTENT="i"/><SP WIDTH="23" VPOS="896" HPOS="383"/>
							<String ID="string_166" HPOS="406" VPOS="896" WIDTH="95" HEIGHT="27" WC="0.96" CONTENT="obotligt"/><SP WIDTH="15" VPOS="896" HPOS="501"/>
							<String ID="string_167" HPOS="516" VPOS="897" WIDTH="112" HEIGHT="20" WC="0.96" CONTENT="vansinne"/><SP WIDTH="16" VPOS="897" HPOS="628"/>
							<String ID="string_168" HPOS="644" VPOS="897" WIDTH="53" HEIGHT="20" WC="0.85" CONTENT="eller"/><SP WIDTH="15" VPOS="897" HPOS="697"/>
							<String ID="string_169" HPOS="712" VPOS="896" WIDTH="74" HEIGHT="21" WC="0.93" CONTENT="blifvit"/><SP WIDTH="14" VPOS="896" HPOS="786"/>
							<String ID="string_170" HPOS="800" VPOS="895" WIDTH="85" HEIGHT="22" WC="0.85" CONTENT="ädömd"/><SP WIDTH="11" VPOS="895" HPOS="885"/>
							<String ID="string_171" HPOS="896" VPOS="896" WIDTH="58" HEIGHT="21" WC="0.89" CONTENT="tukt-"/>
						</TextLine>
						<TextLine ID="line_21" HPOS="196" VPOS="930" WIDTH="759" HEIGHT="27">
							<String ID="string_172" HPOS="196" VPOS="930" WIDTH="113" HEIGHT="21" WC="0.91" CONTENT="husstraff"/><SP WIDTH="12" VPOS="930" HPOS="309"/>
							<String ID="string_173" HPOS="321" VPOS="931" WIDTH="29" HEIGHT="26" WC="0.92" CONTENT="pä"/><SP WIDTH="16" VPOS="931" HPOS="350"/>
							<String ID="string_174" HPOS="366" VPOS="931" WIDTH="76" HEIGHT="25" WC="0.92" CONTENT="lifstid,"/><SP WIDTH="17" VPOS="931" HPOS="442"/>
							<String ID="string_175" HPOS="459" VPOS="931" WIDTH="70" HEIGHT="20" WC="0.96" CONTENT="borde"/><SP WIDTH="16" VPOS="931" HPOS="529"/>
							<String ID="string_176" HPOS="545" VPOS="932" WIDTH="87" HEIGHT="25" WC="0.93" CONTENT="utgöra"/><SP WIDTH="10" VPOS="932" HPOS="632"/>
							<String ID="string_177" HPOS="642" VPOS="931" WIDTH="54" HEIGHT="26" WC="0.92" CONTENT="laga"/><SP WIDTH="9" VPOS="931" HPOS="696"/>
							<String ID="string_178" HPOS="705" VPOS="931" WIDTH="49" HEIGHT="20" WC="0.95" CONTENT="skäl"/><SP WIDTH="9" VPOS="931" HPOS="754"/>
							<String ID="string_179" HPOS="763" VPOS="931" WIDTH="33" HEIGHT="20" WC="0.93" CONTENT="till"/><SP WIDTH="9" VPOS="931" HPOS="796"/>
							<String ID="string_180" HPOS="805" VPOS="930" WIDTH="150" HEIGHT="27" WC="0.91" CONTENT="äktenskaps-"/>
						</TextLine>
						<TextLine ID="line_22" HPOS="196" VPOS="964" WIDTH="758" HEIGHT="27">
							<String ID="string_181" HPOS="196" VPOS="964" WIDTH="99" HEIGHT="27" WC="0.92" CONTENT="skilnad,"/><SP WIDTH="16" VPOS="964" HPOS="295"/>
							<String ID="string_182" HPOS="311" VPOS="965" WIDTH="42" HEIGHT="20" WC="0.93" CONTENT="har"/><SP WIDTH="15" VPOS="965" HPOS="353"/>
							<String ID="string_183" HPOS="368" VPOS="965" WIDTH="113" HEIGHT="21" WC="0.93" CONTENT="Utskottet"/><SP WIDTH="12" VPOS="965" HPOS="481"/>
							<String ID="string_184" HPOS="493" VPOS="965" WIDTH="60" HEIGHT="20" WC="0.96" CONTENT="dock"/><SP WIDTH="9" VPOS="965" HPOS="553"/>
							<String ID="string_185" HPOS="562" VPOS="965" WIDTH="59" HEIGHT="20" WC="0.93" CONTENT="velat"/><SP WIDTH="8" VPOS="965" HPOS="621"/>
							<String ID="string_186" HPOS="629" VPOS="965" WIDTH="78" HEIGHT="26" WC="0.91" CONTENT="uttala,"/><SP WIDTH="9" VPOS="965" HPOS="707"/>
							<String ID="string_187" HPOS="716" VPOS="965" WIDTH="113" HEIGHT="20" WC="0.92" CONTENT="hurusom"/><SP WIDTH="9" VPOS="965" HPOS="829"/>
							<String ID="string_188" HPOS="838" VPOS="965" WIDTH="69" HEIGHT="26" WC="0.93" CONTENT="enligt"/><SP WIDTH="12" VPOS="965" HPOS="907"/>
							<String ID="string_189" HPOS="919" VPOS="964" WIDTH="35" HEIGHT="21" WC="0.93" CONTENT="Ut-"/>
						</TextLine>
						<TextLine ID="line_23" HPOS="195" VPOS="998" WIDTH="759" HEIGHT="28">
							<String ID="string_190" HPOS="195" VPOS="998" WIDTH="96" HEIGHT="21" WC="0.91" CONTENT="skottets"/><SP WIDTH="15" VPOS="998" HPOS="291"/>
							<String ID="string_191" HPOS="306" VPOS="999" WIDTH="148" HEIGHT="21" WC="0.92" CONTENT="förmenande"/><SP WIDTH="9" VPOS="999" HPOS="454"/>
							<String ID="string_192" HPOS="463" VPOS="999" WIDTH="77" HEIGHT="26" WC="0.92" CONTENT="lagens"/><SP WIDTH="8" VPOS="999" HPOS="540"/>
							<String ID="string_193" HPOS="548" VPOS="999" WIDTH="180" HEIGHT="26" WC="0.96" CONTENT="begränsningar"/><SP WIDTH="8" VPOS="999" HPOS="728"/>
							<String ID="string_194" HPOS="736" VPOS="999" WIDTH="29" HEIGHT="27" WC="0.93" CONTENT="pä"/><SP WIDTH="17" VPOS="999" HPOS="765"/>
							<String ID="string_195" HPOS="782" VPOS="998" WIDTH="172" HEIGHT="27" WC="0.92" CONTENT="ifrägavarande"/>
						</TextLine>
						<TextLine ID="line_24" HPOS="195" VPOS="1033" WIDTH="758" HEIGHT="28">
							<String ID="string_196" HPOS="195" VPOS="1033" WIDTH="95" HEIGHT="20" WC="0.92" CONTENT="omräde"/><SP WIDTH="20" VPOS="1033" HPOS="290"/>
							<String ID="string_197" HPOS="310" VPOS="1033" WIDTH="81" HEIGHT="21" WC="0.96" CONTENT="endast"/><SP WIDTH="22" VPOS="1033" HPOS="391"/>
							<String ID="string_198" HPOS="413" VPOS="1033" WIDTH="52" HEIGHT="21" WC="0.93" CONTENT="med"/><SP WIDTH="23" VPOS="1033" HPOS="465"/>
							<String ID="string_199" HPOS="488" VPOS="1034" WIDTH="116" HEIGHT="27" WC="0.93" CONTENT="synnerlig"/><SP WIDTH="19" VPOS="1034" HPOS="604"/>
							<String ID="string_200" HPOS="623" VPOS="1034" WIDTH="131" HEIGHT="20" WC="0.92" CONTENT="varsamhet"/><SP WIDTH="16" VPOS="1034" HPOS="754"/>
							<String ID="string_201" HPOS="770" VPOS="1033" WIDTH="56" HEIGHT="21" WC="0.92" CONTENT="böra"/><SP WIDTH="16" VPOS="1033" HPOS="826"/>
							<String ID="string_202" HPOS="842" VPOS="1033" WIDTH="111" HEIGHT="26" WC="0.92" CONTENT="utvidgas."/>
						</TextLine>
					</TextBlock>
					<TextBlock ID="block_3" HPOS="193" VPOS="1067" WIDTH="761" HEIGHT="438">
						<TextLine ID="line_25" HPOS="264" VPOS="1067" WIDTH="689" HEIGHT="26">
							<String ID="string_203" HPOS="264" VPOS="1067" WIDTH="32" HEIGHT="20" WC="0.91" CONTENT="Pä"/><SP WIDTH="19" VPOS="1067" HPOS="296"/>
							<String ID="string_204" HPOS="315" VPOS="1067" WIDTH="73" HEIGHT="26" WC="0.95" CONTENT="grund"/><SP WIDTH="23" VPOS="1067" HPOS="388"/>
							<String ID="string_205" HPOS="411" VPOS="1067" WIDTH="25" HEIGHT="20" WC="0.96" CONTENT="af"/><SP WIDTH="21" VPOS="1067" HPOS="436"/>
							<String ID="string_206" HPOS="457" VPOS="1067" WIDTH="113" HEIGHT="21" WC="0.96" CONTENT="särskilda"/><SP WIDTH="17" VPOS="1067" HPOS="570"/>
							<String ID="string_207" HPOS="587" VPOS="1067" WIDTH="38" HEIGHT="21" WC="0.93" CONTENT="vid"/><SP WIDTH="15" VPOS="1067" HPOS="625"/>
							<String ID="string_208" HPOS="640" VPOS="1067" WIDTH="190" HEIGHT="21" WC="0.92" CONTENT="remissdebatten"/><SP WIDTH="16" VPOS="1067" HPOS="830"/>
							<String ID="string_209" HPOS="846" VPOS="1067" WIDTH="6" HEIGHT="20" WC="0.93" CONTENT="i"/><SP WIDTH="17" VPOS="1067" HPOS="852"/>
							<String ID="string_210" HPOS="869" VPOS="1067" WIDTH="84" HEIGHT="20" WC="0.92" CONTENT="Preste-"/>
						</TextLine>
						<TextLine ID="line_26" HPOS="195" VPOS="1101" WIDTH="759" HEIGHT="28">
							<String ID="string_211" HPOS="195" VPOS="1101" WIDTH="43" HEIGHT="20" WC="0.92" CONTENT="och"/><SP WIDTH="22" VPOS="1101" HPOS="238"/>
							<String ID="string_212" HPOS="260" VPOS="1101" WIDTH="196" HEIGHT="27" WC="0.92" CONTENT="Borgareständen"/><SP WIDTH="19" VPOS="1101" HPOS="456"/>
							<String ID="string_213" HPOS="475" VPOS="1102" WIDTH="86" HEIGHT="26" WC="0.92" CONTENT="afgifna"/><SP WIDTH="15" VPOS="1102" HPOS="561"/>
							<String ID="string_214" HPOS="576" VPOS="1101" WIDTH="121" HEIGHT="28" WC="0.92" CONTENT="yttranden"/><SP WIDTH="16" VPOS="1101" HPOS="697"/>
							<String ID="string_215" HPOS="713" VPOS="1102" WIDTH="43" HEIGHT="21" WC="0.93" CONTENT="har"/><SP WIDTH="16" VPOS="1102" HPOS="756"/>
							<String ID="string_216" HPOS="772" VPOS="1102" WIDTH="113" HEIGHT="21" WC="0.92" CONTENT="Utskottet"/><SP WIDTH="16" VPOS="1102" HPOS="885"/>
							<String ID="string_217" HPOS="901" VPOS="1102" WIDTH="53" HEIGHT="20" WC="0.92" CONTENT="slut-"/>
						</TextLine>
						<TextLine ID="line_27" HPOS="194" VPOS="1135" WIDTH="759" HEIGHT="28">
							<String ID="string_218" HPOS="194" VPOS="1135" WIDTH="60" HEIGHT="26" WC="0.91" CONTENT="ligen"/><SP WIDTH="17" VPOS="1135" HPOS="254"/>
							<String ID="string_219" HPOS="271" VPOS="1135" WIDTH="58" HEIGHT="21" WC="0.96" CONTENT="velat"/><SP WIDTH="16" VPOS="1135" HPOS="329"/>
							<String ID="string_220" HPOS="345" VPOS="1135" WIDTH="52" HEIGHT="21" WC="0.93" CONTENT="med"/><SP WIDTH="11" VPOS="1135" HPOS="397"/>
							<String ID="string_221" HPOS="408" VPOS="1136" WIDTH="69" HEIGHT="26" WC="0.92" CONTENT="nägra"/><SP WIDTH="16" VPOS="1136" HPOS="477"/>
							<String ID="string_222" HPOS="493" VPOS="1136" WIDTH="42" HEIGHT="21" WC="0.93" CONTENT="ord"/><SP WIDTH="17" VPOS="1136" HPOS="535"/>
							<String ID="string_223" HPOS="552" VPOS="1136" WIDTH="81" HEIGHT="21" WC="0.92" CONTENT="beröra"/><SP WIDTH="8" VPOS="1136" HPOS="633"/>
							<String ID="string_224" HPOS="641" VPOS="1143" WIDTH="27" HEIGHT="14" WC="0.93" CONTENT="en"/><SP WIDTH="10" VPOS="1143" HPOS="668"/>
							<String ID="string_225" HPOS="678" VPOS="1136" WIDTH="105" HEIGHT="26" WC="0.90" CONTENT="tolkning"/><SP WIDTH="7" VPOS="1136" HPOS="783"/>
							<String ID="string_226" HPOS="790" VPOS="1136" WIDTH="44" HEIGHT="20" WC="0.95" CONTENT="af"/><SP WIDTH="-11" VPOS="1136" HPOS="834"/>
							<String ID="string_227" HPOS="823" VPOS="1131" WIDTH="9" HEIGHT="36" WC="0.92" CONTENT="4"/><SP WIDTH="11" VPOS="1131" HPOS="832"/>
							<String ID="string_228" HPOS="843" VPOS="1136" WIDTH="13" HEIGHT="26" WC="0.92" CONTENT="$"/><SP WIDTH="11" VPOS="1136" HPOS="856"/>
							<String ID="string_229" HPOS="867" VPOS="1136" WIDTH="24" HEIGHT="20" WC="0.96" CONTENT="13"/><SP WIDTH="9" VPOS="1136" HPOS="891"/>
							<String ID="string_230" HPOS="900" VPOS="1136" WIDTH="53" HEIGHT="27" WC="0.96" CONTENT="kap."/>
						</TextLine>
						<TextLine ID="line_28" HPOS="195" VPOS="1169" WIDTH="758" HEIGHT="28">
							<String ID="string_231" HPOS="195" VPOS="1169" WIDTH="222" HEIGHT="27" WC="0.91" CONTENT="Giftermälsbalken,"/><SP WIDTH="10" VPOS="1169" HPOS="417"/>
							<String ID="string_232" HPOS="427" VPOS="1177" WIDTH="49" HEIGHT="14" WC="0.96" CONTENT="som"/><SP WIDTH="18" VPOS="1177" HPOS="476"/>
							<String ID="string_233" HPOS="494" VPOS="1171" WIDTH="73" HEIGHT="20" WC="0.96" CONTENT="under"/><SP WIDTH="16" VPOS="1171" HPOS="567"/>
							<String ID="string_234" HPOS="583" VPOS="1177" WIDTH="78" HEIGHT="14" WC="0.96" CONTENT="senare"/><SP WIDTH="16" VPOS="1177" HPOS="661"/>
							<String ID="string_235" HPOS="677" VPOS="1170" WIDTH="31" HEIGHT="21" WC="0.96" CONTENT="tid"/><SP WIDTH="17" VPOS="1170" HPOS="708"/>
							<String ID="string_236" HPOS="725" VPOS="1170" WIDTH="59" HEIGHT="27" WC="0.96" CONTENT="gjort"/><SP WIDTH="16" VPOS="1170" HPOS="784"/>
							<String ID="string_237" HPOS="800" VPOS="1171" WIDTH="33" HEIGHT="26" WC="0.96" CONTENT="sig"/><SP WIDTH="15" VPOS="1171" HPOS="833"/>
							<String ID="string_238" HPOS="848" VPOS="1170" WIDTH="105" HEIGHT="26" WC="0.96" CONTENT="gällande"/>
						</TextLine>
						<TextLine ID="line_29" HPOS="194" VPOS="1203" WIDTH="759" HEIGHT="28">
							<String ID="string_239" HPOS="194" VPOS="1203" WIDTH="38" HEIGHT="21" WC="0.95" CONTENT="vid"/><SP WIDTH="29" VPOS="1203" HPOS="232"/>
							<String ID="string_240" HPOS="261" VPOS="1210" WIDTH="28" HEIGHT="14" WC="0.94" CONTENT="en"/><SP WIDTH="26" VPOS="1210" HPOS="289"/>
							<String ID="string_241" HPOS="315" VPOS="1204" WIDTH="35" HEIGHT="21" WC="0.93" CONTENT="del"/><SP WIDTH="23" VPOS="1204" HPOS="350"/>
							<String ID="string_242" HPOS="373" VPOS="1204" WIDTH="201" HEIGHT="21" WC="0.91" CONTENT="underdomstolar"/><SP WIDTH="23" VPOS="1204" HPOS="574"/>
							<String ID="string_243" HPOS="597" VPOS="1205" WIDTH="6" HEIGHT="20" WC="0.96" CONTENT="i"/><SP WIDTH="19" VPOS="1205" HPOS="603"/>
							<String ID="string_244" HPOS="622" VPOS="1205" WIDTH="77" HEIGHT="20" WC="0.96" CONTENT="landet"/><SP WIDTH="16" VPOS="1205" HPOS="699"/>
							<String ID="string_245" HPOS="715" VPOS="1205" WIDTH="43" HEIGHT="20" WC="0.96" CONTENT="och"/><SP WIDTH="17" VPOS="1205" HPOS="758"/>
							<String ID="string_246" HPOS="775" VPOS="1204" WIDTH="69" HEIGHT="27" WC="0.93" CONTENT="enligt"/><SP WIDTH="15" VPOS="1204" HPOS="844"/>
							<String ID="string_247" HPOS="859" VPOS="1204" WIDTH="94" HEIGHT="21" WC="0.92" CONTENT="hvilken"/>
						</TextLine>
						<TextLine ID="line_30" HPOS="195" VPOS="1237" WIDTH="758" HEIGHT="29">
							<String ID="string_248" HPOS="195" VPOS="1237" WIDTH="92" HEIGHT="21" WC="0.96" CONTENT="skilnad"/><SP WIDTH="17" VPOS="1237" HPOS="287"/>
							<String ID="string_249" HPOS="304" VPOS="1238" WIDTH="5" HEIGHT="20" WC="0.93" CONTENT="i"/><SP WIDTH="17" VPOS="1238" HPOS="309"/>
							<String ID="string_250" HPOS="326" VPOS="1239" WIDTH="126" HEIGHT="27" WC="0.96" CONTENT="äktenskap"/><SP WIDTH="16" VPOS="1239" HPOS="452"/>
							<String ID="string_251" HPOS="468" VPOS="1239" WIDTH="8" HEIGHT="20" WC="0.70" CONTENT="i"/><SP WIDTH="10" VPOS="1239" HPOS="476"/>
							<String ID="string_252" HPOS="486" VPOS="1239" WIDTH="41" HEIGHT="20" WC="0.70" CONTENT="der"/><SP WIDTH="15" VPOS="1239" HPOS="527"/>
							<String ID="string_253" HPOS="542" VPOS="1239" WIDTH="86" HEIGHT="20" WC="0.95" CONTENT="nämda"/><SP WIDTH="11" VPOS="1239" HPOS="628"/>
							<String ID="string_254" HPOS="639" VPOS="1239" WIDTH="38" HEIGHT="20" WC="0.97" CONTENT="fall"/><SP WIDTH="14" VPOS="1239" HPOS="677"/>
							<String ID="string_255" HPOS="691" VPOS="1239" WIDTH="45" HEIGHT="20" WC="0.93" CONTENT="kan"/><SP WIDTH="13" VPOS="1239" HPOS="736"/>
							<String ID="string_256" HPOS="749" VPOS="1239" WIDTH="82" HEIGHT="20" WC="0.96" CONTENT="vinnas"/><SP WIDTH="11" VPOS="1239" HPOS="831"/>
							<String ID="string_257" HPOS="842" VPOS="1238" WIDTH="63" HEIGHT="21" WC="0.93" CONTENT="inom"/><SP WIDTH="10" VPOS="1238" HPOS="905"/>
							<String ID="string_258" HPOS="915" VPOS="1239" WIDTH="38" HEIGHT="20" WC="0.93" CONTENT="nä-"/>
						</TextLine>
						<TextLine ID="line_31" HPOS="195" VPOS="1272" WIDTH="756" HEIGHT="27">
							<String ID="string_259" HPOS="195" VPOS="1277" WIDTH="39" HEIGHT="21" WC="0.93" CONTENT="gra"/><SP WIDTH="27" VPOS="1277" HPOS="234"/>
							<String ID="string_260" HPOS="261" VPOS="1272" WIDTH="24" HEIGHT="21" WC="0.92" CONTENT="fä"/><SP WIDTH="25" VPOS="1272" HPOS="285"/>
							<String ID="string_261" HPOS="310" VPOS="1273" WIDTH="88" HEIGHT="20" WC="0.92" CONTENT="veckor."/><SP WIDTH="31" VPOS="1273" HPOS="398"/>
							<String ID="string_262" HPOS="429" VPOS="1273" WIDTH="42" HEIGHT="20" WC="0.92" CONTENT="Väl"/><SP WIDTH="24" VPOS="1273" HPOS="471"/>
							<String ID="string_263" HPOS="495" VPOS="1273" WIDTH="70" HEIGHT="21" WC="0.92" CONTENT="hafva"/><SP WIDTH="18" VPOS="1273" HPOS="565"/>
							<String ID="string_264" HPOS="583" VPOS="1273" WIDTH="33" HEIGHT="20" WC="0.96" CONTENT="tid"/><SP WIDTH="16" VPOS="1273" HPOS="616"/>
							<String ID="string_265" HPOS="632" VPOS="1273" WIDTH="43" HEIGHT="21" WC="0.96" CONTENT="och"/><SP WIDTH="16" VPOS="1273" HPOS="675"/>
							<String ID="string_266" HPOS="691" VPOS="1272" WIDTH="195" HEIGHT="27" WC="0.93" CONTENT="omständigheter"/><SP WIDTH="15" VPOS="1272" HPOS="886"/>
							<String ID="string_267" HPOS="901" VPOS="1272" WIDTH="50" HEIGHT="21" WC="0.92" CONTENT="icke"/>
						</TextLine>
						<TextLine ID="line_32" HPOS="195" VPOS="1306" WIDTH="756" HEIGHT="28">
							<String ID="string_268" HPOS="195" VPOS="1306" WIDTH="119" HEIGHT="27" WC="0.90" CONTENT="medgifvit"/><SP WIDTH="20" VPOS="1306" HPOS="314"/>
							<String ID="string_269" HPOS="334" VPOS="1309" WIDTH="29" HEIGHT="18" WC="0.93" CONTENT="ett"/><SP WIDTH="22" VPOS="1309" HPOS="363"/>
							<String ID="string_270" HPOS="385" VPOS="1308" WIDTH="107" HEIGHT="20" WC="0.92" CONTENT="närmare"/><SP WIDTH="25" VPOS="1308" HPOS="492"/>
							<String ID="string_271" HPOS="517" VPOS="1307" WIDTH="111" HEIGHT="26" WC="0.93" CONTENT="ingäende"/><SP WIDTH="23" VPOS="1307" HPOS="628"/>
							<String ID="string_272" HPOS="651" VPOS="1307" WIDTH="29" HEIGHT="27" WC="0.96" CONTENT="pä"/><SP WIDTH="22" VPOS="1307" HPOS="680"/>
							<String ID="string_273" HPOS="702" VPOS="1307" WIDTH="77" HEIGHT="20" WC="0.93" CONTENT="denna"/><SP WIDTH="19" VPOS="1307" HPOS="779"/>
							<String ID="string_274" HPOS="798" VPOS="1307" WIDTH="68" HEIGHT="26" WC="0.89" CONTENT="fräga."/><SP WIDTH="33" VPOS="1307" HPOS="866"/>
							<String ID="string_275" HPOS="899" VPOS="1307" WIDTH="52" HEIGHT="20" WC="0.96" CONTENT="Men"/>
						</TextLine>
						<TextLine ID="line_33" HPOS="194" VPOS="1340" WIDTH="759" HEIGHT="27">
							<String ID="string_276" HPOS="194" VPOS="1341" WIDTH="114" HEIGHT="20" WC="0.92" CONTENT="Utskottet"/><SP WIDTH="23" VPOS="1341" HPOS="308"/>
							<String ID="string_277" HPOS="331" VPOS="1341" WIDTH="41" HEIGHT="20" WC="0.96" CONTENT="bör"/><SP WIDTH="22" VPOS="1341" HPOS="372"/>
							<String ID="string_278" HPOS="394" VPOS="1341" WIDTH="60" HEIGHT="21" WC="0.93" CONTENT="dock"/><SP WIDTH="20" VPOS="1341" HPOS="454"/>
							<String ID="string_279" HPOS="474" VPOS="1341" WIDTH="49" HEIGHT="21" WC="0.93" CONTENT="icke"/><SP WIDTH="16" VPOS="1341" HPOS="523"/>
							<String ID="string_280" HPOS="539" VPOS="1342" WIDTH="77" HEIGHT="20" WC="0.92" CONTENT="lemna"/><SP WIDTH="15" VPOS="1342" HPOS="616"/>
							<String ID="string_281" HPOS="631" VPOS="1341" WIDTH="129" HEIGHT="26" WC="0.92" CONTENT="oanmärkt,"/><SP WIDTH="17" VPOS="1341" HPOS="760"/>
							<String ID="string_282" HPOS="777" VPOS="1340" WIDTH="123" HEIGHT="21" WC="0.91" CONTENT="huruledes"/><SP WIDTH="16" VPOS="1340" HPOS="900"/>
							<String ID="string_283" HPOS="916" VPOS="1341" WIDTH="37" HEIGHT="20" WC="0.96" CONTENT="det"/>
						</TextLine>
						<TextLine ID="line_34" HPOS="193" VPOS="1374" WIDTH="759" HEIGHT="29">
							<String ID="string_284" HPOS="193" VPOS="1374" WIDTH="71" HEIGHT="27" WC="0.93" CONTENT="enligt"/><SP WIDTH="16" VPOS="1374" HPOS="264"/>
							<String ID="string_285" HPOS="280" VPOS="1375" WIDTH="123" HEIGHT="21" WC="0.92" CONTENT="Utskottets"/><SP WIDTH="15" VPOS="1375" HPOS="403"/>
							<String ID="string_286" HPOS="418" VPOS="1375" WIDTH="69" HEIGHT="21" WC="0.93" CONTENT="tanke"/><SP WIDTH="16" VPOS="1375" HPOS="487"/>
							<String ID="string_287" HPOS="503" VPOS="1375" WIDTH="49" HEIGHT="21" WC="0.91" CONTENT="icke"/><SP WIDTH="17" VPOS="1375" HPOS="552"/>
							<String ID="string_288" HPOS="569" VPOS="1382" WIDTH="67" HEIGHT="21" WC="0.92" CONTENT="synes"/><SP WIDTH="16" VPOS="1382" HPOS="636"/>
							<String ID="string_289" HPOS="652" VPOS="1382" WIDTH="55" HEIGHT="14" WC="0.96" CONTENT="vara"/><SP WIDTH="16" VPOS="1382" HPOS="707"/>
							<String ID="string_290" HPOS="723" VPOS="1375" WIDTH="53" HEIGHT="21" WC="0.96" CONTENT="med"/><SP WIDTH="16" VPOS="1375" HPOS="776"/>
							<String ID="string_291" HPOS="792" VPOS="1376" WIDTH="36" HEIGHT="26" WC="0.93" CONTENT="lag"/><SP WIDTH="11" VPOS="1376" HPOS="828"/>
							<String ID="string_292" HPOS="839" VPOS="1375" WIDTH="113" HEIGHT="21" WC="0.92" CONTENT="öfverens-"/>
						</TextLine>
						<TextLine ID="line_35" HPOS="194" VPOS="1409" WIDTH="759" HEIGHT="28">
							<String ID="string_293" HPOS="194" VPOS="1410" WIDTH="152" HEIGHT="26" WC="0.92" CONTENT="stämmande,"/><SP WIDTH="24" VPOS="1410" HPOS="346"/>
							<String ID="string_294" HPOS="370" VPOS="1412" WIDTH="32" HEIGHT="19" WC="0.94" CONTENT="att"/><SP WIDTH="15" VPOS="1412" HPOS="402"/>
							<String ID="string_295" HPOS="417" VPOS="1410" WIDTH="7" HEIGHT="20" WC="0.93" CONTENT="i"/><SP WIDTH="16" VPOS="1410" HPOS="424"/>
							<String ID="string_296" HPOS="440" VPOS="1410" WIDTH="87" HEIGHT="21" WC="0.96" CONTENT="sådana"/><SP WIDTH="23" VPOS="1410" HPOS="527"/>
							<String ID="string_297" HPOS="550" VPOS="1410" WIDTH="46" HEIGHT="20" WC="0.96" CONTENT="mål"/><SP WIDTH="24" VPOS="1410" HPOS="596"/>
							<String ID="string_298" HPOS="620" VPOS="1410" WIDTH="43" HEIGHT="21" WC="0.96" CONTENT="den"/><SP WIDTH="17" VPOS="1410" HPOS="663"/>
							<String ID="string_299" HPOS="680" VPOS="1410" WIDTH="6" HEIGHT="20" WC="0.70" CONTENT="i"/><SP WIDTH="16" VPOS="1410" HPOS="686"/>
							<String ID="string_300" HPOS="702" VPOS="1410" WIDTH="37" HEIGHT="27" WC="0.70" CONTENT="lag"/><SP WIDTH="21" VPOS="1410" HPOS="739"/>
							<String ID="string_301" HPOS="760" VPOS="1409" WIDTH="109" HEIGHT="27" WC="0.93" CONTENT="stadgade"/><SP WIDTH="16" VPOS="1409" HPOS="869"/>
							<String ID="string_302" HPOS="885" VPOS="1411" WIDTH="68" HEIGHT="19" WC="0.59" CONTENT="stäm-"/>
						</TextLine>
						<TextLine ID="line_36" HPOS="193" VPOS="1444" WIDTH="760" HEIGHT="27">
							<String ID="string_303" HPOS="193" VPOS="1444" WIDTH="130" HEIGHT="26" WC="0.91" CONTENT="ningstiden"/><SP WIDTH="23" VPOS="1444" HPOS="323"/>
							<String ID="string_304" HPOS="346" VPOS="1444" WIDTH="34" HEIGHT="21" WC="0.93" CONTENT="för"/><SP WIDTH="18" VPOS="1444" HPOS="380"/>
							<String ID="string_305" HPOS="398" VPOS="1444" WIDTH="120" HEIGHT="27" WC="0.92" CONTENT="svarande,"/><SP WIDTH="16" VPOS="1444" HPOS="518"/>
							<String ID="string_306" HPOS="534" VPOS="1451" WIDTH="51" HEIGHT="14" WC="0.93" CONTENT="som"/><SP WIDTH="17" VPOS="1451" HPOS="585"/>
							<String ID="string_307" HPOS="602" VPOS="1445" WIDTH="69" HEIGHT="20" WC="0.92" CONTENT="vistas"/><SP WIDTH="16" VPOS="1445" HPOS="671"/>
							<String ID="string_308" HPOS="687" VPOS="1447" WIDTH="64" HEIGHT="18" WC="0.92" CONTENT="utom"/><SP WIDTH="17" VPOS="1447" HPOS="751"/>
							<String ID="string_309" HPOS="768" VPOS="1444" WIDTH="84" HEIGHT="26" WC="0.93" CONTENT="landet,"/><SP WIDTH="16" VPOS="1444" HPOS="852"/>
							<String ID="string_310" HPOS="868" VPOS="1447" WIDTH="85" HEIGHT="18" WC="0.92" CONTENT="ansetts"/>
						</TextLine>
						<TextLine ID="line_37" HPOS="193" VPOS="1478" WIDTH="760" HEIGHT="27">
							<String ID="string_311" HPOS="193" VPOS="1478" WIDTH="50" HEIGHT="21" WC="0.91" CONTENT="icke"/><SP WIDTH="23" VPOS="1478" HPOS="243"/>
							<String ID="string_312" HPOS="266" VPOS="1478" WIDTH="103" HEIGHT="26" WC="0.43" CONTENT="behäfva"/><SP WIDTH="21" VPOS="1478" HPOS="369"/>
							<String ID="string_313" HPOS="390" VPOS="1478" WIDTH="116" HEIGHT="27" WC="0.92" CONTENT="iakttagas."/><SP WIDTH="32" VPOS="1478" HPOS="506"/>
							<String ID="string_314" HPOS="538" VPOS="1479" WIDTH="36" HEIGHT="20" WC="0.93" CONTENT="Att"/><SP WIDTH="25" VPOS="1479" HPOS="574"/>
							<String ID="string_315" HPOS="599" VPOS="1479" WIDTH="81" HEIGHT="20" WC="0.96" CONTENT="märka"/><SP WIDTH="22" VPOS="1479" HPOS="680"/>
							<String ID="string_316" HPOS="702" VPOS="1480" WIDTH="26" HEIGHT="19" WC="0.95" CONTENT="är"/><SP WIDTH="26" VPOS="1480" HPOS="728"/>
							<String ID="string_317" HPOS="754" VPOS="1479" WIDTH="122" HEIGHT="26" WC="0.95" CONTENT="nämligen,"/><SP WIDTH="16" VPOS="1479" HPOS="876"/>
							<String ID="string_318" HPOS="892" VPOS="1481" WIDTH="31" HEIGHT="18" WC="0.95" CONTENT="att"/><SP WIDTH="22" VPOS="1481" HPOS="923"/>
							<String ID="string_319" HPOS="945" VPOS="1478" WIDTH="8" HEIGHT="21" WC="0.96" CONTENT="i"/>
						</TextLine>
					</TextBlock>
				</ComposedBlock>
				<ComposedBlock ID="cblock_2" HPOS="264" VPOS="1523" WIDTH="348" HEIGHT="23">
					<TextBlock ID="block_4" HPOS="264" VPOS="1523" WIDTH="348" HEIGHT="23">
						<TextLine ID="line_38" HPOS="264" VPOS="1523" WIDTH="348" HEIGHT="23">
							<String ID="string_320" HPOS="264" VPOS="1524" WIDTH="133" HEIGHT="22" WC="0.78" CONTENT="Lagutskottets"/><SP WIDTH="12" VPOS="1524" HPOS="397"/>
							<String ID="string_321" HPOS="409" VPOS="1524" WIDTH="111" HEIGHT="17" WC="0.96" CONTENT="betänkande"/><SP WIDTH="13" VPOS="1524" HPOS="520"/>
							<String ID="string_322" HPOS="533" VPOS="1523" WIDTH="37" HEIGHT="18" WC="0.96" CONTENT="N:o"/><SP WIDTH="14" VPOS="1523" HPOS="570"/>
							<String ID="string_323" HPOS="584" VPOS="1525" WIDTH="28" HEIGHT="17" WC="0.95" CONTENT="18."/>
						</TextLine>
					</TextBlock>
				</ComposedBlock>
			</PrintSpace>
		</Page>
	</Layout>
</alto>
