1111 1770
243 193 51 30 68

266 282 100 28 Förslag
380 282 35 22 till
430 281 139 27 förordning,
584 280 156 27 innefattande
753 279 98 28 ändring
865 279 10 20 i
889 279 60 20 vissa

285 317 62 20 delar
361 315 30 28 af
400 315 83 27 nådiga
497 315 138 27 reglementet
649 313 37 28 för
701 313 111 22 Finlands
827 311 67 23 Bank
908 313 28 27 af

293 350 42 21 den
350 351 28 19 19
396 349 108 21 Februari
521 345 65 30 1895,
602 350 58 20 samt
674 355 32 20 ny
720 349 45 20 stat
779 347 37 28 för
830 347 99 21 Banken.

587 411 47 27 28.

258 497 2 2 »
304 470 87 21 Banken
411 475 48 21 eger
478 470 41 20 rätt
537 470 31 20 att
585 468 81 28 utgifva
680 468 67 21 sedlar
763 468 64 27 enligt
842 468 25 21 de
882 468 8 20 i
904 468 21 20 II
939 468 46 27 kap.

228 504 109 27 "stadgade
353 504 91 26 grunder
459 504 55 28 samt
524 503 38 21 har
576 503 33 21 till
618 502 87 22 föremål
714 503 32 21 för
759 502 33 22 sin
802 502 131 31 verksamhet
947 503 38 20 att:

306 539 29 23 in-
350 538 45 22 och
417 538 82 20 utvexla
522 538 92 21 bankens
637 537 68 21 sedlar
727 537 38 21 och
789 537 62 21 finskt
873 537 113 21 metalliskt

236 570 70 35 mynt;
877 584 69 15 PEE

306 608 54 27 köpa
377 606 38 22 och
434 606 51 26 sälja
503 606 97 28 myntadt
612 606 40 21 och
667 606 108 28 omyntadt
789 606 50 27 guld
854 606 38 22 och
907 605 78 26 silfver;

306 642 54 27 köpa
374 641 39 21 och
427 641 52 26 sälja
494 642 135 27 statspäpper,
645 641 134 27 obligationer
794 641 38 21 och
846 641 115 27 kuponger;

230 701 2 2 4
305 676 52 27 sälja
379 675 135 27 anvisningar
537 676 12 21 å
570 675 62 21 finskt
650 676 66 26 mynt,
734 675 108 21 betalbara
862 676 13 37 å
893 677 37 25 ort,
951 675 36 23 der

240 711 81 22 banken
336 711 38 20 har
388 710 73 21 kontor
477 710 49 21 eller
541 711 97 26 agentur;

306 745 54 27 köpa
377 745 37 20 och
433 744 51 27 sälja
503 744 73 27 sedlar,
596 744 69 21 vexlar
687 745 38 20 och
743 745 139 27 anvisningar,
897 745 89 36 lydande

240 781 12 21 å
267 780 64 28 annat
344 779 115 28 myntslag;

293 815 2 2 *
309 814 117 21 diskontera
441 813 69 21 vexlar
524 813 13 22 å
550 813 66 21 finska
630 813 65 24 mark,
700 798 142 47 accepterade
858 813 23 22 af
892 814 95 21 inhemsk
1003 811 4 29 '

239 828 59 50 firma
320 848 50 21 eller
392 848 56 21 inom
470 847 72 22 landet
562 848 70 21 bosatt
649 847 53 21 finsk
722 840 141 40 medborgare,
882 848 106 23 äfvensom

224 878 3 7 *
242 878 65 26 andra
319 883 78 26 jemväl
411 882 12 21 &
439 883 31 20 ort
484 882 57 21 inom
555 882 71 21 landet
640 882 107 21 betalbara
761 882 153 28 kreditpapper;

308 916 74 27 bevilja
400 916 138 28 penningelän
554 916 26 28 pä
594 916 41 21 viss
650 916 31 21 tid
695 918 44 20 mot
753 918 52 26 pant
819 916 22 22 af
854 917 48 21 ädla
916 918 71 20 metal-

239 952 37 26 ler,
293 952 136 26 statspapper,
445 951 139 27 obligationer,
602 950 104 26 aktiebref,
721 951 123 22 intecknade
859 952 129 21 skuldsedlar

242 986 53 21 samt
308 985 67 29 andra
391 982 141 30 värdepapper
547 985 37 21 och
599 991 68 18 varor;

308 1019 74 27 bevilja
404 1020 150 26 kassakreditiv
578 1019 56 22 såväl
655 1020 44 20 mot
720 1020 120 27 inteckning
860 1020 8 21 i
889 1020 100 28 fastighet

241 1054 44 22 som
299 1055 44 21 mot
358 1054 25 20 de
397 1054 8 20 i
419 1054 124 26 föregäende
557 1054 66 27 punkt
638 1054 125 21 omnämnda
773 1054 46 27 slag
833 1054 23 21 af
868 1055 56 27 pant,
940 1051 48 49 med

240 1084 109 31 undantag
363 1088 24 21 af
398 1094 69 18 varor;

307 1123 93 26 mottaga
432 1122 249 28 penningeinsättningar,
710 1123 51 20 utan
791 1122 197 28 räntegodtgörelse,

244 1156 85 22 banken
344 1156 52 21 dock
411 1156 94 27 obetaget
519 1158 34 19 att
573 1156 7 20 å
597 1156 91 27 löpande
702 1156 97 27 räkning
810 1156 48 21 med
869 1157 120 21 utländska

241 1190 213 28 Vankinrättningar
469 1190 40 21 och
524 1190 135 22 handelshus
669 1190 67 27 äfven
751 1190 14 21 å
779 1190 41 21 sin
826 1191 49 21 sida
885 1192 104 26 godtgöra

242 1226 79 24 ränta;
330 1224 26 27 *).

307 1258 112 29 verkställa
433 1258 171 27 inkasseringar;:

308 1294 93 25 mottaga
419 1293 8 20 i
441 1292 69 22 förvar
525 1293 131 27 handlingar,
672 1293 140 27 värdepapper
826 1294 38 20 och
880 1292 109 29 dyrbarhe-

240 1327 32 20 ter
286 1326 58 21 såväl
358 1326 65 28 under
438 1326 114 26 försegling
570 1332 44 15 som
628 1326 7 20 i
650 1327 68 25 öppna
733 1326 143 27 depositioner,
891 1327 48 22 med
954 1323 43 25 det.

241 1366 80 19 ansvar,
338 1364 44 16 som
396 1359 35 28 lag
445 1359 90 27 stadgar.
694 1388 2 2 |
898 1356 3 3 N

308 1393 40 23 Om
364 1394 24 21 de
403 1393 155 29 förrättningar,
570 1400 45 15 som
630 1393 68 28 äligga
713 1394 82 22 banken
809 1395 31 22 för
855 1396 134 22 statsverkets

241 1429 95 27 räkning,
347 1430 59 20 samt
427 1436 34 14 om
479 1428 152 28 förvaltningen
639 1424 11 40 -
654 1428 23 21 af
692 1428 146 28 Längmanska
856 1431 133 29 testaments-

240 1464 76 22 fonden
333 1465 22 21 är
370 1464 97 22 särskildt
482 1464 102 28 stadgadt.

308 1539 18 22 *)
338 1536 107 26 Ändringar
457 1539 34 18 och
504 1539 66 23 tillägg
582 1541 32 16 äro
627 1539 75 23 angifna
713 1540 42 17 med
767 1540 63 18 kursiv
843 1540 36 18 stil.
