1103 1795
265 163 27 20 56
607 161 24 22 II

237 229 136 22 villalotten
388 230 43 21 N:o
448 232 27 20 54
491 232 61 19 samt
568 232 61 19 samt
643 230 30 21 H.
689 230 44 21 och
749 229 198 29 F.köpebrefven
958 237 40 14 an-

236 268 92 29 gående
351 269 160 22 villalotterna
533 269 44 22 N:o
601 271 27 21 56
652 270 27 21 af
695 269 137 22 hemmanet
850 269 45 22 N:o
912 271 26 20 13
953 269 44 22 och

235 309 44 21 N:o
305 311 23 20 21
355 310 27 21 af
403 310 133 21 hemmanet
558 309 44 22 N:o
628 312 26 19 14
677 309 7 22 i
704 309 98 22 berörde
818 309 38 29 by,
872 310 73 21 mätte
961 310 37 21 för

236 349 63 21 hvad
323 349 52 21 dem
398 349 88 22 enhvar
509 349 99 22 sälunda
632 349 114 22 stannade
761 349 37 22 till
814 349 46 21 last
876 349 69 22 fällas
961 349 37 22 till

237 396 85 15 ansvar
341 390 75 29 enligt
435 392 23 19 21
480 391 12 27 &
511 392 27 19 40
556 390 54 29 kap.
631 390 153 30 Strafflagen,
805 390 129 28 hvarjemte
954 390 44 21 och

236 434 57 17 enär
317 431 146 27 statsverket,
487 431 53 21 med
563 431 97 28 hänsigt
682 431 79 21 dertill
784 432 35 19 att
838 430 161 21 villalotterna

236 470 62 21 N:ris
319 472 24 19 13
363 470 44 21 och
428 473 25 18 14
472 469 74 22 under
564 469 134 22 hemmanet
717 471 43 20 N:o
783 471 25 20 15
829 469 8 22 i
856 470 25 21 T.
904 469 37 29 by,
957 469 40 22 vid

237 510 83 21 hvilka
335 510 140 22 villalotters
492 510 141 29 försäljning
650 511 44 21 den
711 511 26 21 af
751 510 134 29 Kejserliga
896 510 102 22 Senaten

237 551 146 21 föreskrifna
398 551 100 28 ordning
514 551 129 28 iakttagits,
660 551 108 28 betingat
784 551 36 28 sig
836 553 34 19 ett
883 551 54 28 pris,
949 557 49 14 som

238 591 53 21 med
309 591 74 28 nägot
402 599 63 14 mera
480 595 30 18 än
526 591 92 22 hälften
634 591 119 28 öfversteg
769 591 40 21 det
825 591 27 20 af
866 590 133 29 Kejserliga

239 631 102 21 Senaten
352 631 37 21 för
400 639 88 13 samma
497 631 130 21 villalotter
634 631 126 22 faststälda
768 631 148 28 minimipris,
925 631 74 21 mäste

239 679 68 14 anses
326 679 84 21 genom
430 671 170 29 försäljningen
617 672 27 21 af
658 671 154 22 förenämnda
828 673 26 19 20
870 670 129 22 villalotter

239 711 43 21 och
303 711 156 29 jordomräde,
483 711 69 22 hvars
575 711 48 28 pris
646 711 126 22 beräknats
791 711 8 21 i
818 710 105 29 enlighet
947 711 51 20 med

239 751 40 21 det
302 752 26 21 af
349 751 133 29 Kejserliga
502 752 102 21 Senaten
620 752 37 21 för
671 752 131 21 villalotter
818 751 26 21 af
858 757 88 15 samma
961 750 38 21 be-

240 791 134 22 skaffenhet
396 791 125 22 faststälda
544 791 146 29 minimipris,
713 791 74 22 hafva
803 790 152 29 tillskyndats
970 797 29 14 en

240 831 91 27 förlust,
351 832 139 28 uppgäende
508 832 38 21 till
565 832 73 21 minst
657 832 92 21 hälften
766 832 27 21 af
806 831 40 21 det
862 831 53 28 pris,
932 832 68 19 stats-

239 871 83 22 verket
345 871 129 22 omellertid
497 872 37 21 för
556 871 74 29 sagda
648 871 128 22 villalotter
792 871 42 22 och
850 870 150 29 jordomräde

240 911 101 28 erhållit,
357 912 201 21 advokatfiskalen
573 912 90 28 påstod,
681 914 34 19 att
730 915 149 26 guvernören
891 911 34 28 G.,
937 911 63 21 läne-

240 951 154 22 bokhällaren
410 952 32 27 F.,
454 951 281 22 vicelandssekreteraren
745 952 37 27 H.,
794 951 164 28 kronofogden
969 950 30 28 S.,

241 991 227 22 kronolänsmannen
480 992 29 21 X.
522 992 43 21 och
576 991 304 22 länekammarförvandten
892 991 26 21 Y.
928 991 72 21 mätte

240 1032 186 29 skyldigkännas
442 1035 34 18 att
492 1034 88 20 ersätta
595 1033 142 21 statsverket
748 1031 101 22 berörda
860 1031 85 22 förlust
956 1031 44 21 och

241 1072 8 21 i
273 1072 84 21 sädant
381 1072 109 21 afseende
515 1072 37 22 till
574 1073 142 21 statsverket
738 1072 102 29 utgifva,
856 1073 145 26 gemensamt

241 1112 57 21 eller
321 1113 7 20 i
348 1113 53 21 män
417 1113 26 20 af
456 1112 108 29 tillgång,
579 1116 147 25 guvernören
743 1112 27 22 G.
788 1111 45 22 och
848 1111 152 22 länebokhäl-

241 1153 66 21 laren
329 1153 26 20 F.
380 1155 75 25 38,050
475 1153 71 27 mark,
562 1156 147 25 guvernören
726 1153 26 21 G.
770 1151 45 22 och
831 1151 169 22 länekammar-

241 1193 143 21 förvandten
403 1193 26 20 Y.
446 1195 62 25 3,300
524 1193 72 28 mark,
613 1192 210 22 länebokhällaren
838 1191 27 21 F.
882 1191 44 21 och
940 1191 62 21 vice-

242 1233 228 21 landssekreteraren
485 1233 29 21 H.
532 1235 62 26 3,300
610 1233 71 26 mark,
698 1231 210 22 länebokhällaren
920 1231 25 21 F.
958 1231 43 22 och

242 1273 229 21 kronolänsmannen
491 1273 29 21 X.
542 1275 62 26 2,100
622 1273 66 21 mark
707 1274 63 19 samt
792 1271 164 28 kronofogden
979 1271 22 22 S.

243 1313 44 22 och
303 1313 302 22 länekammarförvandten
622 1313 27 22 Y.
667 1315 61 25 2,500
745 1312 75 22 mark.

312 1352 73 22 Mälet
396 1352 122 22 förehades
530 1354 26 20 af
565 1353 121 21 hofrätten
698 1353 46 21 den
757 1355 25 19 16
795 1351 137 29 September
942 1353 60 26 1896,

244 1393 43 21 och
304 1393 84 22 aktade
404 1393 119 22 hofrätten
540 1393 82 22 dervid
636 1393 84 28 nödigt
734 1392 76 21 hafva
820 1391 102 28 upplyst,
934 1390 70 23 huru-

243 1433 56 21 vida
323 1433 28 21 de
374 1440 115 21 personer,
513 1433 37 21 till
572 1433 82 21 hvilka
675 1431 185 30 ifrägavarande
876 1431 128 22 villalotter

243 1473 103 28 försälts,
358 1473 37 22 till
405 1477 144 25 guvernören
562 1473 98 28 ingifvit
671 1473 161 27 ansökningar
844 1479 36 14 om
891 1471 113 22 lotternas

243 1513 164 22 öfverlåtande
429 1513 37 21 till
489 1513 57 28 dem,
567 1517 43 17 när
628 1513 82 21 sådant
726 1513 66 21 skett
807 1514 61 19 samt
884 1511 62 22 hvad
961 1518 42 21 gu-
