1103 1795
275 186 22 23 U.
315 186 20 23 B.
352 199 29 2 —
397 185 135 30 Ombyggnad
549 186 27 23 af
588 187 124 22 bankhuset.

389 536 225 24 Bankutskottets
628 537 162 23 betänkande
805 537 38 24 N:o
860 539 13 21 7

336 571 110 29 angående
462 571 118 30 ifrågasatt
596 573 131 28 ombyggnad
741 573 27 24 af
776 573 97 23 Finlands

336 608 70 23 Banks
423 609 45 22 hus.

192 679 57 22 Från
265 680 198 27 Bankfullmäktige
479 681 39 20 har
534 680 113 21 Utskottet
663 681 116 27 emottagit
792 688 27 14 en
830 683 43 19 den

124 722 27 15 22
168 716 103 21 Februari
290 721 56 21 1900
362 715 146 28 dagtecknad,
525 715 121 28 sålydande
661 716 121 21 skrifvelse:

195 752 117 25 »Emedan,
337 752 7 21 i
368 752 43 20 den
434 751 51 21 mån
508 752 102 21 Bankens
626 752 78 21 rörelse
720 753 94 20 tillvuxit
830 753 42 20 och

121 787 99 22 området
236 788 33 20 för
285 789 50 20 dess
351 787 138 21 verksamhet
504 789 118 26 utvidgats,
640 788 52 21 brist
708 787 29 28 på
752 789 79 26 nödigt
841 791 30 18 ut-

124 831 83 19 rymme
228 824 60 20 inom
307 825 43 19 den
367 823 24 21 af
404 823 104 21 Finlands
524 823 62 21 Bank
602 824 145 27 disponerade
762 824 87 21 lokalen
865 825 7 20 i

125 860 122 20 bankhuset
264 859 32 21 för
315 860 50 20 dess
382 859 113 21 efterhand
510 859 118 21 förstärkta
644 860 100 27 personal
759 860 38 20 allt
812 867 60 14 mera

121 895 58 28 gjort
195 896 34 26 sig
251 895 90 25 känbar,
363 902 51 13 men
435 895 68 21 ökadt
519 898 107 24 utrymme
642 895 73 21 kunde
730 896 90 21 Banken
836 897 35 20 be-

122 932 63 20 redas
209 932 78 20 endast
310 931 133 27 derigenom,
468 934 32 17 att
524 932 27 19 de
575 931 24 20 af
615 931 104 21 Finlands
735 931 136 22 Statskonto-

121 967 130 27 begagnadg
268 974 97 13 rummen
381 967 6 20 i
404 967 123 20 bankhuset
543 967 147 21 införlifvades
705 968 51 20 med
766 968 105 27 'Bankens

120 1003 142 20 förenämnda
285 1002 64 25 lokal,
372 1003 65 20 hafva
460 1003 204 27 Bankfullmäktige,
689 1002 29 28 på
737 1005 43 19 sätt
796 1003 75 21 derom

117 1039 82 26 jemväl
215 1039 138 20 omförmäles
369 1039 7 20 i
392 1038 156 28 Fullmäktiges
564 1039 31 20 till
611 1039 168 21 Bankutskottet
790 1039 81 28 afgifna

121 1074 122 25 berättelse,
267 1075 43 20 den
334 1075 13 20 6
371 1075 126 20 November
516 1076 54 25 1897
588 1074 70 28 ingått
673 1075 31 20 till
720 1075 76 21 Hans
811 1075 61 27 Kej-

120 1110 106 27 serliga
248 1111 133 26 Majestät
397 1110 50 21 med
465 1109 136 28 underdånig
612 1111 162 27 framställning,
787 1114 31 17 att
829 1112 43 20 den

118 1145 26 21 af
164 1146 104 21 Finlands
293 1146 140 21 Statskontor
451 1147 146 26 disponerade
613 1146 57 21 lokal
686 1146 68 21 måtte
769 1147 34 20 för
818 1147 54 21 Ban-

119 1181 54 21 kens
190 1181 69 21 behof
271 1181 107 28 upplåtas.

192 1217 73 21 Sedan
289 1217 78 28 åtgärd
390 1225 89 13 numera
504 1218 24 20 af
548 1218 106 26 styrelsen
670 1219 104 26 vidtagits
790 1225 36 14 om
842 1219 29 20 in-

120 1254 95 19 redande
239 1253 24 21 af
283 1260 72 14 annan
378 1253 58 21 lokal
458 1255 36 19 för
514 1253 168 26 Statskontoret,
699 1254 87 25 hvilket,
804 1254 68 27 enligt

119 1289 58 20 hvad
194 1289 199 21 Bankdirektionen
409 1289 111 25 inhemtat,
538 1291 67 19 redan
621 1290 6 20 i
643 1289 18 21 år
671 1290 88 20 komme
770 1293 32 18 att
815 1290 56 20 bort-

119 1324 63 26 flytta
204 1323 47 22 från
274 1325 129 25 bankhuset,
428 1325 38 20 har
490 1325 143 21 Direktionen
655 1326 30 20 uti
708 1325 112 21 skrifvelse
840 1326 31 20 till

120 1360 197 27 Bankfullmäktige
341 1360 33 21 för
397 1361 43 20 den
464 1367 10 20 3
501 1362 146 20 innevarande
665 1361 104 21 Februari
786 1361 85 21 förmält

119 1396 103 21 hurusom
239 1397 148 25 Direktionen,
405 1397 36 20 vid
458 1397 162 27 öfvervägande
633 1397 24 20 af
665 1396 76 28 frågan
752 1404 36 13 om
800 1397 70 27 dispo-

119 1432 94 21 sitionen
228 1432 25 20 af
266 1433 37 20 det
319 1433 71 20 ökade
406 1436 114 23 utrymme,
538 1440 48 13 som
600 1433 127 27 derigenom
738 1433 32 20 för
781 1433 90 20 Banken

118 1468 83 24 vinnes,
226 1468 101 21 omfattat
350 1467 85 28 åsigten
457 1471 33 18 att
505 1469 85 26 hänsyn
606 1469 76 20 dervid
698 1469 19 26 ej
734 1469 58 27 finge
808 1472 62 23 tagas

119 1503 78 20 endast
220 1503 31 21 till
275 1504 104 21 behofvet
402 1504 33 21 för
458 1505 43 20 den
516 1506 110 19 närmaste
641 1504 114 21 framtiden
771 1508 52 17 utan
840 1507 31 18 att

191 1544 146 19 Bankutskottes
349 1545 112 19 betänkande
474 1545 35 18 N:o
522 1546 16 17 7.
