1103 1795
343 169 91 17 Antellska
448 169 133 22 samlingarnas
595 169 71 18 tillväxt
679 169 30 17 och
722 169 48 18 vård.
925 171 10 16 3

182 240 87 21 Kurtén
288 240 35 22 för
339 240 44 22 den
401 240 33 22 tid
452 240 90 22 medlen
559 240 57 22 stått
634 240 73 22 under
718 240 60 23 hans
789 241 146 28 förvaltning

181 275 92 22 utöfver
289 275 61 22 hvad
369 275 52 22 med
433 275 108 22 afseende
554 276 12 21 ä
579 277 163 21 testamentets
753 276 182 23 bestämmelser

181 311 82 28 nödigt
284 312 66 21 varit.
383 311 103 22 Sålunda
505 311 43 22 har
564 311 24 23 af
611 311 155 23 räntemedlen
783 312 34 22 till
834 312 98 29 Delega-

182 348 91 21 tionens
290 347 137 28 förfogande
444 348 58 21 statt
519 347 38 22 vid
574 348 118 28 ingången
712 347 24 22 af
752 347 81 29 hvarje
851 347 36 23 år:

738 444 45 17 1899
853 444 44 17 1900

183 540 1 4 »
201 533 27 17 för
242 533 56 17 konst
313 533 35 17 och
363 533 138 17 konstindustri
516 547 2 3 .
576 547 2 3 .
595 533 67 20 [17,766:
676 533 100 20 54130,659:
791 533 100 19 29143,583:
905 532 27 22 35|

772 555 6 10 4

202 569 28 17 för
243 569 23 17 de
280 569 146 22 vetenskapliga
439 569 139 20 samlingarna.
581 564 11 31 |
605 569 57 20 5,922:
678 569 20 17 18]
718 569 58 19 8,411:
792 569 21 17 10]
833 569 58 20 9,692:
906 569 21 17 78

200 605 29 17 för
248 604 134 18 förstärkande
400 605 20 16 af
437 605 30 17 det
485 609 34 13 ena
534 605 46 16 eller

622 640 40 17 922:
679 640 97 20 19[24,205:
791 640 100 21 28]33,810:
905 641 20 16 91

184 649 1 24 |
224 641 61 16 andra
298 641 88 22 anslaget
397 655 3 2 .
605 641 15 20 5,

593 682 69 21 29,610:
676 669 52 36 9163
773 687 3 12 j
790 669 101 36 67|87,087:
905 683 22 16 04

183 684 2 20 i
502 682 77 17 Summa

182 735 74 22 Dessa
273 737 77 27 poster
362 735 70 22 hafva
443 736 7 21 i
462 735 180 28 Delegationens
657 735 161 29 räkenskaper
828 735 105 22 bokförts

182 771 59 24 hvar
259 771 35 22 för
313 772 44 27 sig,
377 770 26 23 sä
423 772 33 21 att
476 771 44 22 den
541 771 39 22 vid
599 770 61 23 ärets
680 771 48 22 slut
749 771 35 22 för
805 771 88 22 enhvar
910 771 23 22 af

182 807 53 22 dem:
256 807 137 28 uppkomna
413 806 165 29 behållningen
597 807 81 28 hvarje
694 806 64 29 gång
775 807 62 28 lagts
854 807 34 22 till
905 807 28 22 de

182 843 134 28 respektiva
339 842 112 29 beloppen
468 843 24 22 af
508 843 28 22 de
552 843 39 22 vid
608 843 104 28 följande
729 842 37 23 års
783 842 89 29 ingång
889 843 42 22 för-

182 878 81 22 delade
280 878 166 22 räntemedlen.

256 914 42 22 Vid
316 914 100 29 inköpen
433 914 69 22 borde
516 914 175 29 Delegationen,
703 914 75 28 enligt
789 914 143 22 Ständernas

184 950 147 26 instruktion,
344 949 74 23 under
429 950 143 22 medvärkan
586 950 24 22 af
620 950 154 28 sakkunniga
785 949 55 30 själf
852 950 81 29 pröfva

183 985 42 23 och
242 986 92 21 besluta
351 993 36 14 om
405 985 117 27 anbuden,
538 985 60 22 dock
615 987 35 20 att
664 985 39 22 vid
717 985 89 22 mindre
817 985 71 29 inköp
900 985 32 22 af-

182 1021 114 28 görandet
316 1021 78 22 kunde
416 1021 157 22 öfverlämnas
590 1021 24 22 åt
630 1022 112 27 experter,
763 1027 51 16 som
835 1021 96 28 Delega-

183 1059 77 20 tionen
277 1058 80 21 utsett.
390 1057 69 22 Detta
476 1057 139 26 förfarande,
632 1063 50 16 som
699 1057 24 22 af
738 1057 169 28 Delegationen
925 1058 7 21 i

183 1093 128 22 allmänhet
331 1093 131 28 iakttagits,
484 1093 42 21 har
546 1093 60 22 dock
628 1093 51 22 icke
697 1093 7 21 i
721 1092 45 22 alla
783 1092 40 22 fall
840 1092 93 22 kunnat

184 1130 116 27 noggrant
326 1129 125 28 tillämpas,
476 1128 78 23 såsom
578 1128 61 22 skall
663 1127 137 23 framhållas
824 1128 39 21 vid
888 1128 43 22 den

183 1165 144 28 redogörelse
352 1164 35 22 för
411 1164 28 22 de
460 1163 116 23 särskilda
600 1164 173 28 samlingarnas
797 1163 134 28 förökande,

183 1207 47 15 som
250 1200 167 29 Delegationen
435 1200 42 28 går
494 1202 34 20 att
544 1200 102 28 aflägga.

255 1236 44 21 För
325 1235 169 22 förtecknande
520 1235 24 22 af
568 1235 101 29 inköpen
698 1235 42 22 har
764 1235 167 28 Delegationen

184 1274 121 26 upprättat
321 1279 27 14 en
367 1271 163 29 inköpslängd,
542 1273 8 20 i
562 1271 94 22 hvilken
673 1271 121 22 desamma
811 1271 120 22 efterhand

183 1309 6 20 i
207 1307 165 29 nummerföljd
394 1307 90 26 införts,
505 1307 151 22 förtecknade
677 1307 50 22 dels
746 1307 120 28 gruppvis,
883 1306 48 22 dels

183 1343 127 28 styckevis,
332 1349 53 15 men
407 1343 65 21 alltid
494 1343 52 21 med
567 1342 124 29 uppgifvet
712 1343 70 25 antal,
800 1342 131 28 hvarjämte

184 1378 176 29 Delegationen,
372 1379 7 21 i
391 1378 103 29 enlighet
511 1378 53 22 med
581 1378 186 22 instruktionens
786 1377 145 23 bestämmel-

183 1421 43 20 ser,
243 1415 35 21 för
290 1414 80 29 hvarje
386 1414 142 22 likvideradt
545 1414 69 28 inköp
627 1415 6 21 i
646 1415 40 20 sitt
698 1413 114 29 protokoll
823 1413 109 22 hänvisat

184 1451 34 21 till
239 1450 53 22 dess
314 1457 108 15 nummer
441 1451 7 21 i
468 1449 193 30 inköpslängden.
695 1444 81 33 Öfriga
797 1449 108 28 åtgärder
924 1450 7 21 i
