<?xml version="1.0" encoding="UTF-8"?>
<alto xmlns="http://www.loc.gov/standards/alto/ns-v3#" xmlns:xlink="http://www.w3.org/1999/xlink" xmlns:xsi="http://www.w3.org/2001/XMLSchema-instance" xsi:schemaLocation="http://www.loc.gov/standards/alto/ns-v3# http://www.loc.gov/alto/v3/alto-3-0.xsd">
	<Description>
		<MeasurementUnit>pixel</MeasurementUnit>
		<sourceImageInformation>
			<fileName>/tmp/tess_dzpwap36_input.PNG</fileName>
		</sourceImageInformation>
		<OCRProcessing ID="OCR_0">
			<ocrProcessingStep>
				<processingSoftware>
					<softwareName>tesseract 5.3.4</softwareName>
				</processingSoftware>
			</ocrProcessingStep>
		</OCRProcessing>
	</Description>
	<Layout>
		<Page WIDTH="1103" HEIGHT="1795" PHYSICAL_IMG_NR="0" ID="page_0">
			<PrintSpace HPOS="0" VPOS="0" WIDTH="1103" HEIGHT="1795">
				<ComposedBlock ID="cblock_0" HPOS="213" VPOS="192" WIDTH="501" HEIGHT="24">
					<TextBlock ID="block_0" HPOS="213" VPOS="192" WIDTH="501" HEIGHT="24">
						<TextLine ID="line_0" HPOS="213" VPOS="192" WIDTH="501" HEIGHT="24">
							<String ID="string_0" HPOS="213" VPOS="194" WIDTH="13" HEIGHT="20" WC="0.96" CONTENT="8"/><SP WIDTH="260" VPOS="194" HPOS="226"/>
							<String ID="string_1" HPOS="486" VPOS="192" WIDTH="24" HEIGHT="24" WC="0.93" CONTENT="U."/><SP WIDTH="17" VPOS="192" HPOS="510"/>
							<String ID="string_2" HPOS="527" VPOS="192" WIDTH="21" HEIGHT="23" WC="0.90" CONTENT="B."/><SP WIDTH="16" VPOS="192" HPOS="548"/>
							<String ID="string_3" HPOS="564" VPOS="205" WIDTH="29" HEIGHT="4" WC="0.92" CONTENT="—"/><SP WIDTH="16" VPOS="205" HPOS="593"/>
							<String ID="string_4" HPOS="609" VPOS="194" WIDTH="105" HEIGHT="21" WC="0.91" CONTENT="XXXIII."/>
						</TextLine>
					</TextBlock>
				</ComposedBlock>
				<ComposedBlock ID="cblock_1" HPOS="211" VPOS="259" WIDTH="757" HEIGHT="569">
					<TextBlock ID="block_1" HPOS="211" VPOS="259" WIDTH="757" HEIGHT="569">
						<TextLine ID="line_1" HPOS="283" VPOS="259" WIDTH="683" HEIGHT="28">
							<String ID="string_5" HPOS="283" VPOS="260" WIDTH="49" HEIGHT="20" WC="0.85" CONTENT="Den"/><SP WIDTH="4" VPOS="260" HPOS="332"/>
							<String ID="string_6" HPOS="336" VPOS="255" WIDTH="11" HEIGHT="37" WC="0.66" CONTENT="&#39;"/><SP WIDTH="8" VPOS="255" HPOS="347"/>
							<String ID="string_7" HPOS="355" VPOS="259" WIDTH="54" HEIGHT="22" WC="0.96" CONTENT="brist"/><SP WIDTH="22" VPOS="259" HPOS="409"/>
							<String ID="string_8" HPOS="431" VPOS="261" WIDTH="29" HEIGHT="26" WC="0.96" CONTENT="pä"/><SP WIDTH="14" VPOS="261" HPOS="460"/>
							<String ID="string_9" HPOS="474" VPOS="259" WIDTH="103" HEIGHT="21" WC="0.96" CONTENT="utländsk"/><SP WIDTH="15" VPOS="259" HPOS="577"/>
							<String ID="string_10" HPOS="592" VPOS="260" WIDTH="75" HEIGHT="21" WC="0.96" CONTENT="valuta"/><SP WIDTH="14" VPOS="260" HPOS="667"/>
							<String ID="string_11" HPOS="681" VPOS="259" WIDTH="8" HEIGHT="21" WC="0.96" CONTENT="i"/><SP WIDTH="16" VPOS="259" HPOS="689"/>
							<String ID="string_12" HPOS="705" VPOS="259" WIDTH="75" HEIGHT="21" WC="0.96" CONTENT="landet"/><SP WIDTH="14" VPOS="259" HPOS="780"/>
							<String ID="string_13" HPOS="794" VPOS="260" WIDTH="41" HEIGHT="21" WC="0.96" CONTENT="och"/><SP WIDTH="15" VPOS="260" HPOS="835"/>
							<String ID="string_14" HPOS="850" VPOS="260" WIDTH="8" HEIGHT="20" WC="0.96" CONTENT="i"/><SP WIDTH="16" VPOS="260" HPOS="858"/>
							<String ID="string_15" HPOS="874" VPOS="260" WIDTH="29" HEIGHT="21" WC="0.93" CONTENT="all"/><SP WIDTH="16" VPOS="260" HPOS="903"/>
							<String ID="string_16" HPOS="919" VPOS="266" WIDTH="47" HEIGHT="21" WC="0.93" CONTENT="syn-"/>
						</TextLine>
						<TextLine ID="line_2" HPOS="213" VPOS="295" WIDTH="754" HEIGHT="27">
							<String ID="string_17" HPOS="213" VPOS="295" WIDTH="75" HEIGHT="21" WC="0.92" CONTENT="nerhet"/><SP WIDTH="16" VPOS="295" HPOS="288"/>
							<String ID="string_18" HPOS="304" VPOS="295" WIDTH="39" HEIGHT="21" WC="0.96" CONTENT="hos"/><SP WIDTH="15" VPOS="295" HPOS="343"/>
							<String ID="string_19" HPOS="358" VPOS="295" WIDTH="104" HEIGHT="21" WC="0.96" CONTENT="Finlands"/><SP WIDTH="16" VPOS="295" HPOS="462"/>
							<String ID="string_20" HPOS="478" VPOS="295" WIDTH="67" HEIGHT="25" WC="0.96" CONTENT="Bank,"/><SP WIDTH="17" VPOS="295" HPOS="545"/>
							<String ID="string_21" HPOS="562" VPOS="302" WIDTH="47" HEIGHT="14" WC="0.92" CONTENT="som"/><SP WIDTH="17" VPOS="302" HPOS="609"/>
							<String ID="string_22" HPOS="626" VPOS="295" WIDTH="91" HEIGHT="21" WC="0.92" CONTENT="sälunda"/><SP WIDTH="18" VPOS="295" HPOS="717"/>
							<String ID="string_23" HPOS="735" VPOS="297" WIDTH="105" HEIGHT="25" WC="0.91" CONTENT="uppstätt,"/><SP WIDTH="17" VPOS="297" HPOS="840"/>
							<String ID="string_24" HPOS="857" VPOS="296" WIDTH="38" HEIGHT="20" WC="0.96" CONTENT="har"/><SP WIDTH="16" VPOS="296" HPOS="895"/>
							<String ID="string_25" HPOS="911" VPOS="297" WIDTH="8" HEIGHT="20" WC="0.96" CONTENT="i"/><SP WIDTH="15" VPOS="297" HPOS="919"/>
							<String ID="string_26" HPOS="934" VPOS="296" WIDTH="33" HEIGHT="21" WC="0.96" CONTENT="sin"/>
						</TextLine>
						<TextLine ID="line_3" HPOS="213" VPOS="331" WIDTH="753" HEIGHT="27">
							<String ID="string_27" HPOS="213" VPOS="332" WIDTH="51" HEIGHT="19" WC="0.90" CONTENT="män"/><SP WIDTH="22" VPOS="332" HPOS="264"/>
							<String ID="string_28" HPOS="286" VPOS="331" WIDTH="91" HEIGHT="26" WC="0.95" CONTENT="bidragit"/><SP WIDTH="20" VPOS="331" HPOS="377"/>
							<String ID="string_29" HPOS="397" VPOS="331" WIDTH="34" HEIGHT="21" WC="0.96" CONTENT="till"/><SP WIDTH="22" VPOS="331" HPOS="431"/>
							<String ID="string_30" HPOS="453" VPOS="331" WIDTH="42" HEIGHT="21" WC="0.96" CONTENT="den"/><SP WIDTH="16" VPOS="331" HPOS="495"/>
							<String ID="string_31" HPOS="511" VPOS="331" WIDTH="111" HEIGHT="21" WC="0.93" CONTENT="allmänna"/><SP WIDTH="14" VPOS="331" HPOS="622"/>
							<String ID="string_32" HPOS="636" VPOS="331" WIDTH="226" HEIGHT="27" WC="0.91" CONTENT="penningeknapphet,"/><SP WIDTH="17" VPOS="331" HPOS="862"/>
							<String ID="string_33" HPOS="879" VPOS="332" WIDTH="87" HEIGHT="21" WC="0.96" CONTENT="hvilken"/>
						</TextLine>
						<TextLine ID="line_4" HPOS="211" VPOS="367" WIDTH="756" HEIGHT="27">
							<String ID="string_34" HPOS="211" VPOS="367" WIDTH="70" HEIGHT="20" WC="0.93" CONTENT="under"/><SP WIDTH="15" VPOS="367" HPOS="281"/>
							<String ID="string_35" HPOS="296" VPOS="367" WIDTH="159" HEIGHT="26" WC="0.91" CONTENT="ifrägavarande"/><SP WIDTH="16" VPOS="367" HPOS="455"/>
							<String ID="string_36" HPOS="471" VPOS="367" WIDTH="32" HEIGHT="20" WC="0.96" CONTENT="tid"/><SP WIDTH="15" VPOS="367" HPOS="503"/>
							<String ID="string_37" HPOS="518" VPOS="368" WIDTH="56" HEIGHT="26" WC="0.96" CONTENT="gjort"/><SP WIDTH="16" VPOS="368" HPOS="574"/>
							<String ID="string_38" HPOS="590" VPOS="368" WIDTH="32" HEIGHT="25" WC="0.97" CONTENT="sig"/><SP WIDTH="15" VPOS="368" HPOS="622"/>
							<String ID="string_39" HPOS="637" VPOS="367" WIDTH="105" HEIGHT="26" WC="0.96" CONTENT="gällande."/><SP WIDTH="30" VPOS="367" HPOS="742"/>
							<String ID="string_40" HPOS="772" VPOS="368" WIDTH="40" HEIGHT="19" WC="0.96" CONTENT="Det"/><SP WIDTH="16" VPOS="368" HPOS="812"/>
							<String ID="string_41" HPOS="828" VPOS="367" WIDTH="139" HEIGHT="21" WC="0.96" CONTENT="ekonomiska"/>
						</TextLine>
						<TextLine ID="line_5" HPOS="212" VPOS="403" WIDTH="754" HEIGHT="27">
							<String ID="string_42" HPOS="212" VPOS="403" WIDTH="129" HEIGHT="27" WC="0.92" CONTENT="uppsvinget"/><SP WIDTH="23" VPOS="403" HPOS="341"/>
							<String ID="string_43" HPOS="364" VPOS="403" WIDTH="39" HEIGHT="21" WC="0.91" CONTENT="har"/><SP WIDTH="24" VPOS="403" HPOS="403"/>
							<String ID="string_44" HPOS="427" VPOS="403" WIDTH="153" HEIGHT="27" WC="0.91" CONTENT="oundvikligen"/><SP WIDTH="24" VPOS="403" HPOS="580"/>
							<String ID="string_45" HPOS="604" VPOS="403" WIDTH="93" HEIGHT="21" WC="0.91" CONTENT="medfört"/><SP WIDTH="23" VPOS="403" HPOS="697"/>
							<String ID="string_46" HPOS="720" VPOS="405" WIDTH="32" HEIGHT="19" WC="0.92" CONTENT="ett"/><SP WIDTH="22" VPOS="405" HPOS="752"/>
							<String ID="string_47" HPOS="774" VPOS="403" WIDTH="67" HEIGHT="21" WC="0.91" CONTENT="ökadt"/><SP WIDTH="23" VPOS="403" HPOS="841"/>
							<String ID="string_48" HPOS="864" VPOS="403" WIDTH="65" HEIGHT="21" WC="0.88" CONTENT="behof"/><SP WIDTH="15" VPOS="403" HPOS="929"/>
							<String ID="string_49" HPOS="944" VPOS="403" WIDTH="22" HEIGHT="21" WC="0.96" CONTENT="af"/>
						</TextLine>
						<TextLine ID="line_6" HPOS="212" VPOS="439" WIDTH="754" HEIGHT="26">
							<String ID="string_50" HPOS="212" VPOS="439" WIDTH="221" HEIGHT="26" WC="0.88" CONTENT="omsättningsmedel."/><SP WIDTH="32" VPOS="439" HPOS="433"/>
							<String ID="string_51" HPOS="465" VPOS="440" WIDTH="49" HEIGHT="19" WC="0.96" CONTENT="Men"/><SP WIDTH="24" VPOS="440" HPOS="514"/>
							<String ID="string_52" HPOS="538" VPOS="439" WIDTH="36" HEIGHT="20" WC="0.96" CONTENT="det"/><SP WIDTH="23" VPOS="439" HPOS="574"/>
							<String ID="string_53" HPOS="597" VPOS="440" WIDTH="40" HEIGHT="19" WC="0.96" CONTENT="hos"/><SP WIDTH="19" VPOS="440" HPOS="637"/>
							<String ID="string_54" HPOS="656" VPOS="446" WIDTH="34" HEIGHT="13" WC="0.96" CONTENT="oss"/><SP WIDTH="16" VPOS="446" HPOS="690"/>
							<String ID="string_55" HPOS="706" VPOS="439" WIDTH="89" HEIGHT="20" WC="0.93" CONTENT="alldeles"/><SP WIDTH="15" VPOS="439" HPOS="795"/>
							<String ID="string_56" HPOS="810" VPOS="440" WIDTH="156" HEIGHT="25" WC="0.92" CONTENT="öfvervägande"/>
						</TextLine>
						<TextLine ID="line_7" HPOS="211" VPOS="475" WIDTH="754" HEIGHT="26">
							<String ID="string_57" HPOS="211" VPOS="475" WIDTH="224" HEIGHT="26" WC="0.90" CONTENT="omsättningsmedlet"/><SP WIDTH="15" VPOS="475" HPOS="435"/>
							<String ID="string_58" HPOS="450" VPOS="477" WIDTH="91" HEIGHT="24" WC="0.91" CONTENT="utgöres,"/><SP WIDTH="18" VPOS="477" HPOS="541"/>
							<String ID="string_59" HPOS="559" VPOS="476" WIDTH="71" HEIGHT="19" WC="0.92" CONTENT="säsom"/><SP WIDTH="17" VPOS="476" HPOS="630"/>
							<String ID="string_60" HPOS="647" VPOS="475" WIDTH="73" HEIGHT="24" WC="0.92" CONTENT="kändt,"/><SP WIDTH="18" VPOS="475" HPOS="720"/>
							<String ID="string_61" HPOS="738" VPOS="475" WIDTH="22" HEIGHT="20" WC="0.96" CONTENT="af"/><SP WIDTH="16" VPOS="475" HPOS="760"/>
							<String ID="string_62" HPOS="776" VPOS="475" WIDTH="104" HEIGHT="20" WC="0.96" CONTENT="Finlands"/><SP WIDTH="14" VPOS="475" HPOS="880"/>
							<String ID="string_63" HPOS="894" VPOS="475" WIDTH="71" HEIGHT="20" WC="0.96" CONTENT="Banks"/>
						</TextLine>
						<TextLine ID="line_8" HPOS="212" VPOS="511" WIDTH="753" HEIGHT="26">
							<String ID="string_64" HPOS="212" VPOS="511" WIDTH="76" HEIGHT="20" WC="0.96" CONTENT="sedlar."/><SP WIDTH="32" VPOS="511" HPOS="288"/>
							<String ID="string_65" HPOS="320" VPOS="511" WIDTH="107" HEIGHT="26" WC="0.96" CONTENT="Mängden"/><SP WIDTH="23" VPOS="511" HPOS="427"/>
							<String ID="string_66" HPOS="450" VPOS="511" WIDTH="22" HEIGHT="20" WC="0.92" CONTENT="af"/><SP WIDTH="20" VPOS="511" HPOS="472"/>
							<String ID="string_67" HPOS="492" VPOS="511" WIDTH="75" HEIGHT="24" WC="0.95" CONTENT="sedlar,"/><SP WIDTH="18" VPOS="511" HPOS="567"/>
							<String ID="string_68" HPOS="585" VPOS="517" WIDTH="47" HEIGHT="14" WC="0.96" CONTENT="som"/><SP WIDTH="16" VPOS="517" HPOS="632"/>
							<String ID="string_69" HPOS="648" VPOS="511" WIDTH="22" HEIGHT="20" WC="0.97" CONTENT="af"/><SP WIDTH="15" VPOS="511" HPOS="670"/>
							<String ID="string_70" HPOS="685" VPOS="511" WIDTH="90" HEIGHT="20" WC="0.96" CONTENT="Banken"/><SP WIDTH="17" VPOS="511" HPOS="775"/>
							<String ID="string_71" HPOS="792" VPOS="511" WIDTH="74" HEIGHT="20" WC="0.96" CONTENT="kunna"/><SP WIDTH="15" VPOS="511" HPOS="866"/>
							<String ID="string_72" HPOS="881" VPOS="511" WIDTH="8" HEIGHT="20" WC="0.93" CONTENT="i"/><SP WIDTH="15" VPOS="511" HPOS="889"/>
							<String ID="string_73" HPOS="904" VPOS="511" WIDTH="61" HEIGHT="20" WC="0.90" CONTENT="rörel-"/>
						</TextLine>
						<TextLine ID="line_9" HPOS="212" VPOS="545" WIDTH="755" HEIGHT="28">
							<String ID="string_74" HPOS="212" VPOS="553" WIDTH="37" HEIGHT="14" WC="0.93" CONTENT="sen"/><SP WIDTH="16" VPOS="553" HPOS="249"/>
							<String ID="string_75" HPOS="265" VPOS="545" WIDTH="116" HEIGHT="28" WC="0.92" CONTENT="utsläppas,"/><SP WIDTH="18" VPOS="545" HPOS="381"/>
							<String ID="string_76" HPOS="399" VPOS="548" WIDTH="23" HEIGHT="19" WC="0.93" CONTENT="är"/><SP WIDTH="15" VPOS="548" HPOS="422"/>
							<String ID="string_77" HPOS="437" VPOS="547" WIDTH="119" HEIGHT="20" WC="0.91" CONTENT="emellertid"/><SP WIDTH="16" VPOS="547" HPOS="556"/>
							<String ID="string_78" HPOS="572" VPOS="547" WIDTH="71" HEIGHT="20" WC="0.93" CONTENT="direkt"/><SP WIDTH="16" VPOS="547" HPOS="643"/>
							<String ID="string_79" HPOS="659" VPOS="547" WIDTH="105" HEIGHT="20" WC="0.92" CONTENT="beroende"/><SP WIDTH="18" VPOS="547" HPOS="764"/>
							<String ID="string_80" HPOS="782" VPOS="547" WIDTH="23" HEIGHT="20" WC="0.93" CONTENT="af"/><SP WIDTH="10" VPOS="547" HPOS="805"/>
							<String ID="string_81" HPOS="815" VPOS="547" WIDTH="99" HEIGHT="20" WC="0.91" CONTENT="Bankens"/><SP WIDTH="11" VPOS="547" HPOS="914"/>
							<String ID="string_82" HPOS="925" VPOS="547" WIDTH="42" HEIGHT="20" WC="0.93" CONTENT="för-"/>
						</TextLine>
						<TextLine ID="line_10" HPOS="212" VPOS="579" WIDTH="756" HEIGHT="30">
							<String ID="string_83" HPOS="212" VPOS="582" WIDTH="38" HEIGHT="20" WC="0.96" CONTENT="råd"/><SP WIDTH="24" VPOS="582" HPOS="250"/>
							<String ID="string_84" HPOS="274" VPOS="583" WIDTH="22" HEIGHT="20" WC="0.94" CONTENT="af"/><SP WIDTH="15" VPOS="583" HPOS="296"/>
							<String ID="string_85" HPOS="311" VPOS="582" WIDTH="116" HEIGHT="20" WC="0.93" CONTENT="utländska"/><SP WIDTH="16" VPOS="582" HPOS="427"/>
							<String ID="string_86" HPOS="443" VPOS="583" WIDTH="90" HEIGHT="20" WC="0.95" CONTENT="valutor."/><SP WIDTH="33" VPOS="583" HPOS="533"/>
							<String ID="string_87" HPOS="566" VPOS="579" WIDTH="30" HEIGHT="24" WC="0.93" CONTENT="Är"/><SP WIDTH="15" VPOS="579" HPOS="596"/>
							<String ID="string_88" HPOS="611" VPOS="583" WIDTH="117" HEIGHT="26" WC="0.96" CONTENT="tillgången"/><SP WIDTH="16" VPOS="583" HPOS="728"/>
							<String ID="string_89" HPOS="744" VPOS="583" WIDTH="28" HEIGHT="26" WC="0.93" CONTENT="pä"/><SP WIDTH="16" VPOS="583" HPOS="772"/>
							<String ID="string_90" HPOS="788" VPOS="583" WIDTH="81" HEIGHT="20" WC="0.96" CONTENT="sådana"/><SP WIDTH="15" VPOS="583" HPOS="869"/>
							<String ID="string_91" HPOS="884" VPOS="583" WIDTH="84" HEIGHT="20" WC="0.96" CONTENT="valutor"/>
						</TextLine>
						<TextLine ID="line_11" HPOS="212" VPOS="617" WIDTH="755" HEIGHT="28">
							<String ID="string_92" HPOS="212" VPOS="617" WIDTH="74" HEIGHT="27" WC="0.96" CONTENT="knapp"/><SP WIDTH="14" VPOS="617" HPOS="286"/>
							<String ID="string_93" HPOS="300" VPOS="618" WIDTH="40" HEIGHT="20" WC="0.96" CONTENT="och"/><SP WIDTH="10" VPOS="618" HPOS="340"/>
							<String ID="string_94" HPOS="350" VPOS="619" WIDTH="67" HEIGHT="19" WC="0.93" CONTENT="måste"/><SP WIDTH="14" VPOS="619" HPOS="417"/>
							<String ID="string_95" HPOS="431" VPOS="618" WIDTH="175" HEIGHT="21" WC="0.91" CONTENT="sedelmissionen"/><SP WIDTH="13" VPOS="618" HPOS="606"/>
							<String ID="string_96" HPOS="619" VPOS="619" WIDTH="34" HEIGHT="20" WC="0.96" CONTENT="till"/><SP WIDTH="13" VPOS="619" HPOS="653"/>
							<String ID="string_97" HPOS="666" VPOS="618" WIDTH="55" HEIGHT="27" WC="0.96" CONTENT="följd"/><SP WIDTH="17" VPOS="618" HPOS="721"/>
							<String ID="string_98" HPOS="738" VPOS="618" WIDTH="61" HEIGHT="21" WC="0.96" CONTENT="däraf"/><SP WIDTH="15" VPOS="618" HPOS="799"/>
							<String ID="string_99" HPOS="814" VPOS="618" WIDTH="7" HEIGHT="20" WC="0.96" CONTENT="i"/><SP WIDTH="14" VPOS="618" HPOS="821"/>
							<String ID="string_100" HPOS="835" VPOS="619" WIDTH="69" HEIGHT="25" WC="0.96" CONTENT="någon"/><SP WIDTH="12" VPOS="619" HPOS="904"/>
							<String ID="string_101" HPOS="916" VPOS="619" WIDTH="51" HEIGHT="18" WC="0.96" CONTENT="mån"/>
						</TextLine>
						<TextLine ID="line_12" HPOS="212" VPOS="653" WIDTH="755" HEIGHT="27">
							<String ID="string_102" HPOS="212" VPOS="654" WIDTH="121" HEIGHT="25" WC="0.90" CONTENT="återhållas,"/><SP WIDTH="18" VPOS="654" HPOS="333"/>
							<String ID="string_103" HPOS="351" VPOS="653" WIDTH="43" HEIGHT="20" WC="0.95" CONTENT="kan"/><SP WIDTH="16" VPOS="653" HPOS="394"/>
							<String ID="string_104" HPOS="410" VPOS="654" WIDTH="80" HEIGHT="20" WC="0.95" CONTENT="bristen"/><SP WIDTH="16" VPOS="654" HPOS="490"/>
							<String ID="string_105" HPOS="506" VPOS="655" WIDTH="28" HEIGHT="25" WC="0.97" CONTENT="på"/><SP WIDTH="14" VPOS="655" HPOS="534"/>
							<String ID="string_106" HPOS="548" VPOS="654" WIDTH="117" HEIGHT="21" WC="0.96" CONTENT="utländska"/><SP WIDTH="15" VPOS="654" HPOS="665"/>
							<String ID="string_107" HPOS="680" VPOS="654" WIDTH="85" HEIGHT="21" WC="0.96" CONTENT="valutor"/><SP WIDTH="16" VPOS="654" HPOS="765"/>
							<String ID="string_108" HPOS="781" VPOS="654" WIDTH="56" HEIGHT="21" WC="0.95" CONTENT="vålla"/><SP WIDTH="11" VPOS="654" HPOS="837"/>
							<String ID="string_109" HPOS="848" VPOS="661" WIDTH="26" HEIGHT="13" WC="0.93" CONTENT="en"/><SP WIDTH="10" VPOS="661" HPOS="874"/>
							<String ID="string_110" HPOS="884" VPOS="653" WIDTH="83" HEIGHT="27" WC="0.92" CONTENT="knapp-"/>
						</TextLine>
						<TextLine ID="line_13" HPOS="212" VPOS="689" WIDTH="754" HEIGHT="27">
							<String ID="string_111" HPOS="212" VPOS="689" WIDTH="37" HEIGHT="20" WC="0.96" CONTENT="het"/><SP WIDTH="24" VPOS="689" HPOS="249"/>
							<String ID="string_112" HPOS="273" VPOS="689" WIDTH="8" HEIGHT="20" WC="0.96" CONTENT="i"/><SP WIDTH="23" VPOS="689" HPOS="281"/>
							<String ID="string_113" HPOS="304" VPOS="689" WIDTH="35" HEIGHT="20" WC="0.96" CONTENT="det"/><SP WIDTH="23" VPOS="689" HPOS="339"/>
							<String ID="string_114" HPOS="362" VPOS="690" WIDTH="119" HEIGHT="20" WC="0.89" CONTENT="förnämsta"/><SP WIDTH="23" VPOS="690" HPOS="481"/>
							<String ID="string_115" HPOS="504" VPOS="690" WIDTH="230" HEIGHT="26" WC="0.89" CONTENT="omsättningsmedlet,"/><SP WIDTH="17" VPOS="690" HPOS="734"/>
							<String ID="string_116" HPOS="751" VPOS="689" WIDTH="90" HEIGHT="21" WC="0.92" CONTENT="hvilken"/><SP WIDTH="15" VPOS="689" HPOS="841"/>
							<String ID="string_117" HPOS="856" VPOS="689" WIDTH="110" HEIGHT="26" WC="0.92" CONTENT="lätteligen"/>
						</TextLine>
						<TextLine ID="line_14" HPOS="212" VPOS="725" WIDTH="754" HEIGHT="27">
							<String ID="string_118" HPOS="212" VPOS="727" WIDTH="37" HEIGHT="24" WC="0.96" CONTENT="gör"/><SP WIDTH="16" VPOS="727" HPOS="249"/>
							<String ID="string_119" HPOS="265" VPOS="725" WIDTH="32" HEIGHT="26" WC="0.95" CONTENT="sig"/><SP WIDTH="15" VPOS="725" HPOS="297"/>
							<String ID="string_120" HPOS="312" VPOS="725" WIDTH="98" HEIGHT="20" WC="0.96" CONTENT="kännbar"/><SP WIDTH="15" VPOS="725" HPOS="410"/>
							<String ID="string_121" HPOS="425" VPOS="725" WIDTH="67" HEIGHT="20" WC="0.96" CONTENT="under"/><SP WIDTH="16" VPOS="725" HPOS="492"/>
							<String ID="string_122" HPOS="508" VPOS="725" WIDTH="56" HEIGHT="21" WC="0.96" CONTENT="form"/><SP WIDTH="16" VPOS="725" HPOS="564"/>
							<String ID="string_123" HPOS="580" VPOS="726" WIDTH="22" HEIGHT="19" WC="0.93" CONTENT="af"/><SP WIDTH="16" VPOS="726" HPOS="602"/>
							<String ID="string_124" HPOS="618" VPOS="725" WIDTH="168" HEIGHT="27" WC="0.92" CONTENT="penningebrist."/><SP WIDTH="34" VPOS="725" HPOS="786"/>
							<String ID="string_125" HPOS="820" VPOS="725" WIDTH="45" HEIGHT="21" WC="0.92" CONTENT="Och"/><SP WIDTH="16" VPOS="725" HPOS="865"/>
							<String ID="string_126" HPOS="881" VPOS="725" WIDTH="85" HEIGHT="20" WC="0.92" CONTENT="Utskot-"/>
						</TextLine>
						<TextLine ID="line_15" HPOS="212" VPOS="761" WIDTH="753" HEIGHT="27">
							<String ID="string_127" HPOS="212" VPOS="762" WIDTH="31" HEIGHT="19" WC="0.93" CONTENT="tet"/><SP WIDTH="23" VPOS="762" HPOS="243"/>
							<String ID="string_128" HPOS="266" VPOS="761" WIDTH="39" HEIGHT="20" WC="0.94" CONTENT="har"/><SP WIDTH="20" VPOS="761" HPOS="305"/>
							<String ID="string_129" HPOS="325" VPOS="761" WIDTH="46" HEIGHT="20" WC="0.96" CONTENT="icke"/><SP WIDTH="16" VPOS="761" HPOS="371"/>
							<String ID="string_130" HPOS="387" VPOS="761" WIDTH="84" HEIGHT="20" WC="0.96" CONTENT="kunnat"/><SP WIDTH="16" VPOS="761" HPOS="471"/>
							<String ID="string_131" HPOS="487" VPOS="761" WIDTH="58" HEIGHT="20" WC="0.96" CONTENT="finna"/><SP WIDTH="15" VPOS="761" HPOS="545"/>
							<String ID="string_132" HPOS="560" VPOS="764" WIDTH="72" HEIGHT="22" WC="0.95" CONTENT="annat,"/><SP WIDTH="18" VPOS="764" HPOS="632"/>
							<String ID="string_133" HPOS="650" VPOS="763" WIDTH="27" HEIGHT="19" WC="0.96" CONTENT="än"/><SP WIDTH="16" VPOS="763" HPOS="677"/>
							<String ID="string_134" HPOS="693" VPOS="763" WIDTH="32" HEIGHT="19" WC="0.96" CONTENT="att"/><SP WIDTH="15" VPOS="763" HPOS="725"/>
							<String ID="string_135" HPOS="740" VPOS="761" WIDTH="43" HEIGHT="20" WC="0.93" CONTENT="den"/><SP WIDTH="15" VPOS="761" HPOS="783"/>
							<String ID="string_136" HPOS="798" VPOS="761" WIDTH="167" HEIGHT="27" WC="0.91" CONTENT="penningebrist,"/>
						</TextLine>
						<TextLine ID="line_16" HPOS="212" VPOS="797" WIDTH="753" HEIGHT="31">
							<String ID="string_137" HPOS="212" VPOS="803" WIDTH="36" HEIGHT="14" WC="0.96" CONTENT="om"/><SP WIDTH="16" VPOS="803" HPOS="248"/>
							<String ID="string_138" HPOS="264" VPOS="797" WIDTH="89" HEIGHT="20" WC="0.95" CONTENT="hvilken"/><SP WIDTH="16" VPOS="797" HPOS="353"/>
							<String ID="string_139" HPOS="369" VPOS="803" WIDTH="30" HEIGHT="14" WC="0.96" CONTENT="nu"/><SP WIDTH="16" VPOS="803" HPOS="399"/>
							<String ID="string_140" HPOS="415" VPOS="798" WIDTH="23" HEIGHT="19" WC="0.96" CONTENT="är"/><SP WIDTH="15" VPOS="798" HPOS="438"/>
							<String ID="string_141" HPOS="453" VPOS="797" WIDTH="65" HEIGHT="26" WC="0.96" CONTENT="fråga,"/><SP WIDTH="12" VPOS="797" HPOS="518"/>
							<String ID="string_142" HPOS="530" VPOS="797" WIDTH="54" HEIGHT="20" WC="0.96" CONTENT="varit"/><SP WIDTH="15" VPOS="797" HPOS="584"/>
							<String ID="string_143" HPOS="599" VPOS="798" WIDTH="46" HEIGHT="26" WC="0.96" CONTENT="just"/><SP WIDTH="11" VPOS="798" HPOS="645"/>
							<String ID="string_144" HPOS="656" VPOS="798" WIDTH="26" HEIGHT="30" WC="0.93" CONTENT="af"/><SP WIDTH="15" VPOS="798" HPOS="682"/>
							<String ID="string_145" HPOS="697" VPOS="797" WIDTH="97" HEIGHT="26" WC="0.92" CONTENT="antydda"/><SP WIDTH="16" VPOS="797" HPOS="794"/>
							<String ID="string_146" HPOS="810" VPOS="797" WIDTH="155" HEIGHT="20" WC="0.96" CONTENT="beskaffenhet."/>
						</TextLine>
					</TextBlock>
				</ComposedBlock>
				<ComposedBlock ID="cblock_2" HPOS="211" VPOS="850" WIDTH="757" HEIGHT="417">
					<TextBlock ID="block_2" HPOS="211" VPOS="850" WIDTH="757" HEIGHT="417">
						<TextLine ID="line_17" HPOS="285" VPOS="850" WIDTH="682" HEIGHT="27">
							<String ID="string_147" HPOS="285" VPOS="850" WIDTH="163" HEIGHT="26" WC="0.95" CONTENT="Omfattningen"/><SP WIDTH="24" VPOS="850" HPOS="448"/>
							<String ID="string_148" HPOS="472" VPOS="850" WIDTH="22" HEIGHT="21" WC="0.96" CONTENT="af"/><SP WIDTH="25" VPOS="850" HPOS="494"/>
							<String ID="string_149" HPOS="519" VPOS="850" WIDTH="41" HEIGHT="21" WC="0.93" CONTENT="den"/><SP WIDTH="26" VPOS="850" HPOS="560"/>
							<String ID="string_150" HPOS="586" VPOS="850" WIDTH="211" HEIGHT="27" WC="0.91" CONTENT="kapitalansamling,"/><SP WIDTH="27" VPOS="850" HPOS="797"/>
							<String ID="string_151" HPOS="824" VPOS="856" WIDTH="46" HEIGHT="14" WC="0.96" CONTENT="som"/><SP WIDTH="29" VPOS="856" HPOS="870"/>
							<String ID="string_152" HPOS="899" VPOS="850" WIDTH="68" HEIGHT="20" WC="0.95" CONTENT="under"/>
						</TextLine>
						<TextLine ID="line_18" HPOS="213" VPOS="885" WIDTH="752" HEIGHT="27">
							<String ID="string_153" HPOS="213" VPOS="886" WIDTH="26" HEIGHT="20" WC="0.96" CONTENT="de"/><SP WIDTH="24" VPOS="886" HPOS="239"/>
							<String ID="string_154" HPOS="263" VPOS="887" WIDTH="83" HEIGHT="19" WC="0.96" CONTENT="senaste"/><SP WIDTH="27" VPOS="887" HPOS="346"/>
							<String ID="string_155" HPOS="373" VPOS="887" WIDTH="50" HEIGHT="19" WC="0.96" CONTENT="åren"/><SP WIDTH="25" VPOS="887" HPOS="423"/>
							<String ID="string_156" HPOS="448" VPOS="886" WIDTH="8" HEIGHT="20" WC="0.95" CONTENT="i"/><SP WIDTH="25" VPOS="886" HPOS="456"/>
							<String ID="string_157" HPOS="481" VPOS="886" WIDTH="73" HEIGHT="20" WC="0.93" CONTENT="landet"/><SP WIDTH="22" VPOS="886" HPOS="554"/>
							<String ID="string_158" HPOS="576" VPOS="886" WIDTH="118" HEIGHT="26" WC="0.92" CONTENT="försiggätt,"/><SP WIDTH="25" VPOS="886" HPOS="694"/>
							<String ID="string_159" HPOS="719" VPOS="886" WIDTH="158" HEIGHT="25" WC="0.91" CONTENT="åskådliggöres"/><SP WIDTH="23" VPOS="886" HPOS="877"/>
							<String ID="string_160" HPOS="900" VPOS="885" WIDTH="7" HEIGHT="20" WC="0.96" CONTENT="i"/><SP WIDTH="24" VPOS="885" HPOS="907"/>
							<String ID="string_161" HPOS="931" VPOS="886" WIDTH="34" HEIGHT="19" WC="0.82" CONTENT="nä"/>
						</TextLine>
						<TextLine ID="line_19" HPOS="212" VPOS="921" WIDTH="756" HEIGHT="27">
							<String ID="string_162" HPOS="212" VPOS="928" WIDTH="42" HEIGHT="19" WC="0.96" CONTENT="gon"/><SP WIDTH="24" VPOS="928" HPOS="254"/>
							<String ID="string_163" HPOS="278" VPOS="923" WIDTH="51" HEIGHT="19" WC="0.96" CONTENT="män"/><SP WIDTH="24" VPOS="923" HPOS="329"/>
							<String ID="string_164" HPOS="353" VPOS="922" WIDTH="23" HEIGHT="20" WC="0.93" CONTENT="af"/><SP WIDTH="23" VPOS="922" HPOS="376"/>
							<String ID="string_165" HPOS="399" VPOS="921" WIDTH="112" HEIGHT="27" WC="0.92" CONTENT="vidfogade"/><SP WIDTH="23" VPOS="921" HPOS="511"/>
							<String ID="string_166" HPOS="534" VPOS="922" WIDTH="90" HEIGHT="20" WC="0.93" CONTENT="tabeller"/><SP WIDTH="15" VPOS="922" HPOS="624"/>
							<String ID="string_167" HPOS="639" VPOS="922" WIDTH="90" HEIGHT="20" WC="0.69" CONTENT="I[-IV."/><SP WIDTH="35" VPOS="922" HPOS="729"/>
							<String ID="string_168" HPOS="764" VPOS="922" WIDTH="28" HEIGHT="20" WC="0.93" CONTENT="Ur"/><SP WIDTH="16" VPOS="922" HPOS="792"/>
							<String ID="string_169" HPOS="808" VPOS="921" WIDTH="49" HEIGHT="21" WC="0.91" CONTENT="dem"/><SP WIDTH="17" VPOS="921" HPOS="857"/>
							<String ID="string_170" HPOS="874" VPOS="921" WIDTH="94" HEIGHT="26" WC="0.95" CONTENT="framgår"/>
						</TextLine>
						<TextLine ID="line_20" HPOS="213" VPOS="956" WIDTH="754" HEIGHT="27">
							<String ID="string_171" HPOS="213" VPOS="957" WIDTH="66" HEIGHT="20" WC="0.95" CONTENT="bland"/><SP WIDTH="16" VPOS="957" HPOS="279"/>
							<String ID="string_172" HPOS="295" VPOS="959" WIDTH="78" HEIGHT="18" WC="0.96" CONTENT="annat:"/><SP WIDTH="17" VPOS="959" HPOS="373"/>
							<String ID="string_173" HPOS="390" VPOS="959" WIDTH="32" HEIGHT="18" WC="0.96" CONTENT="att"/><SP WIDTH="15" VPOS="959" HPOS="422"/>
							<String ID="string_174" HPOS="437" VPOS="957" WIDTH="99" HEIGHT="26" WC="0.93" CONTENT="samtliga"/><SP WIDTH="15" VPOS="957" HPOS="536"/>
							<String ID="string_175" HPOS="551" VPOS="957" WIDTH="92" HEIGHT="20" WC="0.93" CONTENT="bankers"/><SP WIDTH="15" VPOS="957" HPOS="643"/>
							<String ID="string_176" HPOS="658" VPOS="957" WIDTH="77" HEIGHT="26" WC="0.92" CONTENT="grund-"/><SP WIDTH="17" VPOS="957" HPOS="735"/>
							<String ID="string_177" HPOS="752" VPOS="957" WIDTH="51" HEIGHT="20" WC="0.93" CONTENT="eller"/><SP WIDTH="17" VPOS="957" HPOS="803"/>
							<String ID="string_178" HPOS="820" VPOS="956" WIDTH="147" HEIGHT="27" WC="0.86" CONTENT="aktie-kapital"/>
						</TextLine>
						<TextLine ID="line_21" HPOS="213" VPOS="992" WIDTH="753" HEIGHT="26">
							<String ID="string_179" HPOS="213" VPOS="994" WIDTH="57" HEIGHT="19" WC="0.92" CONTENT="samt"/><SP WIDTH="22" VPOS="994" HPOS="270"/>
							<String ID="string_180" HPOS="292" VPOS="993" WIDTH="146" HEIGHT="20" WC="0.90" CONTENT="reservfonder"/><SP WIDTH="16" VPOS="993" HPOS="438"/>
							<String ID="string_181" HPOS="454" VPOS="993" WIDTH="47" HEIGHT="20" WC="0.91" CONTENT="frän"/><SP WIDTH="17" VPOS="993" HPOS="501"/>
							<String ID="string_182" HPOS="518" VPOS="993" WIDTH="132" HEIGHT="24" WC="0.90" CONTENT="59,089,265"/><SP WIDTH="16" VPOS="993" HPOS="650"/>
							<String ID="string_183" HPOS="666" VPOS="993" WIDTH="62" HEIGHT="20" WC="0.96" CONTENT="mark"/><SP WIDTH="16" VPOS="993" HPOS="728"/>
							<String ID="string_184" HPOS="744" VPOS="994" WIDTH="24" HEIGHT="19" WC="0.95" CONTENT="är"/><SP WIDTH="17" VPOS="994" HPOS="768"/>
							<String ID="string_185" HPOS="785" VPOS="993" WIDTH="57" HEIGHT="20" WC="0.92" CONTENT="1896"/><SP WIDTH="16" VPOS="993" HPOS="842"/>
							<String ID="string_186" HPOS="858" VPOS="992" WIDTH="59" HEIGHT="26" WC="0.88" CONTENT="stigit"/><SP WIDTH="15" VPOS="992" HPOS="917"/>
							<String ID="string_187" HPOS="932" VPOS="992" WIDTH="34" HEIGHT="20" WC="0.96" CONTENT="till"/>
						</TextLine>
						<TextLine ID="line_22" HPOS="213" VPOS="1028" WIDTH="754" HEIGHT="27">
							<String ID="string_188" HPOS="213" VPOS="1028" WIDTH="134" HEIGHT="25" WC="0.92" CONTENT="79,008,700"/><SP WIDTH="16" VPOS="1028" HPOS="347"/>
							<String ID="string_189" HPOS="363" VPOS="1028" WIDTH="61" HEIGHT="20" WC="0.96" CONTENT="mark"/><SP WIDTH="16" VPOS="1028" HPOS="424"/>
							<String ID="string_190" HPOS="440" VPOS="1029" WIDTH="22" HEIGHT="20" WC="0.95" CONTENT="är"/><SP WIDTH="18" VPOS="1029" HPOS="462"/>
							<String ID="string_191" HPOS="480" VPOS="1029" WIDTH="67" HEIGHT="24" WC="0.87" CONTENT="1899;"/><SP WIDTH="11" VPOS="1029" HPOS="547"/>
							<String ID="string_192" HPOS="558" VPOS="1030" WIDTH="32" HEIGHT="19" WC="0.95" CONTENT="att"/><SP WIDTH="10" VPOS="1030" HPOS="590"/>
							<String ID="string_193" HPOS="600" VPOS="1029" WIDTH="26" HEIGHT="20" WC="0.97" CONTENT="de"/><SP WIDTH="12" VPOS="1029" HPOS="626"/>
							<String ID="string_194" HPOS="638" VPOS="1029" WIDTH="57" HEIGHT="20" WC="0.93" CONTENT="olika"/><SP WIDTH="10" VPOS="1029" HPOS="695"/>
							<String ID="string_195" HPOS="705" VPOS="1029" WIDTH="74" HEIGHT="26" WC="0.92" CONTENT="slagen"/><SP WIDTH="11" VPOS="1029" HPOS="779"/>
							<String ID="string_196" HPOS="790" VPOS="1028" WIDTH="22" HEIGHT="20" WC="0.93" CONTENT="af"/><SP WIDTH="11" VPOS="1028" HPOS="812"/>
							<String ID="string_197" HPOS="823" VPOS="1028" WIDTH="144" HEIGHT="26" WC="0.93" CONTENT="depositioner"/>
						</TextLine>
						<TextLine ID="line_23" HPOS="212" VPOS="1063" WIDTH="755" HEIGHT="28">
							<String ID="string_198" HPOS="212" VPOS="1064" WIDTH="7" HEIGHT="20" WC="0.93" CONTENT="i"/><SP WIDTH="15" VPOS="1064" HPOS="219"/>
							<String ID="string_199" HPOS="234" VPOS="1064" WIDTH="182" HEIGHT="27" WC="0.91" CONTENT="privatbankerna"/><SP WIDTH="23" VPOS="1064" HPOS="416"/>
							<String ID="string_200" HPOS="439" VPOS="1065" WIDTH="48" HEIGHT="20" WC="0.92" CONTENT="frän"/><SP WIDTH="17" VPOS="1065" HPOS="487"/>
							<String ID="string_201" HPOS="504" VPOS="1064" WIDTH="146" HEIGHT="25" WC="0.91" CONTENT="196,708,160"/><SP WIDTH="17" VPOS="1064" HPOS="650"/>
							<String ID="string_202" HPOS="667" VPOS="1065" WIDTH="61" HEIGHT="20" WC="0.96" CONTENT="mark"/><SP WIDTH="16" VPOS="1065" HPOS="728"/>
							<String ID="string_203" HPOS="744" VPOS="1065" WIDTH="23" HEIGHT="20" WC="0.96" CONTENT="är"/><SP WIDTH="18" VPOS="1065" HPOS="767"/>
							<String ID="string_204" HPOS="785" VPOS="1064" WIDTH="57" HEIGHT="21" WC="0.93" CONTENT="1896"/><SP WIDTH="17" VPOS="1064" HPOS="842"/>
							<String ID="string_205" HPOS="859" VPOS="1064" WIDTH="59" HEIGHT="25" WC="0.92" CONTENT="stigit"/><SP WIDTH="14" VPOS="1064" HPOS="918"/>
							<String ID="string_206" HPOS="932" VPOS="1063" WIDTH="35" HEIGHT="20" WC="0.96" CONTENT="till"/>
						</TextLine>
						<TextLine ID="line_24" HPOS="213" VPOS="1099" WIDTH="753" HEIGHT="28">
							<String ID="string_207" HPOS="213" VPOS="1100" WIDTH="148" HEIGHT="25" WC="0.92" CONTENT="281,553,533"/><SP WIDTH="12" VPOS="1100" HPOS="361"/>
							<String ID="string_208" HPOS="373" VPOS="1099" WIDTH="62" HEIGHT="21" WC="0.96" CONTENT="mark"/><SP WIDTH="11" VPOS="1099" HPOS="435"/>
							<String ID="string_209" HPOS="446" VPOS="1101" WIDTH="23" HEIGHT="19" WC="0.96" CONTENT="är"/><SP WIDTH="11" VPOS="1101" HPOS="469"/>
							<String ID="string_210" HPOS="480" VPOS="1100" WIDTH="67" HEIGHT="24" WC="0.92" CONTENT="1899;"/><SP WIDTH="13" VPOS="1100" HPOS="547"/>
							<String ID="string_211" HPOS="560" VPOS="1101" WIDTH="31" HEIGHT="19" WC="0.93" CONTENT="att"/><SP WIDTH="12" VPOS="1101" HPOS="591"/>
							<String ID="string_212" HPOS="603" VPOS="1099" WIDTH="228" HEIGHT="28" WC="0.88" CONTENT="tillgodohafvandena"/><SP WIDTH="15" VPOS="1099" HPOS="831"/>
							<String ID="string_213" HPOS="846" VPOS="1100" WIDTH="13" HEIGHT="19" WC="0.85" CONTENT="å"/><SP WIDTH="15" VPOS="1100" HPOS="859"/>
							<String ID="string_214" HPOS="874" VPOS="1099" WIDTH="92" HEIGHT="26" WC="0.96" CONTENT="löpande"/>
						</TextLine>
						<TextLine ID="line_25" HPOS="212" VPOS="1135" WIDTH="753" HEIGHT="29">
							<String ID="string_215" HPOS="212" VPOS="1136" WIDTH="92" HEIGHT="26" WC="0.92" CONTENT="räkning"/><SP WIDTH="19" VPOS="1136" HPOS="304"/>
							<String ID="string_216" HPOS="323" VPOS="1136" WIDTH="69" HEIGHT="20" WC="0.96" CONTENT="under"/><SP WIDTH="20" VPOS="1136" HPOS="392"/>
							<String ID="string_217" HPOS="412" VPOS="1135" WIDTH="88" HEIGHT="21" WC="0.93" CONTENT="berörda"/><SP WIDTH="19" VPOS="1135" HPOS="500"/>
							<String ID="string_218" HPOS="519" VPOS="1135" WIDTH="33" HEIGHT="21" WC="0.93" CONTENT="tid"/><SP WIDTH="15" VPOS="1135" HPOS="552"/>
							<String ID="string_219" HPOS="567" VPOS="1136" WIDTH="59" HEIGHT="26" WC="0.92" CONTENT="stigit"/><SP WIDTH="15" VPOS="1136" HPOS="626"/>
							<String ID="string_220" HPOS="641" VPOS="1136" WIDTH="48" HEIGHT="20" WC="0.92" CONTENT="frän"/><SP WIDTH="17" VPOS="1136" HPOS="689"/>
							<String ID="string_221" HPOS="706" VPOS="1136" WIDTH="133" HEIGHT="28" WC="0.92" CONTENT="17,909,963"/><SP WIDTH="16" VPOS="1136" HPOS="839"/>
							<String ID="string_222" HPOS="855" VPOS="1135" WIDTH="61" HEIGHT="21" WC="0.96" CONTENT="mark"/><SP WIDTH="16" VPOS="1135" HPOS="916"/>
							<String ID="string_223" HPOS="932" VPOS="1135" WIDTH="33" HEIGHT="20" WC="0.96" CONTENT="till"/>
						</TextLine>
						<TextLine ID="line_26" HPOS="214" VPOS="1171" WIDTH="752" HEIGHT="27">
							<String ID="string_224" HPOS="214" VPOS="1171" WIDTH="132" HEIGHT="25" WC="0.91" CONTENT="19,184,754"/><SP WIDTH="18" VPOS="1171" HPOS="346"/>
							<String ID="string_225" HPOS="364" VPOS="1171" WIDTH="68" HEIGHT="25" WC="0.96" CONTENT="mark,"/><SP WIDTH="12" VPOS="1171" HPOS="432"/>
							<String ID="string_226" HPOS="444" VPOS="1173" WIDTH="56" HEIGHT="19" WC="0.96" CONTENT="samt"/><SP WIDTH="15" VPOS="1173" HPOS="500"/>
							<String ID="string_227" HPOS="515" VPOS="1173" WIDTH="31" HEIGHT="19" WC="0.93" CONTENT="att"/><SP WIDTH="16" VPOS="1173" HPOS="546"/>
							<String ID="string_228" HPOS="562" VPOS="1172" WIDTH="190" HEIGHT="26" WC="0.92" CONTENT="privatbankernas"/><SP WIDTH="16" VPOS="1172" HPOS="752"/>
							<String ID="string_229" HPOS="768" VPOS="1171" WIDTH="115" HEIGHT="21" WC="0.92" CONTENT="inhemska"/><SP WIDTH="15" VPOS="1171" HPOS="883"/>
							<String ID="string_230" HPOS="898" VPOS="1171" WIDTH="68" HEIGHT="26" WC="0.92" CONTENT="place-"/>
						</TextLine>
						<TextLine ID="line_27" HPOS="211" VPOS="1206" WIDTH="755" HEIGHT="27">
							<String ID="string_231" HPOS="211" VPOS="1207" WIDTH="72" HEIGHT="26" WC="0.92" CONTENT="ringar"/><SP WIDTH="23" VPOS="1207" HPOS="283"/>
							<String ID="string_232" HPOS="306" VPOS="1207" WIDTH="69" HEIGHT="20" WC="0.95" CONTENT="under"/><SP WIDTH="22" VPOS="1207" HPOS="375"/>
							<String ID="string_233" HPOS="397" VPOS="1214" WIDTH="84" HEIGHT="13" WC="0.95" CONTENT="samma"/><SP WIDTH="21" VPOS="1214" HPOS="481"/>
							<String ID="string_234" HPOS="502" VPOS="1207" WIDTH="32" HEIGHT="20" WC="0.93" CONTENT="tid"/><SP WIDTH="16" VPOS="1207" HPOS="534"/>
							<String ID="string_235" HPOS="550" VPOS="1208" WIDTH="59" HEIGHT="25" WC="0.93" CONTENT="stigit"/><SP WIDTH="15" VPOS="1208" HPOS="609"/>
							<String ID="string_236" HPOS="624" VPOS="1207" WIDTH="48" HEIGHT="21" WC="0.91" CONTENT="frän"/><SP WIDTH="18" VPOS="1207" HPOS="672"/>
							<String ID="string_237" HPOS="690" VPOS="1207" WIDTH="147" HEIGHT="25" WC="0.92" CONTENT="197,330,664"/><SP WIDTH="18" VPOS="1207" HPOS="837"/>
							<String ID="string_238" HPOS="855" VPOS="1207" WIDTH="60" HEIGHT="20" WC="0.96" CONTENT="mark"/><SP WIDTH="16" VPOS="1207" HPOS="915"/>
							<String ID="string_239" HPOS="931" VPOS="1206" WIDTH="35" HEIGHT="21" WC="0.96" CONTENT="till"/>
						</TextLine>
						<TextLine ID="line_28" HPOS="212" VPOS="1243" WIDTH="232" HEIGHT="24">
							<String ID="string_240" HPOS="212" VPOS="1243" WIDTH="149" HEIGHT="24" WC="0.92" CONTENT="324,569,096"/><SP WIDTH="17" VPOS="1243" HPOS="361"/>
							<String ID="string_241" HPOS="378" VPOS="1243" WIDTH="66" HEIGHT="20" WC="0.96" CONTENT="mark."/>
						</TextLine>
					</TextBlock>
				</ComposedBlock>
				<ComposedBlock ID="cblock_3" HPOS="211" VPOS="1295" WIDTH="756" HEIGHT="171">
					<TextBlock ID="block_3" HPOS="211" VPOS="1295" WIDTH="756" HEIGHT="171">
						<TextLine ID="line_29" HPOS="285" VPOS="1295" WIDTH="682" HEIGHT="28">
							<String ID="string_242" HPOS="285" VPOS="1297" WIDTH="33" HEIGHT="20" WC="0.96" CONTENT="Då"/><SP WIDTH="15" VPOS="1297" HPOS="318"/>
							<String ID="string_243" HPOS="333" VPOS="1297" WIDTH="8" HEIGHT="20" WC="0.89" CONTENT="i"/><SP WIDTH="15" VPOS="1297" HPOS="341"/>
							<String ID="string_244" HPOS="356" VPOS="1297" WIDTH="140" HEIGHT="20" WC="0.95" CONTENT="betraktande"/><SP WIDTH="22" VPOS="1297" HPOS="496"/>
							<String ID="string_245" HPOS="518" VPOS="1299" WIDTH="65" HEIGHT="24" WC="0.95" CONTENT="tages,"/><SP WIDTH="17" VPOS="1299" HPOS="583"/>
							<String ID="string_246" HPOS="600" VPOS="1299" WIDTH="32" HEIGHT="18" WC="0.96" CONTENT="att"/><SP WIDTH="15" VPOS="1299" HPOS="632"/>
							<String ID="string_247" HPOS="647" VPOS="1297" WIDTH="117" HEIGHT="26" WC="0.96" CONTENT="samtidigt,"/><SP WIDTH="16" VPOS="1297" HPOS="764"/>
							<String ID="string_248" HPOS="780" VPOS="1303" WIDTH="47" HEIGHT="14" WC="0.93" CONTENT="som"/><SP WIDTH="16" VPOS="1303" HPOS="827"/>
							<String ID="string_249" HPOS="843" VPOS="1295" WIDTH="124" HEIGHT="21" WC="0.91" CONTENT="förberörda"/>
						</TextLine>
						<TextLine ID="line_30" HPOS="212" VPOS="1331" WIDTH="753" HEIGHT="27">
							<String ID="string_250" HPOS="212" VPOS="1332" WIDTH="73" HEIGHT="20" WC="0.91" CONTENT="starka"/><SP WIDTH="22" VPOS="1332" HPOS="285"/>
							<String ID="string_251" HPOS="307" VPOS="1333" WIDTH="86" HEIGHT="20" WC="0.90" CONTENT="tillväxt"/><SP WIDTH="20" VPOS="1333" HPOS="393"/>
							<String ID="string_252" HPOS="413" VPOS="1335" WIDTH="35" HEIGHT="23" WC="0.92" CONTENT="egt"/><SP WIDTH="22" VPOS="1335" HPOS="448"/>
							<String ID="string_253" HPOS="470" VPOS="1339" WIDTH="48" HEIGHT="13" WC="0.96" CONTENT="rum"/><SP WIDTH="16" VPOS="1339" HPOS="518"/>
							<String ID="string_254" HPOS="534" VPOS="1333" WIDTH="7" HEIGHT="19" WC="0.93" CONTENT="i"/><SP WIDTH="16" VPOS="1333" HPOS="541"/>
							<String ID="string_255" HPOS="557" VPOS="1333" WIDTH="120" HEIGHT="19" WC="0.92" CONTENT="bankernas"/><SP WIDTH="20" VPOS="1333" HPOS="677"/>
							<String ID="string_256" HPOS="697" VPOS="1334" WIDTH="47" HEIGHT="24" WC="0.93" CONTENT="eget"/><SP WIDTH="16" VPOS="1334" HPOS="744"/>
							<String ID="string_257" HPOS="760" VPOS="1332" WIDTH="84" HEIGHT="26" WC="0.92" CONTENT="kapital"/><SP WIDTH="16" VPOS="1332" HPOS="844"/>
							<String ID="string_258" HPOS="860" VPOS="1331" WIDTH="40" HEIGHT="20" WC="0.96" CONTENT="och"/><SP WIDTH="15" VPOS="1331" HPOS="900"/>
							<String ID="string_259" HPOS="915" VPOS="1331" WIDTH="27" HEIGHT="20" WC="0.93" CONTENT="de"/><SP WIDTH="15" VPOS="1331" HPOS="942"/>
							<String ID="string_260" HPOS="957" VPOS="1331" WIDTH="8" HEIGHT="20" WC="0.93" CONTENT="i"/>
						</TextLine>
						<TextLine ID="line_31" HPOS="211" VPOS="1366" WIDTH="754" HEIGHT="29">
							<String ID="string_261" HPOS="211" VPOS="1367" WIDTH="112" HEIGHT="21" WC="0.92" CONTENT="bankerna"/><SP WIDTH="15" VPOS="1367" HPOS="323"/>
							<String ID="string_262" HPOS="338" VPOS="1368" WIDTH="133" HEIGHT="27" WC="0.90" CONTENT="deponerade"/><SP WIDTH="16" VPOS="1368" HPOS="471"/>
							<String ID="string_263" HPOS="487" VPOS="1368" WIDTH="75" HEIGHT="25" WC="0.96" CONTENT="medel,"/><SP WIDTH="18" VPOS="1368" HPOS="562"/>
							<String ID="string_264" HPOS="580" VPOS="1368" WIDTH="86" HEIGHT="27" WC="0.96" CONTENT="mycket"/><SP WIDTH="15" VPOS="1368" HPOS="666"/>
							<String ID="string_265" HPOS="681" VPOS="1368" WIDTH="123" HEIGHT="27" WC="0.93" CONTENT="betydande"/><SP WIDTH="16" VPOS="1368" HPOS="804"/>
							<String ID="string_266" HPOS="820" VPOS="1367" WIDTH="79" HEIGHT="26" WC="0.92" CONTENT="belopp"/><SP WIDTH="16" VPOS="1367" HPOS="899"/>
							<String ID="string_267" HPOS="915" VPOS="1366" WIDTH="50" HEIGHT="20" WC="0.90" CONTENT="ned-"/>
						</TextLine>
						<TextLine ID="line_32" HPOS="211" VPOS="1403" WIDTH="754" HEIGHT="28">
							<String ID="string_268" HPOS="211" VPOS="1404" WIDTH="56" HEIGHT="26" WC="0.91" CONTENT="lagts"/><SP WIDTH="23" VPOS="1404" HPOS="267"/>
							<String ID="string_269" HPOS="290" VPOS="1404" WIDTH="33" HEIGHT="20" WC="0.91" CONTENT="uti"/><SP WIDTH="15" VPOS="1404" HPOS="323"/>
							<String ID="string_270" HPOS="338" VPOS="1404" WIDTH="222" HEIGHT="27" WC="0.92" CONTENT="järnvägsbyggnader"/><SP WIDTH="16" VPOS="1404" HPOS="560"/>
							<String ID="string_271" HPOS="576" VPOS="1406" WIDTH="57" HEIGHT="19" WC="0.96" CONTENT="samt"/><SP WIDTH="15" VPOS="1406" HPOS="633"/>
							<String ID="string_272" HPOS="648" VPOS="1411" WIDTH="43" HEIGHT="20" WC="0.93" CONTENT="nya"/><SP WIDTH="15" VPOS="1411" HPOS="691"/>
							<String ID="string_273" HPOS="706" VPOS="1403" WIDTH="137" HEIGHT="21" WC="0.92" CONTENT="industriella"/><SP WIDTH="15" VPOS="1403" HPOS="843"/>
							<String ID="string_274" HPOS="858" VPOS="1403" WIDTH="51" HEIGHT="21" WC="0.96" CONTENT="verk"/><SP WIDTH="16" VPOS="1403" HPOS="909"/>
							<String ID="string_275" HPOS="925" VPOS="1403" WIDTH="40" HEIGHT="20" WC="0.96" CONTENT="och"/>
						</TextLine>
						<TextLine ID="line_33" HPOS="211" VPOS="1439" WIDTH="753" HEIGHT="27">
							<String ID="string_276" HPOS="211" VPOS="1439" WIDTH="129" HEIGHT="27" WC="0.91" CONTENT="utvidgning"/><SP WIDTH="23" VPOS="1439" HPOS="340"/>
							<String ID="string_277" HPOS="363" VPOS="1440" WIDTH="22" HEIGHT="19" WC="0.93" CONTENT="af"/><SP WIDTH="22" VPOS="1440" HPOS="385"/>
							<String ID="string_278" HPOS="407" VPOS="1440" WIDTH="58" HEIGHT="20" WC="0.92" CONTENT="förut"/><SP WIDTH="21" VPOS="1440" HPOS="465"/>
							<String ID="string_279" HPOS="486" VPOS="1440" WIDTH="113" HEIGHT="20" WC="0.92" CONTENT="bestäende"/><SP WIDTH="21" VPOS="1440" HPOS="599"/>
							<String ID="string_280" HPOS="620" VPOS="1440" WIDTH="74" HEIGHT="26" WC="0.92" CONTENT="dylika"/><SP WIDTH="15" VPOS="1440" HPOS="694"/>
							<String ID="string_281" HPOS="709" VPOS="1439" WIDTH="165" HEIGHT="26" WC="0.92" CONTENT="anläggningar;"/><SP WIDTH="17" VPOS="1439" HPOS="874"/>
							<String ID="string_282" HPOS="891" VPOS="1440" WIDTH="31" HEIGHT="18" WC="0.96" CONTENT="att"/><SP WIDTH="16" VPOS="1440" HPOS="922"/>
							<String ID="string_283" HPOS="938" VPOS="1445" WIDTH="26" HEIGHT="13" WC="0.96" CONTENT="en"/>
						</TextLine>
					</TextBlock>
				</ComposedBlock>
				<ComposedBlock ID="cblock_4" HPOS="620" VPOS="1474" WIDTH="344" HEIGHT="28">
					<TextBlock ID="block_4" HPOS="620" VPOS="1474" WIDTH="344" HEIGHT="28">
						<TextLine ID="line_34" HPOS="627" VPOS="1474" WIDTH="337" HEIGHT="14">
							<String ID="string_284" HPOS="627" VPOS="1475" WIDTH="60" HEIGHT="13" WC="0.82" CONTENT="ingar"/><SP WIDTH="16" VPOS="1475" HPOS="687"/>
							<String ID="string_285" HPOS="703" VPOS="1477" WIDTH="56" HEIGHT="11" WC="0.78" CONTENT="ännu"/><SP WIDTH="19" VPOS="1477" HPOS="759"/>
							<String ID="string_286" HPOS="778" VPOS="1475" WIDTH="46" HEIGHT="13" WC="0.95" CONTENT="icke"/><SP WIDTH="17" VPOS="1475" HPOS="824"/>
							<String ID="string_287" HPOS="841" VPOS="1474" WIDTH="77" HEIGHT="14" WC="0.95" CONTENT="hunnit"/><SP WIDTH="14" VPOS="1474" HPOS="918"/>
							<String ID="string_288" HPOS="932" VPOS="1480" WIDTH="32" HEIGHT="8" WC="0.36" CONTENT="me"/>
						</TextLine>
						<TextLine ID="line_35" HPOS="620" VPOS="1490" WIDTH="336" HEIGHT="12">
							<String ID="string_289" HPOS="620" VPOS="1490" WIDTH="65" HEIGHT="12" WC="0.0" CONTENT="ningaer"/><SP WIDTH="18" VPOS="1490" HPOS="685"/>
							<String ID="string_290" HPOS="703" VPOS="1490" WIDTH="59" HEIGHT="6" WC="0.61" CONTENT="Ännu"/><SP WIDTH="15" VPOS="1490" HPOS="762"/>
							<String ID="string_291" HPOS="777" VPOS="1490" WIDTH="48" HEIGHT="5" WC="0.43" CONTENT="10oxe"/><SP WIDTH="15" VPOS="1490" HPOS="825"/>
							<String ID="string_292" HPOS="840" VPOS="1490" WIDTH="79" HEIGHT="5" WC="0.35" CONTENT="hunni"/><SP WIDTH="12" VPOS="1490" HPOS="919"/>
							<String ID="string_293" HPOS="931" VPOS="1490" WIDTH="25" HEIGHT="10" WC="0.96" CONTENT="ge"/>
						</TextLine>
					</TextBlock>
				</ComposedBlock>
				<Illustration ID="cblock_5" HPOS="548" VPOS="1475" WIDTH="76" HEIGHT="13"></Illustration>
				<ComposedBlock ID="cblock_6" HPOS="211" VPOS="1475" WIDTH="337" HEIGHT="27">
					<TextBlock ID="block_5" HPOS="211" VPOS="1475" WIDTH="337" HEIGHT="27">
						<TextLine ID="line_36" HPOS="211" VPOS="1475" WIDTH="333" HEIGHT="13">
							<String ID="string_294" HPOS="211" VPOS="1475" WIDTH="87" HEIGHT="13" WC="0.21" CONTENT="mwualrat"/><SP WIDTH="17" VPOS="1475" HPOS="298"/>
							<String ID="string_295" HPOS="315" VPOS="1477" WIDTH="43" HEIGHT="11" WC="0.84" CONTENT="star"/><SP WIDTH="16" VPOS="1477" HPOS="358"/>
							<String ID="string_296" HPOS="374" VPOS="1475" WIDTH="33" HEIGHT="13" WC="0.92" CONTENT="Aal"/><SP WIDTH="18" VPOS="1475" HPOS="407"/>
							<String ID="string_297" HPOS="425" VPOS="1476" WIDTH="21" HEIGHT="12" WC="0.90" CONTENT="af"/><SP WIDTH="16" VPOS="1476" HPOS="446"/>
							<String ID="string_298" HPOS="462" VPOS="1476" WIDTH="58" HEIGHT="12" WC="0.24" CONTENT="Aaasan"/><SP WIDTH="15" VPOS="1476" HPOS="520"/>
							<String ID="string_299" HPOS="535" VPOS="1483" WIDTH="9" HEIGHT="5" WC="0.91" CONTENT="a"/>
						</TextLine>
						<TextLine ID="line_37" HPOS="211" VPOS="1490" WIDTH="337" HEIGHT="12">
							<String ID="string_300" HPOS="211" VPOS="1490" WIDTH="88" HEIGHT="12" WC="0.6" CONTENT="myöesot"/><SP WIDTH="16" VPOS="1490" HPOS="299"/>
							<String ID="string_301" HPOS="315" VPOS="1490" WIDTH="41" HEIGHT="6" WC="0.13" CONTENT="Stor"/><SP WIDTH="19" VPOS="1490" HPOS="356"/>
							<String ID="string_302" HPOS="375" VPOS="1490" WIDTH="35" HEIGHT="6" WC="0.75" CONTENT="dö:"/><SP WIDTH="14" VPOS="1490" HPOS="410"/>
							<String ID="string_303" HPOS="424" VPOS="1490" WIDTH="22" HEIGHT="6" WC="0.77" CONTENT="ai"/><SP WIDTH="16" VPOS="1490" HPOS="446"/>
							<String ID="string_304" HPOS="462" VPOS="1490" WIDTH="61" HEIGHT="6" WC="0.5" CONTENT="00ssa"/><SP WIDTH="11" VPOS="1490" HPOS="523"/>
							<String ID="string_305" HPOS="534" VPOS="1490" WIDTH="14" HEIGHT="6" WC="0.48" CONTENT="a"/>
						</TextLine>
					</TextBlock>
				</ComposedBlock>
				<Illustration ID="cblock_7" HPOS="548" VPOS="1490" WIDTH="72" HEIGHT="12"></Illustration>
				<ComposedBlock ID="cblock_8" HPOS="284" VPOS="1521" WIDTH="389" HEIGHT="19">
					<TextBlock ID="block_6" HPOS="284" VPOS="1521" WIDTH="389" HEIGHT="19">
						<TextLine ID="line_38" HPOS="284" VPOS="1521" WIDTH="389" HEIGHT="19">
							<String ID="string_306" HPOS="284" VPOS="1521" WIDTH="169" HEIGHT="18" WC="0.91" CONTENT="Bankutskottets"/><SP WIDTH="13" VPOS="1521" HPOS="453"/>
							<String ID="string_307" HPOS="466" VPOS="1521" WIDTH="126" HEIGHT="19" WC="0.92" CONTENT="betänkande"/><SP WIDTH="13" VPOS="1521" HPOS="592"/>
							<String ID="string_308" HPOS="605" VPOS="1521" WIDTH="37" HEIGHT="18" WC="0.96" CONTENT="N:o"/><SP WIDTH="12" VPOS="1521" HPOS="642"/>
							<String ID="string_309" HPOS="654" VPOS="1522" WIDTH="19" HEIGHT="17" WC="0.96" CONTENT="2."/>
						</TextLine>
					</TextBlock>
				</ComposedBlock>
			</PrintSpace>
		</Page>
	</Layout>
</alto>
