1103 1795
421 187 119 23 XXXIIIL

377 605 244 22 Bankutskottets
636 605 154 22 skritvelse
808 605 54 23 till

309 639 152 22 Finlands
484 639 135 22 Ständer
640 639 57 22 med
712 639 95 28 förslag
821 645 41 16 an-

309 673 92 28 gående
417 673 115 23 eventuel
544 673 149 28 indragning
703 673 29 23 af
743 673 119 23 Finlands

309 708 81 22 Banks
405 707 91 23 kontor
511 708 10 22 i
536 707 34 24 S:t
586 708 157 28 Petersburg.

172 808 43 22 Uti
233 807 121 23 skrifvelse
373 808 23 21 af
412 807 120 29 gårdagen
544 807 38 22 till
593 807 186 23 Bankutskottet
790 807 72 23 hafva

103 842 219 29 Bankfullmäktige
340 842 124 28 meddelat,
484 844 41 26 att,
538 841 72 23 sedan
628 842 233 22 bankkommissarie-

103 877 102 29 tjensten
224 877 41 22 vid
287 876 114 23 Finlands
422 877 81 22 Banks
524 877 86 21 kontor
630 877 9 21 i
661 876 34 23 S:t
718 877 144 29 Petersburg

103 911 80 22 blifvit
206 911 70 29 ledig,
299 911 42 22 hos
365 911 178 29 bankstyrelsen
569 911 97 22 kommit
690 911 74 22 under
787 911 75 22 öfver-

103 945 114 30 vägande,
235 945 116 22 huruvida
376 945 128 30 anledning
527 945 79 22 kunde
629 945 125 22 förefinnas
773 947 36 21 att
826 946 35 21 in-

104 980 73 29 draga
195 980 73 29 sagda
285 980 84 22 kontor
387 983 61 19 samt
465 980 8 22 i
492 980 80 22 stället
589 979 122 30 uppdraga
726 979 137 23 utförandet

104 1015 23 21 af
149 1015 110 21 Bankens
284 1015 147 28 operationer
454 1015 30 28 på
508 1015 92 28 platsen
624 1015 24 21 åt
671 1017 34 19 ett
728 1014 56 23 eller
805 1015 57 22 flera

103 1048 119 23 derstädes
239 1049 37 22 för
294 1049 133 22 ändamålet
444 1051 104 27 antagna
566 1049 92 22 ombud.
693 1048 91 23 Därvid
801 1049 61 22 hade

104 1083 23 22 af
143 1083 65 22 såväl
219 1083 218 22 Bankdirektionen
450 1091 48 14 som
510 1083 218 29 Bankfullmäktige
741 1083 46 22 den
799 1083 63 28 åsigt

105 1117 114 30 enhälligt
236 1118 127 28 omfattats,
377 1120 36 19 att
428 1117 177 30 ofvanantydda
617 1117 83 29 åtgärd
712 1117 75 22 under
798 1117 64 23 vissa

102 1152 197 29 förutsättningar
326 1152 78 22 kunde
431 1152 35 22 för
492 1153 100 21 Banken
618 1152 104 22 medföra
746 1151 116 23 särskilda

103 1186 106 22 fördelar.
236 1187 51 22 Den
306 1186 133 29 utredning,
452 1194 49 15 som
519 1187 37 22 för
571 1187 107 22 ärendets
691 1186 97 29 slutliga
800 1187 61 28 pröf-

102 1221 59 28 ning
186 1228 54 15 vore
267 1221 144 28 erforderlig,
435 1221 102 29 förelåge
562 1221 128 22 emellertid
716 1224 62 19 ännu
802 1221 58 22 icke.

102 1255 83 29 Enligt
203 1256 12 26 8
240 1256 29 21 15
288 1255 8 22 i
314 1255 110 29 gällande
442 1255 206 30 bankreglemente
665 1263 55 14 vore
738 1255 123 22 Bankfull-

102 1289 104 29 mäktige
230 1290 137 29 visserligen
391 1290 147 29 berättigade
564 1293 41 26 att,
626 1290 9 21 i
656 1289 41 23 fall
719 1289 100 29 ändring
837 1290 24 21 af

103 1323 72 29 sagda
193 1324 142 29 reglemente
353 1324 75 22 under
445 1324 65 23 tiden
526 1325 85 22 mellan
623 1327 85 20 tvenne
720 1324 141 28 landtdagar

102 1358 85 22 funnes
204 1366 57 14 vara
279 1359 24 21 af
321 1358 120 30 synnerlig
459 1358 177 30 nödvändighet
653 1358 117 30 påkallad,
783 1358 77 22 derom

101 1392 42 22 hos
169 1392 116 30 Kejsaren
311 1393 43 22 och
382 1393 144 22 Storfursten
553 1393 129 22 hemställa.
727 1393 55 22 Men
808 1393 52 22 med

103 1426 108 23 afseende
228 1428 15 21 å
263 1428 94 29 frågans
376 1427 120 30 betydelse
515 1427 43 23 och
577 1427 30 22 då
624 1427 115 30 landtdag
756 1427 37 22 för
808 1431 52 18 när-

101 1461 103 22 varande
228 1462 108 29 påginge,
355 1462 60 22 hade
436 1462 218 29 Bankfullmäktige
673 1465 58 19 trott
749 1462 37 28 sig
804 1462 56 22 böra

103 1495 93 23 anhålla
214 1503 37 15 om
269 1497 199 22 Bankutskottets
486 1496 142 23 medverkan
640 1496 94 29 derhän,
748 1498 36 21 att
796 1496 64 22 Full-
