1111 1789
788 181 28 22 53
841 193 2 2 -

91 242 89 27 räkning
202 243 38 20 och
260 243 105 27 sortering
380 232 33 43 af!
418 243 131 28 skiljemynt.
562 236 55 29 För
636 226 48 39 den
694 237 107 33 händelse,
820 244 26 28 på

92 277 43 20 sätt
155 276 137 23 Direktionen
310 259 120 50 föreslagit;
450 284 26 15 en
499 278 65 27 tredje
586 273 260 34 vexelkassörsbefattning

92 309 93 27 kommer.
205 311 33 22 att.
256 310 8 21 i.
282 310 88 22 Banken
388 308 95 29 inrättas,
502 313 66 20 mäste
587 308 120 30 antagligen
725 312 121 27 ytterligare

93 350 26 15 en.
136 344 141 29 vaktmästare
299 345 100 30 anställas
412 345 2 2 .
418 345 182 22 vexelkassörerna
615 343 35 24 till
667 345 81 22 biträde
760 345 13 20 i
788 352 58 21 nyss-

93 379 134 32 omförmäldt.
240 379 110 26 afseende,
366 376 87 25 emedan
469 386 27 15 en
510 381 139 21 vaktmästare
663 380 45 26 icke
722 371 124 41 medhinner

93 413 25 22 de
133 409 84 35 genom:
222 410 142 29 tillkomsten
369 413 23 22 "af.
405 420 26 15 en
440 414 66 33 tredje
516 415 119 21 vexelkassa
646 414 65 22 ökade
720 414 126 27 göromälen.

91 448 33 21 Då
142 441 68 34 någon
222 447 31 22 af
260 442 31 27 de
302 447 42 23 hos
359 443 135 29 Direktionen
510 448 95 22 anstälde'
619 449 170 21 vaktmästarene
800 448 45 21 icke

92 483 41 20 kan
153 481 69 22 dertill
240 482 112 26 undvaras,
371 480 75 29 synes
449 482 37 22 det
499 483 72 27 riktigt
585 483 32 21 att
632 482 34 21 vid
681 489 26 14 en
722 483 88 20 revision
825 480 30 27 af

58 537 3 1 +.
92 516 98 28 Bankens
202 516 43 21 stat
260 495 117 54 reserveras
391 517 110 27 möjlighet
515 518 37 25 att,
567 517 8 20 i
589 515 37 23 fall
635 517 29 21 af
677 517 67 24 behof,
756 511 89 27 anställa

81 562 2 2 *
92 550 122 28 ytterligare.
234 556 26 16 en
279 550 139 22 vaktmästare
437 551 12 21 i
454 550 101 22 Banken.
585 551 30 22 Af
627 550 25 22 de
667 551 88 22 sålunda
769 551 32 21 till
816 551 30 20 ett

66 597 2 3 >
93 582 58 34 antal
165 585 23 24 af
194 584 49 27 fem
257 585 122 27 uppgående
395 585 311 27 vaktmästarebefattningarna
720 585 39 21 har
773 585 73 21 Direk-

65 617 4 3 ”
93 617 69 30 tionen
185 619 63 28 tänkt
268 619 32 26 sig
322 620 32 20 att
372 619 31 26 de
415 613 48 34 fyra
481 619 119 22 nuvarande
617 619 68 22 skulle
704 619 97 28 uppföras
820 619 26 27 pä

50 673 4 1 +.
93 650 102 26 Ordinarie.
213 654 50 25 stat,
282 659 50 18 men
351 653 39 22 den
409 654 122 27 ifrågasatta
546 661 45 21 nya
607 653 64 27 blifva
686 660 26 15 en
727 653 132 22 arvodeshe-'

70 687 118 29 fattning.
219 687 168 23 Vidkommande
402 688 124 30 aflöningen
550 689 35 27 går
603 688 146 22 Direktionens
768 687 78 28 förslag

93 724 24 20 ut
131 723 26 28 pä
172 723 32 21 att
218 715 158 41 ifrägavaraäde
389 715 281 41 vaktmästarebefattningar
683 715 71 41 skulle
773 722 52 21 delas
837 722 8 21 i

94 758 36 20 tre"
144 757 54 22 olika.
216 757 122 27 kategorier,
357 753 139 26 sälunda'att
510 757 35 22 två
559 757 142 27 befattningar
715 757 66 20 skulle
796 763 50 14 vara

94 791 97 22 förenade
208 789 54 24 med
276 798 26 14 en
321 787 93 32 aflöning
432 791 24 22 af
474 792 62 26 1,800
552 791 66 27 mark,
636 791 59 22 deraf
710 791 63 24 1,000
786 791 64 25 mark.

93 826 39 22 lön
147 825 39 22 och
205 826 42 22 800
264 826 60 22 mark
344 825 81 32 -arvode,
444 826 35 21 två
496 825 141 28 befattningar
651 825 48 22 med
715 831 25 16 en
755 824 91 27 aflöning

94 860 23 21 af
136 860 64 27 1,500
216 860 67 27 mark,
302 854 102 29 fördelad
411 861 9 20 i
438 866 54 25 resp.
511 860 62 26 1,000.
591 860 41 21 och
648 860 43 21 500
708 859 59 22 mark
785 859 8 21 i
810 855 35 24 lön

94 895 38 22 och
149 895 81 26 arvode,
246 896 56 21 samt.
316 901 26 21 en
355 895 120 28 befattning
485 894 53 22 med
550 895 31 21 ett
591 894 75 21 arvode
676 893 23 22 af
708 894 63 27 1,200
780 893 67 21 mark.

93 924 19 27 Ä
131 930 146 21 Direktionens
296 925 131 41 ordförande,
442 935 45 16 som
502 935 48 21 eger
564 929 33 21 till
611 929 39 25 och
664 928 77 23 afsätta
755 928 92 22 vaktmä-

61 971 2 2 +
85 965 98 26 starene,
203 964 65 21 skulle
285 959 114 27 ankomma
412 964 148 38 fördelningen
578 963 24 22 af
617 956 161 55 vaktinästarenö
798 963 10 20 i
820 962 26 21 de

95 999 53 33 olika
164 999 149 30 kategorierna.
358 1007 44 15 =."

163 1033 31 22 De
210 1011 188 56 omständigheter;
405 1039 51 15 som
470 1033 43 21 tala
528 1033 33 25 för
575 1038 26 15 en
614 1015 127 46 förbättring
755 1031 32 22 af
791 1031 56 21 -vakt-

95 1068 129 21 mästarenes
241 1067 121 25 lönevilkor,
375 1068 43 21 äro
434 1068 7 21 i
459 1067 29 22 all
502 1062 117 27 hufvudsak
630 1066 128 28 tillämpliga
769 1065 78 30 jemväl

75 1103 3 1 +
95 1102 13 21 &
116 1102 105 26 Bankens
236 1102 76 27 portier
327 1103 40 21 och
380 1102 78 26 -eldare;
474 1108 48 16 som
535 1103 57 23 utom
606 1101 39 21 fria
659 1104 52 18 rum
717 1100 90 26 åtnjuter
817 1100 32 20 ett

95 1135 75 29 arvode:
188 1136 23 23 af
228 1136 42 22 900
288 1136 67 25 mark,
362 1132 128 26 hvarotom.
502 1136 40 22 den
560 1134 119 30 nuvarande
698 1134 149 25 innehafvaren
865 1161 3 1 -

97 1172 22 20 är
133 1170 83 28 tillagdt
231 1171 31 21 ett
276 1169 176 23 arvodestillskott
466 1170 24 21 af
503 1169 42 23 150
554 1170 61 24 mark
625 1175 34 15 om
669 1168 45 22 året
723 1168 38 30 och
770 1168 77 22 honom

96 1205 106 21 dessutom
224 1204 80 28 årligen
322 1205 81 27 tillagts
422 1205 42 21 100
482 1205 58 21 mark
558 1204 7 21 i
584 1202 145 29 gratifikation.
757 1203 41 21 För
816 1203 33 20 att

96 1239 77 21 bereda
184 1239 78 27 jemväl
278 1239 67 21 denne
360 1234 124 31 fanktionär
495 1239 40 21 den
551 1238 22 25 af
586 1238 57 22 förut
657 1237 87 22 anförda
758 1237 90 21 omstän-

92 1274 101 26 "digheter
208 1273 112 27 betingade
334 1273 126 31 förbättring
473 1272 12 26 i
496 1274 53 20 hans
559 1272 159 26 löneförmäner,
729 1271 39 22 har
776 1270 73 22 Direk-

88 1304 93 41 tionen.
179 1307 71 22 tänkt
268 1308 32 26 sig
319 1308 33 21 att
367 1302 55 34 hans
439 1306 198 28 penningeaflöning
654 1306 67 21 skulle
733 1304 65 28 höjas
816 1305 42 21 till:
873 1316 5 3 -

99 1330 73 44 1,200"
175 1342 66 30 mark;
258 1340 59 23 deraf
332 1341 10 22 1
345 1334 50 36 J000
406 1341 62 21 mark
483 1341 35 21 lön
534 1341 40 21 och
582 1338 48 24 200
639 1340 63 21 mark
709 1340 80 26 arvode,
799 1345 49 15 men

96 1369 146 33 befattningen
254 1375 80 27 tillika,
351 1368 79 28 föratt
444 1374 104 28 berättiga
561 1374 33 21 till
608 1374 87 28 pension
709 1374 35 21 vid
758 1373 91 21 afskeds-

97 1402 96 41 tagande,
202 1402 110 41 '.uppföras
328 1408 26 27 på
366 1408 106 31 ordinarie
487 1410 49 18 stat.
549 1407 48 21 Då
611 1408 91 26 portiern
717 1406 34 22 vid
765 1406 85 22 anfördt

97 1440 136 28 förhållande,
249 1441 66 31 enligt
329 1441 147 31 Direktionens
490 1442 75 26 tanke,
575 1441 100 27 derjemte
683 1436 10 40 :
690 1440 63 21 borde
762 1440 91 20 beredas

98 1476 134 28 delaktighet.
243 1476 12 21 i
273 1475 84 28 Finska
370 1474 134 27 Civilstatens
522 1474 61 28 enke-
603 1474 38 22 och
654 1473 139 29 pupillkassa,
803 1473 47 23 har

98 1512 134 21 Direktionen
250 1510 61 22 tänkt
328 1510 32 28 sig
372 1510 38 22 att
428 1509 68 22 denne
514 1509 120 21 fanktionär
652 1507 101 34 skulle
731 1503 25 42 få
766 1508 84 22 henäm-
