1103 1795
236 221 84 23 Ständ.
337 221 54 23 Skr.
407 235 27 3 —
449 222 169 27 Längmanska
633 222 129 27 fonderna.

393 641 124 22 Finlands
536 641 127 23 Ständers
681 641 145 24 skrifvelse
843 643 31 22 till

325 675 189 28 Bankfullmäktige
526 674 108 29 angående
645 676 147 27 Längmanska
803 677 71 22 testa-

325 710 184 23 mentsfondernas
524 710 126 28 förvaltning
661 711 40 22 och
715 711 159 28 användningen

322 744 26 22 af
361 745 63 22 deras
440 744 116 28 disponibla
572 744 61 23 vinst.

174 844 56 22 Till
249 844 134 23 Finlands
402 844 133 23 Ständers
553 845 266 29 Bankfullmäktige.

183 914 34 21 På
228 913 173 29 framställning
414 913 43 22 och
469 914 86 28 förslag
568 914 23 21 af
603 913 185 22 Bankutskottet
800 914 74 22 hafva

116 948 131 22 Ständerna
264 949 9 20 i
284 948 67 29 fråga
363 956 38 14 om
413 948 163 28 fördelningen
589 948 23 21 af
623 948 167 28 Längmanska
802 951 72 20 testa-

115 982 199 23 mentsfondernas
333 982 131 29 disponibla
481 982 138 22 vinstmedel
638 982 106 22 beslutit:

389 1077 31 18 att
438 1075 28 27 af
480 1075 24 20 de
521 1075 122 27 disponibla
657 1075 129 26 vinstmedel,
799 1075 74 21 hvilka

321 1109 41 21 den
384 1110 27 20 31
432 1109 113 21 December
566 1110 59 20 1899
642 1109 110 21 innestodo
770 1110 10 19 i
796 1109 75 28 Liing-

321 1144 91 21 manska
425 1143 201 28 testamentsfonden
639 1143 51 21 Litt.
701 1143 34 27 B.,
744 1143 36 28 för
788 1145 82 20 nedan-

321 1179 81 20 nämda
419 1178 106 27 samfund
542 1178 9 21 i
566 1180 27 19 ett
605 1178 35 27 för
651 1179 39 20 allt
701 1178 63 21 anslå
776 1178 96 28 följande

321 1213 80 27 belopp,
419 1213 107 27 nämligen
546 1213 35 27 för

321 1293 84 21 Finska
425 1289 12 36 —
445 1293 254 27 Vetenskaps-societeten,

389 1329 31 19 att
438 1327 69 21 under
521 1327 103 27 perioden
639 1327 60 20 1900

394 1362 90 20 —1903
502 1362 81 20 utdelas
602 1368 46 14 som
663 1368 34 14 ve-

389 1396 131 27 tenskapliga
535 1396 49 27 pris
613 1413 1 4 .
651 1413 3 3 .
693 1413 4 3 .
743 1395 39 21 Fmk
801 1397 72 26 2,000

321 1429 93 22 Societas
439 1437 39 21 pro
506 1430 69 27 fauna
600 1432 18 19 et
641 1430 58 27 flora

389 1465 89 27 fennica
526 1482 3 3 =.
568 1482 3 3 <
610 1482 3 3 <
652 1472 104 13 0»
800 1466 72 25 3,000

321 1498 81 21 Finsk-
411 1499 89 28 Ugriska
520 1499 118 28 Sällskapet
659 1516 1 4 .
693 1516 4 3 .
746 1507 8 10 »
800 1500 72 26 3,000

320 1532 84 22 Finska
421 1533 121 22 Historiska
560 1533 138 28 samfundet.
746 1541 8 10 >
802 1535 70 24 4,000
