1103 1795
257 179 30 22 U.
303 180 28 21 B.
346 193 28 1 —
389 179 30 22 H.
435 178 26 22 F.
477 178 95 23 Antells
588 178 142 27 samlingar.

389 619 259 22 Statsutskottets
678 619 193 22 betänkande

323 653 52 24 N:o
398 653 25 28 8,
440 653 8 22 i
470 653 134 28 anledning
624 653 27 22 af
669 653 47 22 den
732 653 142 28 berättelse,

324 693 52 17 som
398 688 41 22 till
459 687 137 23 Ständerna
611 687 111 28 afgifvits
737 687 24 22 af
776 687 99 28 Delega-

324 722 85 22 tionen
432 722 40 22 för
491 721 92 23 värden
599 728 39 16 om
654 722 30 21 de
700 722 28 22 af
740 722 135 22 framlidne

324 756 269 22 medieinelicentiaten
612 756 29 22 H.
657 756 26 22 F.
700 756 85 23 Antell
800 757 75 22 testa-

324 790 142 23 menterade
482 790 141 28 samlingar.

187 899 68 21 Sedan
272 899 118 21 Ständerna
407 899 33 20 vid
456 899 128 27 landtdagen
602 900 53 20 1897
671 899 34 21 för
720 899 78 22 värden
814 899 22 21 af
848 899 26 21 de

116 940 76 21 genom
215 936 124 19 testamente
361 934 21 21 af
403 934 112 20 framlidne
535 934 226 21 medicinelicentiaten
778 934 96 21 Herman

116 968 89 21 Frithiof
225 968 72 21 Antell
321 968 101 21 Finlands
444 968 44 21 folk
512 968 98 21 tillfallna
631 968 115 27 samlingar
764 969 33 20 för
816 968 58 21 tiden

116 1002 55 21 intill
194 1002 105 27 utgängen
324 1002 21 20 af
359 1002 144 21 innevarande
524 1002 22 20 är
562 1002 72 20 tillsatt
650 1008 26 14 en
691 1001 133 28 Delegation,
840 1002 35 21 be-

115 1036 88 21 stäende
226 1037 21 20 af
269 1043 27 14 en
319 1037 90 20 medlem
434 1037 37 20 och
495 1039 74 18 trenne
592 1036 137 27 suppleanter
748 1037 33 20 för
802 1037 73 26 hvarje

115 1070 68 26 ständ,
207 1071 37 20 har
265 1070 160 27 Delegationen,
448 1077 44 13 som
517 1071 63 20 första
598 1070 82 27 gängen
704 1071 171 20 sammanträdde

116 1105 41 20 den
177 1105 26 20 13
226 1105 89 20 oktober
339 1105 60 25 1897,
415 1105 65 26 enligt
503 1104 128 21 Ständernas
654 1105 72 20 därom
750 1105 125 20 meddelade

116 1138 108 21 föreskrift
251 1138 66 21 aflätit
343 1145 26 14 en
397 1139 40 20 den
458 1139 26 20 27
500 1139 82 26 januari
606 1139 54 21 1900
683 1139 132 27 dagtecknad
840 1139 36 21 be-

116 1172 90 26 rättelse,
229 1173 85 20 hvilken
338 1173 6 20 i
368 1173 99 20 afseende
490 1173 12 20 å
524 1173 153 21 förberedande
701 1173 129 27 behandling
854 1174 22 20 af

115 1207 98 27 samtliga
236 1207 65 20 Stånd
326 1207 68 20 blifvit
414 1206 126 27 hänskjuten
560 1207 31 20 till
610 1207 167 26 Statsutskottet;
797 1214 77 21 genom

116 1241 192 27 protokollsutdrag
330 1241 37 21 har
388 1241 108 21 Utskottet
516 1241 107 21 dessutom
646 1241 83 22 erhållit
748 1242 33 21 del
797 1242 21 21 af
834 1242 42 21 den

115 1275 57 20 inom
194 1275 154 28 Ridderskapet
366 1276 39 20 och
425 1275 68 21 Adeln
515 1275 34 20 vid
569 1275 83 28 frågans
671 1276 75 21 remiss
763 1276 113 21 förefallna

115 1309 127 21 diskussion.
275 1309 106 22 Utskottet
403 1310 38 20 har
458 1309 79 28 jämväl
553 1310 38 20 fått
606 1312 106 25 emottaga
727 1310 97 27 samtliga
841 1311 34 19 vid

115 1343 165 27 Delegationens
303 1345 70 19 möten
398 1344 59 20 förda
480 1343 103 27 protokoll
606 1344 108 20 äfvensom
740 1344 136 21 densammas

116 1376 143 29 räkenskaper
274 1378 32 20 för
321 1378 57 21 tiden
395 1378 56 21 intill
467 1378 40 21 den
524 1378 25 21 31
568 1378 112 21 december
696 1379 60 20 1899.

184 1412 29 20 Af
235 1412 98 27 samtliga
357 1412 93 21 Stånden
475 1412 36 21 har
533 1412 121 21 härutöfver
668 1412 32 21 till
716 1412 160 21 Statsutskottet

115 1446 126 21 remitterats
257 1446 41 21 den
315 1447 118 25 berättelse,
444 1453 46 14 som
506 1446 21 21 af
542 1446 107 27 Styrelsen
661 1447 93 26 afgifvits
765 1447 111 26 angående

115 1480 48 21 dess
190 1480 141 27 tillgöranden
356 1481 6 20 i
381 1481 116 26 anledning
516 1481 21 20 af
558 1482 29 19 ett
608 1481 45 20 utaf
668 1480 78 21 aflidne
761 1481 115 28 possessio-

185 1525 145 18 Statsutskottets
343 1527 110 17 betänkande
466 1527 37 17 N:o
517 1528 17 16 8.
