1103 1795
269 176 13 19 8
601 175 10 22 I

240 243 33 22 tid
293 245 51 26 iaga
359 243 64 23 dessa
437 243 134 23 Ständeruas
588 244 128 23 uttalanden
733 245 69 22 under
817 247 101 20 närimare
933 245 68 22 öiver-

239 278 105 27 vägande,
353 278 109 21 hvarefter
478 279 23 20 åt
515 279 203 27 Lagberedningens
736 279 70 22 första
822 279 109 28 afdelning
945 285 56 22 upp-

241 312 82 27 dragits
339 314 34 20 att
388 313 7 20 i
411 313 155 27 sammanhang
575 313 49 21 med
634 312 76 28 frågan
722 319 35 15 om
767 313 93 22 revision
872 313 23 22 af
902 313 99 28 gällande

240 347 178 27 konkursstadga
440 347 32 21 till
492 347 130 27 behandling
646 349 98 25 upptaga
764 347 80 28 jemväl
860 347 141 22 omförmälda

240 381 169 28 önskningsmål.

312 417 35 26 16)
363 416 38 22 Uti
417 416 134 27 underdånig
566 416 110 22 skrifvelse
692 416 24 21 af
726 416 41 22 den
780 418 25 20 19
816 416 42 28 Maj
873 418 53 20 1897
937 416 63 22 hafva

242 450 123 22 Ständerna
381 450 81 21 anmält
478 451 33 20 att
526 450 128 27 Ständerna,
665 450 49 21 med
730 451 159 26 godkännande
905 451 22 21 af
939 451 61 21 Hans

241 485 120 27 Kejserliga
371 485 113 27 Majestäts
495 485 78 26 nådiga
581 485 135 26 proposition
726 485 111 27 angående
845 485 115 28 bevillning
967 485 34 22 för

241 519 139 27 tillverkning
403 519 23 21 af
446 519 150 27 maltdrycker,
615 519 93 27 antagit
720 526 26 15 en
762 519 125 28 förordning
905 521 6 20 i
928 522 73 19 ämnet

241 553 23 22 af
285 555 40 20 den
349 554 80 27 lydelse
448 553 133 22 Ständernas
597 553 157 22 ofvanberörda
772 554 149 27 underdåniga
939 554 62 22 skrif-

241 588 58 22 velse
321 588 106 27 innehöll;
451 588 38 21 och
512 588 40 21 har
566 588 61 21 Hans
643 589 120 26 Kejserliga
778 589 102 27 Majestät
895 589 49 21 låtit
959 589 41 22 den

243 623 26 20 18
292 623 121 21 November
438 624 52 20 1897
507 623 87 21 utfärda
609 623 49 21 med
673 623 37 21 det
726 623 24 21 af
766 623 123 22 Ständerna
905 625 95 26 antagna

241 657 105 28 förslaget
369 657 231 22 öfverensstämmande
623 657 127 27 förordning
774 664 34 15 om
830 657 115 28 bevillning
967 657 33 22 för

241 692 138 27 tillverkning
394 692 23 21 af
430 693 148 26 maltdrycker.

312 727 35 27 17)
370 726 70 22 Sedan
460 726 122 22 Ständerna
597 727 33 21 uti
645 727 137 27 underdänig
797 727 110 21 skrifvelse
923 727 22 21 af
959 727 40 21 den

244 762 25 20 19
286 762 41 27 Maj
347 762 52 21 1897
417 761 81 22 anmält
513 763 33 20 att
562 761 123 22 Ständerna
699 761 50 22 med
764 762 58 21 vissa
835 761 117 27 ändringar
963 767 36 16 an-

241 796 56 27 tagit
320 797 32 20 ett
367 796 6 21 i
389 796 65 27 nådig
476 796 135 27 proposition
634 795 33 22 till
687 796 47 21 dem
750 795 155 22 öfverlemnadt
920 795 80 28 förslag

241 829 34 21 till
290 836 28 21 ny
333 830 36 27 lag
385 830 110 27 angående
509 829 185 28 förmynderskap,
710 829 41 22 har
766 830 61 21 Hans
842 830 102 27 Majestät
959 829 40 22 den

244 865 25 20 19
292 864 94 27 Augusti
411 865 53 20 1898
483 864 49 21 låtit
550 863 88 22 utfärda
653 864 65 27 nådig
733 864 129 27 författning
877 865 7 20 i
900 865 77 26 ämnet,
993 864 7 21 i

241 898 94 27 enlighet
350 898 49 22 med
415 898 132 22 Ständernas
561 898 79 26 beslut,
656 899 34 20 att
705 898 57 27 gälla
774 898 49 22 från
834 898 40 21 den
888 900 8 19 1
909 898 92 22 Januari

243 934 64 26 1900;
325 933 38 22 och
379 933 40 22 har
434 933 100 26 Senaten,
550 933 28 27 på
593 934 70 26 grund
679 933 24 21 af
716 932 94 22 Senaten
826 933 122 21 meddeladt
963 933 37 21 nå-

242 967 47 27 digt
311 967 177 28 bemyndigande,
512 973 82 16 samma
617 967 42 27 dag
681 967 33 21 till
737 967 144 22 efterrättelse
904 967 96 22 faststält

241 1001 136 28 kungörelse,
393 1001 147 22 innefattande
554 1001 106 22 särskilda
670 1001 136 22 föreskrifter
817 1002 111 27 angående
937 1002 63 21 vård-

241 1037 72 21 naden
329 1036 59 21 öfver
403 1036 183 27 förmynderskap.

314 1072 35 26 18)
365 1071 70 21 Sedan
451 1071 122 21 Ständerna
588 1071 7 21 i
610 1071 65 27 nådig
691 1071 136 27 proposition
842 1071 93 21 rörande
950 1077 50 21 par-

241 1105 53 22 tiela
309 1105 151 28 förändringar
475 1106 7 21 i
497 1105 204 28 rättegångsbalken
716 1105 105 28 förelagts
836 1105 81 28 förslag
933 1105 42 22 till:

311 1140 127 27 förordning
457 1140 111 27 angående
583 1140 84 21 ändrad
681 1139 82 28 lydelse
778 1139 24 22 af
815 1139 106 22 särskilda
936 1146 64 21 para-

241 1174 72 27 grafer
328 1175 7 20 i
351 1175 67 26 sagda
433 1174 60 27 balk;

311 1208 126 27 förordning
452 1209 111 26 angående
578 1209 183 26 stämningsmän;
777 1210 57 19 samt

311 1243 133 27 förordning,
460 1243 148 22 innefattande
624 1243 107 22 särskilda
746 1243 161 27 bestämningar
917 1249 34 15 om
963 1244 37 20 än-

242 1277 172 28 dringssökande
429 1278 7 21 i
450 1277 126 22 underrätts
592 1278 75 21 domar
683 1277 39 22 och
738 1278 78 27 utslag,

311 1311 64 22 hafva
390 1311 122 22 Ständerna
527 1312 7 21 i
549 1312 134 27 underdånig
699 1311 112 22 skrifvelse
827 1312 23 21 af
863 1312 41 21 den
919 1313 25 20 21
957 1311 42 28 Maj

245 1346 54 21 1897
322 1346 39 21 hos
381 1346 60 21 Hans
456 1346 118 27 Kejserliga
589 1346 103 26 Majestät
708 1346 8 21 i
731 1346 174 27 underdånighet
919 1345 82 22 anmält

242 1381 35 20 att
299 1380 142 22 förenämnda
462 1380 81 27 förslag
564 1380 70 21 blifvit
656 1380 23 21 af
700 1380 124 22 Ständerna
842 1381 97 26 antagna
953 1380 48 21 med

242 1415 108 21 särskilda
373 1415 127 26 ändringar;
523 1414 109 23 hvarefter
654 1414 130 27 Ständerna,
807 1414 134 22 beträffande
960 1414 41 22 den

242 1449 7 21 i
265 1449 164 27 propositionen
451 1449 122 27 föreslagna
588 1449 118 27 ändringen
724 1449 23 22 af
761 1451 13 20 2
790 1449 12 27 $
820 1450 25 21 15
860 1449 51 27 kap.
926 1449 75 22 Rätte-

241 1483 156 28 gängsbalken,
419 1483 34 22 för
476 1483 32 22 sin
531 1483 34 22 dei
587 1483 85 28 antagit
687 1489 27 16 en
730 1483 95 22 särskild
838 1483 127 28 förordning
980 1483 23 22 ai
