1103 1795
210 192 18 21 2
327 191 88 24 Ständ.
431 192 55 23 Skr.
501 205 28 3 —
544 192 129 23 Antellska
688 193 175 28 samlingarna.

215 263 137 29 samlingar,
370 263 37 22 för
429 262 65 23 tiden
512 263 64 22 intill
594 264 123 29 utgången
735 263 23 22 af
775 263 159 23 innevarande
952 265 27 22 år

216 297 87 23 tillsatt
321 305 29 15 en
368 297 147 29 Delegation,
529 305 49 15 som
590 298 66 23 öfver
673 297 90 23 värden
782 299 24 21 af
820 298 85 23 nämda
918 306 59 15 sam-

215 331 80 30 lingar
312 332 114 22 aflemnat
443 332 134 29 berättelse,
595 332 72 23 hafva
686 332 160 29 Ständerna,
841 327 14 39 i
864 341 113 14 samman-

211 365 68 31 hang
297 366 54 23 med
369 367 143 29 pröfningen
530 367 24 22 af
572 367 74 28 sagda
663 367 133 29 berättelse,
814 367 106 23 beslutit:

492 436 21 28 1)
534 439 33 19 att
585 437 90 21 tillsätta
687 444 27 14 en
726 437 132 28 Delegation,
868 437 109 21 bestående

424 471 29 27 af
466 478 28 14 en
511 471 91 22 medlem
614 471 39 21 och
665 473 31 19 tre
707 472 140 27 suppleanter
858 471 35 28 för
904 471 73 28 hvarje

424 505 72 28 stånd,
514 506 50 21 med
586 506 101 28 uppdrag
710 507 33 20 att
764 506 37 28 för
822 505 53 22 åren
893 506 83 21 1901—

425 540 58 21 1904
509 540 127 28 handhafva
664 540 82 21 värden
772 540 28 28 af
820 541 24 20 de
868 540 109 21 Antellska

425 575 152 27 samlingarna
601 575 39 20 och
663 575 172 28 användningen
856 575 28 27 af
902 576 73 19 ränte-

425 609 83 21 medlen
531 616 30 14 ur
584 609 170 22 Kammarrädet
776 609 99 21 Herman
892 608 83 22 Rosen-

426 643 59 28 bergs
502 643 61 28 fond,
576 645 59 20 samt
652 644 49 21 med
717 645 45 20 rätt
778 643 36 28 för
825 643 152 28 Delegationen

425 679 37 26 att,
482 678 36 21 der
550 678 146 27 tilläfventyrs
722 678 77 28 förfall
820 677 102 28 inträffat
942 677 35 28 för

425 712 65 28 något
513 712 77 21 ständs
613 712 103 28 samtliga
738 712 124 28 delegerade,
880 712 9 21 i
909 712 68 21 stället

425 747 83 20 inkalla
534 747 30 27 af
586 748 71 20 annat
679 747 67 21 stånd
768 747 76 21 utsedd
862 747 116 27 suppleant

425 781 36 27 för
478 781 42 21 den
538 781 32 21 tid
588 781 94 28 behofvet
699 788 76 19 varar;

497 815 23 27 2)
540 817 33 20 att
590 816 42 21 den
649 816 71 27 årliga
737 815 121 22 inkomsten
869 815 29 28 af
905 814 70 22 Kam-

426 850 110 21 marrädet
562 849 101 22 Herman
689 850 133 27 Rosenbergs
847 849 54 28 fond
923 849 55 21 skall

425 884 62 21 intill
512 884 111 28 utgången
646 884 29 28 af
694 884 164 28 Delegationens
878 883 99 29 uppdrag

425 918 95 21 sålunda
543 919 100 28 fördelas,
661 920 32 20 att
717 920 31 20 tre
770 919 124 28 femtedelar
916 918 66 28 deraf

426 953 113 21 användas
558 953 34 22 till
608 953 65 28 inköp
691 953 30 28 af
731 953 111 21 konstverk
853 953 38 21 och
903 952 72 21 konst-

426 987 138 22 industriella
588 987 93 28 föremål
703 987 113 28 äfvensom
840 987 33 21 till
889 987 86 21 numis-

426 1022 93 21 matiska
542 1022 66 28 inköp
632 1022 39 21 och
688 1029 28 14 en
732 1021 99 29 femtedel
847 1021 34 22 till
897 1021 25 22 de
939 1028 37 14 ar-

427 1056 117 28 keologiska
578 1057 39 21 och
647 1056 144 29 etnografiska
816 1055 162 28 samlingarnas

426 1091 117 27 förökande
564 1093 59 19 samt
640 1091 41 21 den
699 1091 132 21 återstående
848 1090 129 28 femtedelen,

425 1127 57 19 utan
496 1125 33 28 på
546 1125 96 28 förhand
658 1125 110 28 faststäldt
784 1124 129 28 ändamål,
905 1120 14 38 i
924 1125 55 20 mån

426 1160 30 27 af
478 1159 66 28 behof
567 1160 82 21 anlitas
675 1160 35 21 till
734 1159 149 30 förstärkande
903 1159 30 28 af
945 1159 34 21 det

427 1201 41 14 ena
485 1194 50 21 eller
552 1195 71 20 andra
640 1194 29 28 af
683 1194 88 21 berörda
788 1193 87 28 anslag;

497 1228 23 27 3)
540 1230 34 20 att
590 1229 36 27 för
640 1228 154 29 Delegationen
810 1227 108 29 fastställa
935 1227 42 28 föl-

420 1263 71 28 jande
508 1263 148 21 instruktion:

497 1365 43 22 Det
558 1366 73 21 tillhör
648 1365 154 30 Delegationen

496 1434 21 27 a)
538 1436 33 20 att
588 1435 119 21 bestämma
724 1441 36 15 om
772 1435 24 21 de
808 1435 105 21 donerade
924 1436 53 19 rän-

425 1503 171 29 upplysningar,
620 1511 47 14 som
695 1503 117 22 inhemtats
838 1503 30 28 af
881 1485 97 51 samlin-
