<?xml version="1.0" encoding="UTF-8"?>
<alto xmlns="http://www.loc.gov/standards/alto/ns-v3#" xmlns:xlink="http://www.w3.org/1999/xlink" xmlns:xsi="http://www.w3.org/2001/XMLSchema-instance" xsi:schemaLocation="http://www.loc.gov/standards/alto/ns-v3# http://www.loc.gov/alto/v3/alto-3-0.xsd">
	<Description>
		<MeasurementUnit>pixel</MeasurementUnit>
		<sourceImageInformation>
			<fileName>/tmp/tess_q_kuiih8_input.PNG</fileName>
		</sourceImageInformation>
		<OCRProcessing ID="OCR_0">
			<ocrProcessingStep>
				<processingSoftware>
					<softwareName>tesseract 5.3.4</softwareName>
				</processingSoftware>
			</ocrProcessingStep>
		</OCRProcessing>
	</Description>
	<Layout>
		<Page WIDTH="1103" HEIGHT="1795" PHYSICAL_IMG_NR="0" ID="page_0">
			<PrintSpace HPOS="0" VPOS="0" WIDTH="1103" HEIGHT="1795">
				<ComposedBlock ID="cblock_0" HPOS="205" VPOS="179" WIDTH="462" HEIGHT="22">
					<TextBlock ID="block_0" HPOS="205" VPOS="179" WIDTH="462" HEIGHT="22">
						<TextLine ID="line_0" HPOS="205" VPOS="179" WIDTH="462" HEIGHT="22">
							<String ID="string_0" HPOS="205" VPOS="180" WIDTH="12" HEIGHT="20" WC="0.96" CONTENT="6"/><SP WIDTH="285" VPOS="180" HPOS="217"/>
							<String ID="string_1" HPOS="502" VPOS="179" WIDTH="30" HEIGHT="22" WC="0.88" CONTENT="U."/><SP WIDTH="16" VPOS="179" HPOS="532"/>
							<String ID="string_2" HPOS="548" VPOS="179" WIDTH="28" HEIGHT="22" WC="0.88" CONTENT="B."/><SP WIDTH="15" VPOS="179" HPOS="576"/>
							<String ID="string_3" HPOS="591" VPOS="191" WIDTH="29" HEIGHT="4" WC="0.88" CONTENT="—"/><SP WIDTH="14" VPOS="191" HPOS="620"/>
							<String ID="string_4" HPOS="634" VPOS="179" WIDTH="33" HEIGHT="22" WC="0.91" CONTENT="II."/>
						</TextLine>
					</TextBlock>
				</ComposedBlock>
				<ComposedBlock ID="cblock_1" HPOS="205" VPOS="247" WIDTH="764" HEIGHT="1263">
					<TextBlock ID="block_1" HPOS="205" VPOS="247" WIDTH="764" HEIGHT="1263">
						<TextLine ID="line_1" HPOS="275" VPOS="247" WIDTH="690" HEIGHT="27">
							<String ID="string_5" HPOS="275" VPOS="247" WIDTH="35" HEIGHT="21" WC="0.93" CONTENT="Då"/><SP WIDTH="23" VPOS="247" HPOS="310"/>
							<String ID="string_6" HPOS="333" VPOS="247" WIDTH="126" HEIGHT="21" WC="0.91" CONTENT="Ständerna"/><SP WIDTH="24" VPOS="247" HPOS="459"/>
							<String ID="string_7" HPOS="483" VPOS="247" WIDTH="32" HEIGHT="21" WC="0.96" CONTENT="uti"/><SP WIDTH="23" VPOS="247" HPOS="515"/>
							<String ID="string_8" HPOS="538" VPOS="247" WIDTH="45" HEIGHT="21" WC="0.95" CONTENT="den"/><SP WIDTH="21" VPOS="247" HPOS="583"/>
							<String ID="string_9" HPOS="604" VPOS="247" WIDTH="94" HEIGHT="27" WC="0.96" CONTENT="tidigare"/><SP WIDTH="22" VPOS="247" HPOS="698"/>
							<String ID="string_10" HPOS="720" VPOS="248" WIDTH="7" HEIGHT="20" WC="0.96" CONTENT="i"/><SP WIDTH="15" VPOS="248" HPOS="727"/>
							<String ID="string_11" HPOS="742" VPOS="247" WIDTH="61" HEIGHT="21" WC="0.96" CONTENT="detta"/><SP WIDTH="16" VPOS="247" HPOS="803"/>
							<String ID="string_12" HPOS="819" VPOS="247" WIDTH="146" HEIGHT="21" WC="0.96" CONTENT="betänkande"/>
						</TextLine>
						<TextLine ID="line_2" HPOS="205" VPOS="281" WIDTH="760" HEIGHT="28">
							<String ID="string_13" HPOS="205" VPOS="281" WIDTH="128" HEIGHT="22" WC="0.90" CONTENT="omnämda"/><SP WIDTH="20" VPOS="281" HPOS="333"/>
							<String ID="string_14" HPOS="353" VPOS="281" WIDTH="160" HEIGHT="27" WC="0.86" CONTENT="underdåniga"/><SP WIDTH="22" VPOS="281" HPOS="513"/>
							<String ID="string_15" HPOS="535" VPOS="282" WIDTH="126" HEIGHT="27" WC="0.84" CONTENT="-petitionen"/><SP WIDTH="14" VPOS="282" HPOS="661"/>
							<String ID="string_16" HPOS="675" VPOS="282" WIDTH="33" HEIGHT="22" WC="0.64" CONTENT="ai"/><SP WIDTH="20" VPOS="282" HPOS="708"/>
							<String ID="string_17" HPOS="728" VPOS="282" WIDTH="45" HEIGHT="22" WC="0.74" CONTENT="dew"/><SP WIDTH="23" VPOS="282" HPOS="773"/>
							<String ID="string_18" HPOS="796" VPOS="282" WIDTH="28" HEIGHT="21" WC="0.96" CONTENT="24"/><SP WIDTH="24" VPOS="282" HPOS="824"/>
							<String ID="string_19" HPOS="848" VPOS="281" WIDTH="44" HEIGHT="28" WC="0.95" CONTENT="Maj"/><SP WIDTH="19" VPOS="281" HPOS="892"/>
							<String ID="string_20" HPOS="911" VPOS="283" WIDTH="54" HEIGHT="22" WC="0.96" CONTENT="1872"/>
						</TextLine>
						<TextLine ID="line_3" HPOS="205" VPOS="315" WIDTH="764" HEIGHT="28">
							<String ID="string_21" HPOS="205" VPOS="315" WIDTH="95" HEIGHT="21" WC="0.92" CONTENT="anhöllo"/><SP WIDTH="31" VPOS="315" HPOS="300"/>
							<String ID="string_22" HPOS="331" VPOS="323" WIDTH="37" HEIGHT="14" WC="0.88" CONTENT="om"/><SP WIDTH="31" VPOS="323" HPOS="368"/>
							<String ID="string_23" HPOS="399" VPOS="316" WIDTH="129" HEIGHT="21" WC="0.87" CONTENT="inrättande"/><SP WIDTH="16" VPOS="316" HPOS="528"/>
							<String ID="string_24" HPOS="544" VPOS="316" WIDTH="26" HEIGHT="21" WC="0.96" CONTENT="af"/><SP WIDTH="27" VPOS="316" HPOS="570"/>
							<String ID="string_25" HPOS="597" VPOS="318" WIDTH="30" HEIGHT="19" WC="0.96" CONTENT="ett"/><SP WIDTH="27" VPOS="318" HPOS="627"/>
							<String ID="string_26" HPOS="654" VPOS="318" WIDTH="49" HEIGHT="25" WC="0.93" CONTENT="nytt"/><SP WIDTH="25" VPOS="318" HPOS="703"/>
							<String ID="string_27" HPOS="728" VPOS="316" WIDTH="95" HEIGHT="26" WC="0.91" CONTENT="embete,"/><SP WIDTH="25" VPOS="316" HPOS="823"/>
							<String ID="string_28" HPOS="848" VPOS="316" WIDTH="70" HEIGHT="20" WC="0.92" CONTENT="hvars"/><SP WIDTH="25" VPOS="316" HPOS="918"/>
							<String ID="string_29" HPOS="943" VPOS="316" WIDTH="26" HEIGHT="20" WC="0.96" CONTENT="af"/>
						</TextLine>
						<TextLine ID="line_4" HPOS="205" VPOS="350" WIDTH="761" HEIGHT="21">
							<String ID="string_30" HPOS="205" VPOS="350" WIDTH="128" HEIGHT="21" WC="0.92" CONTENT="Ständerna"/><SP WIDTH="16" VPOS="350" HPOS="333"/>
							<String ID="string_31" HPOS="349" VPOS="351" WIDTH="65" HEIGHT="20" WC="0.92" CONTENT="valde"/><SP WIDTH="15" VPOS="351" HPOS="414"/>
							<String ID="string_32" HPOS="429" VPOS="351" WIDTH="150" HEIGHT="20" WC="0.91" CONTENT="innehafvare"/><SP WIDTH="17" VPOS="351" HPOS="579"/>
							<String ID="string_33" HPOS="596" VPOS="351" WIDTH="72" HEIGHT="20" WC="0.93" CONTENT="skulle"/><SP WIDTH="16" VPOS="351" HPOS="668"/>
							<String ID="string_34" HPOS="684" VPOS="351" WIDTH="79" HEIGHT="20" WC="0.91" CONTENT="utöfva"/><SP WIDTH="15" VPOS="351" HPOS="763"/>
							<String ID="string_35" HPOS="778" VPOS="351" WIDTH="109" HEIGHT="20" WC="0.93" CONTENT="inseende"/><SP WIDTH="16" VPOS="351" HPOS="887"/>
							<String ID="string_36" HPOS="903" VPOS="351" WIDTH="63" HEIGHT="20" WC="0.96" CONTENT="öfver"/>
						</TextLine>
						<TextLine ID="line_5" HPOS="205" VPOS="384" WIDTH="761" HEIGHT="27">
							<String ID="string_37" HPOS="205" VPOS="384" WIDTH="192" HEIGHT="21" WC="0.92" CONTENT="handhafvandet"/><SP WIDTH="22" VPOS="384" HPOS="397"/>
							<String ID="string_38" HPOS="419" VPOS="385" WIDTH="25" HEIGHT="20" WC="0.93" CONTENT="af"/><SP WIDTH="20" VPOS="385" HPOS="444"/>
							<String ID="string_39" HPOS="464" VPOS="385" WIDTH="90" HEIGHT="20" WC="0.91" CONTENT="landets"/><SP WIDTH="23" VPOS="385" HPOS="554"/>
							<String ID="string_40" HPOS="577" VPOS="385" WIDTH="62" HEIGHT="26" WC="0.96" CONTENT="lagar"/><SP WIDTH="24" VPOS="385" HPOS="639"/>
							<String ID="string_41" HPOS="663" VPOS="385" WIDTH="43" HEIGHT="20" WC="0.95" CONTENT="och"/><SP WIDTH="29" VPOS="385" HPOS="706"/>
							<String ID="string_42" HPOS="735" VPOS="391" WIDTH="54" HEIGHT="14" WC="0.93" CONTENT="vara"/><SP WIDTH="28" VPOS="391" HPOS="789"/>
							<String ID="string_43" HPOS="817" VPOS="385" WIDTH="90" HEIGHT="26" WC="0.91" CONTENT="skyldig"/><SP WIDTH="27" VPOS="385" HPOS="907"/>
							<String ID="string_44" HPOS="934" VPOS="387" WIDTH="32" HEIGHT="18" WC="0.96" CONTENT="att"/>
						</TextLine>
						<TextLine ID="line_6" HPOS="206" VPOS="419" WIDTH="759" HEIGHT="27">
							<String ID="string_45" HPOS="206" VPOS="425" WIDTH="39" HEIGHT="15" WC="0.95" CONTENT="om"/><SP WIDTH="16" VPOS="425" HPOS="245"/>
							<String ID="string_46" HPOS="261" VPOS="419" WIDTH="36" HEIGHT="21" WC="0.96" CONTENT="sin"/><SP WIDTH="16" VPOS="419" HPOS="297"/>
							<String ID="string_47" HPOS="313" VPOS="420" WIDTH="146" HEIGHT="20" WC="0.96" CONTENT="verksamhet"/><SP WIDTH="25" VPOS="420" HPOS="459"/>
							<String ID="string_48" HPOS="484" VPOS="420" WIDTH="85" HEIGHT="20" WC="0.93" CONTENT="mellan"/><SP WIDTH="25" VPOS="420" HPOS="569"/>
							<String ID="string_49" HPOS="594" VPOS="419" WIDTH="167" HEIGHT="27" WC="0.92" CONTENT="landtdagarna"/><SP WIDTH="22" VPOS="419" HPOS="761"/>
							<String ID="string_50" HPOS="783" VPOS="419" WIDTH="34" HEIGHT="21" WC="0.93" CONTENT="till"/><SP WIDTH="21" VPOS="419" HPOS="817"/>
							<String ID="string_51" HPOS="838" VPOS="419" WIDTH="127" HEIGHT="21" WC="0.92" CONTENT="Ständerna"/>
						</TextLine>
						<TextLine ID="line_7" HPOS="205" VPOS="453" WIDTH="761" HEIGHT="27">
							<String ID="string_52" HPOS="205" VPOS="453" WIDTH="85" HEIGHT="27" WC="0.77" CONTENT="afgifva"/><SP WIDTH="16" VPOS="453" HPOS="290"/>
							<String ID="string_53" HPOS="306" VPOS="453" WIDTH="125" HEIGHT="26" WC="0.93" CONTENT="berättelse,"/><SP WIDTH="16" VPOS="453" HPOS="431"/>
							<String ID="string_54" HPOS="447" VPOS="453" WIDTH="123" HEIGHT="21" WC="0.79" CONTENT="framhöllo"/><SP WIDTH="17" VPOS="453" HPOS="570"/>
							<String ID="string_55" HPOS="587" VPOS="453" WIDTH="127" HEIGHT="21" WC="0.91" CONTENT="Ständerna"/><SP WIDTH="15" VPOS="453" HPOS="714"/>
							<String ID="string_56" HPOS="729" VPOS="453" WIDTH="151" HEIGHT="27" WC="0.93" CONTENT="uttryckligen"/><SP WIDTH="16" VPOS="453" HPOS="880"/>
							<String ID="string_57" HPOS="896" VPOS="453" WIDTH="70" HEIGHT="20" WC="0.92" CONTENT="huru-"/>
						</TextLine>
						<TextLine ID="line_8" HPOS="206" VPOS="488" WIDTH="760" HEIGHT="27">
							<String ID="string_58" HPOS="206" VPOS="495" WIDTH="51" HEIGHT="14" WC="0.95" CONTENT="som"/><SP WIDTH="16" VPOS="495" HPOS="257"/>
							<String ID="string_59" HPOS="273" VPOS="488" WIDTH="61" HEIGHT="21" WC="0.95" CONTENT="vissa"/><SP WIDTH="17" VPOS="488" HPOS="334"/>
							<String ID="string_60" HPOS="351" VPOS="488" WIDTH="68" HEIGHT="26" WC="0.96" CONTENT="högre"/><SP WIDTH="16" VPOS="488" HPOS="419"/>
							<String ID="string_61" HPOS="435" VPOS="488" WIDTH="171" HEIGHT="27" WC="0.93" CONTENT="myndigheters"/><SP WIDTH="16" VPOS="488" HPOS="606"/>
							<String ID="string_62" HPOS="622" VPOS="488" WIDTH="193" HEIGHT="26" WC="0.92" CONTENT="embetsätgärder"/><SP WIDTH="15" VPOS="488" HPOS="815"/>
							<String ID="string_63" HPOS="830" VPOS="488" WIDTH="71" HEIGHT="20" WC="0.96" CONTENT="borde"/><SP WIDTH="11" VPOS="488" HPOS="901"/>
							<String ID="string_64" HPOS="912" VPOS="488" WIDTH="54" HEIGHT="20" WC="0.97" CONTENT="eller"/>
						</TextLine>
						<TextLine ID="line_9" HPOS="206" VPOS="522" WIDTH="759" HEIGHT="27">
							<String ID="string_65" HPOS="206" VPOS="522" WIDTH="78" HEIGHT="21" WC="0.96" CONTENT="kunde"/><SP WIDTH="23" VPOS="522" HPOS="284"/>
							<String ID="string_66" HPOS="307" VPOS="529" WIDTH="54" HEIGHT="14" WC="0.93" CONTENT="vara"/><SP WIDTH="24" VPOS="529" HPOS="361"/>
							<String ID="string_67" HPOS="385" VPOS="523" WIDTH="165" HEIGHT="26" WC="0.92" CONTENT="undandragna"/><SP WIDTH="24" VPOS="523" HPOS="550"/>
							<String ID="string_68" HPOS="574" VPOS="523" WIDTH="76" HEIGHT="20" WC="0.93" CONTENT="denna"/><SP WIDTH="22" VPOS="523" HPOS="650"/>
							<String ID="string_69" HPOS="672" VPOS="522" WIDTH="156" HEIGHT="21" WC="0.92" CONTENT="embetsmans"/><SP WIDTH="16" VPOS="522" HPOS="828"/>
							<String ID="string_70" HPOS="844" VPOS="522" WIDTH="121" HEIGHT="21" WC="0.92" CONTENT="kontrolle-"/>
						</TextLine>
						<TextLine ID="line_10" HPOS="206" VPOS="557" WIDTH="760" HEIGHT="26">
							<String ID="string_71" HPOS="206" VPOS="557" WIDTH="71" HEIGHT="20" WC="0.92" CONTENT="rande"/><SP WIDTH="26" VPOS="557" HPOS="277"/>
							<String ID="string_72" HPOS="303" VPOS="557" WIDTH="151" HEIGHT="20" WC="0.92" CONTENT="verksamhet."/><SP WIDTH="39" VPOS="557" HPOS="454"/>
							<String ID="string_73" HPOS="493" VPOS="557" WIDTH="74" HEIGHT="20" WC="0.91" CONTENT="Häraf"/><SP WIDTH="20" VPOS="557" HPOS="567"/>
							<String ID="string_74" HPOS="587" VPOS="557" WIDTH="65" HEIGHT="26" WC="0.93" CONTENT="följer"/><SP WIDTH="22" VPOS="557" HPOS="652"/>
							<String ID="string_75" HPOS="674" VPOS="557" WIDTH="144" HEIGHT="26" WC="0.90" CONTENT="naturligtvis"/><SP WIDTH="24" VPOS="557" HPOS="818"/>
							<String ID="string_76" HPOS="842" VPOS="557" WIDTH="69" HEIGHT="20" WC="0.90" CONTENT="ocksä"/><SP WIDTH="23" VPOS="557" HPOS="911"/>
							<String ID="string_77" HPOS="934" VPOS="559" WIDTH="32" HEIGHT="18" WC="0.96" CONTENT="att"/>
						</TextLine>
						<TextLine ID="line_11" HPOS="207" VPOS="591" WIDTH="758" HEIGHT="27">
							<String ID="string_78" HPOS="207" VPOS="591" WIDTH="67" HEIGHT="20" WC="0.92" CONTENT="dessa"/><SP WIDTH="26" VPOS="591" HPOS="274"/>
							<String ID="string_79" HPOS="300" VPOS="591" WIDTH="170" HEIGHT="27" WC="0.91" CONTENT="myndigheters"/><SP WIDTH="26" VPOS="591" HPOS="470"/>
							<String ID="string_80" HPOS="496" VPOS="591" WIDTH="105" HEIGHT="26" WC="0.91" CONTENT="ätgärder"/><SP WIDTH="25" VPOS="591" HPOS="601"/>
							<String ID="string_81" HPOS="626" VPOS="591" WIDTH="48" HEIGHT="20" WC="0.91" CONTENT="icke"/><SP WIDTH="26" VPOS="591" HPOS="674"/>
							<String ID="string_82" HPOS="700" VPOS="591" WIDTH="59" HEIGHT="21" WC="0.96" CONTENT="hade"/><SP WIDTH="24" VPOS="591" HPOS="759"/>
							<String ID="string_83" HPOS="783" VPOS="591" WIDTH="90" HEIGHT="20" WC="0.93" CONTENT="kunnat"/><SP WIDTH="22" VPOS="591" HPOS="873"/>
							<String ID="string_84" HPOS="895" VPOS="591" WIDTH="70" HEIGHT="20" WC="0.91" CONTENT="blifva"/>
						</TextLine>
						<TextLine ID="line_12" HPOS="207" VPOS="625" WIDTH="758" HEIGHT="26">
							<String ID="string_85" HPOS="207" VPOS="625" WIDTH="97" HEIGHT="20" WC="0.95" CONTENT="föremål"/><SP WIDTH="16" VPOS="625" HPOS="304"/>
							<String ID="string_86" HPOS="320" VPOS="625" WIDTH="35" HEIGHT="21" WC="0.93" CONTENT="för"/><SP WIDTH="15" VPOS="625" HPOS="355"/>
							<String ID="string_87" HPOS="370" VPOS="625" WIDTH="173" HEIGHT="21" WC="0.95" CONTENT="omnämnande"/><SP WIDTH="16" VPOS="625" HPOS="543"/>
							<String ID="string_88" HPOS="559" VPOS="625" WIDTH="7" HEIGHT="20" WC="0.96" CONTENT="i"/><SP WIDTH="11" VPOS="625" HPOS="566"/>
							<String ID="string_89" HPOS="577" VPOS="625" WIDTH="28" HEIGHT="20" WC="0.96" CONTENT="de"/><SP WIDTH="11" VPOS="625" HPOS="605"/>
							<String ID="string_90" HPOS="616" VPOS="625" WIDTH="137" HEIGHT="26" WC="0.96" CONTENT="berättelser,"/><SP WIDTH="12" VPOS="625" HPOS="753"/>
							<String ID="string_91" HPOS="765" VPOS="625" WIDTH="79" HEIGHT="20" WC="0.95" CONTENT="hvilka"/><SP WIDTH="12" VPOS="625" HPOS="844"/>
							<String ID="string_92" HPOS="856" VPOS="625" WIDTH="38" HEIGHT="21" WC="0.96" CONTENT="det"/><SP WIDTH="13" VPOS="625" HPOS="894"/>
							<String ID="string_93" HPOS="907" VPOS="625" WIDTH="58" HEIGHT="20" WC="0.96" CONTENT="hade"/>
						</TextLine>
						<TextLine ID="line_13" HPOS="206" VPOS="659" WIDTH="759" HEIGHT="27">
							<String ID="string_94" HPOS="206" VPOS="659" WIDTH="74" HEIGHT="27" WC="0.90" CONTENT="ålegat"/><SP WIDTH="24" VPOS="659" HPOS="280"/>
							<String ID="string_95" HPOS="304" VPOS="660" WIDTH="104" HEIGHT="20" WC="0.90" CONTENT="bemälde"/><SP WIDTH="25" VPOS="660" HPOS="408"/>
							<String ID="string_96" HPOS="433" VPOS="660" WIDTH="143" HEIGHT="21" WC="0.91" CONTENT="embetsman"/><SP WIDTH="26" VPOS="660" HPOS="576"/>
							<String ID="string_97" HPOS="602" VPOS="662" WIDTH="32" HEIGHT="18" WC="0.96" CONTENT="att"/><SP WIDTH="21" VPOS="662" HPOS="634"/>
							<String ID="string_98" HPOS="655" VPOS="660" WIDTH="32" HEIGHT="20" WC="0.93" CONTENT="till"/><SP WIDTH="25" VPOS="660" HPOS="687"/>
							<String ID="string_99" HPOS="712" VPOS="659" WIDTH="127" HEIGHT="21" WC="0.91" CONTENT="Ständerna"/><SP WIDTH="21" VPOS="659" HPOS="839"/>
							<String ID="string_100" HPOS="860" VPOS="660" WIDTH="105" HEIGHT="20" WC="0.90" CONTENT="aflemna."/>
						</TextLine>
						<TextLine ID="line_14" HPOS="207" VPOS="694" WIDTH="759" HEIGHT="27">
							<String ID="string_101" HPOS="207" VPOS="694" WIDTH="108" HEIGHT="21" WC="0.92" CONTENT="Deremot"/><SP WIDTH="28" VPOS="694" HPOS="315"/>
							<String ID="string_102" HPOS="343" VPOS="694" WIDTH="101" HEIGHT="21" WC="0.91" CONTENT="hvarken"/><SP WIDTH="31" VPOS="694" HPOS="444"/>
							<String ID="string_103" HPOS="475" VPOS="694" WIDTH="113" HEIGHT="26" WC="0.92" CONTENT="föreslogo"/><SP WIDTH="31" VPOS="694" HPOS="588"/>
							<String ID="string_104" HPOS="619" VPOS="694" WIDTH="53" HEIGHT="21" WC="0.95" CONTENT="eller"/><SP WIDTH="29" VPOS="694" HPOS="672"/>
							<String ID="string_105" HPOS="701" VPOS="701" WIDTH="41" HEIGHT="14" WC="0.96" CONTENT="ens"/><SP WIDTH="30" VPOS="701" HPOS="742"/>
							<String ID="string_106" HPOS="772" VPOS="694" WIDTH="100" HEIGHT="27" WC="0.92" CONTENT="antydde"/><SP WIDTH="31" VPOS="694" HPOS="872"/>
							<String ID="string_107" HPOS="903" VPOS="694" WIDTH="63" HEIGHT="20" WC="0.92" CONTENT="Stän-"/>
						</TextLine>
						<TextLine ID="line_15" HPOS="207" VPOS="728" WIDTH="759" HEIGHT="27">
							<String ID="string_108" HPOS="207" VPOS="728" WIDTH="71" HEIGHT="21" WC="0.96" CONTENT="derna"/><SP WIDTH="23" VPOS="728" HPOS="278"/>
							<String ID="string_109" HPOS="301" VPOS="728" WIDTH="33" HEIGHT="21" WC="0.96" CONTENT="uti"/><SP WIDTH="23" VPOS="728" HPOS="334"/>
							<String ID="string_110" HPOS="357" VPOS="735" WIDTH="89" HEIGHT="14" WC="0.96" CONTENT="samma"/><SP WIDTH="22" VPOS="735" HPOS="446"/>
							<String ID="string_111" HPOS="468" VPOS="728" WIDTH="95" HEIGHT="27" WC="0.96" CONTENT="petition"/><SP WIDTH="16" VPOS="728" HPOS="563"/>
							<String ID="string_112" HPOS="579" VPOS="729" WIDTH="76" HEIGHT="26" WC="0.96" CONTENT="någon"/><SP WIDTH="16" VPOS="729" HPOS="655"/>
							<String ID="string_113" HPOS="671" VPOS="735" WIDTH="50" HEIGHT="14" WC="0.94" CONTENT="som"/><SP WIDTH="16" VPOS="735" HPOS="721"/>
							<String ID="string_114" HPOS="737" VPOS="729" WIDTH="60" HEIGHT="20" WC="0.96" CONTENT="helst"/><SP WIDTH="15" VPOS="729" HPOS="797"/>
							<String ID="string_115" HPOS="812" VPOS="728" WIDTH="154" HEIGHT="27" WC="0.96" CONTENT="begränsning"/>
						</TextLine>
						<TextLine ID="line_16" HPOS="207" VPOS="762" WIDTH="759" HEIGHT="27">
							<String ID="string_116" HPOS="207" VPOS="762" WIDTH="24" HEIGHT="21" WC="0.96" CONTENT="af"/><SP WIDTH="14" VPOS="762" HPOS="231"/>
							<String ID="string_117" HPOS="245" VPOS="762" WIDTH="44" HEIGHT="21" WC="0.96" CONTENT="den"/><SP WIDTH="16" VPOS="762" HPOS="289"/>
							<String ID="string_118" HPOS="305" VPOS="763" WIDTH="35" HEIGHT="20" WC="0.93" CONTENT="för"/><SP WIDTH="15" VPOS="763" HPOS="340"/>
							<String ID="string_119" HPOS="355" VPOS="763" WIDTH="155" HEIGHT="20" WC="0.91" CONTENT="Prokuratorn"/><SP WIDTH="17" VPOS="763" HPOS="510"/>
							<String ID="string_120" HPOS="527" VPOS="763" WIDTH="130" HEIGHT="26" WC="0.96" CONTENT="ifrågasatta"/><SP WIDTH="15" VPOS="763" HPOS="657"/>
							<String ID="string_121" HPOS="672" VPOS="763" WIDTH="159" HEIGHT="26" WC="0.96" CONTENT="skyldigheten"/><SP WIDTH="12" VPOS="763" HPOS="831"/>
							<String ID="string_122" HPOS="843" VPOS="765" WIDTH="31" HEIGHT="18" WC="0.93" CONTENT="att"/><SP WIDTH="8" VPOS="765" HPOS="874"/>
							<String ID="string_123" HPOS="882" VPOS="762" WIDTH="84" HEIGHT="26" WC="0.92" CONTENT="afgifva"/>
						</TextLine>
						<TextLine ID="line_17" HPOS="207" VPOS="796" WIDTH="760" HEIGHT="27">
							<String ID="string_124" HPOS="207" VPOS="796" WIDTH="120" HEIGHT="21" WC="0.91" CONTENT="berättelse"/><SP WIDTH="21" VPOS="796" HPOS="327"/>
							<String ID="string_125" HPOS="348" VPOS="803" WIDTH="37" HEIGHT="14" WC="0.96" CONTENT="om"/><SP WIDTH="25" VPOS="803" HPOS="385"/>
							<String ID="string_126" HPOS="410" VPOS="797" WIDTH="37" HEIGHT="20" WC="0.93" CONTENT="sitt"/><SP WIDTH="22" VPOS="797" HPOS="447"/>
							<String ID="string_127" HPOS="469" VPOS="797" WIDTH="109" HEIGHT="20" WC="0.93" CONTENT="inseende"/><SP WIDTH="23" VPOS="797" HPOS="578"/>
							<String ID="string_128" HPOS="601" VPOS="797" WIDTH="96" HEIGHT="20" WC="0.92" CONTENT="emellan"/><SP WIDTH="24" VPOS="797" HPOS="697"/>
							<String ID="string_129" HPOS="721" VPOS="797" WIDTH="166" HEIGHT="26" WC="0.92" CONTENT="landtdagarna"/><SP WIDTH="16" VPOS="797" HPOS="887"/>
							<String ID="string_130" HPOS="903" VPOS="797" WIDTH="64" HEIGHT="20" WC="0.96" CONTENT="öfver"/>
						</TextLine>
						<TextLine ID="line_18" HPOS="208" VPOS="831" WIDTH="758" HEIGHT="27">
							<String ID="string_131" HPOS="208" VPOS="831" WIDTH="173" HEIGHT="27" WC="0.92" CONTENT="lagskipningen"/><SP WIDTH="17" VPOS="831" HPOS="381"/>
							<String ID="string_132" HPOS="398" VPOS="831" WIDTH="7" HEIGHT="20" WC="0.93" CONTENT="i"/><SP WIDTH="15" VPOS="831" HPOS="405"/>
							<String ID="string_133" HPOS="420" VPOS="831" WIDTH="81" HEIGHT="26" WC="0.96" CONTENT="högsta"/><SP WIDTH="23" VPOS="831" HPOS="501"/>
							<String ID="string_134" HPOS="524" VPOS="831" WIDTH="129" HEIGHT="21" WC="0.96" CONTENT="domstolen"/><SP WIDTH="16" VPOS="831" HPOS="653"/>
							<String ID="string_135" HPOS="669" VPOS="831" WIDTH="44" HEIGHT="21" WC="0.91" CONTENT="och"/><SP WIDTH="19" VPOS="831" HPOS="713"/>
							<String ID="string_136" HPOS="732" VPOS="832" WIDTH="106" HEIGHT="25" WC="0.91" CONTENT="lagarnas"/><SP WIDTH="17" VPOS="832" HPOS="838"/>
							<String ID="string_137" HPOS="855" VPOS="831" WIDTH="111" HEIGHT="20" WC="0.71" CONTENT="handhaf-"/>
						</TextLine>
						<TextLine ID="line_19" HPOS="208" VPOS="865" WIDTH="758" HEIGHT="26">
							<String ID="string_138" HPOS="208" VPOS="865" WIDTH="75" HEIGHT="21" WC="0.91" CONTENT="vande"/><SP WIDTH="20" VPOS="865" HPOS="283"/>
							<String ID="string_139" HPOS="303" VPOS="866" WIDTH="62" HEIGHT="21" WC="0.96" CONTENT="inom"/><SP WIDTH="23" VPOS="866" HPOS="365"/>
							<String ID="string_140" HPOS="388" VPOS="866" WIDTH="77" HEIGHT="21" WC="0.93" CONTENT="landet"/><SP WIDTH="22" VPOS="866" HPOS="465"/>
							<String ID="string_141" HPOS="487" VPOS="866" WIDTH="167" HEIGHT="25" WC="0.92" CONTENT="öfverhufvud;"/><SP WIDTH="15" VPOS="866" HPOS="654"/>
							<String ID="string_142" HPOS="669" VPOS="866" WIDTH="44" HEIGHT="21" WC="0.93" CONTENT="och"/><SP WIDTH="17" VPOS="866" HPOS="713"/>
							<String ID="string_143" HPOS="730" VPOS="866" WIDTH="72" HEIGHT="20" WC="0.93" CONTENT="mäste"/><SP WIDTH="16" VPOS="866" HPOS="802"/>
							<String ID="string_144" HPOS="818" VPOS="865" WIDTH="68" HEIGHT="21" WC="0.91" CONTENT="häraf"/><SP WIDTH="14" VPOS="865" HPOS="886"/>
							<String ID="string_145" HPOS="900" VPOS="872" WIDTH="66" HEIGHT="14" WC="0.96" CONTENT="anses"/>
						</TextLine>
						<TextLine ID="line_20" HPOS="208" VPOS="900" WIDTH="758" HEIGHT="27">
							<String ID="string_146" HPOS="208" VPOS="900" WIDTH="125" HEIGHT="27" WC="0.90" CONTENT="otvetydigt"/><SP WIDTH="21" VPOS="900" HPOS="333"/>
							<String ID="string_147" HPOS="354" VPOS="900" WIDTH="87" HEIGHT="27" WC="0.91" CONTENT="framgä"/><SP WIDTH="21" VPOS="900" HPOS="441"/>
							<String ID="string_148" HPOS="462" VPOS="902" WIDTH="33" HEIGHT="19" WC="0.93" CONTENT="att"/><SP WIDTH="15" VPOS="902" HPOS="495"/>
							<String ID="string_149" HPOS="510" VPOS="900" WIDTH="139" HEIGHT="21" WC="0.92" CONTENT="Ständernas"/><SP WIDTH="16" VPOS="900" HPOS="649"/>
							<String ID="string_150" HPOS="665" VPOS="900" WIDTH="66" HEIGHT="27" WC="0.91" CONTENT="afsigt"/><SP WIDTH="16" VPOS="900" HPOS="731"/>
							<String ID="string_151" HPOS="747" VPOS="907" WIDTH="40" HEIGHT="13" WC="0.96" CONTENT="var"/><SP WIDTH="15" VPOS="907" HPOS="787"/>
							<String ID="string_152" HPOS="802" VPOS="900" WIDTH="52" HEIGHT="26" WC="0.96" CONTENT="den,"/><SP WIDTH="16" VPOS="900" HPOS="854"/>
							<String ID="string_153" HPOS="870" VPOS="902" WIDTH="31" HEIGHT="18" WC="0.93" CONTENT="att"/><SP WIDTH="16" VPOS="902" HPOS="901"/>
							<String ID="string_154" HPOS="917" VPOS="900" WIDTH="49" HEIGHT="20" WC="0.90" CONTENT="icke"/>
						</TextLine>
						<TextLine ID="line_21" HPOS="207" VPOS="934" WIDTH="759" HEIGHT="26">
							<String ID="string_155" HPOS="207" VPOS="934" WIDTH="70" HEIGHT="26" WC="0.96" CONTENT="något"/><SP WIDTH="15" VPOS="934" HPOS="277"/>
							<String ID="string_156" HPOS="292" VPOS="934" WIDTH="93" HEIGHT="21" WC="0.96" CONTENT="område"/><SP WIDTH="16" VPOS="934" HPOS="385"/>
							<String ID="string_157" HPOS="401" VPOS="934" WIDTH="24" HEIGHT="25" WC="0.92" CONTENT="af"/><SP WIDTH="14" VPOS="934" HPOS="425"/>
							<String ID="string_158" HPOS="439" VPOS="935" WIDTH="169" HEIGHT="20" WC="0.92" CONTENT="Prokuratorns"/><SP WIDTH="16" VPOS="935" HPOS="608"/>
							<String ID="string_159" HPOS="624" VPOS="934" WIDTH="235" HEIGHT="21" WC="0.81" CONTENT="embetsverksamhet"/><SP WIDTH="15" VPOS="934" HPOS="859"/>
							<String ID="string_160" HPOS="874" VPOS="935" WIDTH="43" HEIGHT="20" WC="0.93" CONTENT="och"/><SP WIDTH="16" VPOS="935" HPOS="917"/>
							<String ID="string_161" HPOS="933" VPOS="935" WIDTH="33" HEIGHT="20" WC="0.93" CONTENT="sä-"/>
						</TextLine>
						<TextLine ID="line_22" HPOS="207" VPOS="969" WIDTH="760" HEIGHT="26">
							<String ID="string_162" HPOS="207" VPOS="969" WIDTH="62" HEIGHT="20" WC="0.91" CONTENT="ledes"/><SP WIDTH="22" VPOS="969" HPOS="269"/>
							<String ID="string_163" HPOS="291" VPOS="969" WIDTH="48" HEIGHT="20" WC="0.91" CONTENT="icke"/><SP WIDTH="23" VPOS="969" HPOS="339"/>
							<String ID="string_164" HPOS="362" VPOS="969" WIDTH="70" HEIGHT="20" WC="0.95" CONTENT="heller"/><SP WIDTH="22" VPOS="969" HPOS="432"/>
							<String ID="string_165" HPOS="454" VPOS="969" WIDTH="44" HEIGHT="25" WC="0.96" CONTENT="det,"/><SP WIDTH="24" VPOS="969" HPOS="498"/>
							<String ID="string_166" HPOS="522" VPOS="976" WIDTH="50" HEIGHT="13" WC="0.96" CONTENT="som"/><SP WIDTH="24" VPOS="976" HPOS="572"/>
							<String ID="string_167" HPOS="596" VPOS="969" WIDTH="82" HEIGHT="20" WC="0.95" CONTENT="hänför"/><SP WIDTH="21" VPOS="969" HPOS="678"/>
							<String ID="string_168" HPOS="699" VPOS="969" WIDTH="34" HEIGHT="26" WC="0.96" CONTENT="sig"/><SP WIDTH="17" VPOS="969" HPOS="733"/>
							<String ID="string_169" HPOS="750" VPOS="969" WIDTH="31" HEIGHT="20" WC="0.93" CONTENT="till"/><SP WIDTH="17" VPOS="969" HPOS="781"/>
							<String ID="string_170" HPOS="798" VPOS="969" WIDTH="122" HEIGHT="26" WC="0.91" CONTENT="styrelsens"/><SP WIDTH="17" VPOS="969" HPOS="920"/>
							<String ID="string_171" HPOS="937" VPOS="969" WIDTH="30" HEIGHT="20" WC="0.90" CONTENT="ät-"/>
						</TextLine>
						<TextLine ID="line_23" HPOS="208" VPOS="1003" WIDTH="758" HEIGHT="26">
							<String ID="string_172" HPOS="208" VPOS="1003" WIDTH="88" HEIGHT="26" WC="0.96" CONTENT="gärder,"/><SP WIDTH="30" VPOS="1003" HPOS="296"/>
							<String ID="string_173" HPOS="326" VPOS="1003" WIDTH="70" HEIGHT="20" WC="0.96" CONTENT="borde"/><SP WIDTH="29" VPOS="1003" HPOS="396"/>
							<String ID="string_174" HPOS="425" VPOS="1009" WIDTH="55" HEIGHT="14" WC="0.93" CONTENT="vara"/><SP WIDTH="28" VPOS="1009" HPOS="480"/>
							<String ID="string_175" HPOS="508" VPOS="1003" WIDTH="159" HEIGHT="26" WC="0.91" CONTENT="undandraget"/><SP WIDTH="29" VPOS="1003" HPOS="667"/>
							<String ID="string_176" HPOS="696" VPOS="1003" WIDTH="40" HEIGHT="21" WC="0.93" CONTENT="allt"/><SP WIDTH="30" VPOS="1003" HPOS="736"/>
							<String ID="string_177" HPOS="766" VPOS="1003" WIDTH="172" HEIGHT="20" WC="0.95" CONTENT="omnämnande"/><SP WIDTH="23" VPOS="1003" HPOS="938"/>
							<String ID="string_178" HPOS="961" VPOS="1003" WIDTH="5" HEIGHT="20" WC="0.96" CONTENT="i"/>
						</TextLine>
						<TextLine ID="line_24" HPOS="211" VPOS="1037" WIDTH="755" HEIGHT="28">
							<String ID="string_179" HPOS="211" VPOS="1037" WIDTH="142" HEIGHT="21" WC="0.91" CONTENT="berättelsen."/><SP WIDTH="31" VPOS="1037" HPOS="353"/>
							<String ID="string_180" HPOS="384" VPOS="1037" WIDTH="34" HEIGHT="20" WC="0.96" CONTENT="Då"/><SP WIDTH="30" VPOS="1037" HPOS="418"/>
							<String ID="string_181" HPOS="448" VPOS="1037" WIDTH="70" HEIGHT="26" WC="0.93" CONTENT="enligt"/><SP WIDTH="29" VPOS="1037" HPOS="518"/>
							<String ID="string_182" HPOS="547" VPOS="1037" WIDTH="129" HEIGHT="28" WC="0.96" CONTENT="åberopade"/><SP WIDTH="30" VPOS="1037" HPOS="676"/>
							<String ID="string_183" HPOS="706" VPOS="1037" WIDTH="135" HEIGHT="26" WC="0.96" CONTENT="förordning"/><SP WIDTH="30" VPOS="1037" HPOS="841"/>
							<String ID="string_184" HPOS="871" VPOS="1037" WIDTH="24" HEIGHT="20" WC="0.96" CONTENT="af"/><SP WIDTH="28" VPOS="1037" HPOS="895"/>
							<String ID="string_185" HPOS="923" VPOS="1037" WIDTH="43" HEIGHT="21" WC="0.96" CONTENT="den"/>
						</TextLine>
						<TextLine ID="line_25" HPOS="207" VPOS="1071" WIDTH="760" HEIGHT="28">
							<String ID="string_186" HPOS="207" VPOS="1073" WIDTH="13" HEIGHT="19" WC="0.89" CONTENT="8"/><SP WIDTH="34" VPOS="1073" HPOS="220"/>
							<String ID="string_187" HPOS="254" VPOS="1072" WIDTH="44" HEIGHT="27" WC="0.96" CONTENT="Maj"/><SP WIDTH="33" VPOS="1072" HPOS="298"/>
							<String ID="string_188" HPOS="331" VPOS="1073" WIDTH="54" HEIGHT="19" WC="0.96" CONTENT="1876"/><SP WIDTH="25" VPOS="1073" HPOS="385"/>
							<String ID="string_189" HPOS="410" VPOS="1074" WIDTH="59" HEIGHT="18" WC="0.96" CONTENT="samt"/><SP WIDTH="26" VPOS="1074" HPOS="469"/>
							<String ID="string_190" HPOS="495" VPOS="1073" WIDTH="27" HEIGHT="20" WC="0.93" CONTENT="56"/><SP WIDTH="26" VPOS="1073" HPOS="522"/>
							<String ID="string_191" HPOS="548" VPOS="1073" WIDTH="12" HEIGHT="25" WC="0.92" CONTENT="$"/><SP WIDTH="28" VPOS="1073" HPOS="560"/>
							<String ID="string_192" HPOS="588" VPOS="1072" WIDTH="6" HEIGHT="20" WC="0.96" CONTENT="i"/><SP WIDTH="25" VPOS="1072" HPOS="594"/>
							<String ID="string_193" HPOS="619" VPOS="1072" WIDTH="37" HEIGHT="21" WC="0.96" CONTENT="det"/><SP WIDTH="26" VPOS="1072" HPOS="656"/>
							<String ID="string_194" HPOS="682" VPOS="1072" WIDTH="34" HEIGHT="21" WC="0.96" CONTENT="för"/><SP WIDTH="24" VPOS="1072" HPOS="716"/>
							<String ID="string_195" HPOS="740" VPOS="1072" WIDTH="97" HEIGHT="21" WC="0.96" CONTENT="Senaten"/><SP WIDTH="26" VPOS="1072" HPOS="837"/>
							<String ID="string_196" HPOS="863" VPOS="1071" WIDTH="104" HEIGHT="27" WC="0.95" CONTENT="gällande"/>
						</TextLine>
						<TextLine ID="line_26" HPOS="209" VPOS="1106" WIDTH="758" HEIGHT="27">
							<String ID="string_197" HPOS="209" VPOS="1106" WIDTH="138" HEIGHT="26" WC="0.92" CONTENT="reglemente"/><SP WIDTH="37" VPOS="1106" HPOS="347"/>
							<String ID="string_198" HPOS="384" VPOS="1106" WIDTH="156" HEIGHT="21" WC="0.89" CONTENT="Prokuratorn"/><SP WIDTH="37" VPOS="1106" HPOS="540"/>
							<String ID="string_199" HPOS="577" VPOS="1107" WIDTH="57" HEIGHT="20" WC="0.92" CONTENT="skall"/><SP WIDTH="32" VPOS="1107" HPOS="634"/>
							<String ID="string_200" HPOS="666" VPOS="1107" WIDTH="84" HEIGHT="26" WC="0.91" CONTENT="afgifva"/><SP WIDTH="33" VPOS="1107" HPOS="750"/>
							<String ID="string_201" HPOS="783" VPOS="1106" WIDTH="35" HEIGHT="21" WC="0.94" CONTENT="sin"/><SP WIDTH="31" VPOS="1106" HPOS="818"/>
							<String ID="string_202" HPOS="849" VPOS="1106" WIDTH="118" HEIGHT="21" WC="0.79" CONTENT="berättelse"/>
						</TextLine>
						<TextLine ID="line_27" HPOS="208" VPOS="1140" WIDTH="759" HEIGHT="28">
							<String ID="string_203" HPOS="208" VPOS="1140" WIDTH="127" HEIGHT="21" WC="0.89" CONTENT="Ständerna"/><SP WIDTH="30" VPOS="1140" HPOS="335"/>
							<String ID="string_204" HPOS="365" VPOS="1141" WIDTH="44" HEIGHT="20" WC="0.69" CONTENT="—»till"/><SP WIDTH="30" VPOS="1141" HPOS="409"/>
							<String ID="string_205" HPOS="439" VPOS="1140" WIDTH="154" HEIGHT="27" WC="0.88" CONTENT="kännedom&gt;,"/><SP WIDTH="29" VPOS="1140" HPOS="593"/>
							<String ID="string_206" HPOS="622" VPOS="1141" WIDTH="58" HEIGHT="21" WC="0.92" CONTENT="afser"/><SP WIDTH="23" VPOS="1141" HPOS="680"/>
							<String ID="string_207" HPOS="703" VPOS="1141" WIDTH="61" HEIGHT="20" WC="0.96" CONTENT="detta"/><SP WIDTH="23" VPOS="1141" HPOS="764"/>
							<String ID="string_208" HPOS="787" VPOS="1140" WIDTH="180" HEIGHT="28" WC="0.96" CONTENT="uppenbarligen"/>
						</TextLine>
						<TextLine ID="line_28" HPOS="208" VPOS="1175" WIDTH="760" HEIGHT="27">
							<String ID="string_209" HPOS="208" VPOS="1177" WIDTH="31" HEIGHT="18" WC="0.86" CONTENT="att"/><SP WIDTH="39" VPOS="1177" HPOS="239"/>
							<String ID="string_210" HPOS="278" VPOS="1175" WIDTH="125" HEIGHT="20" WC="0.62" CONTENT="—Ständerna"/><SP WIDTH="34" VPOS="1175" HPOS="403"/>
							<String ID="string_211" HPOS="437" VPOS="1175" WIDTH="65" HEIGHT="21" WC="0.95" CONTENT="skola"/><SP WIDTH="30" VPOS="1175" HPOS="502"/>
							<String ID="string_212" HPOS="532" VPOS="1175" WIDTH="70" HEIGHT="21" WC="0.94" CONTENT="vinna"/><SP WIDTH="31" VPOS="1175" HPOS="602"/>
							<String ID="string_213" HPOS="633" VPOS="1182" WIDTH="27" HEIGHT="14" WC="0.91" CONTENT="en"/><SP WIDTH="31" VPOS="1182" HPOS="660"/>
							<String ID="string_214" HPOS="691" VPOS="1175" WIDTH="75" HEIGHT="21" WC="0.91" CONTENT="sävidt"/><SP WIDTH="30" VPOS="1175" HPOS="766"/>
							<String ID="string_215" HPOS="796" VPOS="1175" WIDTH="88" HEIGHT="27" WC="0.92" CONTENT="möjligt"/><SP WIDTH="34" VPOS="1175" HPOS="884"/>
							<String ID="string_216" HPOS="918" VPOS="1175" WIDTH="50" HEIGHT="20" WC="0.82" CONTENT="full-"/>
						</TextLine>
						<TextLine ID="line_29" HPOS="209" VPOS="1209" WIDTH="759" HEIGHT="28">
							<String ID="string_217" HPOS="209" VPOS="1209" WIDTH="92" HEIGHT="26" WC="0.92" CONTENT="ständig"/><SP WIDTH="20" VPOS="1209" HPOS="301"/>
							<String ID="string_218" HPOS="321" VPOS="1209" WIDTH="107" HEIGHT="27" WC="0.96" CONTENT="kunskap"/><SP WIDTH="23" VPOS="1209" HPOS="428"/>
							<String ID="string_219" HPOS="451" VPOS="1216" WIDTH="38" HEIGHT="14" WC="0.95" CONTENT="om"/><SP WIDTH="23" VPOS="1216" HPOS="489"/>
							<String ID="string_220" HPOS="512" VPOS="1210" WIDTH="38" HEIGHT="20" WC="0.95" CONTENT="det"/><SP WIDTH="23" VPOS="1210" HPOS="550"/>
							<String ID="string_221" HPOS="573" VPOS="1211" WIDTH="50" HEIGHT="25" WC="0.93" CONTENT="sätt,"/><SP WIDTH="16" VPOS="1211" HPOS="623"/>
							<String ID="string_222" HPOS="639" VPOS="1209" WIDTH="87" HEIGHT="28" WC="0.92" CONTENT="hvarpä"/><SP WIDTH="16" VPOS="1209" HPOS="726"/>
							<String ID="string_223" HPOS="742" VPOS="1209" WIDTH="175" HEIGHT="27" WC="0.92" CONTENT="lagskipningen"/><SP WIDTH="16" VPOS="1209" HPOS="917"/>
							<String ID="string_224" HPOS="933" VPOS="1211" WIDTH="35" HEIGHT="24" WC="0.92" CONTENT="egt"/>
						</TextLine>
						<TextLine ID="line_30" HPOS="209" VPOS="1243" WIDTH="758" HEIGHT="27">
							<String ID="string_225" HPOS="209" VPOS="1250" WIDTH="51" HEIGHT="14" WC="0.96" CONTENT="rum"/><SP WIDTH="17" VPOS="1250" HPOS="260"/>
							<String ID="string_226" HPOS="277" VPOS="1244" WIDTH="44" HEIGHT="20" WC="0.93" CONTENT="och"/><SP WIDTH="16" VPOS="1244" HPOS="321"/>
							<String ID="string_227" HPOS="337" VPOS="1244" WIDTH="92" HEIGHT="26" WC="0.91" CONTENT="lagarna"/><SP WIDTH="15" VPOS="1244" HPOS="429"/>
							<String ID="string_228" HPOS="444" VPOS="1244" WIDTH="7" HEIGHT="20" WC="0.93" CONTENT="i"/><SP WIDTH="17" VPOS="1244" HPOS="451"/>
							<String ID="string_229" HPOS="468" VPOS="1243" WIDTH="66" HEIGHT="27" WC="0.92" CONTENT="öfrigt"/><SP WIDTH="16" VPOS="1243" HPOS="534"/>
							<String ID="string_230" HPOS="550" VPOS="1244" WIDTH="74" HEIGHT="20" WC="0.92" CONTENT="blifvit"/><SP WIDTH="19" VPOS="1244" HPOS="624"/>
							<String ID="string_231" HPOS="643" VPOS="1244" WIDTH="3" HEIGHT="20" WC="0.96" CONTENT="i"/><SP WIDTH="16" VPOS="1244" HPOS="646"/>
							<String ID="string_232" HPOS="662" VPOS="1244" WIDTH="77" HEIGHT="21" WC="0.93" CONTENT="landet"/><SP WIDTH="15" VPOS="1244" HPOS="739"/>
							<String ID="string_233" HPOS="754" VPOS="1243" WIDTH="141" HEIGHT="21" WC="0.91" CONTENT="handhafda."/><SP WIDTH="20" VPOS="1243" HPOS="895"/>
							<String ID="string_234" HPOS="915" VPOS="1244" WIDTH="52" HEIGHT="20" WC="0.96" CONTENT="Men"/>
						</TextLine>
						<TextLine ID="line_31" HPOS="208" VPOS="1277" WIDTH="760" HEIGHT="28">
							<String ID="string_235" HPOS="208" VPOS="1277" WIDTH="47" HEIGHT="21" WC="0.96" CONTENT="lika"/><SP WIDTH="17" VPOS="1277" HPOS="255"/>
							<String ID="string_236" HPOS="272" VPOS="1277" WIDTH="128" HEIGHT="28" WC="0.96" CONTENT="uppenbart"/><SP WIDTH="15" VPOS="1277" HPOS="400"/>
							<String ID="string_237" HPOS="415" VPOS="1279" WIDTH="25" HEIGHT="19" WC="0.96" CONTENT="är"/><SP WIDTH="16" VPOS="1279" HPOS="440"/>
							<String ID="string_238" HPOS="456" VPOS="1280" WIDTH="31" HEIGHT="18" WC="0.93" CONTENT="att"/><SP WIDTH="16" VPOS="1280" HPOS="487"/>
							<String ID="string_239" HPOS="503" VPOS="1278" WIDTH="127" HEIGHT="21" WC="0.92" CONTENT="Ständerna"/><SP WIDTH="16" VPOS="1278" HPOS="630"/>
							<String ID="string_240" HPOS="646" VPOS="1278" WIDTH="49" HEIGHT="21" WC="0.96" CONTENT="icke"/><SP WIDTH="16" VPOS="1278" HPOS="695"/>
							<String ID="string_241" HPOS="711" VPOS="1285" WIDTH="27" HEIGHT="13" WC="0.93" CONTENT="ur"/><SP WIDTH="16" VPOS="1285" HPOS="738"/>
							<String ID="string_242" HPOS="754" VPOS="1278" WIDTH="135" HEIGHT="20" WC="0.96" CONTENT="berättelsen"/><SP WIDTH="9" VPOS="1278" HPOS="889"/>
							<String ID="string_243" HPOS="898" VPOS="1277" WIDTH="70" HEIGHT="21" WC="0.96" CONTENT="vinna"/>
						</TextLine>
						<TextLine ID="line_32" HPOS="208" VPOS="1312" WIDTH="759" HEIGHT="27">
							<String ID="string_244" HPOS="208" VPOS="1312" WIDTH="74" HEIGHT="21" WC="0.96" CONTENT="sådan"/><SP WIDTH="17" VPOS="1312" HPOS="282"/>
							<String ID="string_245" HPOS="299" VPOS="1312" WIDTH="113" HEIGHT="27" WC="0.93" CONTENT="kunskap,"/><SP WIDTH="16" VPOS="1312" HPOS="412"/>
							<String ID="string_246" HPOS="428" VPOS="1312" WIDTH="74" HEIGHT="21" WC="0.92" CONTENT="derest"/><SP WIDTH="16" VPOS="1312" HPOS="502"/>
							<String ID="string_247" HPOS="518" VPOS="1319" WIDTH="27" HEIGHT="14" WC="0.96" CONTENT="en"/><SP WIDTH="17" VPOS="1319" HPOS="545"/>
							<String ID="string_248" HPOS="562" VPOS="1313" WIDTH="54" HEIGHT="20" WC="0.93" CONTENT="eller"/><SP WIDTH="15" VPOS="1313" HPOS="616"/>
							<String ID="string_249" HPOS="631" VPOS="1313" WIDTH="52" HEIGHT="20" WC="0.96" CONTENT="flere"/><SP WIDTH="16" VPOS="1313" HPOS="683"/>
							<String ID="string_250" HPOS="699" VPOS="1318" WIDTH="81" HEIGHT="21" WC="0.93" CONTENT="grenar"/><SP WIDTH="14" VPOS="1318" HPOS="780"/>
							<String ID="string_251" HPOS="794" VPOS="1325" WIDTH="30" HEIGHT="2" WC="0.87" CONTENT="—"/><SP WIDTH="15" VPOS="1325" HPOS="824"/>
							<String ID="string_252" HPOS="839" VPOS="1312" WIDTH="43" HEIGHT="21" WC="0.93" CONTENT="och"/><SP WIDTH="12" VPOS="1312" HPOS="882"/>
							<String ID="string_253" HPOS="894" VPOS="1312" WIDTH="73" HEIGHT="21" WC="0.68" CONTENT="dertili"/>
						</TextLine>
						<TextLine ID="line_33" HPOS="213" VPOS="1346" WIDTH="755" HEIGHT="27">
							<String ID="string_254" HPOS="213" VPOS="1346" WIDTH="28" HEIGHT="21" WC="0.93" CONTENT="de"/><SP WIDTH="16" VPOS="1346" HPOS="241"/>
							<String ID="string_255" HPOS="257" VPOS="1346" WIDTH="116" HEIGHT="27" WC="0.91" CONTENT="vigtigaste"/><SP WIDTH="22" VPOS="1346" HPOS="373"/>
							<String ID="string_256" HPOS="395" VPOS="1359" WIDTH="28" HEIGHT="2" WC="0.92" CONTENT="—"/><SP WIDTH="23" VPOS="1359" HPOS="423"/>
							<String ID="string_257" HPOS="446" VPOS="1346" WIDTH="25" HEIGHT="21" WC="0.92" CONTENT="af"/><SP WIDTH="20" VPOS="1346" HPOS="471"/>
							<String ID="string_258" HPOS="491" VPOS="1346" WIDTH="168" HEIGHT="21" WC="0.92" CONTENT="Prokuratorns"/><SP WIDTH="16" VPOS="1346" HPOS="659"/>
							<String ID="string_259" HPOS="675" VPOS="1346" WIDTH="235" HEIGHT="21" WC="0.91" CONTENT="embetsverksamhet"/><SP WIDTH="16" VPOS="1346" HPOS="910"/>
							<String ID="string_260" HPOS="926" VPOS="1346" WIDTH="42" HEIGHT="20" WC="0.92" CONTENT="alls"/>
						</TextLine>
						<TextLine ID="line_34" HPOS="211" VPOS="1380" WIDTH="757" HEIGHT="21">
							<String ID="string_261" HPOS="211" VPOS="1380" WIDTH="51" HEIGHT="21" WC="0.92" CONTENT="icke"/><SP WIDTH="15" VPOS="1380" HPOS="262"/>
							<String ID="string_262" HPOS="277" VPOS="1381" WIDTH="8" HEIGHT="20" WC="0.93" CONTENT="i"/><SP WIDTH="16" VPOS="1381" HPOS="285"/>
							<String ID="string_263" HPOS="301" VPOS="1380" WIDTH="134" HEIGHT="21" WC="0.92" CONTENT="densamma"/><SP WIDTH="15" VPOS="1380" HPOS="435"/>
							<String ID="string_264" HPOS="450" VPOS="1380" WIDTH="100" HEIGHT="21" WC="0.91" CONTENT="beröras."/><SP WIDTH="18" VPOS="1380" HPOS="550"/>
							<String ID="string_265" HPOS="568" VPOS="1380" WIDTH="50" HEIGHT="21" WC="0.93" CONTENT="Och"/><SP WIDTH="16" VPOS="1380" HPOS="618"/>
							<String ID="string_266" HPOS="634" VPOS="1380" WIDTH="89" HEIGHT="21" WC="0.92" CONTENT="oafsedt"/><SP WIDTH="15" VPOS="1380" HPOS="723"/>
							<String ID="string_267" HPOS="738" VPOS="1383" WIDTH="32" HEIGHT="18" WC="0.93" CONTENT="att"/><SP WIDTH="15" VPOS="1383" HPOS="770"/>
							<String ID="string_268" HPOS="785" VPOS="1380" WIDTH="103" HEIGHT="21" WC="0.91" CONTENT="hvarken"/><SP WIDTH="17" VPOS="1380" HPOS="888"/>
							<String ID="string_269" HPOS="905" VPOS="1380" WIDTH="63" HEIGHT="21" WC="0.91" CONTENT="Stän-"/>
						</TextLine>
						<TextLine ID="line_35" HPOS="210" VPOS="1415" WIDTH="758" HEIGHT="28">
							<String ID="string_270" HPOS="210" VPOS="1415" WIDTH="84" HEIGHT="21" WC="0.91" CONTENT="dernas"/><SP WIDTH="16" VPOS="1415" HPOS="294"/>
							<String ID="string_271" HPOS="310" VPOS="1415" WIDTH="123" HEIGHT="21" WC="0.92" CONTENT="omordade"/><SP WIDTH="17" VPOS="1415" HPOS="433"/>
							<String ID="string_272" HPOS="450" VPOS="1415" WIDTH="94" HEIGHT="28" WC="0.92" CONTENT="petition"/><SP WIDTH="16" VPOS="1415" HPOS="544"/>
							<String ID="string_273" HPOS="560" VPOS="1416" WIDTH="54" HEIGHT="20" WC="0.93" CONTENT="eller"/><SP WIDTH="15" VPOS="1416" HPOS="614"/>
							<String ID="string_274" HPOS="629" VPOS="1415" WIDTH="130" HEIGHT="28" WC="0.92" CONTENT="äberopade"/><SP WIDTH="16" VPOS="1415" HPOS="759"/>
							<String ID="string_275" HPOS="775" VPOS="1415" WIDTH="134" HEIGHT="26" WC="0.92" CONTENT="förordning"/><SP WIDTH="15" VPOS="1415" HPOS="909"/>
							<String ID="string_276" HPOS="924" VPOS="1415" WIDTH="44" HEIGHT="21" WC="0.96" CONTENT="och"/>
						</TextLine>
						<TextLine ID="line_36" HPOS="209" VPOS="1449" WIDTH="757" HEIGHT="28">
							<String ID="string_277" HPOS="209" VPOS="1449" WIDTH="136" HEIGHT="27" WC="0.92" CONTENT="reglemente"/><SP WIDTH="23" VPOS="1449" HPOS="345"/>
							<String ID="string_278" HPOS="368" VPOS="1450" WIDTH="116" HEIGHT="20" WC="0.91" CONTENT="innehälla"/><SP WIDTH="16" VPOS="1450" HPOS="484"/>
							<String ID="string_279" HPOS="500" VPOS="1450" WIDTH="76" HEIGHT="26" WC="0.93" CONTENT="nägon"/><SP WIDTH="16" VPOS="1450" HPOS="576"/>
							<String ID="string_280" HPOS="592" VPOS="1450" WIDTH="101" HEIGHT="27" WC="0.91" CONTENT="antydan"/><SP WIDTH="16" VPOS="1450" HPOS="693"/>
							<String ID="string_281" HPOS="709" VPOS="1457" WIDTH="39" HEIGHT="13" WC="0.96" CONTENT="om"/><SP WIDTH="16" VPOS="1457" HPOS="748"/>
							<String ID="string_282" HPOS="764" VPOS="1452" WIDTH="32" HEIGHT="18" WC="0.93" CONTENT="att"/><SP WIDTH="17" VPOS="1452" HPOS="796"/>
							<String ID="string_283" HPOS="813" VPOS="1449" WIDTH="153" HEIGHT="21" WC="0.92" CONTENT="Prokuratorn"/>
						</TextLine>
						<TextLine ID="line_37" HPOS="210" VPOS="1483" WIDTH="758" HEIGHT="27">
							<String ID="string_284" HPOS="210" VPOS="1483" WIDTH="71" HEIGHT="21" WC="0.93" CONTENT="borde"/><SP WIDTH="28" VPOS="1483" HPOS="281"/>
							<String ID="string_285" HPOS="309" VPOS="1489" WIDTH="39" HEIGHT="21" WC="0.92" CONTENT="ega"/><SP WIDTH="27" VPOS="1489" HPOS="348"/>
							<String ID="string_286" HPOS="375" VPOS="1484" WIDTH="136" HEIGHT="26" WC="0.96" CONTENT="befogenhet"/><SP WIDTH="25" VPOS="1484" HPOS="511"/>
							<String ID="string_287" HPOS="536" VPOS="1486" WIDTH="32" HEIGHT="19" WC="0.95" CONTENT="att"/><SP WIDTH="26" VPOS="1486" HPOS="568"/>
							<String ID="string_288" HPOS="594" VPOS="1485" WIDTH="54" HEIGHT="20" WC="0.93" CONTENT="efter"/><SP WIDTH="24" VPOS="1485" HPOS="648"/>
							<String ID="string_289" HPOS="672" VPOS="1484" WIDTH="165" HEIGHT="26" WC="0.91" CONTENT="godtfinnande"/><SP WIDTH="26" VPOS="1484" HPOS="837"/>
							<String ID="string_290" HPOS="863" VPOS="1484" WIDTH="77" HEIGHT="26" WC="0.92" CONTENT="afgöra"/><SP WIDTH="21" VPOS="1484" HPOS="940"/>
							<String ID="string_291" HPOS="961" VPOS="1484" WIDTH="7" HEIGHT="20" WC="0.96" CONTENT="i"/>
						</TextLine>
					</TextBlock>
				</ComposedBlock>
				<ComposedBlock ID="cblock_2" HPOS="280" VPOS="1529" WIDTH="371" HEIGHT="23">
					<TextBlock ID="block_2" HPOS="280" VPOS="1529" WIDTH="371" HEIGHT="23">
						<TextLine ID="line_38" HPOS="280" VPOS="1529" WIDTH="371" HEIGHT="23">
							<String ID="string_292" HPOS="280" VPOS="1529" WIDTH="147" HEIGHT="23" WC="0.91" CONTENT="Lagutekottets"/><SP WIDTH="13" VPOS="1529" HPOS="427"/>
							<String ID="string_293" HPOS="440" VPOS="1529" WIDTH="120" HEIGHT="18" WC="0.95" CONTENT="betänkande"/><SP WIDTH="13" VPOS="1529" HPOS="560"/>
							<String ID="string_294" HPOS="573" VPOS="1530" WIDTH="38" HEIGHT="17" WC="0.89" CONTENT="N:o"/><SP WIDTH="12" VPOS="1530" HPOS="611"/>
							<String ID="string_295" HPOS="623" VPOS="1530" WIDTH="28" HEIGHT="17" WC="0.95" CONTENT="18."/>
						</TextLine>
					</TextBlock>
				</ComposedBlock>
			</PrintSpace>
		</Page>
	</Layout>
</alto>
