1103 1795
341 173 85 24 Ständ.
442 174 54 23 Skr.
512 187 26 3 —
555 175 104 20 XXXIIIL
854 175 24 20 11

121 245 156 29 obligationer
303 246 36 21 stä
363 245 74 22 under
454 245 174 23 vederbörande
647 246 93 21 kassörs
757 245 60 22 värd
836 244 44 23 och

121 279 82 29 tillsyn
230 279 43 22 och
300 280 104 22 förvaras
428 281 8 20 i
454 279 120 23 brandfria
592 280 71 27 hvalf,
686 279 106 22 försedda
811 279 69 23 hvart

121 314 53 21 med
192 315 40 20 tvä
251 314 63 22 olika
332 315 41 27 läs,
393 315 38 21 till
448 314 87 28 hvilka,
553 314 85 22 liksom
656 314 37 21 till
705 314 29 21 de
746 315 8 20 i
766 314 113 23 hvalfven

123 348 121 29 befintliga
274 349 133 28 kassaskåp,
435 349 129 28 nycklarna
595 349 216 28 omhänderhafvas,
838 348 41 22 vid

121 382 200 23 hufvudkontoret
343 383 22 22 af
383 391 29 14 en
430 383 102 22 ledamot
549 383 9 21 i
576 383 148 22 direktionen
744 383 43 22 och
806 383 74 22 öfver-

122 418 109 21 kassören
259 417 43 22 och
328 417 41 22 vid
397 418 247 28 afdelningskontoren
671 418 23 21 af
719 418 159 22 kommissarie

122 451 43 22 och
184 451 87 22 kassör.

190 486 217 23 Hufvudkontorets
434 486 162 29 vexelportfölj
622 486 102 22 förvaras
748 486 75 22 under
846 486 34 21 di-

121 520 133 21 rektionens
273 521 115 21 särskilda
406 521 58 21 vård
482 521 8 21 i
508 520 52 22 dess
578 521 141 27 kassahvalf,
738 521 38 21 till
788 521 92 21 hvilket

121 555 156 22 ordföranden
295 555 44 22 och
357 563 29 13 en
405 555 23 22 af
446 555 158 22 ledamöterna
622 555 127 22 innehafva
767 555 58 22 hvar
844 555 36 22 sin

121 589 91 28 nyckel.

190 624 111 21 Bankens
329 623 152 28 skuldsedlar,
508 626 83 26 panter
618 623 43 22 och
685 623 195 22 säkerhetshand-

121 658 78 29 lingar
217 659 35 20 stå
271 658 40 21 vid
329 658 201 22 hufvudkontoret
548 658 74 22 under
636 659 71 20 förste
721 659 159 21 kamrerarens

122 693 43 21 och
193 693 39 21 vid
255 692 247 29 afdelningskontoren
524 693 74 21 under
617 693 187 21 kommissariens
822 692 58 29 vård

121 727 44 21 och
184 727 81 28 tillsyn
283 729 61 20 samt
361 727 103 22 förvaras
483 727 8 21 i
509 727 120 22 brandfria
642 727 70 28 hvalf,
726 727 98 22 hvartill
837 735 43 14 ena

121 761 101 28 nyckeln
242 761 208 22 omhänderhafves
470 761 22 22 af
504 769 87 14 samma
603 762 131 21 kamrerare
748 761 56 22 eller
816 761 64 22 kom-

121 796 104 21 missarie
254 796 43 21 och
325 795 45 22 den
395 796 72 21 andra
485 796 41 21 vid
544 795 201 22 hufvudkontoret
763 796 24 21 af
805 796 75 21 öfver-

121 830 148 22 kamreraren
298 831 43 21 och
368 830 41 21 vid
435 830 249 29 afdelningskontoren
712 831 24 21 af
762 831 117 21 kassören.

122 865 34 21 På
175 864 122 22 enahanda
315 867 47 19 sätt
381 865 103 22 förvaras
502 865 41 21 vid
561 864 201 22 hufvudkontoret
775 865 105 22 bankens

123 898 196 23 sedelblanketter
347 898 44 22 och
418 902 77 25 öppna
513 899 161 28 depositioner,
693 907 50 14 som
760 899 94 22 banken
873 899 8 21 i

122 933 79 22 förvar
219 933 131 29 emottagit,
369 933 119 22 äfvensom
506 933 40 22 vid
566 933 248 29 afdelningskontoren
830 933 50 22 der-

122 967 77 22 städes
219 968 122 28 befintliga
359 968 86 21 vexlar.

193 1001 84 22 Slutna
295 1002 157 29 depositioner
470 1003 36 20 stå
524 1001 73 22 under
613 1005 117 19 närmaste
742 1003 82 28 tillsyn
838 1001 42 22 och

123 1036 56 21 vård
199 1037 23 21 af
246 1037 177 21 öfverkassören
442 1037 43 21 och
502 1036 104 22 förvaras
624 1037 36 20 uti
678 1037 112 21 särskildt
808 1037 72 26 hvalf,

122 1070 97 22 hvartill
236 1078 44 15 ena
298 1071 101 28 nyckeln
417 1070 209 23 omhänderhafves
645 1071 24 22 af
680 1071 86 22 honom
778 1071 44 22 och
835 1071 45 21 den

123 1105 72 22 andra
214 1105 22 22 af
255 1105 220 22 öfverkamreraren.

191 1139 55 22 Alla
267 1140 154 28 uttagningar
438 1140 52 21 från
509 1140 44 21 och
570 1140 160 28 insättningar
748 1140 7 21 i
774 1139 106 22 hvalfvet

123 1174 22 21 af
172 1174 131 28 penningar
329 1174 57 21 eller
413 1174 123 28 omyntadt
562 1174 58 28 guld
641 1174 56 21 eller
715 1174 80 21 silfver
813 1174 67 21 skola

122 1207 40 22 vid
186 1208 65 21 såväl
273 1208 199 21 hufvudkontoret
490 1216 47 14 som
558 1208 248 29 afdelningskontoren
824 1208 56 21 bok-

122 1243 61 21 föras
201 1243 8 20 i
227 1250 28 14 en
274 1243 8 20 i
300 1243 106 21 hvalfvet
424 1243 108 22 förvarad
550 1242 170 29 hvalfsspecial.

191 1277 34 20 De
245 1277 23 21 af
285 1277 106 22 bankens
410 1277 97 22 embets-
526 1277 43 22 och
588 1278 146 28 tjenstemän,
753 1285 50 13 som
815 1277 65 21 inne-

122 1311 70 22 hafva
210 1311 99 28 nycklar
327 1311 37 22 till
382 1311 104 22 bankens
504 1311 66 22 hvalf
588 1312 56 21 eller
661 1311 135 29 kassaskåp,
815 1311 63 27 böra,

122 1353 36 13 om
177 1345 28 21 de
227 1345 105 28 aflägsna
355 1346 36 28 sig
412 1346 51 21 från
482 1346 89 27 staden,
591 1346 141 22 öfverlemna
750 1345 129 29 nycklarna

121 1380 74 21 under
222 1380 129 29 försegling
374 1380 38 21 till
433 1387 77 15 annan
528 1379 106 23 bankens
653 1380 13 21 ä
685 1382 66 20 orten
770 1379 109 22 vistande

122 1415 140 28 tjensteman
281 1415 58 21 efter
357 1414 159 22 direktionens
535 1414 179 22 bestämmande.
