1109 1767
809 190 28 21 67

112 257 75 20 genom
203 250 32 21 sin
250 250 137 28 enformighet
404 251 106 21 tröttande
526 251 69 21 arbete
611 251 56 21 slösa
681 251 30 20 tid
726 251 38 21 och
779 251 85 26 krafter,

113 291 44 14 som
175 283 26 28 pä
216 285 68 21 annat
299 285 42 20 sätt
356 282 67 23 kunde
439 284 68 21 bättre
523 285 154 27 tillgodogöras.
706 284 104 27 Slutligen
825 285 40 20 för-

112 318 67 27 tjenar
191 318 77 27 jemväl
283 318 120 22 framhällas
418 319 37 25 att,
471 319 69 20 sävidt
553 319 164 27 Bankstyrelsen
731 317 39 22 har
785 319 32 26 sig
828 319 37 20 be-

112 352 57 27 kant,
185 352 96 27 samtliga
291 352 158 22 centralbanker
458 352 9 21 i
477 353 82 27 Europa
569 353 42 21 låta
622 353 244 21 namnunderskrifterna

112 386 12 21 å
139 386 41 22 alla
203 387 44 21 sina
266 387 68 21 sedlar
352 387 111 27 anbringas
481 387 27 27 pä
525 387 118 21 mekaniskt
658 387 48 25 sätt,
723 387 66 20 ehuru.
805 387 60 20 deras

112 420 69 21 sedlar
195 421 7 20 i
217 420 82 28 mycket
321 421 68 27 högre
407 421 52 27 grad
478 421 26 20 än
523 421 100 21 Finlands
641 421 71 21 Banks
731 421 35 20 äro
785 421 80 20 utsatta

111 454 31 21 för
157 454 142 28 förfalskning.

179 489 30 22 Pä
224 489 67 28 grund
307 489 23 22 af
341 489 56 22 hvad
410 490 8 21 i
433 489 130 22 förestäende
577 489 66 32 mätto
658 489 86 26 anförts,
755 489 67 22 tilläta
832 489 32 27 sig

110 523 191 28 Bankfullmäktige
323 524 106 21 vördsamt
450 524 38 21 hos
510 524 161 21 Bankutskottet
690 524 38 21 och
747 523 117 22 Ständerna

110 558 119 28 hemställa,
247 565 34 15 om
297 559 46 21 icke
361 559 45 20 skäl
421 565 47 15 vore
483 558 116 21 förhanden
613 558 32 21 för
661 557 125 28 vidtagande
802 557 23 22 af
838 565 27 14 en

110 592 217 29 lagstifthingsätgärd
342 593 85 25 derhän,
444 594 31 20 att
490 592 179 22 underskrifterna
683 593 12 20 &
706 591 102 22 Bankens
819 592 46 21 sed-

110 627 38 27 lar,
170 627 91 28 lydande
276 627 12 22 &
302 627 71 22 femtio
395 627 59 23 mark
473 628 51 21 eller
539 627 127 27 derutöfver,
681 627 55 28 finge
752 627 112 26 anbringas

111 662 25 27 pä
150 662 118 22 mekaniskt
282 662 48 22 sätt.
722 668 3 2 :

179 696 130 28 Helsingfors
325 696 40 22 den
381 696 27 21 30
422 696 118 22 December
557 695 60 23 1899.

103 808 1 4 i
410 795 26 20 L.
451 794 117 25 Lindelöf.

111 830 24 20 F:
152 829 135 25 Stjernvall.
413 829 27 20 O.
457 829 102 19 Donner.
685 828 28 20 A.
730 829 132 28 Meurman.

632 890 17 18 J.
662 890 19 17 L.
694 890 99 19 Snellman.
