1103 1795
238 189 15 22 2
556 186 119 23 XXXIII.

236 257 106 30 mäktige
364 257 112 23 särskildt
497 258 72 23 måtte
591 258 155 30 bemyndigas
764 261 42 26 att,
826 258 77 23 derest
920 257 77 24 utred-

237 293 90 28 ningen
343 293 9 22 i
369 293 85 28 frägan
472 292 90 23 komme
582 295 35 20 att
630 293 67 29 gifva
708 293 143 28 vidhanden,
864 296 35 19 att
916 301 29 14 en
962 293 35 22 in-

236 326 119 30 dragning
386 327 23 22 af
439 327 135 22 förenämda
603 327 85 22 kontor
720 335 54 14 vore
802 327 54 23 med
888 327 109 22 Bankens

236 361 77 22 fördel
338 361 259 28 öfverensstämmande,
624 362 9 21 i
656 361 105 30 enlighet
788 362 52 22 med
867 361 129 30 &beropade

237 397 15 26 8
273 396 30 22 15
322 395 9 23 i
349 395 152 30 reglementet
518 395 97 30 vidtaga
633 396 72 30 nödig
724 396 84 30 åtgärd
826 397 9 22 i
852 396 65 23 detta
929 396 66 30 syfte.

307 430 36 22 Då
364 430 186 22 Bankutskottet
572 430 101 23 förehaft
698 431 231 28 Bankfullmäktiges
951 431 45 22 för-

236 464 101 23 berörda
355 464 179 29 framställning,
547 465 43 22 har
608 465 124 22 Utskottet
749 465 52 22 icke
814 465 92 22 kunnat
917 465 79 28 undgä

237 501 37 20 att
296 499 70 28 finna,
385 501 36 20 att
439 499 45 22 den
502 499 155 28 verksamhet,
675 507 49 15 som
743 500 23 22 af
784 499 114 23 Finlands
916 499 79 22 Banks

237 532 219 30 afdelningskontor
479 534 8 21 i
509 533 35 22 S:t
566 534 142 29 Petersburg
729 534 101 28 utöfvas,
849 538 26 18 är
895 533 24 22 af
940 534 56 29 jem-

236 567 121 23 förelsevis
376 567 165 23 underordnad
559 568 127 29 betydelse.
722 568 83 29 Enligt
825 569 13 26 $
857 569 32 21 42
908 568 9 21 i
933 568 62 22 Ban-

238 601 58 23 kens
325 602 141 29 reglemente
494 602 91 29 åligger
609 603 119 28 nämligen
753 603 242 29 afdelningskontoret

236 635 85 24 endast
341 639 36 20 att
397 637 35 22 in-
449 637 43 22 och
510 637 96 22 utvexla
624 637 67 29 ryskt
708 640 74 26 mynt,
800 637 60 29 sälja
878 637 117 22 anvisnin-

236 678 43 21 gar
306 671 14 22 å
342 671 77 22 finska
444 671 66 22 mark
533 672 30 28 på
584 672 111 21 Bankens
719 672 86 22 kontor
828 672 63 21 inom
909 671 85 28 landet,

236 705 77 22 inlösa
334 705 158 30 anvisningar,
510 713 50 14 som
582 706 24 22 af
624 705 67 23 dessa
709 707 30 28 på
757 706 110 22 kontoret
884 705 110 28 utställts,

236 742 62 19 samt
322 739 9 22 i
354 739 71 30 öfrigt
447 740 79 22 utföra
550 739 28 23 de
602 740 114 30 uppdrag,
736 748 48 14 som
805 741 24 21 af
849 740 146 22 Bankdirek-

236 773 82 23 tionen
342 774 81 22 kunna
443 774 110 23 kontoret
576 775 121 22 anförtros.
733 775 55 22 Med
809 774 107 23 afseende
937 773 58 23 härå

236 807 45 23 och
307 807 74 24 ehuru
407 808 121 23 Utskottet
554 809 53 22 icke
632 809 116 28 förbisett,
770 811 36 20 att
832 809 76 22 finska
932 808 62 22 trafi-

236 843 91 28 kanter,
345 843 82 22 hvilka
451 845 58 20 vant
532 843 37 29 sig
593 845 36 20 att
647 843 75 22 anlita
740 843 254 29 afdelningskontorets

235 877 105 29 tjenster,
359 877 24 22 af
400 877 65 22 detta
482 879 53 20 haft
556 885 70 22 gagn,
645 878 42 22 har
705 877 123 23 Utskottet
846 880 77 20 ansett
941 877 53 22 tvif-

235 911 124 29 velaktigt,
386 911 116 23 huruvida
528 911 133 23 fördelarna
689 912 23 23 af
740 911 254 30 afdelningskontorets

236 945 166 23 bibehållande
429 949 118 20 motsvara
573 946 157 23 kostnaderna
751 946 85 23 derför.
876 946 55 23 Som
955 946 40 22 det

235 980 53 23 icke
309 979 73 24 heller
400 980 66 23 torde
484 988 56 15 vara
558 983 36 20 att
611 981 100 28 befaras,
730 983 36 20 att
784 981 52 22 icke
855 981 30 29 på
903 981 91 28 platsen

236 1017 105 26 antagna
358 1015 85 22 ombud
460 1015 82 22 kunna
559 1015 50 22 lika
626 1015 40 22 väl
683 1023 51 14 som
752 1015 243 29 afdelningskontoret

234 1049 115 22 förmedla
365 1049 111 22 Bankens
494 1050 73 29 inköp
583 1050 24 22 af
618 1049 127 23 utländska
757 1050 94 22 valutor
862 1050 30 29 pä
905 1049 34 22 S:t
951 1050 43 21 Pe-

234 1083 121 30 tersburgs
381 1083 61 29 börs,
463 1083 43 23 har
529 1084 123 23 Utskottet
676 1084 78 22 derför
778 1084 44 22 och
845 1085 9 21 i
878 1083 116 23 öfverens-

235 1118 130 22 stämmelse
389 1118 52 23 med
468 1118 63 23 hvad
556 1119 87 29 jemväl
669 1119 40 22 vid
731 1118 101 30 tidigare
853 1117 141 31 landtdagar

236 1152 65 23 inom
319 1153 186 22 Bankutskottet
517 1153 79 22 derom
608 1153 104 28 uttalats,
726 1155 78 20 ansett
815 1153 180 22 Bankfullmäk-

234 1187 61 29 tiges
313 1187 175 30 framställning
505 1187 101 30 förtjena
623 1187 115 23 afseende.

303 1267 125 23 Utskottet
444 1267 37 22 får
498 1267 70 23 alltså
585 1267 118 23 vördsamt
720 1267 92 29 föreslå,

510 1363 32 20 att
566 1361 123 21 Ständerna
712 1361 49 21 ville
784 1360 24 22 ät
825 1360 168 28 Bankfullmäk-

442 1397 41 27 lige
512 1397 114 27 uppdraga
654 1397 37 26 att,
718 1396 67 21 derest
811 1395 134 28 indragning
971 1395 28 28 af

442 1431 102 22 Bankens
568 1430 198 28 afdelmingskontor
788 1430 10 21 i
816 1429 36 22 S:t
869 1429 126 28 Petersburg

443 1466 95 27 hefinnos
570 1465 49 22 med
650 1465 101 21 Bankens
786 1464 69 28 fördel
886 1463 107 29 öfverens-

442 1499 141 28 stämmande,
604 1499 10 22 i
635 1499 91 28 enlighet
743 1499 50 21 med
812 1499 16 28 $
844 1500 29 20 15
889 1499 11 20 i
916 1498 34 21 det
961 1498 35 27 för
