1103 1795
113 515 12 23 8
138 515 29 18 18.

214 201 12 20 6
474 199 27 22 U.
519 199 25 22 B.
562 212 28 2 —
606 199 105 21 XXXIII.

213 265 149 27 lagbestämda
385 265 170 26 begränsningen
579 265 23 20 af
623 265 47 20 dess
693 265 219 26 sedelutgifningsrätt
931 271 40 14 var

214 302 119 26 berättigad
354 303 32 18 att
407 301 165 20 tillhandahälla
596 302 98 23 rörelsen,
719 303 72 24 syntes
807 301 161 26 försigtigheten

214 337 69 27 bjuda
305 339 32 18 att
358 337 105 20 förstärka
483 337 100 21 Bankens
598 338 114 25 tillgångar
727 343 78 20 genom
821 337 109 20 anlitande
946 337 23 20 af

213 373 158 20 statskrediten.
399 373 167 20 Bankutskottet
576 373 36 21 vid
623 373 145 20 nästnämnda
778 373 103 26 landtdag
892 373 76 20 ställde

214 409 31 26 sig
261 410 28 26 pä
305 409 42 21 den
364 409 140 26 ständpunkt,
521 409 108 21 Utskottet
644 409 36 21 vid
698 409 56 20 1888
771 409 33 20 ärs
821 409 102 26 landtdag
939 409 29 20 in-

213 445 60 26 tagit,
296 446 40 19 och
353 445 36 20 det
409 445 77 24 beslut,
507 446 8 19 i
530 446 83 19 hvilket
632 445 168 20 Bankutskottet
812 445 91 20 sälunda
913 447 56 18 stan-

213 483 44 22 nat,
275 481 44 20 blef
335 481 119 20 sedermera
470 481 22 20 af
508 483 31 18 tre
556 481 63 20 ständ
635 481 81 26 gilladt.

288 517 82 25 Frågan
385 517 39 19 har
440 517 118 20 emellertid
575 517 36 20 vid
627 517 70 20 denna
714 517 102 26 landtdag
830 517 55 26 ånyo
896 517 73 25 bragts

213 553 28 26 pä
265 552 166 26 dagordningen.
464 553 75 20 Säsom
559 559 25 14 ur
600 552 209 26 Bankfullmäktiges
825 553 34 19 till
874 553 94 20 Bankut-

214 589 80 20 skottet
309 588 80 20 aflätna
412 588 112 21 berättelse
540 589 100 26 framgär,
657 588 39 20 har
712 588 108 25 nämligen
836 588 132 27 bankstyrel-

214 631 37 14 sen
275 625 53 26 tagit
351 625 8 20 i
374 625 161 25 öfvervägande,
554 631 35 13 om
606 624 46 20 icke
668 625 113 26 möjlighet
796 625 123 20 förefunnes
936 625 32 19 att

213 661 7 19 i
236 661 71 25 nägon
323 661 52 20 män
390 660 89 26 utvidga
494 660 100 20 Bankens
610 660 7 20 i
634 660 12 25 $
660 661 25 19 18
697 660 23 20 af
730 661 98 26 gällande
840 661 128 26 reglemente

214 696 113 20 bestämda
342 697 42 19 rätt
399 697 32 19 att
446 696 83 25 utgifva
545 696 75 24 sedlar,
636 696 39 20 och
686 696 195 20 Bankdirektionen
893 695 75 21 därvid

213 732 96 20 förordat
324 731 182 27 äterupptagande
522 732 22 19 af
559 732 101 25 förslaget
676 739 36 12 om
728 732 151 26 inrymmande
894 732 22 20 af
926 733 43 19 rätt

213 768 33 19 för
269 768 102 20 Senatens
393 767 119 20 Ekonomie
528 767 153 26 Departement
697 769 37 23 att,
752 767 35 20 vid
804 768 71 24 behof,
892 769 32 19 för
940 774 27 13 en

213 803 141 26 öfvergäende
374 803 32 20 tid
427 803 108 26 medgifva
556 809 27 14 en
599 803 80 26 ökning
695 803 23 20 af
732 803 100 20 Bankens
848 803 120 21 sedelstock

213 839 84 20 utöfver
321 839 36 20 det
375 839 84 26 belopp,
477 839 103 20 hvarmed
596 839 100 20 Bankens
713 839 69 20 sedlar
798 839 65 26 enligt
880 846 28 13 nu
925 839 42 26 gäl-

213 875 64 20 lande
301 875 160 25 bestämningar
484 877 24 18 få
530 875 134 25 öfverskjuta
685 875 48 20 dess
749 875 122 21 metalliska
886 875 80 21 valuta.

213 910 50 20 Med
280 911 98 20 afseende
394 911 13 19 å
423 910 41 21 den
477 910 95 26 stegrade
584 910 229 21 affärsverksamheten
827 911 7 20 i
845 911 73 20 landet
928 911 40 20 har

213 946 139 20 Direktionen
375 946 54 20 dock
452 947 74 20 funnit
550 946 36 21 det
602 947 8 19 i
625 947 123 20 förberörda
763 947 99 20 afseende
878 947 89 25 tidigare

212 982 125 25 ifrågasatta
359 982 107 27 beloppet,
491 983 44 19 fem
559 983 101 26 miljoner
684 983 67 24 mark,
768 989 50 14 vara
833 983 35 20 väl
884 983 85 26 knappt

213 1019 58 19 samt
294 1018 32 20 för
349 1017 42 20 den
407 1018 57 20 skull
486 1018 114 26 föreslagit,
618 1020 32 18 att
665 1019 42 20 den
723 1020 121 25 temporära
859 1019 108 26 ökningen

213 1053 21 20 af
259 1053 41 20 den
324 1053 112 20 obetäckta
454 1054 249 26 sedelutgifningsrätten
719 1055 67 19 måtte
802 1054 117 26 medgifvas
936 1056 31 18 att

213 1090 73 25 uppgå
301 1089 57 20 ända
372 1089 35 20 till
422 1089 30 20 tio
472 1090 100 27 miljoner
588 1090 68 20 mark.
689 1090 197 26 Bankfullmäktige
902 1090 68 20 hafva

213 1125 7 20 i
244 1127 91 18 motsats
355 1125 79 25 härtill,
456 1126 28 26 på
499 1125 7 20 i
522 1125 128 21 berättelsen
667 1126 89 20 anförda
772 1126 52 25 skäl,
842 1126 77 20 uttalat
935 1126 32 25 sig

213 1162 59 19 emot
295 1161 100 26 förslaget
418 1161 39 20 och
481 1161 101 25 förordat,
608 1163 32 18 att
661 1161 7 20 i
684 1162 72 20 stället
771 1161 101 27 beloppet
887 1162 22 19 af
925 1161 43 20 den

213 1196 114 21 obetäckta
346 1197 247 26 sedelutgifningsrätten
618 1197 69 20 skulle
709 1197 61 27 höjas
786 1197 47 20 från
849 1197 118 20 trettiofem

212 1232 34 19 till
262 1232 79 26 fyratio
357 1233 100 26 miljoner
473 1233 67 20 mark.

286 1268 33 20 Då
338 1268 166 20 Bankutskottet
520 1269 93 20 förehaft
629 1269 58 20 detta
703 1269 83 23 ärende,
803 1269 39 20 har
857 1269 111 20 Utskottet

213 1305 54 18 utan
291 1303 247 28 meningsskiljaktighet
561 1304 90 20 anslutit
677 1305 31 25 sig
731 1305 34 19 till
788 1304 40 20 den
853 1305 22 19 af
898 1305 69 19 Bank-

213 1339 135 20 direktionen
371 1339 93 20 häfdade
486 1340 166 26 uppfattningen
675 1346 36 14 om
734 1340 171 20 önskvärdheten
927 1341 41 19 och

213 1374 235 27 ändamälsenligheten
469 1375 22 20 af
512 1374 47 28 den!
574 1376 123 25 ifrågasatta
713 1376 154 26 utvidgningen
884 1377 33 20 för
933 1383 34 13 ex-

213 1411 128 25 ceptionella
355 1411 39 20 fall
411 1411 22 20 af
448 1411 255 26 sedelutgifningsrätten.

286 1446 73 20 Redan
377 1447 56 20 1877
449 1447 116 20 framhöllo
581 1447 199 26 Bankfullmäktige
795 1447 7 20 i
814 1448 32 20 sin
857 1448 110 25 angående

213 1481 72 21 denna
300 1482 38 20 sak
353 1483 34 19 till
403 1483 167 20 Bankutskottet
585 1485 80 18 atlätna
679 1483 160 26 framställning
850 1483 42 21 den
904 1483 63 21 beak-

212 1518 116 19 tansvärda
343 1518 145 26 synpunkten,
505 1520 32 19 att
552 1519 163 20 förhällandena
730 1519 73 20 kunde
819 1519 100 21 utveckla
935 1519 31 26 sig

285 1557 170 20 Bankutskottets
469 1558 127 19 betänkande
609 1558 37 19 N:o
659 1559 19 18 3.
