1103 1795
285 173 26 19 66
622 172 24 21 I

324 239 47 22 Vid
393 240 169 29 föredragning
586 241 27 21 af
634 240 99 22 berörda
754 240 73 22 skrift
842 240 47 22 den
905 242 26 20 18
946 239 69 29 April

257 282 53 19 1896
333 280 141 22 förordnade
494 280 134 29 Kejserliga
644 281 103 21 Senaten
763 283 41 25 att,
818 280 74 29 jemte
907 281 40 21 det
962 280 53 22 med

254 319 80 22 vidare
349 320 181 29 verkställighet
546 321 27 20 af
586 320 176 22 häradsrättens
779 321 46 21 den
842 322 26 20 22
884 321 63 21 Mars
959 323 54 20 1895

254 359 138 23 afkunnade
414 361 78 28 utslag
516 360 74 21 skulle
614 360 55 22 bero
692 361 49 21 tills
765 360 80 21 derom
868 360 145 22 annorlunda

253 401 139 27 bestämdes,
414 401 92 21 Anders
529 401 35 27 R.,
588 401 76 21 derest
687 402 73 20 annat
782 400 56 28 laga
860 400 84 22 hinder
961 400 52 22 icke

252 443 80 25 mötte,
349 440 72 22 borde
435 444 84 25 genast
534 441 14 21 å
559 441 32 20 fri
601 441 37 20 fot
648 440 88 28 ställas,
748 440 122 22 hvarefter
879 440 133 29 Kejserliga

253 482 103 21 Senaten
379 481 40 22 vid
441 481 45 22 den
504 484 23 19 11
544 481 133 22 November
694 484 54 19 1896
764 481 76 22 skedd
855 481 82 29 slutlig
952 481 60 22 före-

252 521 117 30 dragning
385 523 27 21 af
425 523 97 21 ärendet
536 529 85 22 genom
632 530 88 14 samma
730 522 47 29 dag
787 522 136 22 meddeladt
932 522 79 28 utslag

252 562 69 21 biföll
332 562 42 22 till
389 563 40 21 R:s
443 563 133 29 ansökning
586 563 45 21 och
642 563 65 22 ålade
718 563 167 22 häradsrätten
895 564 35 20 att
940 562 71 21 målet

251 604 62 19 emot
336 603 27 21 R.
387 604 60 27 ånyo
471 603 37 21 till
530 603 145 28 behandling
697 603 109 28 företaga
829 605 61 19 samt
904 602 106 22 meddela

249 645 55 26 nytt
319 643 123 22 utlåtande
458 651 37 14 om
510 644 40 21 det
566 651 90 20 ansvar,
672 643 97 22 hvartill
784 643 28 22 R.
829 643 9 21 i
852 643 73 22 saken
940 645 71 19 rätte-

249 683 65 28 ligen
336 684 63 29 gjort
415 685 35 28 sig
466 685 119 27 förfallen,
602 685 121 21 äfvensom
739 684 95 22 dermed
850 684 8 21 i
874 684 73 28 öfrigt
961 683 48 29 lag-

249 723 64 29 ligen
329 725 90 21 förfara
433 727 58 19 utan
506 725 110 21 afseende
633 725 13 21 å
661 725 45 22 den
722 725 55 28 laga
786 725 72 28 kraft,
871 731 49 14 som
931 724 77 21 åkom-

249 763 44 22 mit
308 764 176 22 häradsrättens
500 765 102 28 tidigare
618 765 67 28 gifna
700 765 80 28 utslag
795 764 9 21 i
819 764 78 21 målet.

319 805 135 22 Sedermera
476 805 89 28 yrkade
587 805 92 22 Anders
701 805 28 22 R.
745 805 36 22 uti
796 812 30 14 en
842 804 37 21 till
893 804 115 21 Prokura-

248 845 153 21 torsembetet
422 845 108 28 ingifven
552 845 78 26 skrift,
654 847 41 26 att,
719 845 100 22 emedan
834 845 28 21 R.
878 844 129 22 emellertid

249 884 81 22 blifvit
340 885 123 28 förpassad
473 885 38 22 till
521 885 166 28 undergäende
698 885 26 22 af
734 885 40 22 det
782 885 88 21 honom
878 885 27 20 af
913 884 94 21 härads-

246 927 79 20 rätten
349 926 44 21 den
417 928 25 19 22
465 926 63 21 Mars
554 928 53 20 1895
631 926 100 21 ädömda
746 924 201 29 fängelsestraffet
963 924 43 21 och

246 965 101 29 nödgats
370 967 54 20 frän
447 966 44 21 den
515 969 25 19 31
564 967 129 21 December
716 973 89 14 samma
825 966 25 20 är
866 965 37 21 till
919 965 44 20 den
980 966 24 19 22

245 1005 69 28 April
339 1008 54 20 1896
415 1006 37 21 till
475 1013 29 14 en
520 1006 37 21 del
572 1007 65 20 utstä
652 1006 130 22 detsamma
798 1007 60 19 samt
873 1005 27 21 R.
917 1004 88 27 dervid,

245 1045 158 22 inberäknadt
425 1046 45 21 den
492 1046 41 28 tid,
557 1054 49 14 som
625 1047 77 28 ätgätt
717 1046 38 21 till
771 1046 60 21 hans
846 1044 158 23 försändande

244 1085 38 21 till
306 1086 44 21 och
372 1087 54 20 frän
448 1085 194 29 straffanstalten,
665 1086 62 22 varit
750 1085 116 22 beröfvad
880 1085 37 22 sin
931 1085 73 21 frihet

244 1126 76 21 under
342 1127 83 21 inalles
447 1129 39 20 124
503 1127 78 29 dagar,
597 1127 177 22 vederbörande
790 1126 148 29 tjensteman,
954 1133 49 14 som

243 1167 82 21 härtill
341 1168 61 21 varit
416 1168 115 29 vällande,
547 1169 74 21 mätte
636 1168 69 21 fällas
721 1167 38 22 till
775 1174 87 15 ansvar
872 1169 60 19 samt
942 1167 61 28 skyl-

244 1207 132 28 digkännas
392 1210 35 19 att
442 1208 60 21 efter
517 1209 33 21 tio
565 1209 66 20 mark
647 1209 37 20 för
699 1208 78 29 dagen
792 1207 117 29 godtgöra
919 1207 28 21 R.
959 1207 44 21 den

243 1247 87 22 förlust
355 1248 44 21 och
425 1248 39 22 det
488 1249 95 21 lidande
608 1249 86 21 honom
720 1249 26 20 af
770 1247 142 22 omförmäld
935 1247 68 22 orsak

242 1288 125 22 äsamkats.

311 1330 12 20 I
346 1329 128 29 anledning
496 1330 72 21 häraf
587 1329 135 22 infordrade
742 1329 259 21 Prokuratorsembetet

241 1372 108 19 närmare
371 1370 127 29 utredning
521 1370 9 21 i
553 1370 72 22 saken
648 1370 43 22 och
712 1370 60 21 fann
796 1370 28 20 af
838 1370 28 21 de
881 1369 8 21 i
905 1368 96 22 ärendet

241 1408 100 23 sålunda
356 1410 124 22 tillkomna
494 1410 179 29 handlingarna,
690 1412 36 19 att
740 1410 9 21 i
766 1410 23 21 S.
806 1409 99 22 sockens
915 1409 85 28 kyrko-

241 1449 47 21 bok
304 1457 42 14 var
361 1457 37 14 om
413 1450 92 22 Anders
520 1451 41 22 R:s
577 1451 63 28 fräjd
655 1450 151 28 antecknadt,
824 1452 35 19 att
869 1450 47 22 han
926 1450 74 21 under

240 1490 25 21 är
283 1492 54 21 1886
353 1491 99 22 sakfälts
468 1492 38 21 för
522 1492 88 21 »första
625 1493 94 28 gången
729 1490 268 29 bränvinsförsäljning«
