1103 1795
263 156 25 19 24
602 153 25 21 I

232 224 35 19 est
289 222 30 27 J.,
342 222 93 28 jemlikt
459 222 85 21 honom
564 222 26 21 af
608 222 234 27 guvernörsembetet
857 222 33 19 uti
908 222 87 19 resolu-

232 261 51 21 tion
305 261 26 22 af
345 261 45 22 den
407 263 26 20 27
448 261 130 22 December
595 263 54 20 1893
665 261 123 22 meddelad
804 261 132 29 anvisning,
955 269 40 14 an-

234 301 50 20 fört
300 301 83 22 besvär
399 302 66 21 öfver
480 301 161 22 resolutionen
653 301 26 22 af
689 301 45 22 den
746 303 26 20 27
784 301 137 29 September
935 304 58 25 1893,

234 341 100 21 medelst
355 341 78 29 utslag
456 341 45 22 den
525 343 26 20 30
574 341 133 22 November
732 343 54 20 1894
810 342 36 28 sig
868 341 66 28 utlät,
952 343 41 26 att,

234 381 99 21 emedan
356 381 232 28 guvernörsembetet
611 381 52 22 icke
678 382 54 21 bort
747 382 108 29 företaga
871 381 71 22 saken
957 381 38 22 till

234 421 84 29 slutlig
341 422 112 28 pröfning
476 422 72 20 innan
572 421 21 22 J.
617 422 80 21 blifvit
721 422 58 21 hörd
803 422 7 20 i
827 421 128 28 anledning
970 422 26 20 af

235 461 42 21 H:s
293 461 128 27 yrkanden,
439 461 120 21 hofrätten
575 461 114 28 pröfvade
706 461 96 22 rättvist
818 463 35 19 att
864 461 37 21 för
911 461 84 21 sådant

233 501 42 20 vid
299 501 108 21 ärendets
430 501 145 28 behandling
596 501 116 28 förelupet
728 501 32 21 fel
776 501 121 28 upphäfva
912 507 83 21 guver-

235 541 170 22 nörsembetets
429 541 168 28 öfverklagade
614 541 128 22 resolution
759 542 43 21 och
818 541 89 22 förvisa
922 541 72 21 saken

235 581 101 21 tillbaka
359 581 37 21 till
418 585 152 25 guvernören,
596 589 48 14 som
669 582 58 28 egde
743 582 135 21 densamma
893 582 49 21 äter
957 581 37 20 till

236 621 145 28 behandling
404 622 106 28 företaga
533 622 49 27 och,
606 622 72 21 sedan
694 622 22 21 J.
734 622 99 21 lemnats
849 621 94 22 tillfälle
960 623 35 19 att

235 661 50 21 deri
310 662 92 29 afgifva
425 662 137 28 förklaring,
586 662 95 21 dermed
703 662 105 29 lagligen
831 661 91 22 förfara
937 663 57 19 utan

236 701 84 22 hinder
343 703 26 20 af
392 703 243 28 guvernörsembetets
651 703 64 21 förra
730 702 98 22 sälunda
848 701 147 28 undanröjda

238 742 90 27 åtgärd.

305 783 138 20 Emellertid
467 783 97 24 anförde
586 783 29 20 H.
639 783 35 20 uti
690 790 29 13 en
736 782 44 21 den
798 784 10 19 2
824 781 99 22 Januari
941 783 53 20 1894

237 822 38 21 till
297 826 147 25 guvernören
468 823 107 28 ingifven
598 823 77 27 skrift,
699 824 35 19 att
757 823 29 27 J.,
809 821 96 22 hvilken
921 821 75 28 enligt

236 861 175 30 handlingarna
433 863 125 21 åtecknadt
580 862 66 21 bevis
669 863 26 20 af
716 862 46 21 den
780 865 24 19 16
821 861 103 22 Oktober
941 863 53 20 1893

237 902 96 21 erhållit
355 902 37 22 del
412 904 26 20 af
452 902 243 29 guvernörsembetets
711 902 128 21 resolution
855 902 36 21 för
907 901 44 21 den
969 902 24 20 27

236 942 160 29 förutgångne
413 943 140 28 September,
570 943 144 28 visserligen,
731 943 30 28 på
777 944 47 19 sätt
840 943 33 20 ett
884 941 27 21 af
920 941 16 21 I.
950 941 44 21 den

240 985 23 18 16
283 983 130 22 December
430 985 53 20 1893
498 983 159 28 uthändigadt
673 983 43 21 och
732 983 102 21 skriften
849 981 92 29 bilagdt
956 981 38 21 be-

236 1023 36 20 vis
289 1023 139 28 framginge,
444 1023 36 21 till
496 1023 76 22 denne
587 1023 110 21 aflemnat
713 1023 152 28 redovisning
880 1021 67 22 öfver
962 1021 33 21 tio

236 1063 8 20 i
260 1063 35 21 J:s
314 1063 65 28 värjo
395 1063 89 21 vordna
501 1063 89 28 fonder,
606 1070 54 14 men
676 1065 35 19 att
726 1062 68 22 dessa
808 1061 185 28 redovisningar,

237 1103 77 21 såsom
330 1103 91 22 skrifna
432 1104 12 21 å
456 1103 49 21 lösa
517 1103 55 22 blad
582 1103 44 21 och
637 1103 52 21 icke
700 1102 102 28 åtföljda
813 1102 26 21 af
848 1101 146 22 hufvudsak-

237 1143 50 28 liga
302 1143 183 28 redovisningar,
503 1143 25 22 af
543 1143 223 28 uppbördslängden
782 1143 36 20 för
832 1141 163 29 ifrågakomna

241 1184 26 20 år
283 1183 44 22 och
345 1184 26 21 af
381 1191 28 14 en
421 1183 37 22 del
470 1184 25 21 af
505 1183 126 22 fondernas
642 1183 153 27 skuldsedlar,
807 1182 52 21 icke
870 1181 77 22 kunde
958 1181 37 21 till

236 1224 177 21 vederbörande
436 1223 113 22 revisorer
572 1223 7 21 i
602 1223 111 22 afseende
729 1223 13 20 å
757 1222 147 29 granskning
920 1221 77 22 öfver-

236 1265 97 28 lemnas,
357 1264 44 22 och
415 1264 89 29 yrkade
520 1265 28 20 H.
566 1265 64 28 förty
646 1264 20 28 ej
685 1263 91 22 mindre
792 1263 34 22 J:s
842 1262 104 22 fällande
959 1262 37 21 till

237 1305 88 21 honom
341 1308 79 19 senast
435 1305 122 27 förelagda
572 1304 48 21 vite
636 1304 26 21 af
675 1306 42 19 400
733 1303 66 22 mark
815 1306 30 18 än
856 1302 71 21 äfven
937 1302 58 21 hans

239 1345 133 28 åläggande
389 1346 34 20 att
438 1344 40 21 vid
493 1344 137 28 ytterligare
646 1343 106 29 förhöjdt
762 1343 48 21 vite
821 1342 103 28 fullgöra
934 1341 61 21 hvad

240 1384 87 21 honom
351 1384 34 22 uti
409 1383 180 30 ifrågavarande
610 1383 109 22 afseende
735 1382 165 27 föreskrifvits,
917 1382 80 21 äfven-

239 1432 49 14 som
305 1425 34 21 J:s
356 1425 219 28 skyldigkännande
591 1426 35 19 att
641 1424 115 28 godtgöra
770 1424 42 21 H:s
824 1423 8 21 i
842 1422 72 21 saken
925 1422 72 21 hafda

236 1465 135 22 kostnader.
