1109 1770
271 190 28 21 66

242 252 166 22 sedelvalörerna
425 252 66 22 skulle
509 253 111 27 anbringas
635 252 26 28 på
675 252 117 22 mekaniskt
806 253 48 25 sätt,
870 252 58 22 torde
944 253 50 21 böra

242 288 60 26 tagas
319 287 8 21 i
345 286 136 24 betraktande
502 287 101 22 hurusom
620 293 93 20 numera,
729 287 65 23 sedan
808 287 87 21 Banken
912 286 83 22 erhållit

242 328 43 21 nya
305 321 74 27 sedlar,
401 320 120 24 tillverkade
541 321 65 27 enligt
620 322 31 20 ett
665 322 84 26 system,
765 328 45 15 som
826 320 95 28 erbjuder
938 321 57 21 verk-

242 356 55 22 samt
319 355 66 28 skydd
407 356 55 21 emot
484 355 142 27 förfalskning,
650 355 59 21 faran
727 355 128 22 härutinnan
874 356 23 21 är
911 355 85 27 mycket

241 390 81 23 mindre
344 391 27 20 än
393 390 62 22 förut.
483 390 121 22 Beaktande
625 389 100 27 förtjenar
741 390 77 27 jemväl
833 390 55 21 hvad
903 390 92 22 Bankut-

242 426 77 20 skottet
333 425 39 22 och
391 424 116 22 Ständerna
521 424 12 21 &
550 424 54 21 1882
619 424 33 21 års
666 420 101 31 landtdag
781 424 73 21 härom
868 424 77 21 uttalat
960 424 34 21 vid

241 459 156 26 behandlingen
417 458 24 22 af
456 459 72 26 frågan
547 465 33 15 om
595 458 40 22 den
651 458 82 26 reform,
749 465 45 24 som
809 459 26 21 då
849 458 146 27 genomfördes

241 493 127 23 beträffande
383 493 242 23 namnunderskrifterna
639 493 12 21 å
665 493 69 22 sedlar
749 493 23 23 af
779 493 57 27 lägre
847 493 86 25 valörer,
944 494 51 20 enär

241 529 26 21 de
282 528 136 28 synpunkter,
435 534 45 15 som
495 527 97 22 anfördes
607 527 32 22 till
656 527 81 22 förmån
754 527 31 21 för
803 527 87 28 antydda
904 528 90 24 reform,

241 565 35 20 äro
294 563 7 20 i
320 563 40 21 allo
382 562 124 27 tillämpliga
528 562 60 21 äfven
607 562 12 21 ä
637 562 69 21 sedlar
728 562 23 22 af
766 563 63 27 högre
846 562 86 21 valörer.
961 563 34 21 Då

240 597 109 22 framhölls
363 596 106 27 nemligen
483 596 100 22 hurusom
599 596 106 21 sedlarnas
716 596 169 27 underskrifning
894 596 32 21 för
936 597 57 21 hand

241 631 90 24 saknade
353 632 76 20 nästan
447 631 29 20 all
494 631 92 27 praktisk
609 631 106 27 betydelse
730 631 68 22 såsom
813 631 67 27 skydd
894 632 45 20 mot
954 631 45 22 för--

240 665 111 28 falskning,
362 665 84 27 hvilket,
457 665 64 21 bland
529 666 70 26 annat,
607 665 121 27 ädagalagts
738 665 23 22 af
769 671 26 15 en
805 665 46 22 kort
861 665 133 28 derfötinnan

225 710 1 3 *
241 700 97 22 inträffad
355 700 108 25 händelse,
479 700 26 21 dä
520 700 23 22 af
555 700 100 23 utkomna
669 700 67 21 falska
751 700 29 21 tio
794 700 70 22 marks
880 700 68 22 sedlar
962 700 34 21 in-

241 742 39 21 gen
303 735 54 22 enda.
374 735 68 22 blifvit
459 735 112 28 uppdagad
590 735 67 21 såsom
675 735 53 21 falsk
744 741 74 21 genom
833 735 68 27 någon
917 735 77 27 oregel-

240 769 121 23 bundenhet
382 769 35 22 vid
438 769 225 23 namnunderskriften.
692 769 150 23 Erfarenheten
864 769 53 22 hade
936 770 6 20 i
958 769 36 22 all-

240 804 86 23 mänhet
341 804 53 22 visat
409 804 31 23 att
450 804 69 22 denna
527 804 105 23 måhända
640 805 23 21 är
671 804 40 22 den
720 804 66 22 minst
796 805 59 20 svåra
863 805 31 21 att
902 804 93 29 efterapa

240 839 23 22 af
282 839 48 23 hela
352 839 78 22 sedeln.
459 839 53 21 Dess
534 839 107 28 betydelse
664 839 64 27 ansåg
750 839 161 22 Bankutskottet
936 839 59 28 ligga

240 867 118 33 egentligen
381 873 50 26 deri,
454 874 31 20 att
507 874 97 21 sedlarna
621 873 46 21 icke
685 873 86 21 alldeles
785 873 82 27 färdiga
881 874 51 26 utgå
947 873 46 21 från

239 907 117 28 tryckeriet,
378 907 79 22 hvilket
478 908 99 26 möjligen
595 908 69 21 kunde
683 908 94 22 medföra
792 908 67 26 någon
875 908 59 26 våda,
950 914 44 15 ser-

239 942 56 22 deles
311 942 26 22 då
352 941 217 28 sedeltillverkningen
584 942 101 27 försiggår
700 943 12 20 å
727 948 26 15 en
769 942 92 27 aflägsen
876 943 37 21 ort.
942 942 50 21 Men

239 976 58 21 detta
319 976 97 27 syftemål
438 976 121 28 uppnåddes
575 976 42 22 lika
631 976 139 28 fullständigt.
788 983 34 15 om
837 977 156 22 namntecknin-

239 1017 65 21 garna
318 1010 139 27 anbringades
467 1017 75 21 genom
553 1011 58 27 tryck
619 1011 50 21 eller
677 1012 119 27 stämpling,
807 1012 53 21 blott
872 1012 35 20 det
915 1011 77 22 skedde

239 1045 66 22 under
322 1045 201 23 Bankdirektionens
541 1046 132 21 omedelbara
691 1046 89 27 uppsigt,
795 1046 80 22 hvilket
889 1046 47 22 bäst
950 1046 43 21 läte

239 1079 32 27 sig
288 1080 57 26 göra,
363 1086 35 15 om
416 1079 40 21 den
472 1080 68 21 derför
555 1080 133 27 erforderliga
703 1081 113 27 apparaten
831 1086 47 16 vore
894 1080 98 28 uppstäld

239 1114 7 20 i
259 1113 98 23 Bankens
367 1119 57 21 .egen
439 1114 61 21 lokal.
1005 1128 2 2 :

253 1146 3 6 '
280 1142 17 38 —
306 1148 73 26 Enligt
396 1148 7 20 i
421 1148 100 22 Finlands
543 1148 60 23 Bank
618 1149 125 27 vedertagen
759 1150 94 26 ordning,
868 1150 124 22 verkställes

237 1188 89 17 numera
339 1182 138 27 tryckningen
493 1182 22 21 af
527 1182 241 23 namnunderskrifterna
783 1184 11 23 &
810 1184 97 22 sedlarna
918 1184 22 22 af
948 1184 44 22 fem

238 1216 29 21 tio
288 1216 40 22 och
348 1216 60 26 tjugu
429 1216 70 21 marks
521 1217 81 21 valörer
616 1217 8 20 i
637 1217 98 22 Bankens
754 1214 52 30 egen
825 1218 144 27 tryckerilokal
984 1218 7 21 i

213 1269 2 3 .
237 1249 103 22 samband
361 1249 48 22 med
434 1250 148 27 numreringen
607 1251 23 22 af
650 1251 61 21 dessa
732 1251 75 24 sedlar.
835 1252 87 23 Arbetet
944 1253 48 22 sker

237 1283 66 23 under
324 1284 88 27 behörig
432 1284 89 22 kontroll
543 1285 38 22 och
603 1285 39 22 har
659 1286 68 26 någon
746 1286 110 27 olägenhet
871 1286 63 23 häraf
945 1287 47 23 icke

219 1342 2 2 —
237 1317 106 27 försports.
371 1318 30 21 På
422 1319 43 19 sätt
483 1319 78 25 jemväl
579 1319 24 21 af
618 1319 134 22 Direktionen
770 1320 131 25 framhållits,
921 1321 71 22 kunde

237 1351 69 23 derför
321 1351 109 23 enahanda
444 1351 121 23 förfarande
577 1352 113 27 lämpligen
705 1353 103 23 anordnas
819 1354 34 22 vid
865 1354 126 27 anbringan-

237 1384 36 22 det
287 1384 23 22 af
322 1385 177 22 underskrifterna
514 1385 61 23 äfven
589 1386 12 22 &
615 1386 99 22 sedlarna
728 1387 23 22 af
763 1388 64 27 högre
843 1388 85 23 valörer.

305 1420 34 21 En
360 1420 160 28 omständighet,
543 1427 44 15 som
608 1421 45 21 icke
675 1422 66 23 heller
761 1422 60 23 torde
834 1422 21 23 få
869 1423 80 23 lemnas
964 1430 26 17 ur

237 1454 53 28 sigte
312 1454 35 22 vid
369 1455 139 22 bedömandet
529 1456 24 21 af
572 1456 68 22 denna
658 1456 64 28 fräga,
739 1458 23 21 är
775 1457 93 24 fördelen
884 1458 61 22 deraf
957 1459 33 21 att

236 1489 99 23 Bankens
349 1489 114 22 direktörer
477 1490 38 21 och
525 1490 132 28 tjenstemän,
669 1492 68 22 derest
746 1488 157 31 ifrägavarande
912 1493 77 22 reform

237 1524 150 27 genomfördes,
408 1524 45 22 icke
476 1525 70 23 vidare
568 1526 87 22 behöfde
678 1526 26 28 pä
725 1527 92 28 antydda
840 1528 93 33 onyttiga
949 1528 38 22 och
