1103 1795
269 165 25 20 16
629 163 11 22 I

237 232 113 22 skrifvelse
374 232 88 29 utvisar,
485 232 33 22 for
538 232 33 22 sin
587 232 34 27 dei
636 232 99 22 beslutit:
751 233 35 21 att
800 238 27 16 on
842 232 157 28 normalspårig

234 267 97 27 jernväg!
346 267 80 27 bygges
440 266 48 22 från
504 267 109 27 Uleåborg
628 266 33 22 till
675 267 63 21 Kemi
754 266 50 23 stad
814 266 40 22 och
864 267 94 21 derifrän
969 267 30 21 vi-

238 301 52 22 dare
308 301 34 21 till
362 303 60 20 östra
437 301 103 21 stranden
557 301 23 21 af
593 301 84 21 Torneä
693 301 30 21 elf
736 301 7 21 i
759 301 104 21 närheten
880 301 22 21 af
915 301 84 22 Torneä

237 336 62 26 stad;
322 337 34 20 att
379 336 104 21 arbetena
498 336 13 21 å
526 335 125 22 densamma
669 335 95 28 vidtaga,
783 336 25 21 sä
822 337 62 20 snart
898 335 102 28 lämpliga

238 371 149 22 arbetsledare
409 370 73 21 derför
499 370 75 21 kunna
592 370 102 27 erhållas;
712 372 57 20 samt
784 372 34 20 att
832 370 94 22 broarne
941 369 58 22 öfver

237 405 40 28 Ijo,
296 405 62 22 Kemi
374 405 39 22 och
428 405 84 22 Raumo
528 405 68 22 elfvar
610 404 85 22 utföras
710 405 50 21 med
776 404 100 22 afseende
891 405 12 21 å
918 405 81 27 möjlig-

239 440 65 21 heten
327 439 34 22 för
383 439 76 22 fordon
484 441 33 19 att
539 438 104 22 trafikera
665 439 117 27 desamma,
802 439 40 21 och
857 440 34 20 att
905 439 94 21 broarne

238 473 60 22 öfver
312 473 144 28 Haukipudas
472 473 39 22 och
527 473 57 22 Simo
600 473 103 22 likaledes
720 475 88 26 apteras
823 472 34 23 för
870 479 81 16 samma
961 475 38 20 än-

239 508 77 27 damål,
341 508 71 21 såvidt
434 508 130 27 landsvägen
588 507 24 22 af
628 507 26 22 de
669 507 252 28 vägbyggnadsskyldige
934 507 64 22 fram-

237 542 58 22 föres
311 543 32 21 till
359 542 141 27 broställena;
518 542 38 21 och
571 542 65 21 hafva
650 541 124 23 Ständerna
786 541 34 22 för
830 542 71 21 denna
912 542 86 27 anlägg-

238 577 58 28 ning,
312 583 47 16 som
374 577 118 22 beräknats
507 577 102 27 medtaga
626 583 25 16 en
667 577 96 22 kostnad
774 577 23 21 af
806 578 113 25 9,190,000
929 577 68 26 mark,

237 611 34 22 för
286 611 175 28 finansperioden
480 613 139 20 1898—1900
636 611 85 22 anvisat
736 612 115 26 4,500,000
867 611 66 22 mark.

308 645 77 22 Tillika
408 645 63 22 hafva
494 645 123 22 Ständerna
639 645 66 22 fattat
727 645 73 22 beslut
823 645 72 22 derom
919 647 32 20 att
971 652 26 15 en

234 681 93 26 jernväg
343 680 48 21 från
406 680 86 27 Kuopio
508 680 33 21 till
555 680 87 27 Iisalmi,
659 680 67 27 enligt
742 686 82 15 samma
838 680 101 21 tekniska
948 687 50 20 pro-

237 721 62 20 gram
321 721 46 16 som
391 714 175 22 Savolaksbanan
589 715 39 21 och
651 715 48 21 med
727 721 27 15 en
777 715 111 21 beräknad
911 715 88 27 anlägg-

238 749 160 27 ningskostnad
414 749 23 21 af
450 750 113 25 6,224,000
579 749 67 26 mark,
663 749 55 21 skall
734 749 84 21 utföras
834 751 55 19 samt
904 749 49 21 med
963 755 34 15 ar-

237 783 51 22 bete
310 784 102 27 beläggas
437 784 132 21 omedelbart
592 784 54 21 efter
669 784 36 21 det
727 784 69 27 ledigt
810 783 129 22 arbetsbefäl
954 784 42 21 kan

239 818 99 27 erhällas,
365 818 34 22 för
423 818 81 22 hvilket
530 819 100 21 ändamäl
655 825 30 14 nu
710 818 24 21 af
756 817 124 23 Ständerna
903 818 95 22 anvisats

238 854 115 25 4,000,000
375 853 71 26 mark;
471 855 32 20 att
525 852 174 29 Björneborgska
722 853 72 21 hanan
814 852 113 22 fortsättes
943 853 56 20 ända

237 887 56 22 fram
317 887 32 22 till
367 887 250 28 hamnanläggningarna
632 887 35 22 vid
682 887 138 28 Mäntyluoto
837 887 66 27 enligt
917 893 82 16 samma

238 922 101 21 tekniska
361 927 108 22 program,
493 928 45 15 som
561 922 118 27 tillämpats
703 922 36 21 vid
759 921 68 28 sagda
841 921 68 22 banas
926 921 78 28 anläg-,

238 957 77 26 gande,
331 956 34 21 för
381 956 81 21 hvilket
478 956 80 26 arbete,
575 963 46 15 som
636 957 135 21 omedelbart
785 956 68 21 borde
867 956 93 27 vidtaga,
971 963 26 14 ur

237 990 291 22 kommunikationsfondens
548 991 115 27 tillgångar
683 991 98 21 anvisats
798 991 112 26 1,200,000
925 991 72 26 mark;

238 1026 56 20 samt
315 1026 33 20 att
364 1031 26 15 en
403 1025 91 27 jernväg
508 1025 48 21 frän
572 1025 134 27 Helsingfors
722 1025 33 21 till
770 1025 65 21 Karis
850 1025 81 21 station
947 1025 51 21 eller

238 1065 74 16 annan
335 1059 88 28 lämplig
440 1060 72 27 punkt
526 1060 35 21 vid
576 1060 77 27 Hangö
669 1060 80 27 banan,
766 1060 55 21 dock
836 1059 46 22 icke
897 1059 101 28 ostligare

239 1096 26 19 än
290 1094 105 27 Gerknäs,
419 1095 54 21 efter
492 1101 81 16 samma
588 1095 101 22 tekniska
703 1101 110 21 program,
830 1101 46 15 som
890 1094 107 22 faststälts

237 1129 34 21 för
288 1129 41 22 den
344 1130 70 21 under
428 1129 100 28 byggnad
542 1129 96 22 varande
656 1124 63 27 Äbo—
728 1120 67 41 Karis
811 1129 78 27 banan,
901 1129 39 22 och
951 1129 48 22 med

239 1169 26 15 en
281 1163 112 22 beräknad
409 1164 235 27 anläggningskostnad
660 1163 23 22 af
696 1165 116 25 6,224,500
827 1163 62 22 mark
899 1163 54 22 skall
963 1165 35 20 ut-

237 1197 60 22 föras
321 1199 56 20 samt
399 1197 46 22 före
467 1198 196 21 nästinstundande
685 1197 107 27 landtdag
810 1197 49 22 med
874 1197 74 22 arbete
963 1197 36 22 be-

237 1231 86 28 läggas;
339 1232 118 27 hvarjemte
472 1231 34 22 för
521 1232 71 21 denna
606 1232 145 27 banbyggnad
763 1233 114 25 2,000,000
887 1232 61 21 mark
960 1238 38 15 an-

237 1267 69 21 visats
321 1266 34 22 för
369 1266 174 27 finansperioden
561 1268 147 21 1898—1900.

307 1301 39 22 Uti
361 1301 141 22 förenämnda
516 1301 111 22 skrifvelse
641 1301 64 22 hafva
716 1301 124 22 Ständerna
850 1301 99 27 slutligen
960 1301 39 21 hos

237 1335 62 21 Hans
314 1335 120 27 Kejserliga
448 1335 102 27 Majestät
564 1335 8 21 i
586 1335 176 27 underdänighet
773 1335 91 21 anhällit
873 1336 33 20 att
917 1335 82 21 sädana

237 1369 142 28 fullständiga
401 1370 139 21 ekonomiska
558 1369 39 22 och
613 1369 62 22 deraf
687 1369 129 22 föranledda
830 1369 168 21 instrumentala

238 1404 189 27 undersökningar
441 1405 68 20 mätte
524 1405 110 26 anställas,
651 1405 34 21 att
700 1405 125 22 Ständerna
840 1404 36 21 vid
889 1404 110 21 nästkom-

238 1439 80 21 mande
333 1439 104 27 landtdag
452 1439 68 21 blefve
534 1438 94 23 försatta
642 1439 6 21 i
664 1439 84 22 tillfälle
764 1440 34 20 att
812 1438 57 21 fatta
883 1438 71 21 beslut
965 1444 33 16 om

240 1475 125 25 Uleäborg—
380 1469 63 36 Vaala
458 1473 91 28 Jernväg
563 1478 58 17 samt
635 1473 86 28 Kajana
736 1473 81 22 härads
828 1473 39 22 och
878 1480 66 14 norra
953 1473 44 22 Ka-
