1103 1795
461 163 24 21 I
799 166 26 20 75

96 230 126 28 föranleda;
251 231 44 21 och
317 230 81 30 ingick
421 231 202 22 advokatfiskalen
647 231 72 28 derpå
744 232 38 22 till
804 233 52 22 hof-

95 273 77 19 rätten
201 271 53 22 med
284 272 35 20 ett
348 271 220 28 embetsmemorial,
592 271 68 22 hvari
687 271 47 22 han
758 273 97 28 yrkade,

98 313 41 26 att,
159 315 55 18 enär
237 311 44 28 det,
306 311 76 29 enligt
404 313 13 26 $
442 315 38 19 100
504 313 8 20 i
535 312 87 28 nådiga
645 312 155 28 reglementet
816 321 40 14 an-

96 352 89 28 gående
208 351 176 22 landtmäteriet
399 359 29 14 m.
444 360 28 14 m.
490 353 26 21 af
530 353 46 21 den
594 354 25 21 15
638 353 47 28 Maj
708 355 61 25 1848,
789 353 67 29 ålåge

96 391 356 30 egodelningsrättsordförande
484 395 34 20 att
549 393 67 21 öfver
640 393 215 29 egodelningsrätts

98 432 187 21 sammanträden
300 432 44 22 och
359 433 105 27 göromål
480 433 121 29 angående
616 433 81 28 hvarje
713 434 37 21 till
766 436 90 19 rättens

99 471 144 29 behandling
257 473 173 21 öfverlemnadt
440 473 46 22 mål
496 473 53 22 föra
560 473 99 29 dagbok,
671 473 97 22 hvilken
778 473 78 22 tillika

98 513 53 21 med
165 513 108 22 anmälan
284 514 78 21 derom
374 515 36 20 att
420 514 41 21 hos
473 514 202 29 egodelningsrätt
685 514 75 28 något
771 513 85 22 ärende

96 553 51 22 icke
170 553 85 22 funnes
277 554 30 28 på
330 554 84 29 åtgärd
437 554 117 22 beroende
574 554 73 22 borde
663 554 140 28 qvartaliter
818 554 38 21 till

97 593 174 22 vederbörande
293 597 118 25 guvernör
433 594 73 21 innan
529 595 72 21 slutet
617 594 27 21 af
658 594 44 21 den
718 594 138 29 påföljande

97 634 114 21 månaden
232 634 118 29 insändas,
374 641 53 15 men
450 635 144 21 rådmannen
624 635 24 21 CO.
665 635 141 21 försummat
821 636 35 19 att

98 674 63 21 inom
184 677 75 19 utsatt
283 675 36 21 tid
341 675 37 21 till
400 679 148 24 guvernören
571 675 67 22 öfver
653 675 25 21 T.
693 675 41 21 län
749 674 107 22 inskicka

99 714 87 22 sådana
205 714 134 30 dagböcker
353 715 68 21 öfver
435 715 165 28 ifrågakomna
616 715 240 29 egodelningsrätters

98 755 107 28 åtgärder
222 755 53 22 med
291 755 28 22 de
335 755 52 27 mål,
403 763 50 14 som
469 755 175 22 ofvannämnde
659 755 61 21 tider
736 755 118 21 tilläfven-

98 797 49 26 tyrs
170 795 37 21 till
229 795 144 28 behandling
396 795 120 28 förevarit,
532 795 57 22 eller
605 795 141 28 qvartalsvis
764 794 92 22 anmäla

99 837 36 19 att
149 835 87 22 sådana
251 835 47 22 mål
313 836 21 28 ej
350 835 42 22 hos
407 835 69 22 dessa
486 836 228 28 egodelningsrätter
724 835 37 22 till
772 835 84 28 åtgärd

99 876 154 28 förekommit,
269 876 144 21 rådmannen
429 877 24 21 C.
470 877 73 21 måtte
559 877 37 21 för
612 876 182 29 ifrågavarande
810 877 46 20 för-

99 916 134 21 summelser
252 916 69 22 fällas
337 916 37 21 till
389 916 74 28 straff,
480 916 102 22 hvarhos
598 916 202 21 advokatfiskalen
815 916 40 28 på-

99 956 52 21 stod
166 956 144 22 rådmannen
326 957 37 21 C:s
379 956 131 29 åläggande
527 959 35 19 att
578 957 40 21 vid
630 956 94 29 tjenligt
734 956 48 21 vite
792 956 64 21 inom

99 996 48 21 viss
169 997 35 20 tid
225 997 38 21 till
283 1000 147 25 guvernören
446 997 67 21 öfver
528 997 155 21 förenämnda
698 996 39 21 län
753 995 103 22 inlemna

100 1037 123 21 omordade
239 1037 134 28 dagböcker
388 1037 56 21 eller
460 1037 94 21 anmäla
564 1039 36 18 att
609 1037 73 28 något
693 1036 164 29 egodelnings-

100 1077 84 21 ärende
203 1076 74 22 under
292 1077 164 28 ifrågakomna
473 1077 53 28 fyra
542 1076 92 29 qvartal
651 1076 50 21 icke
718 1076 37 21 till
770 1076 85 28 åtgärd

99 1116 156 21 förekommit.

169 1156 135 22 Sedermera
319 1157 102 21 anmälte
438 1157 106 21 bemälde
560 1160 116 25 guvernör
687 1157 35 20 uti
733 1157 123 21 skrifvelse

99 1197 37 21 för
152 1200 45 19 den
213 1200 11 19 3
240 1198 133 21 November
390 1199 54 20 1897
462 1198 42 21 hos
515 1197 259 22 Prokuratorsembetet
784 1200 73 25 ytter-

99 1238 80 28 ligare,
195 1241 35 18 att
245 1238 144 22 rådmannen
406 1238 24 21 C.
447 1239 8 20 i
471 1239 36 21 sin
524 1238 71 21 ofvan
610 1238 116 29 uppgifna
738 1237 117 29 egenskap

99 1279 27 20 af
140 1279 140 21 ordförande
296 1279 8 21 i
319 1279 155 22 förenämnda
489 1279 227 29 egodelningsrätter
727 1277 129 22 underlåtit

100 1321 35 19 att
150 1319 37 21 till
202 1322 147 25 guvernören
364 1319 100 21 insända
481 1319 144 22 föreskrifna
641 1318 133 30 dagböcker
790 1318 67 21 öfver

100 1359 73 29 sagda
191 1359 238 28 egodelningsrätters
445 1359 189 21 sammanträden
650 1359 74 21 under
740 1358 117 29 förloppet

100 1399 27 22 af
143 1401 52 20 1897
211 1400 37 21 års
264 1399 75 30 tredje
356 1399 92 28 qvartal
464 1399 58 22 eller
532 1399 118 22 inberätta
660 1401 35 20 att
705 1400 75 27 några
791 1403 67 18 ären-

100 1440 44 21 den
162 1440 40 21 vid
217 1439 99 22 berörda
331 1439 231 29 egodelningsrätter
576 1440 74 21 under
665 1447 88 14 samma
768 1440 35 21 tid
820 1439 37 22 till

99 1481 84 28 åtgärd
205 1481 51 21 icke
280 1481 160 27 förekommit;
464 1481 111 21 hvarföre
598 1480 159 22 Prokuratorn
777 1480 34 21 uti
828 1487 29 14 en
