1103 1795
466 157 28 36 ui
803 164 27 19 47

169 227 108 31 Ändring
292 230 8 21 i
316 230 65 22 detta
396 229 78 29 utslag
490 229 78 22 söktes
584 230 27 20 af
624 229 141 29 lagmannen
775 230 30 22 N.
816 230 44 22 och

100 270 280 22 vicelandssekreteraren
397 271 25 20 P.
438 277 85 21 genom
538 269 162 29 underdäniga
710 269 94 30 besvär;
816 270 44 22 och

101 309 58 21 fann
181 310 134 28 Kejserliga
338 310 103 21 Senaten
464 310 8 20 i
495 309 79 28 utslag
598 309 27 21 af
646 309 45 21 den
716 311 23 19 11
757 309 104 29 Augusti

104 352 53 19 1899
183 350 142 28 lagmannen
348 351 28 21 N.
401 350 43 21 och
467 349 281 22 vicelandssekreteraren
772 350 26 21 P.
821 350 40 21 väl

101 395 84 16 stanna
207 390 37 21 till
260 390 45 21 last
321 390 84 21 sädant
421 390 113 28 felaktigt
549 389 135 22 förfarande
699 389 41 22 vid
755 390 105 21 utöfnin-

102 438 45 21 gen
163 431 26 20 af
203 431 36 20 sin
255 431 77 28 tjenst,
349 438 50 13 som
415 430 51 21 dem
483 431 27 20 af
523 430 120 21 hofrätten
654 430 142 27 tillräknats,
807 437 54 14 men

103 470 72 27 sagda
198 470 142 28 felaktighet
363 470 74 21 likväl
457 470 52 21 icke
524 477 57 14 vara
597 470 26 21 af
638 469 45 22 den
700 469 161 22 beskaffenhet

103 512 35 18 att
161 517 83 14 ansvar
267 510 78 21 derför
367 510 73 21 borde
464 517 43 22 ega
530 517 61 20 rum;
616 510 96 21 hvarför
727 509 134 29 Kejserliga

102 550 102 21 Senaten
227 551 114 28 pröfvade
364 551 104 27 rättvist,
491 551 53 20 med
567 550 100 28 ändring
688 550 27 21 af
728 550 132 21 hofrättens

103 590 167 29 öfverklagade
285 591 84 28 utslag,
386 590 77 21 befria
478 591 143 28 lagmannen
636 591 27 20 N.
677 589 43 22 och
730 589 130 22 vicelands-

101 630 160 21 sekreteraren
277 631 24 20 P.
320 631 52 20 frän
389 630 52 21 dem
457 631 8 20 i
481 631 72 20 mälet
568 630 100 21 ädömda
684 630 72 21 böter.

172 750 76 21 Sedan
271 750 259 21 Prokuratorsembetet
552 750 40 21 vid
615 750 146 29 granskning
785 751 26 21 af
832 751 28 20 de

104 791 52 20 frän
172 791 169 27 länsfängelset
356 791 8 20 i
380 791 29 20 M.
427 790 38 21 till
480 791 259 21 Prokuratorsembetet
749 791 111 21 inkomna

105 830 156 28 fänglistorna
277 830 59 21 hade
353 830 122 28 inhemtat,
488 832 35 19 att
534 831 102 20 häktade
647 831 81 21 karlen
739 831 81 21 Petter
830 831 30 27 $.,

102 870 96 22 hvilken
221 871 76 20 säsom
319 871 126 21 misstänkt
464 871 38 21 för
518 873 35 19 att
568 871 73 21 hafva
656 873 47 19 satt
717 871 9 21 i
741 871 75 21 brand
832 878 28 13 en

103 910 36 21 till
161 911 26 20 R.
212 911 97 21 sockens
333 911 131 28 fattiggärd
483 911 103 21 hörande
607 911 181 28 fähusbyggnad
804 911 56 21 häk-

104 953 46 18 tats
174 951 43 20 och
241 951 44 20 den
309 953 24 18 21
358 950 48 28 Maj
434 953 52 19 1896
503 951 97 27 intagits
617 951 7 20 i
640 950 98 21 berörda
754 951 106 28 fängelse

103 991 38 20 för
155 991 164 28 undergäende
335 991 26 21 af
374 991 146 28 ransakning
534 991 41 21 vid
590 991 164 21 häradsrätten
768 991 9 20 i
788 991 73 28 sagda

103 1031 98 21 sockens
224 1031 107 28 tingslag,
349 1031 52 20 icke
418 1031 80 20 förrän
514 1031 45 20 den
576 1033 23 18 21
618 1030 177 29 derpäföljande
810 1031 51 21 Juli

105 1070 79 22 blifvit
202 1071 7 20 i
225 1070 83 21 sädant
325 1070 110 21 afseende
451 1070 65 21 inför
531 1071 164 20 häradsrätten
710 1070 94 27 instäld,
822 1077 39 14 an-

103 1109 48 22 höll
171 1109 257 22 Prokuratorsembetet
448 1110 42 21 hos
505 1110 232 28 guvernörsembetet
752 1110 8 21 i
775 1111 30 20 M.
822 1111 39 21 län

104 1158 36 13 om
155 1151 170 20 underrättelse
341 1151 121 28 angäende
479 1151 71 28 tiden,
568 1151 29 20 dä
613 1151 54 21 bref
681 1151 53 20 med
744 1151 117 21 anmodan

103 1198 37 13 om
164 1190 146 21 anställande
334 1191 25 20 af
377 1191 157 21 omförmälda
549 1191 144 28 ransakning
709 1191 53 21 frän
778 1198 83 21 guver-

103 1231 157 21 nörsembetet
276 1231 76 28 afgätt
367 1231 37 21 till
421 1231 174 22 vederbörande
612 1231 178 22 domhafvande.
815 1231 46 22 Till

103 1278 53 14 svar
179 1271 55 21 härä
258 1271 135 21 meddelade
416 1271 245 28 guvernörsembetet,|
676 1273 35 20 att
726 1271 136 21 kronoläns-

103 1318 100 14 mannen
223 1311 7 20 i
246 1311 27 21 R.
291 1311 94 21 distrikt
401 1311 31 22 X.
448 1311 8 21 i
473 1319 28 13 en
518 1311 36 21 till
570 1311 230 29 guvernörsembetet
816 1311 45 21 den

104 1354 25 18 19
153 1351 46 27 Maj
217 1353 54 19 1896
288 1352 85 21 afläten
389 1352 213 28 tjensteskrifvelse
618 1351 138 29 visserligen
772 1352 89 20 anmält

103 1391 20 28 ej
140 1391 90 21 mindre
247 1399 37 14 om
299 1391 182 29 ifrägavarande
496 1391 76 22 brand
588 1395 29 17 än
629 1393 34 19 att
675 1391 22 22 S.
710 1392 76 21 säsom
796 1391 65 22 miss-

102 1431 69 22 tänkt
194 1433 34 19 att
251 1433 72 20 hafva
347 1432 81 29 anlagt
444 1432 136 21 densamma
595 1432 95 21 häktats
708 1431 43 22 och
766 1431 38 21 för
819 1439 42 13 un-

102 1471 132 28 dergäende
251 1472 27 20 af
286 1472 144 27 ransakning;
441 1472 109 21 insändts
561 1472 36 21 till
609 1471 76 22 länets
696 1471 165 29 ransaknings-
