1103 1795
283 165 28 21 28
631 164 9 21 I

324 232 72 23 Sedan
418 233 104 22 Senaieus
544 233 103 27 ytwrande
665 233 6 21 i
691 231 117 29 anledning
830 232 24 22 sf
873 233 141 27 petitionen
1004 227 15 37 i

255 267 66 22 nåder
337 267 123 27 infordrats,
476 267 40 22 har
531 266 93 23 Senaten
639 267 31 21 uti
685 266 144 27 underdånigt
844 267 112 22 utlåtande
972 267 41 22 den

254 302 29 21 29
305 302 91 22 Januari
419 303 53 21 1900
488 302 100 21 hemstält
604 304 32 19 att
650 301 121 28 petitionen
787 301 47 22 icke
849 301 67 22 måtte
931 302 34 21 till
981 303 32 21 åt-

253 336 54 27 gärd
322 337 118 22 föranleda.

324 371 23 28 6)
363 371 38 22 Uti
415 371 132 27 underdånig
562 371 113 22 skrifvelse
689 371 25 21 af
723 371 41 21 den
776 372 26 21 12
813 371 59 22 Mars
885 372 54 21 1897
949 371 64 22 hafva

254 405 121 23 Ständerna
398 406 90 22 anhållit
510 408 32 20 att
564 405 191 28 läraretjensterna
770 406 7 21 i
793 406 63 28 tyska
873 406 39 22 och
927 405 86 23 franska

255 440 94 27 språken
372 440 59 22 såväl
453 441 35 21 vid
510 441 106 21 klassiska
635 441 71 26 lyceer
721 446 45 15 som
782 441 36 20 vid
833 441 180 27 normallyceerna

256 476 69 20 måtte
341 475 86 22 förenas
442 475 40 22 och
498 475 112 27 ombildas,
625 475 35 21 vid
676 475 26 20 de
717 474 60 22 förra
792 475 33 21 till
840 475 173 27 kollegatjenster

255 509 40 22 och
317 509 36 22 vid
377 509 26 22 de
425 516 75 15 senare
523 510 32 21 till
578 509 173 27 lektorstjenster
767 509 6 22 i
790 509 63 27 tyska
871 510 39 21 och
926 510 87 21 franska

254 543 100 28 språken,
370 544 88 21 hvarvid
473 545 7 20 i
496 544 98 26 afseende
605 543 13 22 å
629 544 125 27 kompetens
765 544 40 21 och
816 545 118 21 lönevilkor
943 545 69 21 skulle

255 578 58 26 gälla
331 578 56 21 hvad
402 578 110 27 angående
527 578 72 27 dylika
614 578 91 27 tjenster
720 578 7 21 i
743 579 36 26 lag
794 581 25 18 är
834 579 107 27 stadgadt.

324 612 11 21 I
351 613 116 27 anledning
482 613 63 21 häraf
559 613 40 21 har
613 612 64 28 nådig
692 613 130 27 kungörelse
839 613 39 22 den
893 614 13 21 4
921 613 91 28 Augusti

256 648 55 21 1898
327 647 108 22 utfärdats
450 648 6 21 i
473 647 218 22 öfverensstämmelse
706 647 49 22 med
770 648 123 27 petitionen.

324 683 21 26 7)
370 681 70 22 Sedan
462 682 120 22 Ständerna
604 682 32 21 uti
658 681 135 28 underdänig
808 682 111 21 skrifvelse
934 683 23 20 af
971 683 41 21 den

256 717 26 20 19
297 716 59 21 Mars
374 716 53 21 1897
443 716 90 21 anhållit
548 718 39 24 att,
603 716 49 21 med
667 716 91 27 ändring
773 716 23 21 af
810 717 41 21 den
864 717 7 20 i
882 716 78 27 nådiga
970 717 42 21 för-

254 751 118 26 ordningen
400 750 23 21 af
448 751 40 20 den
518 751 25 20 27
573 750 121 22 November
724 751 54 21 1885
801 751 33 21 för
856 751 156 21 fruntimmers-

256 785 105 21 skolorna
383 785 113 21 faststälda
514 784 180 28 aflöningsstaten,
710 785 173 28 arvodestillägg,
899 791 44 16 som
959 785 54 22 efter

254 819 59 22 vissa
336 819 35 22 ärs
394 819 108 27 oförvitlig
520 819 66 28 tjenst
604 819 140 22 tillerkännas
758 819 199 22 föreständarinnor
973 819 39 22 och

254 854 110 22 ordinarie
384 855 120 21 lärarinnor
524 854 34 21 vid
573 854 226 26 fruntimmersskolor,
815 854 67 22 måtte
898 855 51 26 utgå
964 853 48 22 med

253 889 43 21 400
314 888 61 22 mark
391 888 54 22 efter
461 889 19 26 5,
498 889 26 21 10
539 888 39 21 och
596 889 26 21 15
632 888 35 22 års
677 889 73 27 tjenst,
760 889 41 21 har
810 889 65 27 nådig
885 888 127 27 kungörelse

255 923 40 22 den
311 924 13 21 5
339 923 61 28 April
426 924 53 21 1898
502 923 106 22 utfärdats
625 923 6 21 i
648 923 222 22 öfverensstämmelse
884 924 48 21 med
948 923 63 22 Stän-

253 958 80 21 dernas
349 958 92 21 berörda
456 957 106 22 anhållan.

323 993 23 28 8)
369 993 72 22 Sedan
465 993 121 22 Ständerna
608 994 32 21 uti
660 993 133 28 underdånig
808 993 111 22 skrifvelse
934 993 23 22 af
971 993 40 22 den

255 1029 26 20 10
300 1027 43 28 Maj
366 1028 54 21 1897
437 1027 95 25 anhållit,
548 1030 32 19 att
595 1028 34 21 till
645 1027 159 28 hushållnings-
820 1028 39 21 och
874 1027 137 22 landtbruks-

253 1062 123 28 sällskapen
392 1062 7 21 i
415 1062 72 22 landet
505 1063 74 26 måtte,
596 1062 6 21 i
618 1063 106 21 anseende
740 1063 34 21 till
789 1062 222 27 skogsbushållnings-

253 1096 89 27 frågans
365 1097 135 21 brådskande
520 1097 147 21 beskaffenhet
687 1099 57 19 samt
760 1097 119 22 oberoende
895 1097 23 21 af
932 1097 79 27 Styrel-

254 1137 51 15 sens
329 1131 45 21 deri
397 1133 67 25 tagna
486 1131 81 26 iniativ,
587 1131 92 28 utgifvas
694 1131 130 28 tillräckliga
839 1132 73 27 anslag
927 1131 33 22 för
975 1131 36 22 be-

253 1165 121 27 främjande
393 1165 24 22 af
431 1172 26 15 en
472 1165 122 22 förbättrad
609 1165 207 28 skogshushållning,
833 1166 38 21 har
886 1166 59 21 Hans
961 1165 50 28 Kej-

253 1200 82 27 serliga
357 1200 102 27 Majestät
480 1205 77 22 genom
580 1199 74 28 nådigt
676 1199 50 22 bref
746 1200 23 21 af
790 1201 41 20 den
850 1201 27 21 24
891 1200 120 22 November

257 1235 55 21 1898
320 1234 112 22 förordnat
440 1237 32 19 att
481 1237 31 20 ett
520 1235 74 27 anslag
602 1235 23 21 af
631 1236 78 26 50,000
717 1235 63 21 mark
788 1235 55 22 skall
851 1235 46 21 från
905 1235 76 27 början
989 1235 24 21 af

255 1269 24 22 år
305 1270 62 26 1899,
390 1270 34 21 till
447 1277 25 14 en
495 1270 75 27 början
586 1270 6 21 i
609 1270 29 21 tio
662 1271 35 20 års
721 1270 38 27 tid,
775 1270 13 21 å
802 1273 44 18 stat
861 1270 102 27 uppföras
979 1270 32 21 till

252 1304 177 22 understödande
452 1304 23 21 af
495 1304 157 27 hushållnings-
675 1305 41 21 och
735 1305 250 26 landtbrukssällskapen
1004 1305 6 21 i

252 1338 75 21 landet
343 1341 56 18 samt
414 1338 69 22 finska
498 1339 182 27 forstföreningen
695 1339 34 21 för
744 1339 147 27 befrämjande
901 1339 24 21 af
933 1345 26 15 en
969 1339 42 21 för-

252 1371 89 23 bättrad
355 1372 203 28 skogshushållning
573 1373 7 21 i
596 1373 26 21 de
636 1372 85 28 privata
737 1373 107 28 skogarna
860 1373 107 22 äfvensom
978 1376 33 20 att

252 1407 102 27 möjligen
379 1408 173 27 uppkommande
574 1408 140 27 besparingar
730 1410 13 20 &
758 1409 60 21 detta
841 1409 74 26 anslag
937 1409 22 21 få
977 1409 34 22 för

251 1441 38 22 det
312 1442 90 21 afsedda
417 1443 123 21 ändamålet
555 1443 33 21 till
604 1445 32 19 ett
651 1443 93 27 följande
760 1443 24 22 år
799 1449 128 16 reserveras.
957 1444 54 22 Der-

251 1476 70 26 jemte
337 1476 40 22 har
392 1477 59 21 Hans
466 1477 120 28 Kejserliga
600 1479 103 26 Majestät
722 1484 4 15 i
740 1478 68 21 nåder
823 1478 136 27 bemyndigai
974 1479 37 22 Se-
