1103 1795
390 186 27 22 U.
434 186 25 22 B.
477 199 28 3 —
521 187 105 20 XXXIII.
874 187 13 20 3

135 255 10 20 I
162 254 74 25 Norge,
255 253 37 20 där
308 253 33 20 för
356 253 132 20 närvarande
504 253 72 26 gäller,
593 254 31 19 att
640 253 47 20 ifall
703 254 69 25 nägon
785 253 103 26 bankrap-

135 292 48 24 port
199 289 69 20 skulle
284 289 77 24 utvisa,
378 291 31 18 att
425 289 122 20 maximum
563 289 33 20 för
612 288 42 21 den
669 288 113 21 obetäckta
798 289 89 20 sedelut-

131 325 113 27 gifningen
268 325 152 24 öfverskridits,
443 325 86 20 rättelse
546 324 60 20 däraf
622 324 55 20 skall
693 324 37 20 ske
745 325 60 20 inom
822 325 65 26 päföl-

134 361 64 28 jande
215 361 90 20 månads
325 361 82 26 utgång
423 362 55 19 samt
494 367 26 13 en
536 360 69 26 afgift,
623 360 148 21 motsvarande
788 367 37 13 sex
841 367 45 20 pro-

133 399 59 19 cents
213 397 53 27 årlig
281 398 62 19 ränta
358 397 13 20 å
387 397 36 20 det
439 397 85 26 belopp,
541 396 104 21 hvarmed
660 396 90 20 berörda
765 397 122 19 maximum

136 433 153 24 Ofverskridits,
307 433 94 26 erläggas
417 433 33 19 till
466 432 138 24 statskassan,
616 432 29 20 ha
656 432 61 20 dessa
727 432 160 26 bestämningar

133 469 85 20 funnits
234 469 73 20 alltför
322 469 79 25 tränga.
434 469 44 19 Där
493 468 39 20 har
547 468 33 20 för
596 468 42 20 den
654 468 56 20 skull
727 468 22 20 af
764 469 123 26 regeringen

134 505 86 26 nyligen
243 505 111 25 framlagts
378 505 31 19 ett
432 504 114 26 lagförslag
571 511 36 13 om
631 505 31 19 att
684 504 42 20 den
741 504 33 20 för
790 504 96 20 bankens

133 543 42 18 rätt
199 542 31 19 att
246 540 132 21 öfverskrida
393 540 161 26 ifrågavarande
571 540 122 20 maximum
709 540 112 20 bestämda
836 540 50 20 tids-

132 579 91 24 gränsen
247 577 66 19 mätte
336 576 121 27 upphäfvas
479 583 51 13 men
550 576 7 19 i
578 576 47 20 dess
642 576 61 20 ställe
719 576 41 20 den
776 577 28 25 pä
820 576 65 21 öfver-

131 613 130 20 emissionen
285 611 62 27 lagda
370 612 85 20 skatten
478 612 33 20 för
530 612 74 27 hvarje
620 611 79 21 mänad
715 612 115 20 successivt
845 612 40 20 för-

132 649 67 26 höjas.
232 648 75 20 Ehuru
325 648 7 19 i
348 648 77 20 Italien
447 647 247 26 sedelutgifningsrätten
714 649 23 18 är
753 647 89 20 baserad
858 649 27 25 pä

131 685 89 20 alldeles
255 691 72 13 annan
363 684 76 25 grund,
478 684 35 19 mä
548 683 55 20 dock
640 685 96 22 nämnas,
776 685 32 19 att
843 684 41 20 den

132 721 39 20 där
193 720 33 20 för
250 719 109 21 bankerna
382 719 121 21 fastställda
524 719 98 20 normala
638 719 247 26 sedelutgifningsrätten

132 756 35 20 vid
191 755 129 20 inträffande
344 756 98 25 ovanliga
465 755 40 21 och
526 755 117 26 trängande
659 755 156 25 förhällanden,
832 755 53 20 efter

131 791 112 28 upprepad
259 791 217 27 diskontförhöjning,
493 791 43 20 kan
547 792 22 19 af
580 792 122 25 regeringen
712 791 105 26 utvidgas,
830 791 55 21 dock

132 828 46 20 icke
200 827 49 20 med
270 834 45 13 mer
331 829 27 18 än
374 827 77 26 fyratio
468 829 87 24 procent
571 827 22 20 af
609 834 52 19 resp.
679 827 69 20 banks
764 829 46 24 eget
826 827 58 26 kapi-

131 864 36 23 tal,
193 863 120 27 hvarjämte
337 863 68 20 finnes
428 863 141 24 föreskrifvet,
594 864 31 19 att
649 863 187 21 öfveremissionen
852 863 33 20 fär

131 906 38 19 ega
185 905 49 14 rum
251 898 54 21 blott
320 905 78 20 genom
414 898 214 27 vexeldiskontering.

193 935 92 26 Frågan
309 941 35 14 om
361 935 285 26 undantagsbestämningar
661 935 22 19 af
698 935 90 20 berörda
803 937 32 18 art
850 935 34 20 be-

131 970 105 21 träffande
265 971 102 20 Finlands
393 971 71 20 Banks
489 970 219 27 sedelutgifningsrätt
732 972 22 19 är
777 971 47 20 icke
847 978 34 19 ny.

131 1007 47 20 Den
202 1006 85 20 väcktes
311 1006 65 20 redan
399 1006 37 20 vid
459 1006 130 26 landtdagen
615 1006 145 21 1877—1878
777 1007 23 19 af
815 1007 67 20 Bank-

131 1041 136 26 fullmäktige
283 1048 77 19 genom
376 1043 31 18 ett
422 1042 33 20 till
472 1042 166 20 Bankutskottet
654 1043 88 25 afgifvet
757 1043 80 25 förslag
848 1049 35 14 om

131 1078 66 20 sädan
213 1077 90 26 ändring
318 1078 8 19 i
342 1077 102 21 Finlands
461 1078 71 20 Banks
546 1079 135 25 reglemente,
699 1079 31 19 att
746 1078 36 20 det
798 1078 84 26 belopp,

130 1113 103 21 hvarmed
257 1113 99 20 Bankens
379 1113 129 26 utelöpande
534 1114 70 20 sedlar
632 1114 69 20 skulle
724 1114 22 20 fä
770 1114 113 26 öfverstiga

129 1149 163 26 sammanlagda
308 1149 101 26 beloppet
425 1156 15 13 af
462 1149 100 20 Bankens
578 1150 121 20 metalliska
715 1150 79 24 valuta,
810 1150 73 20 kunde

129 1186 28 25 pä
172 1185 159 26 framställning
347 1185 22 20 af
386 1185 198 26 Bankfullmäktige
600 1185 33 20 för
649 1192 26 13 en
694 1185 140 26 öfvergäende
849 1186 32 20 tid

129 1221 61 26 höjas
207 1220 49 21 med
273 1222 30 19 ett
319 1221 52 20 visst
388 1221 84 26 belopp,
489 1221 55 20 dock
560 1221 46 20 icke
622 1221 83 20 utöfver
720 1221 45 20 fem
782 1221 99 27 miljoner

129 1257 66 19 mark.
229 1257 172 24 Bankutskottet,
419 1263 46 14 som
482 1257 92 20 erkände
590 1257 155 26 befogenheten
762 1257 22 20 af
800 1257 25 20 de
841 1257 40 20 för-

128 1293 149 25 utsättningar,
303 1293 74 20 hvilka
399 1293 63 26 gifvit
485 1293 116 26 anledning
627 1293 33 20 till
684 1293 88 20 berörda
795 1293 85 26 förslag,

127 1329 66 24 ansåg
209 1329 70 25 någon
296 1329 55 19 väda
366 1329 46 19 icke
429 1329 92 19 behöfva
535 1329 83 19 befaras
629 1329 23 19 af
662 1335 26 13 en
699 1329 67 19 sådan
778 1329 102 20 utsträck-

129 1364 51 25 ning
196 1364 7 19 i
219 1364 180 26 utomordentliga
415 1364 38 20 fall
470 1364 22 20 af
507 1364 103 20 Finlands
626 1364 71 20 Banks
714 1364 165 24 sedelemission,

126 1406 49 13 som
199 1399 199 27 Bankfullmäktige
414 1401 120 25 föreslagit;
551 1401 41 20 och
608 1401 67 20 ehuru
691 1401 109 20 Utskottet
816 1403 64 18 emot-

127 1436 44 25 säg,
189 1436 31 19 att
235 1435 141 26 förfoganden
391 1436 33 20 uti
439 1436 161 26 ifrägavarande
616 1437 55 26 syfte
687 1437 72 25 längre
773 1437 55 19 fram
838 1443 42 14 mä-

128 1470 73 21 hända
220 1471 46 20 icke
289 1471 63 20 alltid
368 1472 69 20 skulle
453 1472 45 20 visa
514 1472 31 25 sig
560 1472 200 27 tillfyllestgörande
776 1473 32 19 för
825 1473 55 20 bere-

127 1506 72 20 dande
215 1507 21 19 af
245 1507 99 20 lättnad
339 1502 9 36 i
356 1507 41 20 den
407 1507 115 21 inländska
533 1508 242 26 penningeställningen,
787 1515 35 14 om
834 1508 46 20 icke

201 1546 170 20 Bankutskottets
385 1548 127 18 betänkande
525 1548 38 19 N:o
576 1548 18 18 3.
