<?xml version="1.0" encoding="UTF-8"?>
<alto xmlns="http://www.loc.gov/standards/alto/ns-v3#" xmlns:xlink="http://www.w3.org/1999/xlink" xmlns:xsi="http://www.w3.org/2001/XMLSchema-instance" xsi:schemaLocation="http://www.loc.gov/standards/alto/ns-v3# http://www.loc.gov/alto/v3/alto-3-0.xsd">
	<Description>
		<MeasurementUnit>pixel</MeasurementUnit>
		<sourceImageInformation>
			<fileName>/tmp/tess_3f0z_322_input.PNG</fileName>
		</sourceImageInformation>
		<OCRProcessing ID="OCR_0">
			<ocrProcessingStep>
				<processingSoftware>
					<softwareName>tesseract 5.3.4</softwareName>
				</processingSoftware>
			</ocrProcessingStep>
		</OCRProcessing>
	</Description>
	<Layout>
		<Page WIDTH="1103" HEIGHT="1795" PHYSICAL_IMG_NR="0" ID="page_0">
			<PrintSpace HPOS="0" VPOS="0" WIDTH="1103" HEIGHT="1795">
				<ComposedBlock ID="cblock_0" HPOS="330" VPOS="184" WIDTH="555" HEIGHT="29">
					<TextBlock ID="block_0" HPOS="330" VPOS="184" WIDTH="555" HEIGHT="29">
						<TextLine ID="line_0" HPOS="330" VPOS="184" WIDTH="555" HEIGHT="29">
							<String ID="string_0" HPOS="330" VPOS="185" WIDTH="28" HEIGHT="22" WC="0.93" CONTENT="U."/><SP WIDTH="18" VPOS="185" HPOS="358"/>
							<String ID="string_1" HPOS="376" VPOS="185" WIDTH="27" HEIGHT="22" WC="0.91" CONTENT="B."/><SP WIDTH="18" VPOS="185" HPOS="403"/>
							<String ID="string_2" HPOS="421" VPOS="197" WIDTH="29" HEIGHT="3" WC="0.92" CONTENT="—"/><SP WIDTH="16" VPOS="197" HPOS="450"/>
							<String ID="string_3" HPOS="466" VPOS="184" WIDTH="221" HEIGHT="29" WC="0.91" CONTENT="Postsparbanken."/><SP WIDTH="183" VPOS="184" HPOS="687"/>
							<String ID="string_4" HPOS="870" VPOS="184" WIDTH="15" HEIGHT="21" WC="0.96" CONTENT="5"/>
						</TextLine>
					</TextBlock>
				</ComposedBlock>
				<ComposedBlock ID="cblock_1" HPOS="127" VPOS="250" WIDTH="758" HEIGHT="1246">
					<TextBlock ID="block_1" HPOS="132" VPOS="250" WIDTH="753" HEIGHT="350">
						<TextLine ID="line_1" HPOS="132" VPOS="250" WIDTH="753" HEIGHT="28">
							<String ID="string_5" HPOS="132" VPOS="251" WIDTH="53" HEIGHT="26" WC="0.96" CONTENT="ning"/><SP WIDTH="21" VPOS="251" HPOS="185"/>
							<String ID="string_6" HPOS="206" VPOS="251" WIDTH="22" HEIGHT="21" WC="0.88" CONTENT="af"/><SP WIDTH="27" VPOS="251" HPOS="228"/>
							<String ID="string_7" HPOS="255" VPOS="250" WIDTH="295" HEIGHT="28" WC="0.88" CONTENT="postsparbankskontorens"/><SP WIDTH="27" VPOS="250" HPOS="550"/>
							<String ID="string_8" HPOS="577" VPOS="250" WIDTH="60" HEIGHT="21" WC="0.92" CONTENT="antal"/><SP WIDTH="25" VPOS="250" HPOS="637"/>
							<String ID="string_9" HPOS="662" VPOS="250" WIDTH="129" HEIGHT="27" WC="0.90" CONTENT="isynnerhet"/><SP WIDTH="23" VPOS="250" HPOS="791"/>
							<String ID="string_10" HPOS="814" VPOS="250" WIDTH="71" HEIGHT="21" WC="0.96" CONTENT="under"/>
						</TextLine>
						<TextLine ID="line_2" HPOS="133" VPOS="286" WIDTH="751" HEIGHT="27">
							<String ID="string_11" HPOS="133" VPOS="288" WIDTH="89" HEIGHT="20" WC="0.92" CONTENT="senaste"/><SP WIDTH="17" VPOS="288" HPOS="222"/>
							<String ID="string_12" HPOS="239" VPOS="286" WIDTH="24" HEIGHT="22" WC="0.93" CONTENT="är"/><SP WIDTH="16" VPOS="286" HPOS="263"/>
							<String ID="string_13" HPOS="279" VPOS="288" WIDTH="36" HEIGHT="25" WC="0.92" CONTENT="ägt"/><SP WIDTH="16" VPOS="288" HPOS="315"/>
							<String ID="string_14" HPOS="331" VPOS="293" WIDTH="55" HEIGHT="14" WC="0.92" CONTENT="rum."/><SP WIDTH="33" VPOS="293" HPOS="386"/>
							<String ID="string_15" HPOS="419" VPOS="286" WIDTH="124" HEIGHT="26" WC="0.90" CONTENT="Desamma,"/><SP WIDTH="17" VPOS="286" HPOS="543"/>
							<String ID="string_16" HPOS="560" VPOS="293" WIDTH="48" HEIGHT="14" WC="0.96" CONTENT="som"/><SP WIDTH="25" VPOS="293" HPOS="608"/>
							<String ID="string_17" HPOS="633" VPOS="286" WIDTH="36" HEIGHT="21" WC="0.96" CONTENT="vid"/><SP WIDTH="24" VPOS="286" HPOS="669"/>
							<String ID="string_18" HPOS="693" VPOS="286" WIDTH="60" HEIGHT="21" WC="0.96" CONTENT="tiden"/><SP WIDTH="20" VPOS="286" HPOS="753"/>
							<String ID="string_19" HPOS="773" VPOS="286" WIDTH="35" HEIGHT="21" WC="0.93" CONTENT="för"/><SP WIDTH="16" VPOS="286" HPOS="808"/>
							<String ID="string_20" HPOS="824" VPOS="292" WIDTH="60" HEIGHT="21" WC="0.92" CONTENT="nyss-"/>
						</TextLine>
						<TextLine ID="line_3" HPOS="132" VPOS="321" WIDTH="752" HEIGHT="28">
							<String ID="string_21" HPOS="132" VPOS="322" WIDTH="81" HEIGHT="21" WC="0.92" CONTENT="nämda"/><SP WIDTH="17" VPOS="322" HPOS="213"/>
							<String ID="string_22" HPOS="230" VPOS="322" WIDTH="149" HEIGHT="21" WC="0.92" CONTENT="ständermöte"/><SP WIDTH="16" VPOS="322" HPOS="379"/>
							<String ID="string_23" HPOS="395" VPOS="322" WIDTH="88" HEIGHT="27" WC="0.87" CONTENT="belöpte"/><SP WIDTH="17" VPOS="322" HPOS="483"/>
							<String ID="string_24" HPOS="500" VPOS="322" WIDTH="32" HEIGHT="27" WC="0.96" CONTENT="sig"/><SP WIDTH="15" VPOS="322" HPOS="532"/>
							<String ID="string_25" HPOS="547" VPOS="322" WIDTH="31" HEIGHT="21" WC="0.96" CONTENT="till"/><SP WIDTH="17" VPOS="322" HPOS="578"/>
							<String ID="string_26" HPOS="595" VPOS="322" WIDTH="101" HEIGHT="27" WC="0.96" CONTENT="omkring"/><SP WIDTH="16" VPOS="322" HPOS="696"/>
							<String ID="string_27" HPOS="712" VPOS="322" WIDTH="50" HEIGHT="26" WC="0.96" CONTENT="400,"/><SP WIDTH="13" VPOS="322" HPOS="762"/>
							<String ID="string_28" HPOS="775" VPOS="321" WIDTH="57" HEIGHT="22" WC="0.93" CONTENT="hade"/><SP WIDTH="17" VPOS="321" HPOS="832"/>
							<String ID="string_29" HPOS="849" VPOS="327" WIDTH="35" HEIGHT="16" WC="0.92" CONTENT="en-"/>
						</TextLine>
						<TextLine ID="line_4" HPOS="132" VPOS="357" WIDTH="752" HEIGHT="28">
							<String ID="string_30" HPOS="132" VPOS="358" WIDTH="39" HEIGHT="27" WC="0.96" CONTENT="ligt"/><SP WIDTH="15" VPOS="358" HPOS="171"/>
							<String ID="string_31" HPOS="186" VPOS="358" WIDTH="140" HEIGHT="27" WC="0.96" CONTENT="uppgifterna"/><SP WIDTH="15" VPOS="358" HPOS="326"/>
							<String ID="string_32" HPOS="341" VPOS="358" WIDTH="7" HEIGHT="21" WC="0.93" CONTENT="i"/><SP WIDTH="16" VPOS="358" HPOS="348"/>
							<String ID="string_33" HPOS="364" VPOS="358" WIDTH="122" HEIGHT="21" WC="0.93" CONTENT="relationen"/><SP WIDTH="16" VPOS="358" HPOS="486"/>
							<String ID="string_34" HPOS="502" VPOS="365" WIDTH="16" HEIGHT="14" WC="0.96" CONTENT="s."/><SP WIDTH="18" VPOS="365" HPOS="518"/>
							<String ID="string_35" HPOS="536" VPOS="357" WIDTH="13" HEIGHT="22" WC="0.96" CONTENT="2"/><SP WIDTH="25" VPOS="357" HPOS="549"/>
							<String ID="string_36" HPOS="574" VPOS="358" WIDTH="36" HEIGHT="21" WC="0.93" CONTENT="vid"/><SP WIDTH="18" VPOS="358" HPOS="610"/>
							<String ID="string_37" HPOS="628" VPOS="357" WIDTH="108" HEIGHT="28" WC="0.96" CONTENT="utgången"/><SP WIDTH="16" VPOS="357" HPOS="736"/>
							<String ID="string_38" HPOS="752" VPOS="357" WIDTH="24" HEIGHT="22" WC="0.96" CONTENT="af"/><SP WIDTH="16" VPOS="357" HPOS="776"/>
							<String ID="string_39" HPOS="792" VPOS="357" WIDTH="25" HEIGHT="22" WC="0.45" CONTENT="är"/><SP WIDTH="9" VPOS="357" HPOS="817"/>
							<String ID="string_40" HPOS="826" VPOS="357" WIDTH="58" HEIGHT="21" WC="0.45" CONTENT="1898"/>
						</TextLine>
						<TextLine ID="line_5" HPOS="133" VPOS="393" WIDTH="750" HEIGHT="28">
							<String ID="string_41" HPOS="133" VPOS="394" WIDTH="63" HEIGHT="22" WC="0.96" CONTENT="ökats"/><SP WIDTH="16" VPOS="394" HPOS="196"/>
							<String ID="string_42" HPOS="212" VPOS="394" WIDTH="32" HEIGHT="21" WC="0.96" CONTENT="till"/><SP WIDTH="16" VPOS="394" HPOS="244"/>
							<String ID="string_43" HPOS="260" VPOS="393" WIDTH="43" HEIGHT="22" WC="0.96" CONTENT="448"/><SP WIDTH="17" VPOS="393" HPOS="303"/>
							<String ID="string_44" HPOS="320" VPOS="394" WIDTH="41" HEIGHT="21" WC="0.93" CONTENT="och"/><SP WIDTH="17" VPOS="394" HPOS="361"/>
							<String ID="string_45" HPOS="378" VPOS="394" WIDTH="110" HEIGHT="27" WC="0.93" CONTENT="uppgingo"/><SP WIDTH="16" VPOS="394" HPOS="488"/>
							<String ID="string_46" HPOS="504" VPOS="393" WIDTH="37" HEIGHT="22" WC="0.93" CONTENT="vid"/><SP WIDTH="17" VPOS="393" HPOS="541"/>
							<String ID="string_47" HPOS="558" VPOS="393" WIDTH="110" HEIGHT="28" WC="0.95" CONTENT="utgången"/><SP WIDTH="16" VPOS="393" HPOS="668"/>
							<String ID="string_48" HPOS="684" VPOS="393" WIDTH="23" HEIGHT="22" WC="0.96" CONTENT="af"/><SP WIDTH="15" VPOS="393" HPOS="707"/>
							<String ID="string_49" HPOS="722" VPOS="393" WIDTH="26" HEIGHT="22" WC="0.96" CONTENT="är"/><SP WIDTH="17" VPOS="393" HPOS="748"/>
							<String ID="string_50" HPOS="765" VPOS="393" WIDTH="65" HEIGHT="26" WC="0.93" CONTENT="1899,"/><SP WIDTH="17" VPOS="393" HPOS="830"/>
							<String ID="string_51" HPOS="847" VPOS="399" WIDTH="36" HEIGHT="15" WC="0.92" CONTENT="en-"/>
						</TextLine>
						<TextLine ID="line_6" HPOS="132" VPOS="429" WIDTH="750" HEIGHT="28">
							<String ID="string_52" HPOS="132" VPOS="430" WIDTH="38" HEIGHT="27" WC="0.96" CONTENT="ligt"/><SP WIDTH="31" VPOS="430" HPOS="170"/>
							<String ID="string_53" HPOS="201" VPOS="430" WIDTH="110" HEIGHT="27" WC="0.89" CONTENT="uppgifter"/><SP WIDTH="32" VPOS="430" HPOS="311"/>
							<String ID="string_54" HPOS="343" VPOS="436" WIDTH="48" HEIGHT="15" WC="0.93" CONTENT="som"/><SP WIDTH="31" VPOS="436" HPOS="391"/>
							<String ID="string_55" HPOS="422" VPOS="430" WIDTH="110" HEIGHT="21" WC="0.92" CONTENT="Utskottet"/><SP WIDTH="38" VPOS="430" HPOS="532"/>
							<String ID="string_56" HPOS="570" VPOS="430" WIDTH="115" HEIGHT="25" WC="0.93" CONTENT="inhämtat,"/><SP WIDTH="31" VPOS="430" HPOS="685"/>
							<String ID="string_57" HPOS="716" VPOS="430" WIDTH="33" HEIGHT="20" WC="0.96" CONTENT="till"/><SP WIDTH="32" VPOS="430" HPOS="749"/>
							<String ID="string_58" HPOS="781" VPOS="429" WIDTH="101" HEIGHT="26" WC="0.96" CONTENT="omkring"/>
						</TextLine>
						<TextLine ID="line_7" HPOS="132" VPOS="465" WIDTH="752" HEIGHT="27">
							<String ID="string_59" HPOS="132" VPOS="465" WIDTH="50" HEIGHT="26" WC="0.96" CONTENT="550,"/><SP WIDTH="25" VPOS="465" HPOS="182"/>
							<String ID="string_60" HPOS="207" VPOS="468" WIDTH="57" HEIGHT="19" WC="0.96" CONTENT="samt"/><SP WIDTH="23" VPOS="468" HPOS="264"/>
							<String ID="string_61" HPOS="287" VPOS="465" WIDTH="63" HEIGHT="22" WC="0.93" CONTENT="torde"/><SP WIDTH="24" VPOS="465" HPOS="350"/>
							<String ID="string_62" HPOS="374" VPOS="471" WIDTH="92" HEIGHT="16" WC="0.92" CONTENT="numera"/><SP WIDTH="23" VPOS="471" HPOS="466"/>
							<String ID="string_63" HPOS="489" VPOS="465" WIDTH="56" HEIGHT="27" WC="0.92" CONTENT="stiga"/><SP WIDTH="26" VPOS="465" HPOS="545"/>
							<String ID="string_64" HPOS="571" VPOS="465" WIDTH="32" HEIGHT="21" WC="0.96" CONTENT="till"/><SP WIDTH="25" VPOS="465" HPOS="603"/>
							<String ID="string_65" HPOS="628" VPOS="467" WIDTH="30" HEIGHT="19" WC="0.96" CONTENT="ett"/><SP WIDTH="23" VPOS="467" HPOS="658"/>
							<String ID="string_66" HPOS="681" VPOS="465" WIDTH="61" HEIGHT="21" WC="0.96" CONTENT="antal"/><SP WIDTH="24" VPOS="465" HPOS="742"/>
							<String ID="string_67" HPOS="766" VPOS="465" WIDTH="23" HEIGHT="21" WC="0.96" CONTENT="af"/><SP WIDTH="24" VPOS="465" HPOS="789"/>
							<String ID="string_68" HPOS="813" VPOS="465" WIDTH="7" HEIGHT="20" WC="0.95" CONTENT="i"/><SP WIDTH="26" VPOS="465" HPOS="820"/>
							<String ID="string_69" HPOS="846" VPOS="465" WIDTH="38" HEIGHT="20" WC="0.95" CONTENT="det"/>
						</TextLine>
						<TextLine ID="line_8" HPOS="132" VPOS="501" WIDTH="751" HEIGHT="27">
							<String ID="string_70" HPOS="132" VPOS="503" WIDTH="112" HEIGHT="20" WC="0.96" CONTENT="närmaste"/><SP WIDTH="16" VPOS="503" HPOS="244"/>
							<String ID="string_71" HPOS="260" VPOS="501" WIDTH="50" HEIGHT="22" WC="0.92" CONTENT="600."/><SP WIDTH="33" VPOS="501" HPOS="310"/>
							<String ID="string_72" HPOS="343" VPOS="501" WIDTH="147" HEIGHT="22" WC="0.68" CONTENT="Sädant:har"/><SP WIDTH="24" VPOS="501" HPOS="490"/>
							<String ID="string_73" HPOS="514" VPOS="501" WIDTH="71" HEIGHT="21" WC="0.96" CONTENT="blifvit"/><SP WIDTH="20" VPOS="501" HPOS="585"/>
							<String ID="string_74" HPOS="605" VPOS="501" WIDTH="85" HEIGHT="27" WC="0.93" CONTENT="möjligt"/><SP WIDTH="15" VPOS="501" HPOS="690"/>
							<String ID="string_75" HPOS="705" VPOS="501" WIDTH="129" HEIGHT="27" WC="0.92" CONTENT="isynnerhet"/><SP WIDTH="15" VPOS="501" HPOS="834"/>
							<String ID="string_76" HPOS="849" VPOS="507" WIDTH="34" HEIGHT="20" WC="0.92" CONTENT="ge-"/>
						</TextLine>
						<TextLine ID="line_9" HPOS="132" VPOS="536" WIDTH="751" HEIGHT="27">
							<String ID="string_77" HPOS="132" VPOS="544" WIDTH="52" HEIGHT="15" WC="0.96" CONTENT="nom"/><SP WIDTH="22" VPOS="544" HPOS="184"/>
							<String ID="string_78" HPOS="206" VPOS="540" WIDTH="33" HEIGHT="18" WC="0.96" CONTENT="att"/><SP WIDTH="22" VPOS="540" HPOS="239"/>
							<String ID="string_79" HPOS="261" VPOS="537" WIDTH="69" HEIGHT="21" WC="0.96" CONTENT="sedan"/><SP WIDTH="24" VPOS="537" HPOS="330"/>
							<String ID="string_80" HPOS="354" VPOS="537" WIDTH="78" HEIGHT="26" WC="0.96" CONTENT="början"/><SP WIDTH="16" VPOS="537" HPOS="432"/>
							<String ID="string_81" HPOS="448" VPOS="537" WIDTH="23" HEIGHT="21" WC="0.96" CONTENT="af"/><SP WIDTH="16" VPOS="537" HPOS="471"/>
							<String ID="string_82" HPOS="487" VPOS="537" WIDTH="24" HEIGHT="21" WC="0.96" CONTENT="är"/><SP WIDTH="18" VPOS="537" HPOS="511"/>
							<String ID="string_83" HPOS="529" VPOS="537" WIDTH="57" HEIGHT="21" WC="0.91" CONTENT="1899"/><SP WIDTH="24" VPOS="537" HPOS="586"/>
							<String ID="string_84" HPOS="610" VPOS="537" WIDTH="13" HEIGHT="21" WC="0.42" CONTENT="ä"/><SP WIDTH="23" VPOS="537" HPOS="623"/>
							<String ID="string_85" HPOS="646" VPOS="537" WIDTH="94" HEIGHT="21" WC="0.95" CONTENT="flertalet"/><SP WIDTH="18" VPOS="537" HPOS="740"/>
							<String ID="string_86" HPOS="758" VPOS="537" WIDTH="22" HEIGHT="20" WC="0.93" CONTENT="af"/><SP WIDTH="16" VPOS="537" HPOS="780"/>
							<String ID="string_87" HPOS="796" VPOS="536" WIDTH="87" HEIGHT="21" WC="0.96" CONTENT="landets"/>
						</TextLine>
						<TextLine ID="line_10" HPOS="132" VPOS="573" WIDTH="689" HEIGHT="27">
							<String ID="string_88" HPOS="132" VPOS="573" WIDTH="157" HEIGHT="27" WC="0.92" CONTENT="postanstalter"/><SP WIDTH="15" VPOS="573" HPOS="289"/>
							<String ID="string_89" HPOS="304" VPOS="574" WIDTH="95" HEIGHT="26" WC="0.92" CONTENT="öppnats"/><SP WIDTH="16" VPOS="574" HPOS="399"/>
							<String ID="string_90" HPOS="415" VPOS="573" WIDTH="128" HEIGHT="26" WC="0.93" CONTENT="fullständig"/><SP WIDTH="11" VPOS="573" HPOS="543"/>
							<String ID="string_91" HPOS="554" VPOS="573" WIDTH="267" HEIGHT="27" WC="0.92" CONTENT="postsparbanksrörelse."/>
						</TextLine>
					</TextBlock>
					<TextBlock ID="block_2" HPOS="129" VPOS="608" WIDTH="755" HEIGHT="637">
						<TextLine ID="line_11" HPOS="204" VPOS="608" WIDTH="680" HEIGHT="23">
							<String ID="string_92" HPOS="204" VPOS="609" WIDTH="167" HEIGHT="22" WC="0.92" CONTENT="Statsutskottet"/><SP WIDTH="15" VPOS="609" HPOS="371"/>
							<String ID="string_93" HPOS="386" VPOS="609" WIDTH="41" HEIGHT="21" WC="0.93" CONTENT="har"/><SP WIDTH="15" VPOS="609" HPOS="427"/>
							<String ID="string_94" HPOS="442" VPOS="609" WIDTH="78" HEIGHT="21" WC="0.92" CONTENT="härvid"/><SP WIDTH="16" VPOS="609" HPOS="520"/>
							<String ID="string_95" HPOS="536" VPOS="609" WIDTH="122" HEIGHT="21" WC="0.92" CONTENT="emellertid"/><SP WIDTH="16" VPOS="609" HPOS="658"/>
							<String ID="string_96" HPOS="674" VPOS="609" WIDTH="49" HEIGHT="21" WC="0.92" CONTENT="icke"/><SP WIDTH="11" VPOS="609" HPOS="723"/>
							<String ID="string_97" HPOS="734" VPOS="609" WIDTH="86" HEIGHT="20" WC="0.93" CONTENT="kunnat"/><SP WIDTH="10" VPOS="609" HPOS="820"/>
							<String ID="string_98" HPOS="830" VPOS="608" WIDTH="54" HEIGHT="21" WC="0.92" CONTENT="und-"/>
						</TextLine>
						<TextLine ID="line_12" HPOS="132" VPOS="644" WIDTH="751" HEIGHT="28">
							<String ID="string_99" HPOS="132" VPOS="645" WIDTH="27" HEIGHT="27" WC="0.93" CONTENT="gä"/><SP WIDTH="16" VPOS="645" HPOS="159"/>
							<String ID="string_100" HPOS="175" VPOS="647" WIDTH="32" HEIGHT="19" WC="0.96" CONTENT="att"/><SP WIDTH="15" VPOS="647" HPOS="207"/>
							<String ID="string_101" HPOS="222" VPOS="645" WIDTH="64" HEIGHT="26" WC="0.93" CONTENT="lägga"/><SP WIDTH="21" VPOS="645" HPOS="286"/>
							<String ID="string_102" HPOS="307" VPOS="645" WIDTH="76" HEIGHT="21" WC="0.92" CONTENT="märke"/><SP WIDTH="24" VPOS="645" HPOS="383"/>
							<String ID="string_103" HPOS="407" VPOS="645" WIDTH="80" HEIGHT="25" WC="0.91" CONTENT="därtill,"/><SP WIDTH="23" VPOS="645" HPOS="487"/>
							<String ID="string_104" HPOS="510" VPOS="645" WIDTH="106" HEIGHT="21" WC="0.91" CONTENT="hurusom"/><SP WIDTH="24" VPOS="645" HPOS="616"/>
							<String ID="string_105" HPOS="640" VPOS="645" WIDTH="67" HEIGHT="26" WC="0.93" CONTENT="enligt"/><SP WIDTH="15" VPOS="645" HPOS="707"/>
							<String ID="string_106" HPOS="722" VPOS="644" WIDTH="96" HEIGHT="21" WC="0.92" CONTENT="tabellen"/><SP WIDTH="17" VPOS="644" HPOS="818"/>
							<String ID="string_107" HPOS="835" VPOS="650" WIDTH="17" HEIGHT="15" WC="0.96" CONTENT="s."/><SP WIDTH="18" VPOS="650" HPOS="852"/>
							<String ID="string_108" HPOS="870" VPOS="644" WIDTH="13" HEIGHT="21" WC="0.96" CONTENT="2"/>
						</TextLine>
						<TextLine ID="line_13" HPOS="132" VPOS="680" WIDTH="751" HEIGHT="27">
							<String ID="string_109" HPOS="132" VPOS="681" WIDTH="102" HEIGHT="21" WC="0.87" CONTENT="siffrorna"/><SP WIDTH="16" VPOS="681" HPOS="234"/>
							<String ID="string_110" HPOS="250" VPOS="681" WIDTH="7" HEIGHT="20" WC="0.93" CONTENT="i"/><SP WIDTH="17" VPOS="681" HPOS="257"/>
							<String ID="string_111" HPOS="274" VPOS="680" WIDTH="104" HEIGHT="22" WC="0.92" CONTENT="afseende"/><SP WIDTH="17" VPOS="680" HPOS="378"/>
							<String ID="string_112" HPOS="395" VPOS="680" WIDTH="13" HEIGHT="21" WC="0.87" CONTENT="ä"/><SP WIDTH="16" VPOS="680" HPOS="408"/>
							<String ID="string_113" HPOS="424" VPOS="681" WIDTH="83" HEIGHT="21" WC="0.96" CONTENT="antalet"/><SP WIDTH="16" VPOS="681" HPOS="507"/>
							<String ID="string_114" HPOS="523" VPOS="681" WIDTH="23" HEIGHT="20" WC="0.93" CONTENT="af"/><SP WIDTH="16" VPOS="681" HPOS="546"/>
							<String ID="string_115" HPOS="562" VPOS="680" WIDTH="256" HEIGHT="27" WC="0.92" CONTENT="postsparbankskontor"/><SP WIDTH="23" VPOS="680" HPOS="818"/>
							<String ID="string_116" HPOS="841" VPOS="680" WIDTH="42" HEIGHT="21" WC="0.95" CONTENT="och"/>
						</TextLine>
						<TextLine ID="line_14" HPOS="133" VPOS="715" WIDTH="750" HEIGHT="28">
							<String ID="string_117" HPOS="133" VPOS="717" WIDTH="64" HEIGHT="22" WC="0.93" CONTENT="deras"/><SP WIDTH="24" VPOS="717" HPOS="197"/>
							<String ID="string_118" HPOS="221" VPOS="716" WIDTH="124" HEIGHT="27" WC="0.91" CONTENT="fördelning"/><SP WIDTH="15" VPOS="716" HPOS="345"/>
							<String ID="string_119" HPOS="360" VPOS="716" WIDTH="29" HEIGHT="27" WC="0.97" CONTENT="pä"/><SP WIDTH="16" VPOS="716" HPOS="389"/>
							<String ID="string_120" HPOS="405" VPOS="717" WIDTH="27" HEIGHT="21" WC="0.96" CONTENT="de"/><SP WIDTH="16" VPOS="717" HPOS="432"/>
							<String ID="string_121" HPOS="448" VPOS="717" WIDTH="60" HEIGHT="21" WC="0.93" CONTENT="olika"/><SP WIDTH="22" VPOS="717" HPOS="508"/>
							<String ID="string_122" HPOS="530" VPOS="717" WIDTH="65" HEIGHT="21" WC="0.93" CONTENT="länen"/><SP WIDTH="19" VPOS="717" HPOS="595"/>
							<String ID="string_123" HPOS="614" VPOS="717" WIDTH="67" HEIGHT="21" WC="0.92" CONTENT="ställa"/><SP WIDTH="20" VPOS="717" HPOS="681"/>
							<String ID="string_124" HPOS="701" VPOS="717" WIDTH="33" HEIGHT="26" WC="0.92" CONTENT="sig"/><SP WIDTH="21" VPOS="717" HPOS="734"/>
							<String ID="string_125" HPOS="755" VPOS="715" WIDTH="128" HEIGHT="28" WC="0.90" CONTENT="päfallande"/>
						</TextLine>
						<TextLine ID="line_15" HPOS="132" VPOS="751" WIDTH="751" HEIGHT="29">
							<String ID="string_126" HPOS="132" VPOS="755" WIDTH="116" HEIGHT="25" WC="0.91" CONTENT="ogynsamt"/><SP WIDTH="20" VPOS="755" HPOS="248"/>
							<String ID="string_127" HPOS="268" VPOS="753" WIDTH="7" HEIGHT="20" WC="0.93" CONTENT="i"/><SP WIDTH="22" VPOS="753" HPOS="275"/>
							<String ID="string_128" HPOS="297" VPOS="753" WIDTH="59" HEIGHT="20" WC="0.96" CONTENT="hvad"/><SP WIDTH="24" VPOS="753" HPOS="356"/>
							<String ID="string_129" HPOS="380" VPOS="759" WIDTH="48" HEIGHT="15" WC="0.92" CONTENT="som"/><SP WIDTH="24" VPOS="759" HPOS="428"/>
							<String ID="string_130" HPOS="452" VPOS="753" WIDTH="104" HEIGHT="21" WC="0.95" CONTENT="särskildt"/><SP WIDTH="24" VPOS="753" HPOS="556"/>
							<String ID="string_131" HPOS="580" VPOS="752" WIDTH="69" HEIGHT="27" WC="0.96" CONTENT="angår"/><SP WIDTH="24" VPOS="752" HPOS="649"/>
							<String ID="string_132" HPOS="673" VPOS="752" WIDTH="32" HEIGHT="22" WC="0.95" CONTENT="S:t"/><SP WIDTH="21" VPOS="752" HPOS="705"/>
							<String ID="string_133" HPOS="726" VPOS="752" WIDTH="91" HEIGHT="21" WC="0.96" CONTENT="Michels"/><SP WIDTH="24" VPOS="752" HPOS="817"/>
							<String ID="string_134" HPOS="841" VPOS="751" WIDTH="42" HEIGHT="22" WC="0.95" CONTENT="och"/>
						</TextLine>
						<TextLine ID="line_16" HPOS="132" VPOS="787" WIDTH="750" HEIGHT="28">
							<String ID="string_135" HPOS="132" VPOS="789" WIDTH="87" HEIGHT="26" WC="0.96" CONTENT="Kuopio"/><SP WIDTH="24" VPOS="789" HPOS="219"/>
							<String ID="string_136" HPOS="243" VPOS="789" WIDTH="42" HEIGHT="25" WC="0.96" CONTENT="län,"/><SP WIDTH="24" VPOS="789" HPOS="285"/>
							<String ID="string_137" HPOS="309" VPOS="789" WIDTH="27" HEIGHT="20" WC="0.93" CONTENT="de"/><SP WIDTH="16" VPOS="789" HPOS="336"/>
							<String ID="string_138" HPOS="352" VPOS="788" WIDTH="132" HEIGHT="25" WC="0.91" CONTENT="landsdelar,"/><SP WIDTH="17" VPOS="788" HPOS="484"/>
							<String ID="string_139" HPOS="501" VPOS="789" WIDTH="40" HEIGHT="21" WC="0.91" CONTENT="där"/><SP WIDTH="20" VPOS="789" HPOS="541"/>
							<String ID="string_140" HPOS="561" VPOS="789" WIDTH="89" HEIGHT="21" WC="0.91" CONTENT="banken"/><SP WIDTH="23" VPOS="789" HPOS="650"/>
							<String ID="string_141" HPOS="673" VPOS="795" WIDTH="66" HEIGHT="20" WC="0.91" CONTENT="synes"/><SP WIDTH="16" VPOS="795" HPOS="739"/>
							<String ID="string_142" HPOS="755" VPOS="788" WIDTH="68" HEIGHT="21" WC="0.92" CONTENT="hafva"/><SP WIDTH="15" VPOS="788" HPOS="823"/>
							<String ID="string_143" HPOS="838" VPOS="787" WIDTH="44" HEIGHT="21" WC="0.89" CONTENT="mä-"/>
						</TextLine>
						<TextLine ID="line_17" HPOS="132" VPOS="823" WIDTH="751" HEIGHT="29">
							<String ID="string_144" HPOS="132" VPOS="825" WIDTH="75" HEIGHT="20" WC="0.91" CONTENT="hända"/><SP WIDTH="22" VPOS="825" HPOS="207"/>
							<String ID="string_145" HPOS="229" VPOS="825" WIDTH="34" HEIGHT="20" WC="0.96" CONTENT="sin"/><SP WIDTH="24" VPOS="825" HPOS="263"/>
							<String ID="string_146" HPOS="287" VPOS="825" WIDTH="81" HEIGHT="20" WC="0.93" CONTENT="största"/><SP WIDTH="21" VPOS="825" HPOS="368"/>
							<String ID="string_147" HPOS="389" VPOS="824" WIDTH="85" HEIGHT="27" WC="0.92" CONTENT="uppgift"/><SP WIDTH="23" VPOS="824" HPOS="474"/>
							<String ID="string_148" HPOS="497" VPOS="827" WIDTH="31" HEIGHT="18" WC="0.93" CONTENT="att"/><SP WIDTH="16" VPOS="827" HPOS="528"/>
							<String ID="string_149" HPOS="544" VPOS="824" WIDTH="59" HEIGHT="28" WC="0.90" CONTENT="fylla."/><SP WIDTH="33" VPOS="824" HPOS="603"/>
							<String ID="string_150" HPOS="636" VPOS="824" WIDTH="71" HEIGHT="27" WC="0.93" CONTENT="Enligt"/><SP WIDTH="16" VPOS="824" HPOS="707"/>
							<String ID="string_151" HPOS="723" VPOS="824" WIDTH="58" HEIGHT="21" WC="0.92" CONTENT="hvad"/><SP WIDTH="17" VPOS="824" HPOS="781"/>
							<String ID="string_152" HPOS="798" VPOS="823" WIDTH="85" HEIGHT="22" WC="0.91" CONTENT="Utskot-"/>
						</TextLine>
						<TextLine ID="line_18" HPOS="131" VPOS="859" WIDTH="752" HEIGHT="28">
							<String ID="string_153" HPOS="131" VPOS="862" WIDTH="31" HEIGHT="19" WC="0.92" CONTENT="tet"/><SP WIDTH="22" VPOS="862" HPOS="162"/>
							<String ID="string_154" HPOS="184" VPOS="860" WIDTH="107" HEIGHT="21" WC="0.88" CONTENT="inhemtat"/><SP WIDTH="22" VPOS="860" HPOS="291"/>
							<String ID="string_155" HPOS="313" VPOS="860" WIDTH="68" HEIGHT="21" WC="0.92" CONTENT="hafva"/><SP WIDTH="28" VPOS="860" HPOS="381"/>
							<String ID="string_156" HPOS="409" VPOS="861" WIDTH="113" HEIGHT="21" WC="0.96" CONTENT="dessutom"/><SP WIDTH="27" VPOS="861" HPOS="522"/>
							<String ID="string_157" HPOS="549" VPOS="861" WIDTH="71" HEIGHT="21" WC="0.96" CONTENT="under"/><SP WIDTH="24" VPOS="861" HPOS="620"/>
							<String ID="string_158" HPOS="644" VPOS="860" WIDTH="24" HEIGHT="21" WC="0.96" CONTENT="är"/><SP WIDTH="30" VPOS="860" HPOS="668"/>
							<String ID="string_159" HPOS="698" VPOS="860" WIDTH="56" HEIGHT="21" WC="0.90" CONTENT="1899"/><SP WIDTH="28" VPOS="860" HPOS="754"/>
							<String ID="string_160" HPOS="782" VPOS="860" WIDTH="18" HEIGHT="27" WC="0.87" CONTENT="ej"/><SP WIDTH="30" VPOS="860" HPOS="800"/>
							<String ID="string_161" HPOS="830" VPOS="859" WIDTH="53" HEIGHT="21" WC="0.91" CONTENT="flere"/>
						</TextLine>
						<TextLine ID="line_19" HPOS="131" VPOS="895" WIDTH="751" HEIGHT="28">
							<String ID="string_162" HPOS="131" VPOS="897" WIDTH="23" HEIGHT="20" WC="0.96" CONTENT="än"/><SP WIDTH="14" VPOS="897" HPOS="154"/>
							<String ID="string_163" HPOS="168" VPOS="896" WIDTH="10" HEIGHT="21" WC="0.96" CONTENT="4"/><SP WIDTH="12" VPOS="896" HPOS="178"/>
							<String ID="string_164" HPOS="190" VPOS="902" WIDTH="44" HEIGHT="21" WC="0.95" CONTENT="nya"/><SP WIDTH="11" VPOS="902" HPOS="234"/>
							<String ID="string_165" HPOS="245" VPOS="896" WIDTH="80" HEIGHT="21" WC="0.96" CONTENT="kontor"/><SP WIDTH="15" VPOS="896" HPOS="325"/>
							<String ID="string_166" HPOS="340" VPOS="897" WIDTH="6" HEIGHT="20" WC="0.96" CONTENT="i"/><SP WIDTH="17" VPOS="897" HPOS="346"/>
							<String ID="string_167" HPOS="363" VPOS="896" WIDTH="38" HEIGHT="21" WC="0.93" CONTENT="det"/><SP WIDTH="15" VPOS="896" HPOS="401"/>
							<String ID="string_168" HPOS="416" VPOS="896" WIDTH="138" HEIGHT="21" WC="0.92" CONTENT="förstnämda"/><SP WIDTH="16" VPOS="896" HPOS="554"/>
							<String ID="string_169" HPOS="570" VPOS="896" WIDTH="60" HEIGHT="21" WC="0.91" CONTENT="länet"/><SP WIDTH="15" VPOS="896" HPOS="630"/>
							<String ID="string_170" HPOS="645" VPOS="896" WIDTH="41" HEIGHT="21" WC="0.90" CONTENT="och"/><SP WIDTH="12" VPOS="896" HPOS="686"/>
							<String ID="string_171" HPOS="698" VPOS="896" WIDTH="13" HEIGHT="21" WC="0.90" CONTENT="7"/><SP WIDTH="17" VPOS="896" HPOS="711"/>
							<String ID="string_172" HPOS="728" VPOS="896" WIDTH="6" HEIGHT="21" WC="0.96" CONTENT="i"/><SP WIDTH="17" VPOS="896" HPOS="734"/>
							<String ID="string_173" HPOS="751" VPOS="895" WIDTH="37" HEIGHT="22" WC="0.96" CONTENT="det"/><SP WIDTH="16" VPOS="895" HPOS="788"/>
							<String ID="string_174" HPOS="804" VPOS="900" WIDTH="78" HEIGHT="16" WC="0.96" CONTENT="senare"/>
						</TextLine>
						<TextLine ID="line_20" HPOS="130" VPOS="925" WIDTH="751" HEIGHT="32">
							<String ID="string_175" HPOS="130" VPOS="932" WIDTH="108" HEIGHT="25" WC="0.96" CONTENT="inrättats,"/><SP WIDTH="25" VPOS="932" HPOS="238"/>
							<String ID="string_176" HPOS="263" VPOS="932" WIDTH="80" HEIGHT="21" WC="0.93" CONTENT="medan"/><SP WIDTH="23" VPOS="932" HPOS="343"/>
							<String ID="string_177" HPOS="366" VPOS="934" WIDTH="14" HEIGHT="18" WC="0.86" CONTENT="t."/><SP WIDTH="18" VPOS="934" HPOS="380"/>
							<String ID="string_178" HPOS="398" VPOS="938" WIDTH="33" HEIGHT="15" WC="0.95" CONTENT="ex."/><SP WIDTH="25" VPOS="938" HPOS="431"/>
							<String ID="string_179" HPOS="456" VPOS="932" WIDTH="71" HEIGHT="21" WC="0.93" CONTENT="under"/><SP WIDTH="19" VPOS="932" HPOS="527"/>
							<String ID="string_180" HPOS="546" VPOS="932" WIDTH="94" HEIGHT="21" WC="0.91" CONTENT="sistlidet"/><SP WIDTH="23" VPOS="932" HPOS="640"/>
							<String ID="string_181" HPOS="663" VPOS="931" WIDTH="25" HEIGHT="22" WC="0.95" CONTENT="är"/><SP WIDTH="16" VPOS="931" HPOS="688"/>
							<String ID="string_182" HPOS="704" VPOS="932" WIDTH="7" HEIGHT="21" WC="0.93" CONTENT="i"/><SP WIDTH="16" VPOS="932" HPOS="711"/>
							<String ID="string_183" HPOS="727" VPOS="925" WIDTH="49" HEIGHT="28" WC="0.96" CONTENT="Åbo"/><SP WIDTH="17" VPOS="925" HPOS="776"/>
							<String ID="string_184" HPOS="793" VPOS="931" WIDTH="37" HEIGHT="21" WC="0.96" CONTENT="län"/><SP WIDTH="16" VPOS="931" HPOS="830"/>
							<String ID="string_185" HPOS="846" VPOS="931" WIDTH="35" HEIGHT="25" WC="0.96" CONTENT="26,"/>
						</TextLine>
						<TextLine ID="line_21" HPOS="130" VPOS="966" WIDTH="753" HEIGHT="29">
							<String ID="string_186" HPOS="130" VPOS="968" WIDTH="7" HEIGHT="21" WC="0.96" CONTENT="i"/><SP WIDTH="16" VPOS="968" HPOS="137"/>
							<String ID="string_187" HPOS="153" VPOS="967" WIDTH="99" HEIGHT="28" WC="0.96" CONTENT="Nylands"/><SP WIDTH="16" VPOS="967" HPOS="252"/>
							<String ID="string_188" HPOS="268" VPOS="968" WIDTH="36" HEIGHT="21" WC="0.96" CONTENT="län"/><SP WIDTH="19" VPOS="968" HPOS="304"/>
							<String ID="string_189" HPOS="323" VPOS="967" WIDTH="33" HEIGHT="26" WC="0.92" CONTENT="10,"/><SP WIDTH="17" VPOS="967" HPOS="356"/>
							<String ID="string_190" HPOS="373" VPOS="968" WIDTH="6" HEIGHT="20" WC="0.92" CONTENT="i"/><SP WIDTH="17" VPOS="968" HPOS="379"/>
							<String ID="string_191" HPOS="396" VPOS="967" WIDTH="93" HEIGHT="27" WC="0.92" CONTENT="Viborgs"/><SP WIDTH="23" VPOS="967" HPOS="489"/>
							<String ID="string_192" HPOS="512" VPOS="967" WIDTH="37" HEIGHT="22" WC="0.96" CONTENT="län"/><SP WIDTH="19" VPOS="967" HPOS="549"/>
							<String ID="string_193" HPOS="568" VPOS="968" WIDTH="30" HEIGHT="21" WC="0.97" CONTENT="20"/><SP WIDTH="21" VPOS="968" HPOS="598"/>
							<String ID="string_194" HPOS="619" VPOS="974" WIDTH="44" HEIGHT="21" WC="0.96" CONTENT="nya"/><SP WIDTH="23" VPOS="974" HPOS="663"/>
							<String ID="string_195" HPOS="686" VPOS="967" WIDTH="80" HEIGHT="22" WC="0.93" CONTENT="kontor"/><SP WIDTH="23" VPOS="967" HPOS="766"/>
							<String ID="string_196" HPOS="789" VPOS="966" WIDTH="94" HEIGHT="22" WC="0.92" CONTENT="tillkom-"/>
						</TextLine>
						<TextLine ID="line_22" HPOS="130" VPOS="1001" WIDTH="753" HEIGHT="29">
							<String ID="string_197" HPOS="130" VPOS="1003" WIDTH="45" HEIGHT="21" WC="0.90" CONTENT="mit."/><SP WIDTH="33" VPOS="1003" HPOS="175"/>
							<String ID="string_198" HPOS="208" VPOS="1003" WIDTH="109" HEIGHT="22" WC="0.90" CONTENT="Utskottet"/><SP WIDTH="23" VPOS="1003" HPOS="317"/>
							<String ID="string_199" HPOS="340" VPOS="1003" WIDTH="41" HEIGHT="21" WC="0.93" CONTENT="har"/><SP WIDTH="23" VPOS="1003" HPOS="381"/>
							<String ID="string_200" HPOS="404" VPOS="1005" WIDTH="102" HEIGHT="25" WC="0.92" CONTENT="nogsamt"/><SP WIDTH="16" VPOS="1005" HPOS="506"/>
							<String ID="string_201" HPOS="522" VPOS="1003" WIDTH="72" HEIGHT="22" WC="0.92" CONTENT="funnit"/><SP WIDTH="24" VPOS="1003" HPOS="594"/>
							<String ID="string_202" HPOS="618" VPOS="1005" WIDTH="31" HEIGHT="19" WC="0.93" CONTENT="att"/><SP WIDTH="22" VPOS="1005" HPOS="649"/>
							<String ID="string_203" HPOS="671" VPOS="1003" WIDTH="79" HEIGHT="22" WC="0.92" CONTENT="sädant"/><SP WIDTH="16" VPOS="1003" HPOS="750"/>
							<String ID="string_204" HPOS="766" VPOS="1003" WIDTH="72" HEIGHT="21" WC="0.91" CONTENT="berott"/><SP WIDTH="16" VPOS="1003" HPOS="838"/>
							<String ID="string_205" HPOS="854" VPOS="1001" WIDTH="29" HEIGHT="28" WC="0.97" CONTENT="pä"/>
						</TextLine>
						<TextLine ID="line_23" HPOS="130" VPOS="1038" WIDTH="753" HEIGHT="29">
							<String ID="string_206" HPOS="130" VPOS="1039" WIDTH="27" HEIGHT="21" WC="0.93" CONTENT="de"/><SP WIDTH="16" VPOS="1039" HPOS="157"/>
							<String ID="string_207" HPOS="173" VPOS="1045" WIDTH="170" HEIGHT="22" WC="0.92" CONTENT="ogynsammare"/><SP WIDTH="16" VPOS="1045" HPOS="343"/>
							<String ID="string_208" HPOS="359" VPOS="1039" WIDTH="148" HEIGHT="27" WC="0.92" CONTENT="befolknings-"/><SP WIDTH="13" VPOS="1039" HPOS="507"/>
							<String ID="string_209" HPOS="520" VPOS="1039" WIDTH="42" HEIGHT="22" WC="0.93" CONTENT="och"/><SP WIDTH="12" VPOS="1039" HPOS="562"/>
							<String ID="string_210" HPOS="574" VPOS="1039" WIDTH="236" HEIGHT="27" WC="0.92" CONTENT="postförhällandena"/><SP WIDTH="-15" VPOS="1039" HPOS="810"/>
							<String ID="string_211" HPOS="795" VPOS="1034" WIDTH="10" HEIGHT="37" WC="0.93" CONTENT="i"/><SP WIDTH="14" VPOS="1034" HPOS="805"/>
							<String ID="string_212" HPOS="819" VPOS="1038" WIDTH="64" HEIGHT="21" WC="0.93" CONTENT="först-"/>
						</TextLine>
						<TextLine ID="line_24" HPOS="129" VPOS="1073" WIDTH="755" HEIGHT="29">
							<String ID="string_213" HPOS="129" VPOS="1074" WIDTH="95" HEIGHT="22" WC="0.87" CONTENT="berörda"/><SP WIDTH="27" VPOS="1074" HPOS="224"/>
							<String ID="string_214" HPOS="251" VPOS="1075" WIDTH="133" HEIGHT="26" WC="0.87" CONTENT="landsdelar,"/><SP WIDTH="25" VPOS="1075" HPOS="384"/>
							<String ID="string_215" HPOS="409" VPOS="1081" WIDTH="50" HEIGHT="15" WC="0.95" CONTENT="men"/><SP WIDTH="23" VPOS="1081" HPOS="459"/>
							<String ID="string_216" HPOS="482" VPOS="1075" WIDTH="41" HEIGHT="21" WC="0.96" CONTENT="har"/><SP WIDTH="24" VPOS="1075" HPOS="523"/>
							<String ID="string_217" HPOS="547" VPOS="1075" WIDTH="56" HEIGHT="21" WC="0.93" CONTENT="dock"/><SP WIDTH="25" VPOS="1075" HPOS="603"/>
							<String ID="string_218" HPOS="628" VPOS="1075" WIDTH="19" HEIGHT="27" WC="0.92" CONTENT="ej"/><SP WIDTH="29" VPOS="1075" HPOS="647"/>
							<String ID="string_219" HPOS="676" VPOS="1075" WIDTH="59" HEIGHT="21" WC="0.93" CONTENT="velat"/><SP WIDTH="31" VPOS="1075" HPOS="735"/>
							<String ID="string_220" HPOS="766" VPOS="1073" WIDTH="118" HEIGHT="22" WC="0.91" CONTENT="underläta"/>
						</TextLine>
						<TextLine ID="line_25" HPOS="131" VPOS="1109" WIDTH="751" HEIGHT="28">
							<String ID="string_221" HPOS="131" VPOS="1112" WIDTH="31" HEIGHT="19" WC="0.91" CONTENT="att"/><SP WIDTH="15" VPOS="1112" HPOS="162"/>
							<String ID="string_222" HPOS="177" VPOS="1110" WIDTH="118" HEIGHT="21" WC="0.91" CONTENT="framhälla"/><SP WIDTH="17" VPOS="1110" HPOS="295"/>
							<String ID="string_223" HPOS="312" VPOS="1111" WIDTH="66" HEIGHT="21" WC="0.96" CONTENT="dessa"/><SP WIDTH="16" VPOS="1111" HPOS="378"/>
							<String ID="string_224" HPOS="394" VPOS="1111" WIDTH="194" HEIGHT="26" WC="0.95" CONTENT="omständigheter,"/><SP WIDTH="24" VPOS="1111" HPOS="588"/>
							<String ID="string_225" HPOS="612" VPOS="1111" WIDTH="35" HEIGHT="21" WC="0.96" CONTENT="för"/><SP WIDTH="17" VPOS="1111" HPOS="647"/>
							<String ID="string_226" HPOS="664" VPOS="1111" WIDTH="43" HEIGHT="20" WC="0.93" CONTENT="den"/><SP WIDTH="17" VPOS="1111" HPOS="707"/>
							<String ID="string_227" HPOS="724" VPOS="1110" WIDTH="106" HEIGHT="21" WC="0.91" CONTENT="händelse"/><SP WIDTH="16" VPOS="1110" HPOS="830"/>
							<String ID="string_228" HPOS="846" VPOS="1109" WIDTH="36" HEIGHT="22" WC="0.93" CONTENT="de-"/>
						</TextLine>
						<TextLine ID="line_26" HPOS="129" VPOS="1145" WIDTH="753" HEIGHT="28">
							<String ID="string_229" HPOS="129" VPOS="1152" WIDTH="97" HEIGHT="15" WC="0.92" CONTENT="sammas"/><SP WIDTH="17" VPOS="1152" HPOS="226"/>
							<String ID="string_230" HPOS="243" VPOS="1146" WIDTH="241" HEIGHT="27" WC="0.92" CONTENT="uppmärksammande"/><SP WIDTH="17" VPOS="1146" HPOS="484"/>
							<String ID="string_231" HPOS="501" VPOS="1146" WIDTH="74" HEIGHT="22" WC="0.93" CONTENT="kunde"/><SP WIDTH="16" VPOS="1146" HPOS="575"/>
							<String ID="string_232" HPOS="591" VPOS="1146" WIDTH="118" HEIGHT="21" WC="0.92" CONTENT="föranleda"/><SP WIDTH="16" VPOS="1146" HPOS="709"/>
							<String ID="string_233" HPOS="725" VPOS="1148" WIDTH="31" HEIGHT="19" WC="0.93" CONTENT="att"/><SP WIDTH="16" VPOS="1148" HPOS="756"/>
							<String ID="string_234" HPOS="772" VPOS="1145" WIDTH="67" HEIGHT="27" WC="0.92" CONTENT="nägot"/><SP WIDTH="8" VPOS="1145" HPOS="839"/>
							<String ID="string_235" HPOS="847" VPOS="1145" WIDTH="35" HEIGHT="21" WC="0.96" CONTENT="för"/>
						</TextLine>
						<TextLine ID="line_27" HPOS="129" VPOS="1181" WIDTH="753" HEIGHT="28">
							<String ID="string_236" HPOS="129" VPOS="1188" WIDTH="27" HEIGHT="15" WC="0.92" CONTENT="en"/><SP WIDTH="16" VPOS="1188" HPOS="156"/>
							<String ID="string_237" HPOS="172" VPOS="1182" WIDTH="100" HEIGHT="26" WC="0.92" CONTENT="jämnare"/><SP WIDTH="16" VPOS="1182" HPOS="272"/>
							<String ID="string_238" HPOS="288" VPOS="1182" WIDTH="125" HEIGHT="27" WC="0.92" CONTENT="fördelning"/><SP WIDTH="23" VPOS="1182" HPOS="413"/>
							<String ID="string_239" HPOS="436" VPOS="1181" WIDTH="49" HEIGHT="22" WC="0.91" CONTENT="frän"/><SP WIDTH="24" VPOS="1181" HPOS="485"/>
							<String ID="string_240" HPOS="509" VPOS="1181" WIDTH="300" HEIGHT="28" WC="0.90" CONTENT="Postsparbanksstyrelsens"/><SP WIDTH="24" VPOS="1181" HPOS="809"/>
							<String ID="string_241" HPOS="833" VPOS="1181" WIDTH="49" HEIGHT="21" WC="0.96" CONTENT="sida"/>
						</TextLine>
						<TextLine ID="line_28" HPOS="130" VPOS="1217" WIDTH="195" HEIGHT="28">
							<String ID="string_242" HPOS="130" VPOS="1217" WIDTH="74" HEIGHT="22" WC="0.93" CONTENT="kunde"/><SP WIDTH="16" VPOS="1217" HPOS="204"/>
							<String ID="string_243" HPOS="220" VPOS="1218" WIDTH="105" HEIGHT="27" WC="0.92" CONTENT="tillgöras."/>
						</TextLine>
					</TextBlock>
					<TextBlock ID="block_3" HPOS="127" VPOS="1249" WIDTH="755" HEIGHT="247">
						<TextLine ID="line_29" HPOS="200" VPOS="1249" WIDTH="682" HEIGHT="32">
							<String ID="string_244" HPOS="200" VPOS="1249" WIDTH="71" HEIGHT="26" WC="0.91" CONTENT="Äfven"/><SP WIDTH="24" VPOS="1249" HPOS="271"/>
							<String ID="string_245" HPOS="295" VPOS="1254" WIDTH="40" HEIGHT="21" WC="0.93" CONTENT="har"/><SP WIDTH="24" VPOS="1254" HPOS="335"/>
							<String ID="string_246" HPOS="359" VPOS="1253" WIDTH="109" HEIGHT="22" WC="0.92" CONTENT="Utskottet"/><SP WIDTH="22" VPOS="1253" HPOS="468"/>
							<String ID="string_247" HPOS="490" VPOS="1254" WIDTH="72" HEIGHT="21" WC="0.93" CONTENT="funnit"/><SP WIDTH="16" VPOS="1254" HPOS="562"/>
							<String ID="string_248" HPOS="578" VPOS="1256" WIDTH="32" HEIGHT="19" WC="0.93" CONTENT="att"/><SP WIDTH="16" VPOS="1256" HPOS="610"/>
							<String ID="string_249" HPOS="626" VPOS="1253" WIDTH="256" HEIGHT="28" WC="0.91" CONTENT="försäljningsplatserna"/>
						</TextLine>
						<TextLine ID="line_30" HPOS="128" VPOS="1288" WIDTH="753" HEIGHT="29">
							<String ID="string_250" HPOS="128" VPOS="1289" WIDTH="35" HEIGHT="21" WC="0.92" CONTENT="för"/><SP WIDTH="24" VPOS="1289" HPOS="163"/>
							<String ID="string_251" HPOS="187" VPOS="1289" WIDTH="196" HEIGHT="28" WC="0.92" CONTENT="postsparmärken"/><SP WIDTH="24" VPOS="1289" HPOS="383"/>
							<String ID="string_252" HPOS="407" VPOS="1289" WIDTH="67" HEIGHT="28" WC="0.96" CONTENT="enligt"/><SP WIDTH="23" VPOS="1289" HPOS="474"/>
							<String ID="string_253" HPOS="497" VPOS="1289" WIDTH="110" HEIGHT="28" WC="0.96" CONTENT="uppgifter"/><SP WIDTH="19" VPOS="1289" HPOS="607"/>
							<String ID="string_254" HPOS="626" VPOS="1290" WIDTH="6" HEIGHT="21" WC="0.93" CONTENT="i"/><SP WIDTH="16" VPOS="1290" HPOS="632"/>
							<String ID="string_255" HPOS="648" VPOS="1289" WIDTH="123" HEIGHT="22" WC="0.93" CONTENT="relationen"/><SP WIDTH="24" VPOS="1289" HPOS="771"/>
							<String ID="string_256" HPOS="795" VPOS="1296" WIDTH="17" HEIGHT="14" WC="0.86" CONTENT="s."/><SP WIDTH="19" VPOS="1296" HPOS="812"/>
							<String ID="string_257" HPOS="831" VPOS="1288" WIDTH="27" HEIGHT="22" WC="0.93" CONTENT="10"/><SP WIDTH="16" VPOS="1288" HPOS="858"/>
							<String ID="string_258" HPOS="874" VPOS="1289" WIDTH="7" HEIGHT="20" WC="0.93" CONTENT="i"/>
						</TextLine>
						<TextLine ID="line_31" HPOS="129" VPOS="1324" WIDTH="753" HEIGHT="28">
							<String ID="string_259" HPOS="129" VPOS="1325" WIDTH="96" HEIGHT="27" WC="0.92" CONTENT="betydlig"/><SP WIDTH="16" VPOS="1325" HPOS="225"/>
							<String ID="string_260" HPOS="241" VPOS="1325" WIDTH="54" HEIGHT="27" WC="0.93" CONTENT="grad"/><SP WIDTH="17" VPOS="1325" HPOS="295"/>
							<String ID="string_261" HPOS="312" VPOS="1325" WIDTH="70" HEIGHT="21" WC="0.92" CONTENT="ökats."/><SP WIDTH="28" VPOS="1325" HPOS="382"/>
							<String ID="string_262" HPOS="410" VPOS="1325" WIDTH="7" HEIGHT="21" WC="0.89" CONTENT="I"/><SP WIDTH="18" VPOS="1325" HPOS="417"/>
							<String ID="string_263" HPOS="435" VPOS="1325" WIDTH="120" HEIGHT="22" WC="0.92" CONTENT="allmänhet"/><SP WIDTH="17" VPOS="1325" HPOS="555"/>
							<String ID="string_264" HPOS="572" VPOS="1332" WIDTH="66" HEIGHT="20" WC="0.93" CONTENT="synes"/><SP WIDTH="16" VPOS="1332" HPOS="638"/>
							<String ID="string_265" HPOS="654" VPOS="1325" WIDTH="58" HEIGHT="22" WC="0.96" CONTENT="dock"/><SP WIDTH="16" VPOS="1325" HPOS="712"/>
							<String ID="string_266" HPOS="728" VPOS="1325" WIDTH="73" HEIGHT="21" WC="0.96" CONTENT="denna"/><SP WIDTH="11" VPOS="1325" HPOS="801"/>
							<String ID="string_267" HPOS="812" VPOS="1324" WIDTH="35" HEIGHT="21" WC="0.96" CONTENT="del"/><SP WIDTH="12" VPOS="1324" HPOS="847"/>
							<String ID="string_268" HPOS="859" VPOS="1324" WIDTH="23" HEIGHT="21" WC="0.96" CONTENT="af"/>
						</TextLine>
						<TextLine ID="line_32" HPOS="128" VPOS="1360" WIDTH="753" HEIGHT="28">
							<String ID="string_269" HPOS="128" VPOS="1360" WIDTH="205" HEIGHT="28" WC="0.91" CONTENT="postsparbankens"/><SP WIDTH="15" VPOS="1360" HPOS="333"/>
							<String ID="string_270" HPOS="348" VPOS="1360" WIDTH="144" HEIGHT="22" WC="0.92" CONTENT="värksamhet"/><SP WIDTH="15" VPOS="1360" HPOS="492"/>
							<String ID="string_271" HPOS="507" VPOS="1361" WIDTH="49" HEIGHT="21" WC="0.93" CONTENT="icke"/><SP WIDTH="19" VPOS="1361" HPOS="556"/>
							<String ID="string_272" HPOS="575" VPOS="1361" WIDTH="68" HEIGHT="21" WC="0.91" CONTENT="hafva"/><SP WIDTH="16" VPOS="1361" HPOS="643"/>
							<String ID="string_273" HPOS="659" VPOS="1361" WIDTH="44" HEIGHT="21" WC="0.92" CONTENT="ledt"/><SP WIDTH="16" VPOS="1361" HPOS="703"/>
							<String ID="string_274" HPOS="719" VPOS="1360" WIDTH="31" HEIGHT="22" WC="0.95" CONTENT="till"/><SP WIDTH="17" VPOS="1360" HPOS="750"/>
							<String ID="string_275" HPOS="767" VPOS="1360" WIDTH="45" HEIGHT="21" WC="0.93" CONTENT="lika"/><SP WIDTH="16" VPOS="1360" HPOS="812"/>
							<String ID="string_276" HPOS="828" VPOS="1366" WIDTH="53" HEIGHT="21" WC="0.92" CONTENT="gyn-"/>
						</TextLine>
						<TextLine ID="line_33" HPOS="128" VPOS="1396" WIDTH="753" HEIGHT="27">
							<String ID="string_277" HPOS="128" VPOS="1403" WIDTH="86" HEIGHT="14" WC="0.96" CONTENT="samma"/><SP WIDTH="15" VPOS="1403" HPOS="214"/>
							<String ID="string_278" HPOS="229" VPOS="1397" WIDTH="99" HEIGHT="26" WC="0.96" CONTENT="resultat,"/><SP WIDTH="17" VPOS="1397" HPOS="328"/>
							<String ID="string_279" HPOS="345" VPOS="1403" WIDTH="48" HEIGHT="15" WC="0.96" CONTENT="som"/><SP WIDTH="16" VPOS="1403" HPOS="393"/>
							<String ID="string_280" HPOS="409" VPOS="1397" WIDTH="6" HEIGHT="21" WC="0.93" CONTENT="i"/><SP WIDTH="12" VPOS="1397" HPOS="415"/>
							<String ID="string_281" HPOS="427" VPOS="1397" WIDTH="105" HEIGHT="21" WC="0.92" CONTENT="afseende"/><SP WIDTH="17" VPOS="1397" HPOS="532"/>
							<String ID="string_282" HPOS="549" VPOS="1396" WIDTH="13" HEIGHT="22" WC="0.93" CONTENT="ä"/><SP WIDTH="16" VPOS="1396" HPOS="562"/>
							<String ID="string_283" HPOS="578" VPOS="1397" WIDTH="131" HEIGHT="21" WC="0.92" CONTENT="densamma"/><SP WIDTH="11" VPOS="1397" HPOS="709"/>
							<String ID="string_284" HPOS="720" VPOS="1397" WIDTH="6" HEIGHT="20" WC="0.93" CONTENT="i"/><SP WIDTH="12" VPOS="1397" HPOS="726"/>
							<String ID="string_285" HPOS="738" VPOS="1397" WIDTH="65" HEIGHT="26" WC="0.92" CONTENT="öfrigt"/><SP WIDTH="11" VPOS="1397" HPOS="803"/>
							<String ID="string_286" HPOS="814" VPOS="1396" WIDTH="67" HEIGHT="21" WC="0.92" CONTENT="ofvan"/>
						</TextLine>
						<TextLine ID="line_34" HPOS="128" VPOS="1432" WIDTH="752" HEIGHT="22">
							<String ID="string_287" HPOS="128" VPOS="1432" WIDTH="155" HEIGHT="21" WC="0.89" CONTENT="konstaterats."/><SP WIDTH="37" VPOS="1432" HPOS="283"/>
							<String ID="string_288" HPOS="320" VPOS="1432" WIDTH="8" HEIGHT="21" WC="0.87" CONTENT="1"/><SP WIDTH="24" VPOS="1432" HPOS="328"/>
							<String ID="string_289" HPOS="352" VPOS="1432" WIDTH="122" HEIGHT="22" WC="0.93" CONTENT="relationen"/><SP WIDTH="25" VPOS="1432" HPOS="474"/>
							<String ID="string_290" HPOS="499" VPOS="1439" WIDTH="17" HEIGHT="15" WC="0.96" CONTENT="s."/><SP WIDTH="24" VPOS="1439" HPOS="516"/>
							<String ID="string_291" HPOS="540" VPOS="1433" WIDTH="27" HEIGHT="20" WC="0.93" CONTENT="12"/><SP WIDTH="24" VPOS="1433" HPOS="567"/>
							<String ID="string_292" HPOS="591" VPOS="1433" WIDTH="149" HEIGHT="21" WC="0.93" CONTENT="förekommer"/><SP WIDTH="28" VPOS="1433" HPOS="740"/>
							<String ID="string_293" HPOS="768" VPOS="1434" WIDTH="14" HEIGHT="19" WC="0.89" CONTENT="t."/><SP WIDTH="25" VPOS="1434" HPOS="782"/>
							<String ID="string_294" HPOS="807" VPOS="1438" WIDTH="19" HEIGHT="15" WC="0.84" CONTENT="o"/><SP WIDTH="25" VPOS="1438" HPOS="826"/>
							<String ID="string_295" HPOS="851" VPOS="1439" WIDTH="29" HEIGHT="14" WC="0.92" CONTENT="m."/>
						</TextLine>
						<TextLine ID="line_35" HPOS="127" VPOS="1468" WIDTH="754" HEIGHT="28">
							<String ID="string_296" HPOS="127" VPOS="1470" WIDTH="31" HEIGHT="19" WC="0.93" CONTENT="ett"/><SP WIDTH="23" VPOS="1470" HPOS="158"/>
							<String ID="string_297" HPOS="181" VPOS="1468" WIDTH="114" HEIGHT="21" WC="0.93" CONTENT="uttalande"/><SP WIDTH="24" VPOS="1468" HPOS="295"/>
							<String ID="string_298" HPOS="319" VPOS="1468" WIDTH="22" HEIGHT="21" WC="0.92" CONTENT="af"/><SP WIDTH="23" VPOS="1468" HPOS="341"/>
							<String ID="string_299" HPOS="364" VPOS="1468" WIDTH="294" HEIGHT="28" WC="0.91" CONTENT="Postsparbanksstyrelsen,"/><SP WIDTH="25" VPOS="1468" HPOS="658"/>
							<String ID="string_300" HPOS="683" VPOS="1475" WIDTH="47" HEIGHT="14" WC="0.90" CONTENT="som"/><SP WIDTH="24" VPOS="1475" HPOS="730"/>
							<String ID="string_301" HPOS="754" VPOS="1474" WIDTH="66" HEIGHT="21" WC="0.90" CONTENT="synes"/><SP WIDTH="24" VPOS="1474" HPOS="820"/>
							<String ID="string_302" HPOS="844" VPOS="1473" WIDTH="37" HEIGHT="15" WC="0.92" CONTENT="an-"/>
						</TextLine>
					</TextBlock>
				</ComposedBlock>
				<ComposedBlock ID="cblock_2" HPOS="200" VPOS="1515" WIDTH="346" HEIGHT="20">
					<TextBlock ID="block_4" HPOS="200" VPOS="1515" WIDTH="346" HEIGHT="20">
						<TextLine ID="line_36" HPOS="200" VPOS="1515" WIDTH="346" HEIGHT="20">
							<String ID="string_303" HPOS="200" VPOS="1515" WIDTH="146" HEIGHT="18" WC="0.91" CONTENT="Statsutskottets"/><SP WIDTH="12" VPOS="1515" HPOS="346"/>
							<String ID="string_304" HPOS="358" VPOS="1515" WIDTH="112" HEIGHT="20" WC="0.92" CONTENT="betänkande"/><SP WIDTH="13" VPOS="1515" HPOS="470"/>
							<String ID="string_305" HPOS="483" VPOS="1515" WIDTH="34" HEIGHT="19" WC="0.96" CONTENT="N:o"/><SP WIDTH="13" VPOS="1515" HPOS="517"/>
							<String ID="string_306" HPOS="530" VPOS="1517" WIDTH="16" HEIGHT="16" WC="0.96" CONTENT="1."/>
						</TextLine>
					</TextBlock>
				</ComposedBlock>
			</PrintSpace>
		</Page>
	</Layout>
</alto>
