1103 1795
324 166 93 17 Antellska
430 166 133 22 samlingarnas
576 166 72 17 tillväxt
660 166 30 17 och
703 166 49 17 vård.
816 169 2 3 N
892 166 22 17 33

166 243 28 16 en
211 237 130 26 chiffonier,
359 241 12 18 6
388 237 140 22 karmstolar
545 237 53 22 med
615 237 61 22 hvitt
692 236 112 29 öfvertäg,
822 240 12 19 2
846 236 68 23 skrif-

166 272 62 27 bord,
250 275 61 26 säng
331 272 54 23 med
407 272 141 29 sängkläder
567 272 43 23 och
626 272 172 23 nattduksbord
814 279 19 15 o.
850 279 18 15 s.
885 279 29 20 v.,

166 315 49 15 som
232 308 28 23 de
272 309 7 22 i
291 310 34 21 ett
340 309 112 22 trettiotal
464 308 90 23 mindre
566 308 102 23 trälädor
679 308 107 29 inrymda
797 308 118 22 böckerna

165 344 41 22 och
227 344 76 29 öfriga
322 346 89 20 smärre
429 343 102 28 föremål,
548 343 141 27 förvarades,
706 343 30 23 då
752 343 29 23 de
798 344 33 21 till
848 343 65 23 Dele-

166 381 109 27 gationen
293 379 195 27 öfverlämnades,
505 381 7 20 i
528 379 104 29 Cygnaei
648 379 86 23 Galleri
753 380 4 21 i
769 379 144 29 Brunnspar-

165 416 46 22 ken
228 416 128 22 härstädes.
389 416 36 22 Då
441 416 28 22 de
486 416 127 22 emellertid
630 416 52 22 icke
696 416 127 28 lämpligen
836 415 78 22 kunde

166 451 42 22 där
224 451 117 27 förblifva,
359 451 42 22 har
417 451 167 29 Delegationen
600 451 128 28 uppdragit
739 450 24 23 åt
775 457 61 22 mag.
848 451 27 22 K.
887 451 26 22 K.

166 487 135 22 Meinander
322 489 35 20 att
375 489 110 27 upprätta
502 493 28 16 en
547 487 153 28 specificerad
717 487 149 28 förteckning
881 486 33 22 öf-

166 530 40 15 ver
222 523 65 22 såväl
304 523 120 22 möblerna
440 529 50 16 som
507 523 28 22 de
551 524 7 21 i
576 523 127 28 packlådor
719 522 121 23 förvarade
856 522 58 22 före-

167 559 83 26 målen,
271 559 120 22 hvarefter
411 559 68 22 dessa
496 558 122 23 efterhand
635 559 66 22 skola
718 558 146 29 öfverflyttas
880 558 35 22 till

167 595 116 22 Ateneum
300 596 35 21 att
351 594 42 22 där
410 595 130 28 uppläggas
557 594 33 22 till
608 589 125 34 förvaring.

237 631 168 28 Delegationen
423 637 67 15 anser
506 631 37 28 sig
560 631 37 21 väl
615 630 51 22 icke
683 631 7 21 i
707 630 129 22 allmänhet
852 630 62 22 befo-

166 666 47 29 gad
234 669 34 20 att
289 668 120 26 emottaga
429 665 89 30 gäfvor,
540 673 49 15 som
611 669 39 19 äro
670 665 122 23 bestämda
811 665 35 22 för
862 666 52 22 Fin-

166 702 67 22 lands
257 702 56 27 folk,
339 709 54 15 men
414 702 42 22 har
476 702 60 22 dock
557 703 55 21 trott
628 703 37 27 sig
681 703 7 20 i
705 701 152 23 förevarande
874 701 41 23 fall

166 738 52 22 icke
239 732 55 28 böra
310 740 74 26 vägra
401 739 34 21 att
451 738 121 28 öfvertaga
588 737 214 29 kvarlätenskapen
820 737 34 22 till
871 737 43 22 för-

166 775 83 27 varing
265 775 62 21 samt
343 781 37 15 om
397 773 88 29 gäfvan
502 773 99 22 anmäla.
634 773 80 22 Skulle
732 773 131 23 Ständerna
876 773 38 22 be-

166 809 62 22 sluta
245 812 34 19 att
295 811 119 27 emottaga
429 809 145 27 densamma,
586 809 64 22 delar
661 809 166 28 Delegationen
840 804 74 27 Öster-

167 845 119 22 bottniska
302 845 171 28 Afdelningens
492 846 100 27 mening,
610 847 34 20 att
661 845 111 22 skaldens
785 845 129 22 kvarläten-

166 881 58 29 skap
249 881 136 29 lämpligast
408 881 128 29 uppställes
556 882 7 21 i
583 881 39 21 det
645 881 119 22 blifvande
791 881 124 22 historiska

167 919 96 25 museet,
281 917 42 22 där
338 918 88 21 tvänne
442 923 52 16 rum
506 917 70 22 borde
588 919 74 26 ägnas
674 917 21 22 Z.
708 917 114 28 Topelius”
835 917 79 21 minne

166 953 43 22 och
230 953 34 22 till
285 953 45 22 den
351 953 78 22 ändan
450 952 26 23 sä
498 952 122 27 anordnas,
641 954 34 21 att
695 953 2 21 i
714 953 54 22 dem
785 952 78 22 kunde
880 952 35 22 för

166 988 156 23 eftervärlden
337 988 132 23 äterställas
481 988 77 22 bilden
571 988 24 22 af
606 988 111 23 skaldens
728 988 54 22 hem
794 987 30 30 pä
835 988 79 29 Björk-

166 1024 85 23 udden.

237 1085 168 28 Delegationen
423 1083 35 23 fär
474 1084 80 22 därför
569 1083 120 23 vördsamt
706 1083 94 23 föreslä:

380 1187 32 20 att
436 1185 126 22 Ständerna
586 1185 51 21 ville
658 1185 37 22 hos
716 1185 139 28 Regeringen
876 1192 38 14 an-

309 1222 60 21 mäla
382 1229 34 14 om
427 1221 35 22 sin
474 1223 83 20 önskan
570 1223 30 20 att
613 1221 7 21 i
631 1222 42 21 den
685 1222 107 27 byggnad,
804 1229 46 14 som
862 1228 52 20 upp-

307 1257 58 27 föres
381 1257 36 27 för
434 1257 35 21 det
486 1257 116 22 historiska
620 1259 89 25 museet,
729 1265 51 13 rum
797 1257 66 20 måtte
883 1257 32 21 be-

309 1293 64 21 redas
389 1293 35 27 för
440 1293 157 27 uppställande
615 1293 27 27 af
654 1293 25 20 Z.
692 1293 110 26 Topelius'
815 1292 34 21 till
860 1292 54 21 Fin-

309 1329 64 21 lands
389 1329 46 27 folk
452 1329 109 21 donerade
578 1328 178 27 kvarlåtenskap.

236 1419 78 22 Jämte
331 1418 78 22 denna
425 1418 126 23 berättelse
567 1417 36 23 får
619 1418 168 28 Delegationen
803 1417 34 22 till
849 1417 65 22 Stän-

165 1453 71 22 derna
254 1454 146 22 öfverlämna
417 1455 51 21 sina
485 1454 161 28 räkenskaper
662 1455 63 20 samt
736 1453 113 29 protokoll
862 1453 52 22 med

844 1508 10 10 3
