1103 1795
215 204 13 19 8
476 201 27 22 U.
521 201 24 22 B.
562 214 30 3 —
607 203 105 20 XXXIII.

213 268 85 27 utgifva
313 269 66 20 större
395 267 79 27 belopp
490 267 70 21 sedlar
576 269 27 19 än
619 268 36 20 det
670 267 33 21 för
720 267 128 22 densamma
863 269 66 26 enligt
942 276 28 13 re-

215 304 49 26 geln
281 304 118 24 bestämda,
416 303 41 21 och
473 303 107 27 ätskilliga
596 305 77 25 gänger
689 303 55 20 hade
761 311 27 13 en
804 304 165 26 sedelemission,

215 347 48 13 som
280 339 49 21 med
345 339 155 28 jämförelsevis
517 339 75 20 endast
608 339 119 26 obetydligt
744 339 78 28 belopp
835 341 136 20 öfverskridit

215 375 97 20 nämnda
335 375 91 20 maximi
450 375 142 26 bestämning,
613 375 54 20 varit
683 375 117 27 tillräcklig
816 378 30 19 att
862 377 109 20 återställa

215 411 138 21 förtroendet.
379 411 40 20 För
431 411 103 20 Finlands
543 411 61 20 Bank
613 418 48 13 vore
670 418 26 13 en
705 411 61 26 dylik
775 413 65 25 utväg
848 412 122 27 visserligen

215 447 48 20 icke
279 447 45 20 helt
334 447 41 20 och
387 447 67 20 hället
465 446 83 26 stängd,
563 448 51 19 enär
625 447 113 26 ändringar
750 448 22 19 af
783 447 187 28 bestämningarna

215 489 37 14 om
268 483 122 26 grunderna
405 482 33 20 för
454 483 99 20 Bankens
570 482 220 27 sedelutgifningsrätt
805 483 73 21 kunde
888 484 81 27 jämväl

215 519 82 20 mellan
313 518 155 26 landtdagarne
481 518 22 20 af
515 518 122 26 regeringen
648 519 27 25 pä
686 518 209 27 Bankfullmäktiges
906 520 63 19 fram-

215 554 104 26 ställning
342 554 97 26 vidtagas
458 555 32 19 att
504 554 58 26 gälla
577 554 57 20 intill
650 555 62 19 nästa
728 554 108 27 landtdag.
869 555 49 20 Men
934 555 36 20 det

215 591 70 19 mäste
301 590 55 20 dock
373 591 66 19 sättas
451 590 7 20 i
470 590 64 26 fräga,
550 590 107 20 huruvida
667 589 131 21 Ständernas
808 591 162 20 Bankfullmäk-

215 626 44 26 tige
275 627 78 25 ansäge
369 626 31 25 sig
416 625 80 25 kunna,
513 626 33 20 för
562 627 31 18 att
609 625 97 28 afhjälpa
722 627 30 19 ett
768 626 104 27 tillfälligt
887 627 41 20 och
939 627 28 20 öf-

216 661 119 27 vergäende
357 662 115 25 trängmäl,
493 662 27 25 pä
536 661 37 20 sitt
588 668 76 14 ansvar
679 664 50 23 taga
744 669 27 13 en
787 662 129 27 förändring,
933 669 36 14 om

215 697 41 21 ock
273 697 56 28 blott
344 697 34 20 till
394 697 59 20 tiden
470 697 33 20 för
518 697 145 27 nästföljande
679 697 151 24 ständermöte,
842 698 22 20 af
874 700 31 19 ett
915 699 54 20 stad-

217 733 70 26 gande
302 733 8 20 i
325 733 145 26 reglementet,
487 739 46 14 som
550 733 68 20 mäste
634 739 61 14 anses
706 733 106 20 innefatta
823 740 26 13 en
860 734 22 19 af
893 734 77 26 grund-

216 769 137 26 principerna
375 769 34 20 för
431 768 158 26 förvaltningen
612 769 40 20 och
675 769 50 20 med
744 775 46 14 mer
806 771 26 18 än
848 770 72 25 vanlig
936 770 33 20 be-

216 805 111 20 stämdhet
342 805 70 20 uttala
428 804 129 21 Ständernas
573 805 53 26 vilja
640 805 8 19 i
664 805 36 20 det
716 805 79 26 vigtiga
811 807 78 19 ämnet.

290 840 31 20 De
338 840 53 24 skäl,
408 840 75 21 hvilka
502 840 92 20 sålunda
608 840 34 20 för
658 842 51 18 nära
724 842 30 18 ett
770 841 119 25 gvartsekel
905 841 66 20 sedan

217 876 22 20 ai
260 876 122 20 dävarande
400 875 199 27 Bankfulimäktige
614 876 8 20 i
637 877 133 19 förestäende
787 877 67 20 mätto
870 877 101 20 framhöl-

217 912 38 24 los,
281 919 62 13 anser
365 912 109 20 Utskottet
497 912 131 20 fortfarande
650 919 51 13 vara
716 911 114 21 bindande.
863 913 108 20 Utskottet

216 948 62 20 torde
293 948 23 20 fä
331 947 121 27 ytterligare
469 947 87 26 tillägga
571 947 102 27 följande.

291 983 43 21 Vid
350 983 72 25 kriser,
439 983 28 20 dä
478 983 36 20 det
525 983 111 20 allmänna
648 983 130 21 förtroendet
788 983 72 21 blifvit
871 984 98 24 rubbadt,

217 1019 71 26 pläga,
305 1020 71 19 säsom
391 1019 8 20 i
415 1019 149 20 diskussionen
582 1019 49 20 med
647 1019 116 26 anledning
776 1019 22 20 af
808 1019 161 21 Bankfullmäk-

217 1055 55 26 tiges
289 1055 112 20 berättelse
417 1055 7 20 i
440 1056 30 19 ett
486 1055 63 20 ständ
564 1055 82 27 jämväl
662 1055 137 24 framhällits,
815 1055 50 20 flere
881 1055 88 20 cirkula-

217 1091 136 24 tionsmedel,
370 1097 47 14 som
428 1091 68 20 under
508 1091 98 20 normala
618 1091 150 20 förhällanden
778 1093 78 18 ersätta
867 1091 102 24 sedlarne,

217 1127 80 20 förlora
317 1128 90 25 terräng.
437 1127 44 20 Där
504 1127 118 20 checkerna
637 1127 59 26 spela
712 1133 26 14 en
754 1129 66 18 större
835 1127 46 24 roll,
898 1127 73 26 plägar

218 1162 62 20 deras
303 1162 138 26 användning
464 1162 102 21 minskas.
598 1162 44 20 Där
665 1162 117 21 checkerna
798 1164 36 19 äro
850 1163 22 20 af
887 1164 84 20 mindre

219 1197 118 27 betydelse,
362 1198 96 20 minskas
482 1198 165 26 användningen
663 1198 22 20 af
701 1198 67 26 öfriga
784 1198 186 26 ligvidationssätt,

218 1233 37 21 vid
278 1234 75 20 hvilka
368 1234 118 26 penningar
501 1234 75 20 kunna
591 1234 113 24 undvaras,
722 1236 79 24 accept,
818 1235 78 25 vexlar,
913 1235 58 26 godt-

219 1269 107 27 skrifning
341 1269 7 20 i
364 1270 66 20 konto
446 1277 18 13 o.
482 1276 16 14 s.
515 1277 19 13 v.
566 1271 60 20 Hvar
642 1271 27 18 än
686 1269 152 27 minskningen
854 1277 47 19 eger
915 1277 55 18 rum,

218 1305 114 20 resulterar
355 1306 127 20 densamma
504 1312 7 13 i
528 1312 26 13 en
570 1305 56 21 ökad
642 1305 128 26 efterfrågan
786 1306 28 26 pä
830 1305 35 21 det
880 1306 90 26 gängba-

218 1347 53 18 rare,
296 1341 132 20 allmännare
454 1341 226 24 cirkulationsmedlet,
709 1341 156 20 banksedlarne
892 1342 51 20 eller
964 1343 7 19 i

219 1376 54 21 brist
293 1378 28 25 pä
340 1377 80 20 sädana
435 1377 78 20 kurant
529 1378 67 25 mynt.
630 1377 45 20 Och
690 1378 25 26 ju
731 1376 132 21 allmännare
879 1378 92 20 använd-

219 1413 81 26 ningen
316 1413 22 20 af
353 1413 70 20 sedlar
438 1413 7 20 i
462 1413 71 20 stället
548 1413 33 20 för
597 1415 63 24 mynt
675 1415 29 22 är,
717 1413 60 20 desto
788 1413 132 21 kännbarare
931 1413 41 21 blir

219 1448 103 21 behofvet
337 1449 22 20 af
375 1449 74 20 sedlar.
470 1449 41 20 Det
527 1449 110 20 allmänna
652 1448 172 21 kreditbehofvet
839 1455 46 14 som
896 1449 76 21 sådant

219 1483 104 22 behöfver
337 1484 48 21 icke
401 1491 38 14 ens
455 1487 64 19 hafva
534 1487 68 18 ökats.
626 1485 41 20 Det
683 1486 24 19 är
721 1484 131 26 tillräckligt,
866 1486 31 19 att
908 1486 65 25 några

219 1521 91 25 utvägar
333 1520 33 21 till
390 1520 110 21 behofvets
521 1521 198 20 tillfredsställande
740 1520 72 21 blifvit
827 1521 95 26 stängda,
939 1521 34 20 för

293 1560 168 19 Bankutskottets
475 1560 127 19 betänkande
614 1560 37 19 N:o
664 1561 19 18 3.
