1103 1795
462 153 22 21 II
798 156 25 19 25

165 222 76 21 Sedan
257 222 127 28 äklagaren
400 222 25 21 L.
443 222 93 21 förenat
551 221 36 28 sig
602 221 36 22 uti
653 221 154 23 omförmälda
817 230 38 21 yr-

96 262 93 22 kanden
201 262 43 21 och
254 263 17 21 J.
289 262 97 28 afgifvit
397 261 138 29 förklaring,
547 261 45 22 den
603 261 29 21 H.
644 261 96 27 bemött,
749 262 61 21 utlät
818 262 37 29 sig

96 305 147 26 guvernören
273 302 114 22 meddelst
412 302 79 29 utslag
516 302 46 21 den
587 304 24 19 14
635 301 67 29 April
727 304 59 25 1894,
811 303 43 21 och

93 343 72 28 jemte
189 343 39 21 det
250 343 28 27 J.
295 343 96 21 hvilken
407 343 52 21 icke
475 342 37 21 till
527 342 264 21 kommunalstämmans
807 343 7 20 i
831 343 22 21 S.

96 383 111 21 kommun
230 382 141 22 ordförande
395 383 110 21 aflemnat
520 381 147 29 fullständig,
685 383 12 20 &
714 381 140 22 verifikatio-

96 431 41 13 ner
153 423 108 29 grundad
277 423 43 21 och
337 423 23 21 af
371 423 88 21 sådana
471 423 85 28 åtföljd
567 422 151 28 redovisning
730 423 66 21 öfver
808 423 46 21 för-

95 463 139 28 valtningen
257 463 26 21 af
297 463 153 21 kommunens
465 462 76 21 medel
556 462 76 21 under
647 463 25 20 är
690 465 58 25 1891,
767 463 36 20 för
818 463 36 21 sin

95 503 176 22 uraktlätenhet
291 505 34 19 att
340 502 103 29 fullgöra
458 503 244 28 guvernörsembetets
718 503 36 21 uti
768 503 87 22 resolu-

96 543 80 21 tionen
201 543 25 21 af
248 543 45 21 den
314 545 25 19 27
356 543 136 28 September
510 544 54 20 1893
580 543 136 21 meddelade
732 543 123 21 föreskrift

96 583 76 22 fäldes
189 585 34 19 att
238 583 56 21 böta
309 591 84 22 genom
409 583 73 29 sagda
495 583 130 22 resolution
636 583 85 21 honom
733 583 122 28 förelagda

95 624 48 21 vite
159 623 27 21 af
199 625 42 20 400
257 623 72 28 mark,
345 623 114 28 pröfvade
475 627 147 24 guvernören
639 623 87 28 skäligt
733 623 89 28 älägga
832 624 22 21 J.

97 653 45 32 att
154 663 40 22 vid
218 663 104 29 förhöjdt
344 663 49 22 vite
416 663 26 21 af
464 666 41 19 600
528 663 66 21 mark
610 664 62 20 inom
689 664 40 21 två
744 663 111 22 månader

97 704 60 21 efter
174 704 26 21 af
213 707 158 26 guvernörens
387 703 79 29 utslag
482 703 104 22 erhållen
602 703 100 28 bevislig
714 703 37 22 del
762 704 93 28 afgifva

97 744 72 22 sädan
192 744 156 28 redovisning,
373 751 48 14 som
444 744 35 21 uti
503 744 133 28 Kejserliga
653 744 113 21 Senatens
782 745 73 21 ofvan

97 785 130 28 åberopade
242 784 79 29 utslag
337 785 26 20 af
377 784 44 21 den
438 787 11 18 7
465 784 68 28 April
546 786 54 20 1893
612 785 164 28 föreskrifvits,
788 785 67 22 hvar-

97 825 42 22 hos
155 825 21 22 J.
193 825 184 28 skyldigkändes
394 827 34 19 att
444 825 53 20 med
513 827 27 19 60
551 825 66 21 mark
628 825 115 28 godtgöra
753 825 29 21 H.
795 825 59 22 hans

97 865 8 22 i
120 865 73 22 saken
208 865 73 21 hafda
296 865 127 28 umgälder.

165 906 42 22 Uti
223 906 65 21 detta
303 905 78 29 utslag
397 906 97 21 ansökte
510 906 22 21 J.
549 913 37 14 om
603 906 100 28 ändring
719 913 83 22 genom
814 913 41 14 un-

97 947 128 28 derdäniga
241 947 82 21 besvär
339 947 8 20 i
362 946 132 29 Kejserliga
511 946 107 21 Senaten.

167 987 136 22 Sedermera
325 987 44 21 och
393 987 59 21 efter
476 986 39 22 det
538 987 8 20 i
562 987 60 28 följd
638 987 25 21 af
678 987 110 28 Wiborgs
804 987 52 22 hof-

96 1030 59 19 rätts
171 1027 171 22 ofvanberörda
357 1027 78 28 utslag
450 1027 22 21 J.
490 1026 81 22 blifvit
586 1027 8 20 i
610 1027 71 21 saken
697 1027 58 21 hörd
766 1027 43 21 och
821 1028 35 20 af-

96 1067 73 29 gifvit
191 1067 132 28 förklaring
345 1070 61 19 samt
429 1067 29 21 H.
475 1067 89 21 bemött
580 1067 161 28 förklaringen
757 1067 43 21 och
816 1075 40 14 an-

97 1107 68 22 hällit
181 1115 37 13 om
233 1107 150 28 godtgörelse
398 1107 38 21 för
451 1107 51 21 sina
518 1107 69 21 deraf
599 1107 139 21 föranledda
749 1107 105 28 utgifter,

96 1148 94 29 yttrade
214 1147 35 29 sig
269 1148 50 21 äter
338 1151 147 24 guvernören
500 1147 99 22 medelst
615 1147 78 29 utslag
709 1147 45 22 den
772 1149 24 19 27
812 1147 43 22 Fe-

96 1188 80 22 bruari
201 1189 60 26 1895,
280 1190 35 19 att
331 1187 133 30 Kejserliga
480 1188 103 21 Senaten
598 1187 138 29 visserligen
752 1188 35 21 uti
803 1187 52 22 dess

96 1229 79 28 utslag
199 1229 25 21 af
239 1228 44 21 den
300 1231 11 18 7
327 1228 68 29 April
413 1231 53 19 1893
483 1228 65 29 älagt
562 1228 22 21 J.
602 1230 36 19 att
653 1228 40 21 vid
709 1229 48 20 vite
773 1229 26 20 af
814 1230 41 20 200

97 1269 66 21 mark
185 1271 79 19 senast
287 1269 45 21 den
354 1271 8 19 1
380 1268 51 22 Juli
448 1271 54 19 1893
518 1268 38 21 till
572 1268 157 22 ordföranden
746 1269 7 20 i
769 1269 22 21 S.
808 1275 48 14 soc-

97 1309 57 22 kens
170 1309 234 21 kommunalstämma
425 1309 99 21 aflemna
539 1309 148 28 fullständig,
703 1309 30 28 pä
749 1308 107 22 verifika-

98 1350 76 21 tioner
196 1349 108 28 grundad
327 1349 151 29 redovisning
495 1350 67 20 öfver
577 1350 36 20 sin
630 1349 145 28 förvaltning
791 1349 26 21 af
832 1349 23 21 S.

96 1390 124 21 kommuns
253 1389 75 22 medel
353 1389 74 28 under
452 1390 26 21 är
506 1392 60 24 1891;
592 1397 53 14 men
671 1389 151 22 alldenstund
848 1389 8 21 i

96 1430 74 28 sagda
200 1430 111 21 kommun
341 1430 74 21 under
442 1432 26 20 20
495 1431 37 20 ärs
556 1430 34 21 tid
614 1430 83 21 sädant
721 1430 135 21 förfarande

95 1471 72 28 följts,
192 1471 36 20 att
243 1470 265 21 kommunalnämndens
528 1470 176 29 redovisningar
724 1470 7 20 i
748 1470 109 21 afseende
