1111 1789
242 237 72 22 tillåta.
330 237 35 27 sig
371 236 192 28 Bankfullmäktige
577 235 90 24 hänvisa
679 235 33 25 till
726 231 132 32 protokollen:
868 234 36 21 för
916 233 40 22 den
970 233 22 22 11

242 271 115 22 December:
380 271 61 26 1897;
461 271 21 20 2.
493 270 59 24 Juni,
569 271 24 20 17
611 269 88 23 Oktober
711 270 41 21 och
767 269 25 22 31
809 266 115 23 December
940 267 55 22 1898

236 306 61 21 "samt
313 305 22 24 7
344 301 70 32 April,
427 305 16 20 :1
463 305 52 26 Maj,
535 305 25 21 12
578 304 91 27 Augusti
688 304 106 40 äfvensom
808 303 15 21 4
838 303 38 21 och
891 302 28 22 28
934 302 62 26 Okto-

242 341 36 20 ber
294 340 61 21 1899.

274 369 2 3 +
304 374 38 28 De
361 349 111 57 angående
494 373 55 22 låne-
571 373 38 21 och
627 350 171 54 förfallotiderna;
816 371 129 28 provisionen
964 356 32 35 för

242 409 128 26 invisningar
380 408 60 21 samt.
455 407 91 22 vilkoren
561 407 32 21 för
607 406 145 27 mottagandet
767 406 30 23 af
799 407 70 20 slutna
879 405 38 22 och
928 406 68 27 öppna

215 437 2 2 —
243 441 154 29 depositioner;
406 442 25 27 pä:
450 442 67 27 grund
536 441 23 22 af
571 442 7 21 i
595 433 70 41 ämnet:
672 433 95 41 tidigare
781 440 122 24 meddelade
918 439 78 22 förord-

243 476 89 28 nanden,
352 476 40 22 vid:
408 476 110 27 ingängen
534 476 22 21 af
573 476 22 21 är
612 476 53 21 1897
680 475 99 27 gällande
793 475 127 21 föreskrifter
935 474 62 22 hafva

243 511 66 22 under.
328 510 41 22 den.
389 510 119 28 tidsperiod,
524 510 157 28 ifrågavarande
697 510 109 21 berättelse
822 510 103 25 omfattar,
940 509 57 25 bibe-

242 545 71 21 hållits.
329 545 141 27 oförändrade.

314 580 40 22 Vid
373 581 132 25 gemensamt
520 566 158 35 sammanträde
689 565 49 35 med
751 550 190 59 Pankdirektionen
957 566 39 40 den

231 614 40 21 27
292 613 188 26 Noyember:1897
496 614 108 23 framhölls
619 613 12 21 ä
645 613 144 24 Direktionens
805 614 78 26 vägnar
898 613 99 21 hurusom

243 648 145 22 Direktionen
394 648 64 22 redan
472 648 62 28 länge
551 648 86 22 sträfvat
652 648 31 21 att
698 647 68 22 förmå
779 647 196 21 kreditbehöfvande
990 647 9 31 i

243 683 72 23 landet
334 684 32 20 att
386 683 68 21 anlita
469 683 74 21 endast
559 689 26 15 en
600 682 61 26 bank,
677 682 26 22 dä
717 682 129 28 operationer
861 682 7 21 i
882 682 50 21 flere
946 675 53 29 ban-

243 718 36 21 ker
302 717 33 21 för
357 717 161 27 kreditgifvaren
541 717 117 25 försvårade
677 715 136 29 möjligheten
828 717 31 21 att
873 716 79 22 erhålla
966 718 31 22 in,

244 752 55 21 blick
315 752 7 20 i
337 751 153 22 länsökandens
506 752 109 26 ställning.
625 752 40 20 Vid
676 750 75 23 samtal
761 751 71 22 derom
841 751 48 21 med
899 751 98 22 Bankens

244 786 81 21 kunder.
344 786 54 22 hade
416 786 107 24 anmärkts.
539 787 30 20 att
584 786 100 21 Finlands
699 786 60 21 Bank
773 786 46 21 icke
832 785 69 30 kunde
915 786 83 27 betjena

244 821 46 21 sina
313 820 80 23 kunder
416 820 49 22 med
488 820 41 22 alla
549 820 45 28 slag
613 820 23 21 af
651 820 193 28 barkoperätioner;
857 821 68 21 såsom
939 820 59 22 fallet

245 862 36 14 var
300 848 58 38 med"
369 855 180 27 privatbankerna,
560 855 42 21 der
617 854 57 22 såväl
689 854 74 22 blanko
778 854 90 22 krediter
883 855 68 21 kunde
967 861 31 19 er-

245 889 74 27 hållas,
331 894 49 17 som
395 889 60 23 äfven
467 890 61 21 ränta
539 889 131 27 godtgjordes
678 889 14 21 ä
702 889 77 21 insatta
788 889 75 25 medel;
873 890 70 25 hvilka
953 888 44 26 icke

245 919 146 36 ofördröjligen
406 923 90 23 behöfde
511 924 63 26 tagas
583 924 7 20 i
602 924 88 26 anspråk
701 923 31 21 för
743 923 89 28 löpande
843 923 92 27 utgifter,
946 925 51 19 utan

244 958 189 26 reserverades
400 950 40 39 för
448 955 122 24 emotsedda
584 958 160 27 utbetalningar.
763 958 75 21 Vidare
849 958 53 24 hade
913 954 85 31 antydts

245 993 31 20 att
293 998 57 20 man,
370 992 26 23 då
411 997 30 16 em
452 992 56 28 gång
523 999 25 15 en
564 992 54 22 bank
632 992 33 21 för
680 993 30 21 ett
726 990 96 24 ändamål
836 992 103 25 besöktes,
955 992 42 26 ofta

246 1026 23 22 af
277 1025 216 29 beqvämlighetsskäl
508 1027 59 21 äfven
584 1027 36 21 der
633 1027 72 27 gjorde
715 1027 49 21 flere
775 1028 133 26 operationer.
926 1026 72 26 Direk-
1006 1040 13 8 :

246 1061 70 21 tionen
336 1061 65 27 ansåg.
420 1061 35 21 det
471 1061 60 21 äfven
546 1062 34 20 för
593 1061 31 21 sin
641 1061 33 22 del
689 1061 48 21 fullt
751 1062 83 22 korrekt
849 1062 31 21 att
895 1062 103 24 statsban-

244 1096 46 32 ken,
300 1102 56 16 som
370 1095 58 22 hade
447 1096 133 22 uteslutände
596 1096 215 27 sedelutgifningsrätt
825 1096 38 24 och.
879 1096 119 27 derigenom

245 1136 25 15 en.
294 1130 79 27 ganska
384 1139 3 2 -
396 1130 117 30 betydande
537 1130 111 22 sväfvande
671 1130 67 26 skuld,
761 1130 44 22 icke.
827 1130 63 22 borde
909 1131 38 23 öka
966 1130 32 21 sin

246 1164 116 22 sedelstock
378 1170 74 20 genom
468 1164 119 27 utgifvande
600 1164 27 23 af
638 1165 177 27 försträckningar
824 1166 51 21 utan
886 1167 56 25 pant,
953 1171 45 16 som

244 1198 99 23 kunde
327 1194 18 38 i
366 1198 99 22 -händelse
488 1198 24 22 af
532 1198 70 22 behof.
614 1198 114 26 realiseras,
744 1199 44 28 och
797 1194 10 38 -
811 1199 100 23 likaledes
929 1198 69 24 kunde

245 1232 137 22 Direktionen
400 1232 45 20 icke.
464 1232 66 21 heller
548 1239 49 15 anse
613 1232 35 21 det
664 1239 50 15 vara
728 1232 72 27 riktigt
815 1239 32 15 om
864 1232 134 30 statsbanken

226 1290 3 1 .
245 1266 93 26 mottoge
360 1266 140 27 insättningar
522 1268 44 20 mot
583 1267 67 26 ränta,
668 1267 27 22 dä
714 1273 25 15 en
754 1266 92 22 sträfvan
862 1267 31 20 att
907 1268 51 25 göra
973 1266 25 24 de

248 1300 121 27 emottagna
377 1292 7 39 .
391 1300 83 22 medlen.
493 1300 151 22 räntebärande
662 1300 40 22 lätt
720 1301 69 25 kunde
804 1300 107 23 föranleda
925 1300 32 22 till
968 1296 30 26 en

247 1334 105 26 forcering
375 1334 29 20 af:
417 1334 98 20 Bankens
534 1334 100 26 utlåning.
663 1334 57 22 Dock
739 1334 65 27 ansåg
818 1334 135 21 Direktionen
968 1334 32 24 ätt
1016 1336 5 16 >

246 1367 94 21 Banken
349 1367 70 21 kunde
434 1368 86 26 betjena
532 1368 45 21 sina
591 1368 80 20 kunder
686 1370 74 24 genom
775 1370 32 19 att
816 1368 93 21 förränta
920 1368 22 20 af
951 1368 48 21 dem

245 1401 22 21 åt
286 1401 88 21 Banken
394 1400 133 23 anförtrodda
546 1402 68 21 medel
629 1402 31 21 uti
675 1402 67 27 någon
757 1402 129 29 privatbank;
900 1409 50 15 men
965 1408 34 17 om

244 1436 113 21 kunderna
380 1435 66 22 skulle
463 1436 71 21 kunna
553 1436 81 28 betjena
650 1436 32 28 sig
696 1433 23 25 af
732 1437 73 31 endast
820 1437 141 24 statsbanken,
976 1437 24 21 så

246 1470 66 22 borde
322 1470 70 22 äfven
408 1470 86 22 checker
509 1471 26 27 pä
550 1470 59 22 deras
624 1472 88 27 löpande
723 1472 116 27 räkningar
853 1472 111 24 honoreras
979 1472 23 21 af

224 1524 3 2 .
248 1504 142 22 statsbanken.
419 1504 135 24 Direktionen
573 1506 53 21 häde
645 1506 69 23 derför
731 1507 53 21 varit
798 1507 86 21 betänkt
899 1508 55 26 uppå
968 1503 32 25 att
