1103 1795
467 168 24 21 II
803 169 24 20 21

98 236 132 29 föreläggas
254 238 35 19 att
312 236 64 21 inom
399 236 47 21 viss
469 236 35 21 tid
528 236 43 21 och
590 236 40 21 vid
646 236 99 28 lämplig
760 237 98 28 förplig-

97 276 58 21 telse
177 275 178 22 tillrättaskaffa
377 276 73 21 ofvan
466 276 156 21 omförmälda
638 275 103 22 saknade
756 275 102 30 koncept

98 315 43 22 och
157 315 147 29 handlingar.

165 356 67 21 Efter
255 355 40 22 det
318 355 270 22 vicelandskamreraren
611 355 26 22 L.
662 355 82 22 blifvit
762 356 8 20 i
786 355 71 22 saken

100 395 58 22 hörd
178 396 43 21 och
241 396 116 22 förklarat
372 396 36 28 sig
423 398 60 20 samt
499 395 201 23 advokatfiskalen
717 395 55 23 derä
788 395 70 29 afgif-

100 436 34 21 vit
156 436 181 28 slutpästäende,
362 436 118 29 afgjordes
504 437 71 20 mälet
594 437 27 20 af
638 436 120 21 hofrätten
774 443 84 22 genom

101 475 84 29 utslag,
209 483 48 14 som
277 477 60 20 efter
358 476 82 28 anslag
455 477 81 28 utgafs
552 476 45 21 den
615 478 25 19 10
656 476 63 21 Mars
737 478 62 25 1897;
816 475 43 22 och

102 517 96 21 emedan
213 517 55 21 utaf
281 519 34 18 ett
331 516 173 29 handlingarna
518 517 9 20 i
542 517 72 21 mälet
629 516 92 28 bilagdt
736 516 85 28 utdrag
832 523 27 14 ur

99 557 190 21 landskontorets
315 557 62 21 bref-
405 557 44 21 och
474 557 181 29 supplikdiarier
677 556 123 28 framgick,
824 558 34 19 att

99 597 269 21 vicelandskamreraren
395 597 26 21 L.
445 597 51 21 icke
519 598 76 21 såsom
619 597 112 28 slutligen
754 596 104 29 afgjordt

101 637 125 22 antecknat
249 638 40 21 det
311 638 35 21 uti
369 638 103 28 längden
494 639 28 20 A.
541 638 75 21 under
636 638 42 21 N:o
696 640 23 19 21
737 639 121 27 upptagna

103 677 100 28 ärendet,
220 680 25 25 ty
256 677 119 22 lemnades
387 677 213 22 advokatfiskalens
612 677 156 28 anmärkning
778 677 78 21 derom

100 719 57 19 utan
180 717 115 22 afseende.
327 717 187 23 Vidkommande
538 718 104 21 deremot
661 717 73 22 ätalet
752 717 7 21 i
778 717 79 28 öfrigt,

99 757 58 21 fann
180 757 120 22 hofrätten
315 757 64 22 hvad
395 759 26 20 af
435 758 202 21 advokatfiskalen
652 760 62 19 emot
729 757 128 22 vicelands-

100 797 147 22 kamreraren
270 798 26 21 L.
321 798 120 21 anmärkts
464 800 85 19 stanna
567 798 86 21 honom
668 797 37 22 till
721 797 45 22 last
782 798 75 21 säsom

101 837 32 21 fel
150 838 43 21 och
209 838 174 21 försummelser
393 839 8 20 i
411 838 103 29 tjensten
530 841 60 19 samt
600 838 115 29 pröfvade
726 838 64 28 förty
800 839 57 20 rätt-

100 877 53 28 vist,
170 878 94 28 jemlikt
281 880 25 19 20
323 878 43 21 och
384 881 23 18 21
425 879 27 27 $$
468 881 28 19 40
511 879 52 28 kap.
581 878 149 29 Strafflagen,
748 877 67 22 döma
830 877 26 22 L.

101 920 34 18 att
157 918 75 21 under
250 919 39 20 två
310 919 37 20 års
363 919 36 21 tid
413 926 57 14 vara
487 919 52 22 från
555 919 36 21 sin
607 918 174 22 innehafvande
797 918 60 21 vice-

99 957 274 30 landskamreraretjenst
396 959 62 21 skild
482 959 43 21 och
546 959 115 22 derunder
677 958 110 28 förlustig
803 958 54 21 den-

101 1005 87 14 samma
203 998 131 29 ätföljande
350 999 173 22 löneförmäner
539 999 121 22 äfvensom
676 1001 36 19 att
727 999 37 20 för
778 998 79 21 urakt-

100 1037 133 22 lätenheten
249 1040 34 19 att
293 1038 129 29 behörigen
433 1039 93 22 kartera
538 1040 71 21 ofvan
620 1039 154 22 omförmälda
784 1038 73 21 hand-

98 1077 83 29 lingar,
205 1078 75 29 enligt
304 1081 25 18 22
353 1080 12 25 $
389 1079 8 20 i
421 1079 131 28 äberopade
575 1079 145 28 förordning,
748 1079 54 21 böta
828 1080 26 19 20

98 1117 71 28 mark,
193 1118 124 22 hvarutom
332 1119 26 21 L.
375 1119 79 22 älades
478 1122 41 25 att,
539 1119 77 22 derest
634 1119 173 28 handlingarna
821 1118 35 21 uti

99 1157 28 21 de
149 1157 74 22 under
245 1158 62 21 N:ris
329 1161 35 26 49,
388 1161 26 20 52
439 1159 43 22 och
505 1162 26 19 57
547 1160 9 21 i
570 1159 103 28 längden
692 1160 28 20 A.
736 1161 120 26 upptagna

98 1197 101 22 ärenden
222 1198 29 21 dä
275 1202 62 18 ännu
356 1199 51 21 icke
424 1199 80 22 blifvit
520 1200 26 21 af
559 1200 26 21 L.
602 1199 52 22 med
670 1199 186 28 stämpelpapper

98 1237 37 21 till
158 1238 152 21 föreskrifvet
333 1238 85 29 belopp
442 1239 106 29 belagda,
565 1240 7 21 i
588 1240 84 21 sådant
691 1239 109 22 afseende
819 1238 37 21 till

99 1277 90 22 kronan
211 1278 93 29 utgifva
329 1281 24 19 15
378 1279 66 21 mark
465 1281 27 20 50
512 1280 71 28 penni
603 1280 43 21 och
667 1282 35 19 att
721 1280 87 20 ersätta
826 1278 28 21 de

99 1317 132 29 kostnader,
252 1325 49 14 som
317 1319 38 20 för
370 1319 162 28 fullgörandet
548 1320 26 21 af
587 1319 269 22 vicelandskamreraren

96 1357 39 21 L:s
159 1358 122 21 eftersatta
305 1358 96 21 arbeten
424 1358 80 22 kunde
526 1360 179 28 ifrägakomma,
728 1359 126 26 äfvensom,

98 1397 41 22 vid
166 1398 85 21 honom
273 1398 8 21 i
299 1398 84 21 sädant
407 1399 111 22 afseende
545 1399 119 29 förelagdt
689 1399 48 22 vite
763 1400 26 21 af
813 1401 41 19 200

97 1438 72 27 mark,
193 1438 62 21 inom
275 1439 40 20 tvä
330 1439 112 21 mänader
462 1440 60 21 efter
545 1441 39 20 det
599 1440 132 21 hofrättens
754 1439 101 28 utslag
842 1434 16 37 i
