1103 1795
283 173 26 20 36
624 173 24 22 I

252 242 59 19 utan
334 242 37 20 att
392 241 9 21 i
423 241 166 30 magistratene
611 242 116 29 protokoll
752 243 74 28 något
842 243 76 21 beslut
934 243 79 22 derom

252 280 93 21 kunnat
360 280 133 29 återfinnas,
509 281 113 29 vidtagits
640 281 74 22 sådan
725 281 107 30 ändring,
844 284 36 20 att
890 283 83 22 endast
984 291 29 13 en

253 320 152 22 sextondedel
421 321 26 21 af
460 321 150 28 provisionen
626 321 100 22 kommit
736 322 84 22 staden
832 323 37 21 till
879 323 61 28 godo
951 325 61 20 samt

253 361 134 22 återstoden
411 361 69 22 deraf
499 361 113 22 fördelats
631 362 105 29 sålunda,
754 365 36 20 att
805 363 134 22 direktören
954 363 58 22 und-

252 401 47 23 fått
314 401 41 22 två
371 401 183 29 sextondedelar,
568 401 112 23 kassören
690 403 50 21 åtta
751 403 184 28 sextondedelar,
947 403 64 22 mäk-

252 442 66 21 laren
338 444 35 19 tre
389 442 178 21 sextondedelar
582 442 44 21 och
641 443 177 22 vaktmästaren
834 444 41 21 två
889 443 122 22 sextonde-

252 482 65 22 delar
333 482 26 21 af
373 481 267 30 auktionsprovisionen.

322 522 78 21 Sedan
419 522 111 21 kassören
546 522 43 21 och
604 522 110 22 notarien
728 523 42 22 vid
785 523 154 22 förenämnda
955 524 54 21 auk-

252 562 182 23 tionskammare
451 563 28 21 N.
496 562 44 22 den
556 564 27 20 20
598 563 115 22 Februari
731 565 54 20 1893
802 563 109 30 beviljats
927 564 82 22 afsked

251 603 54 22 från
328 603 73 28 sagda
423 602 167 29 befattningar,
606 603 61 22 hade
682 603 155 30 magistraten
852 604 8 21 i
875 604 29 21 H.
921 604 45 21 den
983 606 24 20 22

250 643 9 22 i
275 651 88 14 samma
378 643 91 28 månad,
485 643 53 21 med
552 643 97 29 hänsigt
663 643 38 22 till
717 643 46 22 den
780 644 121 28 betydliga
914 645 95 21 omfatt-

250 683 58 28 ning
331 683 192 22 auktionsverket
545 683 120 22 derstädes
687 683 75 22 under
786 684 29 21 de
838 687 91 19 senaste
951 685 56 20 åren

251 723 95 23 erhållit
369 723 43 22 och
435 723 29 22 de
478 726 64 19 stora
556 724 212 29 penningebelopp,
784 731 50 15 som
850 725 27 21 af
890 725 119 21 auktions-

250 763 82 22 verket
347 763 74 22 under
436 763 165 28 magistratens
618 763 153 29 ansvarighet
783 764 135 28 handhafts,
930 766 77 20 ansett

250 804 36 28 sig
301 804 59 21 böra
375 811 85 22 genom
474 804 78 28 någon
568 803 52 22 dess
634 803 102 22 medlem
752 803 185 30 omhändertaga
952 811 55 22 pen-

249 843 250 30 ningeförvaltningen
522 844 43 21 och
588 844 65 28 förty
675 844 81 21 funnit
779 844 88 29 skäligt
889 846 36 20 att
939 845 68 21 verk-

249 884 128 23 ställandet
392 885 27 21 af
432 884 154 22 auktionerna
601 885 122 21 äfvensom
738 884 30 22 de
783 884 53 22 med
851 884 86 29 sjelfva
951 885 56 22 auk-

248 925 239 28 tionsförrättningen
509 925 112 22 förenade
643 925 137 28 göromälen
803 926 61 20 samt
881 925 126 28 protokoll-

249 965 44 22 och
309 965 158 28 bokföringen
477 965 74 21 skulle
561 965 75 21 under
646 965 45 21 den
702 965 78 22 säsom
790 964 215 23 auktionsdirektör

248 1005 179 30 tjenstgörande
441 1005 155 22 rädmannens
612 1005 112 22 inseende
740 1005 44 22 och
794 1007 118 20 närmaste
923 1013 81 14 ansva-

247 1046 80 29 righet
342 1045 117 22 ombetros
474 1053 29 14 en
518 1045 79 22 dertill
611 1045 86 22 utsedd
712 1045 99 28 notarie,
822 1045 121 22 äfvensom
954 1045 51 22 kas-

248 1086 115 22 savärden
386 1085 44 22 och
452 1087 108 20 ansvaret
582 1085 38 22 för
636 1085 136 22 densamma
787 1085 133 29 uppdragas
936 1086 25 21 ät
975 1093 30 14 en

248 1127 27 21 af
295 1126 166 29 magistratens
483 1125 128 22 ledamöter
634 1125 55 22 eller
712 1126 53 21 dess
788 1125 141 22 ordförande
952 1125 53 22 med

248 1167 93 22 biträde
363 1166 54 21 utaf
438 1173 28 14 en
489 1166 27 21 af
532 1165 87 22 honom
634 1167 103 27 antagen
752 1166 91 27 kassör;
859 1165 101 22 hvarhos
976 1165 29 22 de

247 1206 167 29 befattningen
436 1205 130 29 åtföljande
584 1206 207 21 löneförmänerna
810 1205 76 22 skulle
901 1205 103 22 fördelas

247 1247 106 28 sålunda,
369 1248 36 19 att
426 1246 107 21 notarien
557 1246 120 21 bekomme
699 1249 36 18 tre
758 1245 164 22 åttondedelar
937 1245 69 22 deraf

246 1287 76 22 under
344 1287 95 29 garanti
461 1288 34 20 att
518 1286 87 22 dennes
627 1287 105 21 inkomst
750 1286 122 29 uppginge
886 1286 39 21 till
941 1288 62 26 3,600

247 1327 67 22 mark
337 1335 37 13 om
397 1328 56 26 året,
476 1328 35 20 att
532 1327 198 21 kassörsbiträdet
752 1327 10 21 i
785 1326 104 28 aflöning
911 1325 92 22 komme

248 1369 36 19 att
305 1367 107 29 uppbära
435 1368 40 20 200
497 1366 67 22 mark
582 1366 9 22 i
609 1366 117 22 månaden
741 1367 62 21 samt
818 1367 36 20 att
870 1365 133 22 återstoden

247 1407 27 22 af
294 1407 103 22 nämnda
419 1407 171 22 löneförmåner
608 1407 94 22 delades
722 1406 101 23 emellan
838 1406 165 29 magistratens

248 1447 140 22 ordförande
399 1447 44 22 och
453 1447 136 28 ledamöter;
602 1447 44 22 och
655 1447 61 22 hade
724 1446 195 23 auktionsverket
927 1446 76 22 seder-

249 1494 62 15 mera
325 1486 129 23 handhafts
468 1487 9 21 i
492 1486 105 29 enlighet
612 1487 53 22 med
680 1486 67 23 detta
762 1486 86 22 beslut.
