1103 1795
272 174 27 19 60
612 168 28 36 II
922 199 5 7 N

241 239 105 23 nämnda
361 240 139 29 kungörelse
517 241 25 21 af
556 241 46 21 den
614 243 24 19 11
650 241 49 21 Juli
714 243 54 18 1892
781 240 154 29 förkastades,
947 244 56 17 enär

242 281 164 27 kungörelsen,
430 281 75 21 säsom
527 280 165 22 innefattande
716 282 35 20 ett
771 279 231 29 tillkännagifvande

243 320 37 21 för
303 320 94 29 hugade
419 321 150 28 spekulanter
592 321 79 22 derom
687 323 36 19 att
738 321 182 28 ifrägavarande
936 321 68 21 villa-

242 361 72 21 lotter
329 361 92 22 komme
438 364 34 19 att
482 361 38 22 till
531 361 27 22 de
569 361 181 28 mestbjudande
761 362 13 21 ä
785 361 109 28 offentlig
905 361 98 22 auktion

243 401 118 29 försäljas,
381 401 52 22 icke
448 409 42 15 var
506 401 77 22 direkt
598 402 121 22 stridande
736 403 62 20 emot
813 401 134 29 Kejserliga
963 401 40 22 Se-

243 444 84 19 natens
351 442 122 21 föreskrift
491 442 121 28 angäende
628 444 71 19 sättet
715 443 38 20 för
769 442 171 21 villalotternas
956 442 46 21 för-

244 481 109 28 säljning,
381 482 57 21 fann
461 482 120 21 hofrätten
605 482 61 21 hvad
691 483 26 20 af
741 481 201 22 advokatfiskalen
966 482 37 20 för

244 521 75 28 öfrigt
341 524 62 19 emot
425 525 146 25 guvernören
594 523 35 26 G.,
653 521 209 23 länebokhällaren
878 522 32 26 F.,
927 522 76 21 såsom

244 561 172 29 föredragande
432 563 26 20 af
473 563 249 27 donationsärendena,
740 563 44 21 och
795 562 208 21 länekammarför-

244 601 104 22 vandten
371 602 33 27 Y.
432 603 75 20 såsom
532 603 223 28 tjenstförrättande
780 602 173 28 föredragande
979 603 26 20 af

244 641 68 22 dessa
338 642 107 28 ärenden,
469 645 59 18 samt
552 643 77 28 öfriga
651 643 8 20 i
682 643 73 21 saken
778 642 93 21 åtalade
894 649 109 21 personer

245 682 98 28 anförts,
363 684 83 20 stanna
466 683 51 21 dem
532 683 37 20 till
585 683 46 21 last
647 683 76 21 säsom
739 683 113 28 felaktigt
867 683 136 20 förfarande

245 722 8 21 i
271 722 68 21 deras
361 722 205 29 tjensteutöfning.
598 723 66 22 Dock
687 730 50 15 som
757 723 77 21 denna
854 722 147 29 felaktighet,

245 762 53 21 med
314 763 110 21 afseende
440 763 55 22 derä
506 765 34 20 att
554 763 129 22 ärendenas
695 763 171 28 föredragning
877 763 20 28 ej
909 763 94 21 ankom-

245 803 44 20 mit
314 803 13 20 &
349 803 281 22 vicelandssekreteraren
653 805 36 26 H.,
713 803 230 22 kronolänsmannen
965 803 38 27 X.

245 842 218 23 landskamreraren
485 843 34 28 R.,
538 843 165 29 kronofogden
723 843 30 28 S.,
774 843 229 21 kronolänsmannen

245 883 24 20 Z.
287 883 44 21 och
346 884 279 21 vicelandssekreteraren
641 884 33 27 E.,
690 884 64 21 hvad
770 883 54 22 dem
842 883 98 28 vidkom,
952 883 51 21 icke

245 929 42 15 var
310 923 27 21 af
358 923 45 22 den
419 924 161 21 beskaffenhet
596 926 35 19 att
647 931 85 14 ansvar
748 924 56 21 eller
820 931 77 14 annan
913 923 91 28 päföljd

246 962 79 22 derför
344 963 71 22 borde
436 971 42 22 ega
497 971 56 21 rum,
574 964 69 21 vardt
658 963 216 23 advokatfiskalens
890 966 62 19 emot
965 963 37 27 H.,

246 1003 37 28 X.,
299 1003 35 25 R.
351 1004 29 27 S.,
397 1004 24 21 Z.
438 1004 43 21 och
496 1005 25 20 E.
538 1005 84 28 gjorda
638 1012 106 14 ansvars-
760 1004 45 22 och
821 1004 183 28 ersättningspä-

246 1043 112 22 stäenden
374 1044 158 28 underkända,
549 1045 121 21 hvaremot
685 1048 149 25 guvernören
848 1045 34 26 G.,
894 1044 110 21 länebok-

246 1083 106 22 hållaren
367 1085 25 20 F.
409 1085 44 21 och
468 1085 302 22 länekammarförvandten
786 1085 28 21 Y.
831 1085 37 21 för
879 1085 61 21 hvad
952 1085 52 22 dem

246 1124 8 21 i
270 1124 170 22 ofvanstäende
455 1125 72 21 mätto
543 1125 73 28 tagits
632 1125 36 21 till
684 1125 47 21 last
747 1125 77 21 fäldes
840 1127 41 26 att,
897 1125 8 20 i
916 1125 52 22 stöd
980 1125 26 21 af

247 1166 24 19 21
290 1166 13 25 $
319 1167 26 19 40
361 1165 52 28 kap.
430 1165 150 29 Strafflagen,
597 1166 62 27 böta,
675 1169 149 25 guvernören
840 1165 27 22 G.
880 1167 40 20 200
931 1165 72 27 mark,

246 1204 208 22 länebokhällaren
477 1205 25 22 F.
526 1206 38 21 för
587 1205 161 29 egenmäktigt
764 1205 138 22 förfarande
917 1205 88 22 beträf-

247 1245 72 21 fande
335 1244 170 29 försäljningen
522 1246 26 21 af
562 1245 161 22 villalotterna
738 1245 63 22 N:ris
816 1247 35 26 42,
867 1247 33 25 43,
919 1247 26 20 54
961 1245 44 22 och

247 1287 27 20 58
290 1285 74 21 under
379 1285 132 22 hemmanet
525 1285 43 22 N:o
588 1287 24 20 13
628 1286 44 21 och
687 1285 136 22 villalotten
839 1285 42 22 N:o
894 1287 24 20 21
931 1286 74 21 under

247 1325 133 21 hemmanet
399 1325 43 21 N:o
465 1327 24 19 14
508 1325 8 21 i
536 1326 24 21 T.
577 1325 32 28 by
627 1328 38 19 100
681 1326 67 21 mark
764 1325 45 22 och
825 1326 37 21 för
878 1325 61 22 hvad
954 1326 27 21 F.
997 1326 8 20 i

247 1364 74 29 öfrigt
337 1364 133 22 tillräknats
488 1366 39 20 150
542 1364 67 22 mark
624 1364 57 22 eller
696 1364 102 29 tillhopa
810 1366 40 20 250
861 1365 72 28 mark,
945 1367 61 19 samt

246 1404 302 23 länekammarförvandten
564 1405 27 22 Y.
604 1407 26 20 30
641 1405 72 22 mark.
734 1405 188 22 Vidkommande
933 1405 71 22 sedan

248 1444 212 22 advokatfiskalens
483 1446 144 27 påståenden
650 1453 36 14 om
710 1449 150 25 guvernören
880 1446 45 27 G:s,
942 1445 63 22 läne-

247 1484 154 23 bokhäiiaren
409 1485 39 22 F:s
459 1485 43 22 och
511 1485 306 23 iänekamwurförvandten
826 1485 40 22 Y:s
874 1486 131 29 8läggande
