1103 1795
226 193 12 15 2
381 188 23 23 U.
422 188 21 22 B.
461 201 29 2 —
506 187 134 30 Ombyggnad
656 188 27 24 af
696 189 126 23 bankhuset.

224 255 97 20 tvärtom
345 253 42 22 alla
410 254 138 27 möjligheter
568 254 33 21 för
624 255 110 20 vinnande
752 255 25 20 af
789 257 69 19 större
873 259 109 24 utrymme

226 290 43 21 och
289 289 188 28 ändamälsenliga
495 290 147 27 anordningar
658 291 6 20 i
681 290 65 27 öfrigt
762 291 69 20 borde
847 291 134 28 fullständigt

225 326 167 27 tillgodogöras.
425 326 52 20 Med
493 325 103 21 afseende
612 325 52 21 härä
680 326 42 21 och
738 325 29 22 dä
783 327 142 21 Direktionen
937 327 44 21 fun-

226 363 33 19 nit
282 361 126 26 önskvärdt,
433 365 31 17 att
488 361 41 21 alla
552 363 28 19 de
603 362 137 27 tjenstemän,
763 362 73 21 hvilka
857 363 124 27 ombesörja

226 398 159 27 expeditionen
408 397 41 21 och
473 397 151 28 bokföringen,
650 398 57 27 finge
730 399 47 20 sina
800 399 155 27 arbetsplatser
975 399 6 21 i

226 441 86 13 samma
335 433 82 28 väning
440 437 57 17 samt
520 437 37 21 att,
582 434 37 20 vid
643 433 78 21 sädant
742 433 139 26 förhällande,
904 435 78 20 endast

226 469 195 21 vexelkassörerne
437 469 42 21 och
494 469 104 27 möjligen
614 469 64 21 äfven
689 470 167 21 öfverkassören
869 470 113 21 äfvensom

227 505 43 20 alla
285 506 28 20 de
330 505 153 25 funktionärer,
500 505 73 20 hvilka
589 505 86 21 biträda
690 507 51 19 dem
757 506 51 20 eller
823 506 73 21 kunna
912 505 21 22 fä
945 513 36 14 an-

227 541 104 26 ställning
346 541 38 20 vid
399 548 28 13 en
442 540 173 28 ifrägakommen
630 541 176 28 safesafdelning,
824 542 71 20 blefve
911 542 70 27 place-

227 577 54 20 rade
304 578 6 19 i
333 577 68 20 första
416 576 115 28 väningen,
548 577 57 20 hade
621 577 138 26 Arkitekten,
776 577 111 22 Professor
903 578 81 21 Gustaf

227 613 114 26 Nyström,
365 612 29 28 pä
417 613 102 27 uppdrag
541 613 25 20 af
584 613 149 25 Direktionen,
753 614 51 19 med
820 613 123 21 beaktande
959 613 26 21 af

228 648 128 21 förberörda
372 649 109 20 allmänna
496 649 136 26 synpunkter
647 652 57 17 samt
720 649 24 20 af
757 649 143 21 Direktionen
916 653 65 24 ytter-

227 684 69 27 ligare
319 684 101 21 lemnade
444 684 213 28 detaljanvisningar,
681 685 106 27 uppgjort
810 688 32 18 ett
862 685 73 21 utkast
950 685 31 20 till

228 720 129 27 förändring
379 720 25 21 af
424 720 128 25 bankhuset,
578 721 53 20 efter
652 722 37 19 det
709 720 164 21 Statskontoret
888 720 93 21 derifrän

229 756 130 27 bortflyttat.
392 755 49 22 Och
464 756 40 20 har
524 756 143 21 Direktionen
687 757 124 20 sedermera
826 757 31 20 till
874 756 108 21 Bankfull-

228 792 99 27 mäktige
351 793 6 19 i
381 792 102 20 afseende
503 791 13 21 ä
531 792 135 27 granskning
682 793 143 20 öfverlemnat
840 793 143 21 förenämnda

229 827 74 21 utkast
325 828 68 27 jemte
411 835 28 14 en
454 828 163 27 approximativ
632 828 234 27 kostnadsberäkning,
882 829 101 20 slutande

229 864 35 26 sig
280 863 13 21 å
310 864 95 25 260,000
423 863 68 26 mark,
507 863 95 22 hvarhos
618 865 150 24 Direktionen,
786 871 47 14 som
849 865 70 20 funnit
933 864 49 20 Pro-

229 899 71 21 fessor
323 900 117 27 Nyströms
461 899 80 28 förslag
557 899 109 28 lyckligen
682 900 47 21 lösa
745 900 43 21 den
804 900 110 27 förelagda
929 907 53 20 upp-

230 935 75 27 giften,
322 935 91 21 anhållit
427 942 37 14 om
480 936 178 27 bemyndigande
673 936 20 27 ej
709 936 85 21 mindre
810 939 32 18 att
857 935 43 21 låta
916 937 6 19 i
938 935 45 21 huf-

229 971 118 27 vudsaklig
365 971 225 21 öfverensstämmelse
606 972 51 20 med
673 972 104 27 förslaget
792 974 101 25 uppgöra
909 971 73 21 defini-

229 1007 47 20 tiva
292 1007 105 27 ritningar
412 1007 42 20 och
468 1007 193 28 kostnadsförslag,
674 1010 28 18 än
713 1007 64 21 äfven
788 1010 38 23 att,
838 1009 68 19 sedan
919 1008 64 20 dessa

229 1042 113 25 faststälts,
365 1041 44 22 läta
431 1043 70 20 utföra
521 1044 85 20 arbetet
621 1044 104 27 antingen
741 1043 51 20 med
808 1050 38 14 ens
862 1043 51 21 eller
928 1042 55 21 smä-

229 1079 93 27 ningom
345 1079 6 20 i
375 1078 51 21 män
446 1079 26 20 af
488 1079 72 25 behof,
578 1080 109 20 beroende
704 1079 29 28 pä
748 1079 59 20 hvad
823 1079 33 20 för
872 1079 60 21 tiden
947 1079 36 20 be-

229 1114 71 21 finnes
316 1115 130 27 lämpligast.

304 1146 183 25 Öfverlemnande
503 1151 153 21 Direktionens
673 1151 137 21 förestäende
826 1151 158 27 framställning

229 1186 32 21 till
285 1186 181 21 Bankutskottets
488 1187 100 27 benägna
611 1187 108 28 pröfning,
744 1187 21 21 fä
785 1187 198 26 Bankfullmäktige

230 1223 114 20 vördsamt
364 1222 91 26 anmäla,
477 1226 32 17 att
524 1223 198 27 Bankfullmäktige
738 1223 127 27 visserligen
881 1223 58 20 finna
955 1223 28 20 de

230 1257 25 21 af
276 1258 143 21 Direktionen
440 1259 116 20 förordade
572 1259 178 27 förändringarne
767 1259 25 20 af
804 1259 133 20 bankhusets
953 1259 30 20 in-

230 1294 94 27 redning
339 1293 191 28 ändamälsenliga,
544 1293 73 22 säsom
629 1295 6 20 i
646 1295 45 27 hög
702 1295 54 27 grad
768 1295 85 27 egnade
864 1298 32 17 att
907 1294 76 27 främja

230 1330 194 26 begvämligheten
447 1330 42 20 och
512 1331 113 20 trefnaden
641 1331 33 20 för
689 1330 60 21 säväl
765 1331 102 20 Bankens
882 1330 100 27 personal

231 1372 50 14 som
297 1365 33 21 för
345 1366 50 20 dess
411 1365 89 26 kunder,
517 1373 50 13 men
584 1367 57 20 dock
657 1370 71 17 ansett
744 1366 34 27 sig
794 1366 54 20 böra
864 1364 118 26 framhälla,

230 1404 35 17 att
280 1401 37 21 det
333 1401 64 21 äfven
413 1405 53 18 utan
481 1402 75 27 dylika
571 1403 134 21 kostsamma
719 1403 151 27 förändringar
881 1403 40 20 bör
931 1409 53 14 vara

231 1437 87 27 möjligt
341 1440 38 22 att,
403 1439 51 19 med
478 1439 145 26 begagnande
645 1439 24 20 af
682 1441 42 18 den
741 1439 54 20 efter
811 1439 172 20 Statskontorets

230 1473 154 27 Dbortflyiining
409 1473 169 28 ledigblifvande
602 1475 91 25 lokalen,
718 1476 7 19 i
747 1475 67 20 nedre
837 1473 110 29 våningen
963 1474 24 21 af

231 1508 125 21 bankhuset
376 1509 81 20 bereda
477 1517 46 13 rum
539 1510 33 21 för
588 1511 175 25 Bankutskottet,
780 1511 203 24 Bankrevisorerne,

304 1550 148 19 Bankutskottets
465 1551 112 18 betänkande
590 1552 34 18 N:o
638 1553 16 17 7.
