1103 1795
63 497 36 18 För
108 497 116 22 anläggande
232 496 19 18 af
257 496 169 23 telefonledningar
434 496 42 18 från

86 531 49 18 vissa
156 531 21 18 af
195 531 160 17 militärväsendet
380 530 97 18 bestämda

85 565 147 22 utkikspunkter
240 565 30 17 vid
279 565 70 17 Finska
361 564 64 18 vikens
433 564 45 18 kust

86 599 31 18 till
129 598 114 23 förefintliga
255 599 77 18 telefon-
342 599 34 17 och
389 598 88 23 telegraf-

85 633 98 23 ledningar
195 633 6 17 i
213 633 33 18 det
259 633 39 18 inre
311 633 20 18 af
342 633 64 18 landet
427 646 3 4 .
449 647 4 4 .
473 647 3 3 .

63 668 106 18 Kostnader
189 667 30 18 för
239 667 159 23 ombeväpningen
417 667 20 18 af
454 667 23 18 de

85 702 61 17 finska
153 704 102 20 trupperna
264 701 41 18 med
314 701 32 18 det
353 707 36 17 nya
395 703 10 16 3
413 701 64 18 liniers

85 737 77 22 geväret
175 736 20 17 af
207 737 43 16 1891
264 736 30 17 års
307 735 67 18 modell.
400 749 7 4 .
427 749 3 4 .
450 749 2 3 .
473 749 4 4 «

63 770 78 18 Diverse
154 770 34 18 och
201 770 120 18 oförutsedda
336 769 79 23 utgifter
428 771 50 16 utom

86 806 47 16 stat:

86 839 155 22 Expropriations
259 844 22 12 m.
295 839 18 17 fi.
333 839 100 17 kostnader
448 838 30 18 för

109 874 109 23 utvidgning
236 874 21 17 af
272 874 206 22 reservkompaniernas

109 908 110 23 skjutbanor
243 921 235 5 «s

86 943 107 18 Kostnader
216 943 29 17 för
265 943 213 22 kröningshögtidlighe-

109 979 54 15 terna
176 977 5 17 i
193 977 78 17 Moskva
290 990 3 4 .
313 991 2 3 .
335 973 11 31 so
359 990 49 4 cc
427 989 50 5 vä

85 1011 112 22 Ersättning
210 1011 20 18 åt
242 1011 102 23 Uleåborgs
355 1011 84 22 bataljon
448 1011 30 18 för

109 1050 36 17 nya
160 1045 156 22 kronopersedlar
329 1045 5 17 i
348 1045 65 18 stället
425 1045 29 18 för
466 1045 12 18 å

107 1079 121 22 jernvägståg
241 1079 35 18 den
288 1080 22 16 27
323 1079 44 17 Juni
377 1080 42 17 1891
433 1084 44 17 upp-

108 1113 71 18 branna
197 1127 2 3 <
322 1127 62 4 TTT
412 1126 64 5 RSA

85 1148 111 22 Ersättning
214 1148 20 17 åt
248 1147 99 23 jordegare
365 1148 6 17 i
386 1148 92 17 Birkkala

109 1183 67 17 socken
188 1182 29 17 för
225 1182 30 17 till
267 1182 114 17 Pitkäniemi
393 1183 84 17 kornett-

107 1217 81 17 boställe
205 1216 104 18 öfverlåtna
323 1216 130 23 jordområden
472 1230 4 5 .

86 1251 84 22 Utgifter
182 1251 29 17 för
223 1251 157 18 militärstatistik
404 1265 3 3 .
427 1264 3 3 .
449 1265 3 3 .
472 1264 4 5 .

85 1285 36 18 För
134 1285 114 23 uppförande
261 1285 21 18 af
293 1291 36 17 nya
337 1285 101 23 badstugor
446 1285 31 18 vid

108 1320 41 17 7:de
161 1320 116 17 Tavastehus
289 1320 34 17 och
336 1320 40 17 8:de
389 1320 87 22 Wiborgs

107 1354 61 18 finska
181 1354 226 22 skarpskyttebataljoner
426 1367 4 4 .
449 1368 3 4 .
472 1368 4 4 .

84 1388 147 23 Expropriation
244 1388 20 19 af
276 1389 52 17 mark
336 1388 30 18 till
376 1388 101 23 skjutbana

107 1423 30 17 vid
150 1423 145 18 Fredrikshamn
310 1437 3 3 .
333 1437 3 4 .
358 1419 24 31 oo.
402 1437 74 5 0.0.

484 163 20 21 x
900 162 13 20 9

375 427 102 23 Transport
487 414 11 40 |
507 426 91 22 6,029,322|
611 428 20 16 11
638 414 8 40 |
656 426 92 22 6,109,074|
760 426 23 17 06
791 414 11 40 |
808 425 91 22 6,454,909|
911 426 22 16 43

537 633 61 22 18,126]
611 633 22 18 99|
663 621 14 40 —
688 633 61 21 18,896]
761 633 23 17 88
849 632 51 22 4,296]
914 633 20 16 11

536 737 63 21 56,678]
611 737 23 18 90
698 736 52 21 9,088]
762 737 22 16 41
791 724 11 39 |
810 737 89 20 1,107,271/
913 736 22 17 22

550 910 48 21 1,631]
612 909 22 17 24
699 908 86 21 243928]
844 918 22 3 —
913 918 22 2 |—

536 978 98 21 4878233]
693 987 22 2 —
764 987 21 2 |-|
844 988 22 2 —
913 987 21 2 |—-

537 1115 66 22 1024
612 1116 22 17 60]
693 1125 22 2 —
763 1125 22 2 |-1
844 1125 21 3 —
913 1125 22 2 Ju

547 1219 87 21 612760]
693 1228 22 2 —
763 1228 22 3 |-!
844 1229 22 2 —
913 1227 22 3 I

542 1263 22 2 =
612 1263 20 2 [—
698 1253 51 21 2,696]
762 1253 23 17 47
850 1253 49 22 3,463]
913 1253 22 16 58

541 1365 21 2 —
611 1366 22 2 |]
685 1356 99 21 4000|—-|]
843 1365 22 3 —
913 1365 21 3 |—-

540 1434 22 3 —
610 1434 22 3 |—]
687 1425 97 20 10667j298|]
843 1434 22 3 —
911 1434 23 3 |—-

371 1465 104 22 Transport
488 1478 2 9 |
504 1465 92 22 6,170,860|
608 1466 22 16 77
640 1452 7 40 |
656 1465 95 22 6,192,812]
762 1465 22 17 35
793 1452 8 40 |
808 1465 92 21 7,569,940|
912 1465 23 17 34

866 1505 11 16 2

118 1504 81 17 Relation
211 1504 22 17 X.
