1103 1795
216 185 12 19 2
402 183 84 24 Ständ.
502 183 55 24 Skr.
573 197 27 3 —
616 184 176 23 III-XXXII.

215 253 118 24 särskilda
351 255 24 22 af
392 255 255 30 Finansexpeditionen
664 255 8 22 i
690 255 74 22 Eders
782 255 133 29 Kejserliga
927 255 50 23 Ma-

215 289 82 28 jestäts
319 289 74 22 Senat
410 289 36 23 för
464 289 101 23 Finland
583 289 132 30 uppgjorda
733 290 129 29 räkningar
880 289 43 23 och
941 297 35 14 re-

215 323 108 22 lationer.

286 357 74 23 Dessa
384 359 128 29 räkningar
535 359 43 22 och
602 359 126 22 relationer
750 359 73 22 hafva
845 358 131 22 Ständerna

215 392 156 23 öfverlemnat
397 393 38 22 till
458 393 168 23 förberedande
650 393 180 30 handläggning
854 393 24 22 af
902 393 74 23 Stats-

215 426 125 29 utskottet,
359 435 55 20 som,
433 428 58 22 efter
514 430 71 27 tagen
609 428 132 22 kännedom
765 436 37 14 om
824 428 152 22 statsverkets

216 461 161 29 räkenskaper
397 462 43 22 och
458 462 75 29 öfriga
550 462 143 29 handlingar
711 464 60 21 samt
789 462 73 22 sedan
879 461 98 23 Utskot-

216 497 36 20 tet
274 496 113 22 särskildt
410 497 114 28 granskat
546 497 32 29 pä
600 496 63 23 hvad
685 499 48 19 sätt
754 496 30 22 de
802 496 24 22 af
844 496 133 22 Ständerna

217 529 119 30 beviljade
360 531 82 29 anslag
466 531 80 22 blifvit
570 531 115 27 använda,
707 531 9 22 i
733 531 73 22 saken
825 531 96 29 afgifvit
938 531 39 21 be-

216 564 127 29 tänkande,
361 565 163 22 innefattande
542 565 86 30 jemväl
645 566 74 29 nägra
732 565 132 29 erinringar
876 565 43 22 och
930 565 47 22 för-

216 599 53 28 slag
292 599 147 22 beträffande
462 600 175 29 förvaltningen
656 600 44 22 och
718 599 259 30 räkenskapsväsendet

217 635 61 20 samt
295 633 96 23 dermed
408 634 228 29 sammanhängande
654 634 84 29 frågor.

287 668 37 21 Då
351 668 132 23 Ständerna
509 669 37 21 till
573 669 81 28 slutlig
677 669 85 29 åtgärd
786 668 101 23 förehaft
911 667 65 22 detta

217 702 94 28 ärende,
338 702 71 23 hafva
434 703 131 22 Ständerna
589 703 107 29 godkänt
720 703 110 29 samtliga
854 702 24 22 af
902 702 74 22 Stats-

216 736 119 23 utskottet
352 737 83 29 gjorda
452 737 144 22 uttalanden.

287 771 35 22 På
334 771 40 22 det
385 774 36 19 att
434 772 191 23 Statsutskottets
637 771 181 30 ifrågavarande
827 771 149 22 betänkande

217 805 74 22 måtte
308 805 9 22 i
336 805 28 22 de
382 806 71 28 delar,
472 807 84 21 sådant
574 811 25 17 är
617 807 24 21 af
658 807 84 28 nöden,
760 806 76 22 varda
854 805 24 22 af
895 805 82 22 veder-

217 839 104 22 börande
340 840 162 29 myndigheter
520 841 120 28 beaktadt,
657 841 77 22 tillåta
746 841 38 28 sig
797 840 132 23 Ständerna
942 842 35 20 att

217 873 86 23 härhos
327 875 9 21 i
359 875 187 29 underdånighet
569 875 100 22 insända
692 875 130 22 detsamma
845 875 38 22 till
903 874 74 22 Eders

217 908 134 29 Kejserliga
362 909 116 30 Majestät,
491 909 51 22 med
556 909 109 23 anhållan
679 912 35 20 att
725 909 163 23 betänkandet
899 909 78 22 blefve

216 943 39 22 till
280 943 103 22 Senaten
405 944 169 22 öfverlemnadt
594 945 10 21 i
622 944 108 23 afseende
748 945 14 21 &
781 943 154 30 vidtagandet
953 944 24 22 af

217 976 29 23 de
265 977 116 30 åtgärder,
400 979 38 21 till
454 978 82 23 hvilka
548 979 28 22 de
590 979 24 22 af
626 979 184 22 Statsutskottet
822 977 83 31 gjorda
917 979 60 21 erin-

216 1011 82 30 ringar
316 1012 44 23 och
378 1013 87 29 förslag
482 1013 80 22 kunna
579 1013 65 30 gifva
662 1013 136 29 anledning.

287 1081 114 22 Finlands
421 1081 98 23 Ständer
537 1082 133 22 framhärda
688 1085 44 19 etc.

286 1150 154 29 Helsingfors,
458 1150 44 22 den
522 1151 13 21 3
554 1151 68 29 April
643 1151 71 22 1900.

359 1503 111 24 Helsingfors
484 1504 47 19 1900.
555 1504 113 23 Helsingfors
680 1503 155 23 Centraltryckeri.
