1103 1795
97 1225 99 18 Bankfull-

81 1249 96 22 mäktiges
182 1249 31 18 be-

81 1273 78 17 rättelse
173 1273 11 22 &
196 1274 16 17 1.

82 1297 131 18 Statsvärkets

81 1321 11 17 3
101 1319 12 18 %
142 1321 32 17 lån
193 1321 20 17 af

81 1344 53 18 1898.

82 1400 63 25 Öfriga
167 1404 46 18 obli-

81 1428 116 21 gationslän.

225 190 27 19 14
501 188 24 23 U.
542 188 23 23 B.
584 201 26 4 —
627 190 105 20 XXXIII.

224 257 37 23 tet,
283 255 54 20 efter
357 256 31 19 att
403 255 66 20 hafva
484 254 54 27 tagit
553 254 123 21 kännedom
691 261 37 14 om
744 254 27 21 de
786 255 189 26 öfverläggningar,

224 298 48 13 som
288 291 7 20 i
312 291 59 20 detta
386 291 100 20 afseende
502 291 60 20 inom
577 290 218 27 bankförvaltningen
806 293 35 24 egt
851 297 55 18 rum,
919 291 57 20 kom-

224 327 42 20 mit
281 327 34 20 till
331 327 42 19 den
389 327 161 26 öfvertygelsen,
568 328 31 19 att
615 327 156 20 räntesatserna
781 327 8 20 i
800 327 119 20 allmänhet
930 327 46 20 blif-

224 363 7 19 i
247 364 44 19 rätt
306 362 32 20 tid
354 362 40 20 och
410 362 50 20 med
476 362 41 26 god
533 362 128 26 urskillning
674 362 106 27 förhöjda.
803 363 108 20 Måhända
922 363 54 20 hade

224 398 118 26 anledning
357 398 129 20 förefunnits
502 400 31 18 att
549 399 64 25 nägot
628 398 90 26 tidigare
733 398 87 27 vidtaga
836 398 26 21 de
877 399 99 20 ränteför-

224 434 121 27 höjningar,
363 440 46 14 som
425 434 53 26 egde
493 441 49 13 rum
558 434 41 20 den
617 434 27 20 17
660 434 89 20 oktober
767 435 57 20 1898
840 434 40 20 och
894 434 41 20 den
949 435 26 20 28

224 469 96 21 Oktober
337 470 64 20 1899.
431 470 49 19 Men
496 470 68 26 jämte
580 469 36 20 det
631 469 109 21 Utskottet
756 470 71 23 insett,
844 470 74 20 hvilka
933 471 42 19 svä-

224 506 94 26 righeter
333 505 57 21 valet
406 506 22 19 af
443 507 55 19 rätta
513 505 131 27 tidpunkten
660 506 33 20 för
709 505 161 27 ifrägavarande
881 506 96 26 ätgärder

224 541 102 28 erbjudit,
344 541 38 20 har
403 541 107 20 Utskottet
526 541 46 20 icke
588 541 83 20 kunnat
687 541 140 21 underskatta
843 541 41 21 den
900 542 74 25 grund,

224 578 53 19 eller
293 577 171 20 önskvärdheten
480 577 22 20 af
517 579 31 18 att
564 577 74 20 kunna
654 577 87 21 afvakta
757 577 116 20 resultaten
889 578 22 19 af
921 579 54 18 ärets

225 613 66 20 skörd
313 613 39 20 och
376 614 81 25 export,
482 613 87 20 hvilken
586 613 22 20 af
624 613 99 20 Bankens
740 613 111 20 Direktion
869 620 45 13 som
930 613 46 20 skäl

224 651 48 18 mot
295 649 88 26 tidigare
407 649 128 26 vidtagande
554 649 22 20 af
591 649 236 27 ränteförhöjningarne
843 649 87 20 anförts.
947 660 29 3 —

224 685 44 20 Till
284 685 119 27 detaljerna
418 685 22 20 af
456 685 98 20 Bankens
570 685 139 26 räntepolitik
720 685 55 20 skall
787 685 108 20 Utskottet
905 685 71 26 längre

224 721 57 20 fram
298 721 139 20 äterkomma.

298 757 29 20 Pä
350 756 69 27 grund
442 756 23 20 af
488 756 36 20 det
546 756 90 20 anförda
654 763 62 13 anser
731 756 110 21 Utskottet
856 756 31 26 sig
903 756 73 20 kunna

225 799 49 14 som
298 792 33 20 sin
354 791 55 26 äsigt
433 792 74 24 uttala,
532 793 32 18 att
588 791 223 27 bankförvaltningen,
836 792 57 21 hvad
919 792 56 20 såväl

225 828 101 20 Bankens
349 827 99 26 utlåning
472 833 45 15 som
540 827 41 20 den
597 827 8 20 i
621 827 13 26 &
651 828 12 19 2
680 828 22 19 af
718 827 209 27 Bankfullmäktiges
942 827 33 20 be-

224 864 87 20 rättelse
333 863 144 20 omförmälda
500 863 104 20 särskilda
620 863 73 26 åtgärd
710 863 107 25 beträffar,
834 863 55 21 visat
904 863 31 26 sig
951 863 24 20 si-

224 900 114 20 tuationen
362 906 71 13 vuxen
452 899 41 20 och
509 898 50 21 med
574 898 67 21 insikt
656 898 40 21 och
712 899 102 20 omtanke
830 898 48 21 lätit
893 899 32 26 sig
940 906 36 13 om

225 935 102 21 Bankens
350 935 40 20 och
406 935 84 20 landets
512 935 88 20 intresse
616 935 34 20 väl
666 935 76 23 värda;
759 935 41 20 och
815 935 39 20 vill
871 935 106 20 Utskottet

225 971 98 26 begagna
337 971 96 20 tillfället
448 972 32 19 att
495 971 121 24 framhälla,
633 970 36 20 det
684 971 110 20 Utskottet
810 971 63 20 äfven
888 971 23 20 af
923 971 53 19 Ban-

225 1007 55 20 kens
303 1007 79 20 skötsel
405 1007 7 20 i
427 1007 64 26 öfrigt
506 1007 111 26 emottagit
633 1007 30 20 ett
677 1007 126 26 alltigenom
819 1007 51 26 godt
885 1007 90 26 intryck.

299 1079 109 20 Utskottet
430 1079 39 19 har
492 1079 69 19 ansett
584 1078 32 26 sig
638 1078 51 20 böra
709 1078 156 27 jämförelsevis
881 1078 96 26 utförligt

226 1114 109 21 behandla
341 1114 98 26 frägorna
446 1121 35 14 om
487 1114 103 20 Finlands
598 1114 71 20 Banks
675 1114 99 26 utläning
781 1114 40 20 och
827 1114 88 20 därmed
923 1121 53 13 sam-

226 1150 166 26 manhängande
408 1149 153 21 ofvanberörda
576 1151 85 19 ämnen.
693 1150 118 25 Angående
827 1150 67 25 öfriga
910 1149 66 26 punk-

225 1188 33 18 ter
274 1186 8 20 i
297 1185 128 21 berättelsen
440 1186 39 20 har
494 1185 108 20 Utskottet
618 1185 83 20 kunnat
717 1185 55 21 fatta
788 1186 31 25 sig
835 1185 88 21 kortare.

299 1221 109 21 Utskottet
428 1221 39 20 har
489 1221 53 26 tagit
560 1221 34 20 del
611 1221 21 20 af
648 1221 157 26 handlingarna
821 1221 88 20 rörande
925 1227 51 20 upp-

225 1257 164 26 negocierandet
409 1257 23 20 af
452 1257 136 20 statsvärkets
605 1257 12 20 3
627 1255 28 24 %/o
671 1257 36 20 län
724 1257 22 20 af
763 1257 57 20 1898
837 1258 12 19 å
864 1257 113 20 nominellt

226 1293 135 24 55,000,000
385 1293 62 20 mark
466 1293 39 20 och
521 1293 78 24 funnit,
616 1294 32 19 att
663 1293 89 20 Banken
768 1293 76 20 därvid
860 1293 75 26 intagit
951 1299 26 14 en

225 1328 93 20 ledande
341 1329 102 25 ställning
468 1330 56 18 samt
546 1330 32 18 att
600 1329 36 19 det
655 1329 121 19 finansiella
791 1328 110 20 resultatet
917 1328 60 20 däraf

226 1364 61 20 ställt
309 1364 31 26 sig
363 1364 59 20 säväl
440 1364 34 20 för
489 1364 125 20 statsverket
630 1370 46 14 som
692 1364 34 20 för
741 1364 89 20 Banken
846 1364 129 26 förmänligt.

299 1400 175 20 Vidkommande
489 1400 65 20 sedan
570 1400 26 20 de
612 1400 66 26 öfriga
693 1400 171 26 obligationslän,
876 1400 7 19 i
893 1400 84 20 hvilkas

226 1436 102 19 emission
352 1435 103 21 Finlands
472 1436 60 19 Bank
547 1436 54 25 tagit
617 1436 40 24 del,
674 1436 40 19 har
729 1435 110 21 Utskottet
855 1437 74 22 ansett,
947 1437 31 18 att

225 1471 158 13 trangaltianar
407 1478 9 6 a
451 1471 27 13 if
518 1479 71 6 varand
647 1479 9 6 r
707 1471 55 14 äreli

227 1485 154 7 transaktionor
407 1471 22 20 af
451 1471 159 26 ifrågavarande
634 1473 37 23 art,
696 1471 102 21 särekildt
822 1471 32 25 de,
871 1478 46 13 som
933 1471 44 20 afse

299 1517 171 18 Bankutskottets
484 1517 125 18 betänkande
622 1517 37 18 N:o
672 1519 18 16 2.
