1103 1795
475 171 11 22 I
804 175 27 19 47

101 240 133 28 stadganden
259 240 80 27 derom,
359 241 56 21 huru
429 240 55 22 finsk
499 246 57 21 man,
572 246 46 16 som
634 240 51 28 lång
699 241 33 22 tid
747 243 57 21 varit
818 243 44 21 för-

101 281 101 20 svunnen,
218 277 52 20 utan
285 277 33 19 att
332 275 158 22 underrättelse
505 281 35 16 om
555 275 81 22 honom
646 275 86 28 inlupit,
743 275 36 22 må
788 276 74 22 kunna

101 309 25 21 af
143 309 91 22 domstol
249 309 34 22 för
299 309 42 22 död
355 309 113 26 förklaras,
484 309 40 22 har
539 309 93 22 Senaten
648 309 112 23 utarbetat
775 313 63 25 samt,
852 311 8 22 i

101 343 102 22 afseende
224 343 13 22 &
252 343 65 28 nädig
335 344 145 27 fastställelse,
495 343 34 22 till
544 344 61 22 Hans
620 344 120 27 Kejserliga
754 344 107 27 Majestät

101 378 87 21 insändt
209 377 80 28 förslag
311 378 34 22 till
367 378 66 28 nädig
454 379 134 27 proposition
611 379 7 21 i
641 380 79 25 ämnet,
736 378 74 23 afsedd
827 381 34 20 att

101 411 121 29 föreläggas
237 412 120 23 Ständerna
372 413 35 21 vid
423 413 69 22 denna
507 413 110 27 landtdag.

169 584 38 23 Uti
224 584 132 29 underdänig
375 585 90 28 petition
484 585 42 21 den
542 586 28 21 29
586 585 46 27 Maj
651 586 53 21 1897
720 585 41 22 har
775 585 84 22 Bonde-

101 619 86 22 ståndet
205 619 35 22 vid
255 619 67 28 sagda
337 619 35 22 års
387 619 105 28 landtdag
508 619 92 22 anhållit
616 622 33 19 att
663 619 60 22 Hans
739 619 121 28 Kejserliga

100 653 102 28 Majestät
222 653 84 22 täcktes
329 653 44 23 låta
392 653 174 28 förfullständiga
586 654 80 27 nådiga
680 654 180 27 förordningarna

100 694 35 15 om
149 687 69 22 finska
233 688 40 22 och
288 689 90 21 svenska
393 688 103 28 språkens
512 689 143 27 begagnande
665 689 36 21 vid
712 689 147 21 domstolarna

101 723 40 21 och
155 723 178 27 myndigheterna
348 723 7 22 i
370 723 74 22 landet
460 723 82 22 derhän

169 759 34 20 att
210 757 103 22 Senatens
320 757 57 22 båda
385 757 149 28 departement
541 760 56 19 samt
602 758 43 21 alla
649 757 84 22 landets
738 757 121 22 domstolar

101 791 40 22 och
156 792 153 27 myndigheter,
317 792 66 27 högre
399 793 40 21 och
454 793 65 27 lägre,
531 792 67 22 skulle
614 792 87 27 åläggas
713 794 39 25 att,
764 792 28 21 då
802 792 56 27 dom,

99 827 71 26 utslag
192 826 52 22 eller
265 833 71 15 annan
359 827 123 27 expedition
501 827 53 22 eller
570 827 104 27 handling
689 826 55 22 skall
759 826 99 22 utfärdas

101 861 22 21 åt
145 861 91 21 särskild
255 861 100 22 kommun
371 861 52 22 eller
438 861 84 22 enskild
538 861 91 22 medlem
644 860 24 22 af
681 861 130 26 densamma,
827 860 32 22 af-

99 895 56 22 fatta
177 895 63 22 dessa
261 895 126 28 handlingar
401 896 7 21 i
424 896 92 27 original
540 897 28 26 på
586 895 144 22 kommunens
746 895 52 22 eller
815 895 43 21 den

99 930 97 21 enskilda
211 936 114 21 personens
341 930 71 28 språk,
427 931 71 21 finska
514 931 53 21 eller
584 930 97 27 svenska,
698 932 56 19 samt

169 967 33 20 att
223 965 103 22 likaledes
349 965 103 22 Senatens
466 965 57 22 båda
539 965 148 27 departement
702 965 39 21 och
756 965 103 26 samtliga

100 999 69 28 öfriga
183 999 154 28 myndigheter,
353 1000 72 21 hvilka
441 999 29 28 på
485 999 70 28 grund
570 999 24 21 af
603 999 181 27 författningarna
793 999 66 21 hafva

99 1034 84 27 antagit
205 1034 36 21 det
260 1040 41 16 ena
315 1034 24 21 af
352 1035 63 21 dessa
430 1033 65 28 språk
514 1034 33 21 till
562 1034 39 21 sitt
616 1033 156 28 embetsspråk,
788 1033 70 22 skulle

99 1068 113 27 förpligtas
226 1070 34 20 att
275 1069 6 21 i
297 1069 82 21 sådana
393 1069 101 26 ärenden,
510 1075 46 15 som
574 1068 58 27 angå
647 1067 93 22 särskild
754 1068 104 21 kommun

99 1103 53 21 eller
174 1103 50 21 dess
243 1103 97 26 medlem,
359 1103 76 22 affatta
452 1103 63 22 äfven
532 1103 44 21 alla
592 1103 26 22 de
634 1103 134 26 handlingar,
784 1102 75 21 hvilka

99 1137 46 22 icke
169 1139 37 20 äro
228 1137 89 22 afsedda
342 1140 32 19 att
396 1137 92 28 utgifvas
506 1137 23 22 åt
547 1138 111 27 sakegare,
674 1137 90 22 likasom
776 1137 82 27 jemväl

99 1172 47 21 sina
167 1172 34 21 till
223 1172 66 22 andra
311 1172 148 27 myndigheter
482 1172 105 27 afgående
608 1171 207 23 embetsskrifvelser
829 1171 30 27 på

99 1207 66 27 sagda
187 1207 112 21 kommuns
320 1207 72 27 språk,
415 1207 61 21 äfven
499 1213 35 15 om
552 1207 60 21 detta
628 1213 50 15 vore
694 1208 66 19 annat
776 1207 28 20 än
820 1206 38 21 det

98 1241 149 28 embetsspråk
263 1242 150 27 myndigheten
429 1242 50 27 eljes
495 1241 120 22 använder.

167 1275 69 23 Sedan
258 1276 120 27 Kejserliga
401 1276 92 22 Senaten
512 1275 84 28 afgifvit
616 1275 120 22 infordradt
750 1274 108 22 underdå-

98 1310 45 27 nigt
165 1309 112 22 utlåtande
300 1309 59 23 öfver
382 1311 92 21 berörda
490 1310 96 27 petition,
603 1310 40 21 har
660 1309 59 22 Hans
735 1309 124 26 Kejserliga

97 1344 108 27 Majestät,
217 1344 84 27 jemlikt
312 1345 223 22 Statssekretariatets
546 1345 32 21 för
589 1344 207 22 Storfurstendömet
805 1343 53 21 Fin-

98 1379 52 22 land
165 1378 33 23 till
212 1378 225 29 Generalguvernören
453 1379 60 22 öfver
528 1378 74 22 landet
617 1378 80 23 aflåtna
714 1378 38 21 och
764 1377 92 22 Senaten

98 1413 94 28 delgifna
206 1413 110 22 skrifvelse
335 1413 24 22 af
371 1414 41 21 den
429 1415 25 20 13
470 1414 32 27 (1)
518 1413 120 22 December
655 1413 61 26 1899,
731 1412 36 22 vid
778 1412 39 22 den
831 1413 26 20 17

97 1448 119 23 November
230 1449 93 21 sistlidet
338 1450 24 20 år
377 1449 68 21 skedd
456 1448 132 27 underdånig
598 1447 152 28 föredragning
760 1446 24 22 af
793 1449 63 19 ären-

98 1484 42 27 det,
163 1483 71 22 funnit
256 1483 57 28 godt,
336 1483 49 22 med
404 1483 115 28 afböjande
539 1483 24 22 af
576 1483 68 27 sagda
658 1482 98 27 petition,
771 1481 87 27 nådigst
