1103 1795
204 193 12 19 8
365 191 22 22 U.
405 191 22 22 B.
443 202 30 4 —
488 191 135 28 Ombyggnad
640 190 27 23 af
679 191 126 22 bankhuset.

203 256 53 21 mån
282 257 28 20 de
333 256 49 21 icke
405 256 107 21 erfordras
535 256 34 21 för
588 257 30 20 de
630 256 96 27 löpande
742 256 129 27 utgifternas
887 257 74 20 bestri-

205 293 79 24 dande,
308 292 81 21 samlas
412 292 40 21 hos
472 292 104 21 Finlands
592 292 69 21 Bank.
693 292 44 20 För
753 292 125 21 beredande
894 293 24 20 af
931 300 31 13 ar-

204 328 133 27 betsplatser
359 327 22 22 åt
407 329 42 20 den
466 328 107 27 personal,
595 335 48 13 som
660 327 92 22 sålunda
768 329 6 19 i
790 329 43 20 den
849 329 52 20 allra
917 331 46 18 när-

205 367 70 18 maste
291 364 116 21 framtiden
423 364 99 21 kommer
537 367 32 18 att
584 363 68 21 blifva
668 364 134 27 nödvändig,
814 363 69 22 måste
895 365 68 20 ökadt

204 403 111 24 utrymme
330 400 118 21 anskaffas.

278 436 83 20 Vidare
383 436 40 20 har
445 436 107 21 utskottet
574 436 129 24 meddelats,
728 439 32 17 att
776 436 28 20 de
820 436 36 20 vid
872 436 90 21 Banken

206 471 107 21 anställda
335 475 80 17 tvenne
431 472 193 21 vexelkassörerne
639 472 60 20 vissa
716 471 74 27 dagar,
807 471 102 21 särskildt
925 472 37 20 fre-

206 508 69 26 dagar
301 507 42 21 och
370 507 101 28 lördagar
496 510 57 18 samt
576 508 28 19 de
629 507 67 20 första
718 507 41 20 och
775 507 53 21 sista
844 508 120 26 dagarna
951 503 16 36 i

205 543 76 27 hvarje
297 543 87 25 månad,
402 545 37 19 äro
455 543 25 21 så
496 543 148 27 öfverhopade
660 543 25 20 af
698 543 81 25 arbete,
797 547 31 16 att
845 545 27 18 de
886 544 77 20 endast

206 579 51 20 med
281 578 111 27 svårighet
415 579 74 20 kunna
511 579 132 27 tillbörligen
660 579 88 26 betjena
763 579 146 20 allmänheten
925 579 37 20 vid

206 615 236 26 penningevexlingen,
459 615 99 20 hvarföre
570 615 223 26 Bankförvaltningen
804 615 51 20 med
866 615 37 20 det
915 621 47 14 sna-

206 653 58 18 raste
290 649 70 22 måste
387 651 81 20 bereda
494 653 108 24 utrymme
628 651 33 20 för
685 657 28 14 en
728 650 70 27 tredje
815 651 146 20 vexelkassör.

206 686 64 20 Inom
293 687 28 20 de
345 686 24 20 af
389 686 91 21 Banken
496 693 28 14 nu
540 687 146 26 disponerade
702 686 112 21 lokalerna
830 687 68 20 finnes
914 686 48 21 icke

207 721 135 28 disponibelt
367 725 109 23 utrymme
500 722 32 21 för
548 723 60 20 detta
625 721 101 22 ändamål
743 722 41 20 och
801 722 59 21 inom
877 722 42 20 den
935 722 28 20 lo-

208 757 42 25 kal,
267 765 49 13 som
333 765 28 13 nu
377 757 128 28 disponeras
522 757 24 21 af
559 757 169 26 Statskontoret,
745 758 44 20 kan
805 758 18 27 ej
836 758 66 20 häller
912 761 53 16 utan

208 794 190 26 genomgripande
414 793 150 28 förändringar
579 793 100 28 lämpligt
695 797 109 23 utrymme
821 793 98 21 beredas.

281 829 147 20 Alldenstund
444 833 117 23 utrymmet
578 830 6 20 i
600 829 103 21 Bankens
720 830 126 20 nuvarande
856 830 108 26 kapprum

209 867 23 18 är
248 863 25 22 så
289 865 132 27 otillräkligt,
439 868 31 17 att
485 865 7 20 i
508 866 122 20 detsamma
646 865 47 20 icke
706 865 44 20 kan
762 866 92 19 beredas
866 865 56 27 plats
933 865 33 21 för

208 900 159 21 allmänhetens
393 900 42 21 och
460 900 221 28 tjenstepersonalens
707 900 136 28 öfverplagg,
866 901 39 20 har
928 901 38 20 det

209 937 56 20 varit
288 937 138 26 nödvändigt
441 939 32 18 att
488 937 30 20 till
535 937 86 20 tambur
637 937 101 20 använda
752 937 82 26 jämväl
851 940 30 17 ett
897 944 46 13 rum
959 937 7 20 i

209 972 46 20 öfre
279 971 116 28 våningen,
419 972 83 21 hvilket
525 973 6 20 i
547 973 41 20 och
605 972 33 21 för
654 973 34 27 sig
704 975 24 18 är
743 973 85 26 ganska
844 973 121 26 olämpligt.

209 1007 36 21 Då
269 1009 61 20 detta
353 1015 53 18 rum,
431 1015 48 13 som
500 1008 81 27 jämväl
606 1010 23 19 är
653 1009 32 20 för
709 1007 124 22 ändamålet
857 1009 32 20 för
912 1009 53 24 litet,

209 1044 114 20 dessutom
353 1045 6 19 i
389 1044 53 20 brist
473 1043 29 28 pä
532 1048 67 17 annat
629 1043 69 22 mäste
729 1045 60 26 tjena
820 1043 72 22 säsom
919 1045 47 20 rök-

209 1087 47 13 rum
273 1079 33 21 för
322 1080 101 20 Bankens
439 1080 136 27 tjenstemän,
593 1081 58 20 inses
667 1080 46 25 lätt,
730 1083 32 18 att
778 1080 128 21 otrefnaden
922 1080 42 20 och

209 1115 172 27 olägenheterna
403 1115 114 28 härvidlag
540 1116 66 20 blifva
630 1118 28 18 än
677 1118 75 19 större.
785 1116 94 26 Hänsyn
895 1116 68 20 borde

210 1151 86 20 derföre
312 1151 42 20 ock
370 1155 63 23 tagas
448 1151 32 21 till
496 1152 175 20 önskvärdheten
688 1152 24 20 af
726 1155 31 17 att
773 1152 59 20 inom
848 1151 116 21 bankloka-

209 1187 35 20 len
271 1187 74 20 kunna
368 1187 76 20 anvisa
468 1190 31 18 ett
515 1187 102 21 särskildt
633 1188 182 20 rekreationsrum
832 1187 32 20 för
880 1187 85 27 tjenste-

210 1225 101 18 männen.
344 1223 44 20 Det
411 1230 53 18 rum,
489 1230 47 13 som
560 1223 33 21 för
608 1224 136 20 närvarande
761 1224 112 19 användes
889 1223 32 20 för
937 1226 28 17 te-

210 1259 146 26 serveringen,
381 1257 69 22 mäste
466 1259 36 20 vid
518 1259 142 20 förefallande
675 1259 70 20 behof
758 1260 113 19 användas
884 1258 82 27 jämväl

210 1293 33 21 för
261 1295 70 20 andra
346 1293 107 22 ändamäl.
486 1293 96 22 Sälunda
598 1295 66 20 hafva
680 1295 134 20 revisorerne
830 1295 67 20 under
913 1295 54 20 revi-

210 1330 121 20 sionstiden
347 1330 45 20 helt
408 1330 41 20 och
465 1329 66 21 hället
546 1330 47 21 haft
608 1331 61 19 detta
684 1337 48 13 rum
744 1330 31 20 till
792 1331 33 19 sin
836 1330 130 26 disposition

211 1365 41 20 och
269 1366 28 20 de
313 1366 56 20 tider
384 1365 24 20 af
421 1364 52 26 äret,
490 1364 28 22 dä
534 1366 38 20 det
588 1366 53 27 gällt
656 1369 32 17 att
700 1366 91 20 inbinda
802 1366 100 20 Bankens
913 1365 53 25 bref,

211 1401 123 21 verifikater
357 1401 42 20 och
423 1401 69 27 öfriga
519 1402 136 27 handlingar,
672 1402 66 20 hafva
753 1401 137 21 bokbindare
905 1402 40 19 här
960 1402 7 19 i

211 1437 102 21 veckotal
329 1437 46 20 haft
390 1438 33 19 sin
439 1438 108 20 verkstad.

284 1514 147 18 Bankutskottets
444 1514 110 19 betänkande
567 1515 36 18 N:o
618 1515 16 18 7.
