1103 1795
477 160 10 21 I
818 162 12 20 3

98 229 124 22 Ständerna
237 229 8 22 i
259 229 136 27 underdånig
411 228 172 23 svarsskrifvelse
598 228 34 22 för
648 229 41 21 den
707 231 9 19 1
732 229 61 27 April
806 231 53 21 1897

101 263 88 26 anmält,
213 265 34 20 att
269 263 124 22 Ständerna
415 263 103 27 enhälligt
541 263 86 27 antagit
649 263 67 27 sagda
738 263 122 28 lagförslag,

100 298 93 22 hvarhos
215 298 124 22 Ständerna
362 297 104 28 derjemte
489 297 80 22 önskat
590 297 58 28 gifva
670 297 88 28 uttryck
781 298 23 21 åt
819 298 42 23 den

101 333 148 28 underdåniga
271 332 119 31 tillförsikt,
415 333 33 20 att
469 332 63 21 Hans
550 331 121 28 Kejserliga
684 331 104 28 Majestät
802 332 7 21 i
824 332 37 22 det

100 367 108 27 manifest,
231 373 46 16 som
301 367 66 27 enligt
390 367 41 21 den
454 366 80 27 nådiga
548 366 164 27 propositionen
727 367 85 21 komme
828 369 34 20 att

101 402 7 21 i
123 403 74 21 ämnet
212 401 106 27 utfärdas,
334 401 91 27 täcktes,
440 401 7 22 i
464 401 222 21 öfverensstämmelse
701 401 48 21 med
759 401 56 22 hvad
825 401 36 22 vid

101 436 266 27 grundlagsändringarne
384 437 53 20 1879
454 435 39 22 och
510 436 55 21 1886
580 436 121 26 iakttagits,
714 436 7 21 i
736 436 68 21 nåder
819 436 42 21 till-

102 470 130 28 kännagifva
247 471 34 21 att
295 470 144 22 förevarande
454 469 92 28 ändring
561 469 7 22 i
583 469 246 29 Landtdagsordningen
840 470 24 22 af

102 505 41 22 den
168 507 25 20 15
213 506 32 27 (3)
261 505 62 27 April
340 506 55 21 1869
411 505 50 22 sker
475 505 49 22 med
539 504 134 22 Ständernas
685 505 85 27 jemlikt
785 506 24 21 71
822 500 10 37 $
854 505 7 21 i

98 546 85 15 samma
197 539 219 28 Landtdagsordning
431 539 33 22 till
474 539 37 22 det
521 539 131 22 förändrade
662 539 130 28 stadgandet
802 539 60 28 gifna

103 573 59 22 bifall
178 573 39 23 och
232 574 117 27 samtycke.

170 608 11 22 I
196 608 116 27 anledning
326 607 64 23 häraf
403 607 40 22 har
457 608 62 21 Hans
534 607 120 28 Kejserliga
669 608 103 27 Majestät
782 608 40 22 den
836 610 25 19 14

102 643 117 22 December
236 644 53 21 1897
306 642 97 22 utfärdat
418 643 75 27 nådigt
507 642 101 22 manitest
623 643 7 21 i
646 644 78 21 ämnet.

171 678 22 27 6)
209 678 11 21 I
234 677 117 28 anledning
367 677 22 22 af
403 677 122 22 Ständerna
539 677 97 28 förelagd
651 677 65 28 nådig
725 677 135 28 proposition

104 712 111 27 angående
237 713 46 21 rätt
303 713 33 21 att
351 711 79 22 utöfva
444 711 186 28 pantlånerörelse
645 712 71 21 såsom
730 712 54 27 yrke
797 712 65 22 hafva

99 746 126 23 'Ständerna
236 747 34 22 uti
278 747 136 27 underdånig
422 746 111 22 skrifvelse
541 745 23 23 af
571 746 41 22 den
625 747 13 21 6
645 746 62 28 April
717 747 53 22 1897
779 747 82 22 anmält

99 782 37 21 att
151 781 122 22 Ständerna
289 781 85 28 antagit
388 787 27 16 en
430 781 126 28 förordning
571 781 7 22 i
594 783 73 20 ämnet
682 781 23 22 af
719 781 41 22 den
774 781 86 28 lydelse,

103 815 93 22 nämnda
218 815 111 22 skrifvelse
347 815 129 27 innehåller;
499 815 39 22 och
558 815 67 28 jemte
648 815 36 22 det
699 816 65 27 nådig
777 816 84 21 förord-

103 850 52 27 ning
169 850 7 21 i
192 849 95 28 enlighet
309 850 88 21 dermed
419 850 41 21 den
485 851 25 20 19
533 849 61 28 April
612 851 54 20 1898
681 849 109 23 utfärdats
805 852 57 20 samt

99 891 80 21 genom
194 884 66 28 nådig
274 885 130 27 kungörelse
419 884 23 22 af
456 890 82 16 samma
554 885 41 27 dag
609 885 107 22 särskilda
726 885 136 22 föreskrifter

102 919 120 22 meddelats
245 919 110 28 angående
378 919 42 22 den
442 919 80 28 tillsyn,
542 925 46 16 som
604 919 55 22 skall
673 919 60 22 öfver
748 919 113 28 pantlåne-

102 953 135 22 anstalterna
260 953 92 26 utöfvas,
375 953 41 22 har
438 953 65 28 nådig
521 953 134 22 instruktion
673 953 33 22 för
722 954 40 22 den
777 953 34 22 för
826 955 35 21 ut-

104 987 91 23 öfvande
219 987 24 22 af
256 987 141 23 omförmälda
412 988 71 27 tillsyn
499 987 164 23 tillförordnade
678 988 139 28 inspektören
828 988 34 22 för

100 1022 244 27 pantläneanstalterna
358 1023 8 20 i
380 1022 74 22 landet
469 1022 71 22 tillika
554 1022 116 22 utfärdats.

173 1057 21 27 7)
217 1057 38 22 Uti
277 1057 136 27 underdånig
436 1056 110 23 skrifvelse
568 1056 34 22 för
625 1057 40 22 den
688 1058 25 21 13
728 1057 61 27 April
806 1058 54 21 1897

102 1091 65 22 hafva
189 1091 123 22 Ständerna
334 1091 40 22 hos
391 1091 61 22 Hans
467 1091 121 28 Kejserliga
602 1091 103 28 Majestät
720 1091 88 27 anmält,
824 1091 37 22 det

103 1125 122 22 Ständerna
247 1125 97 28 godkänt
366 1125 48 22 dem
429 1126 7 21 i
451 1125 66 28 nådig
538 1126 136 27 proposition
691 1125 108 28 förelagdt
817 1126 44 21 för-

103 1159 46 28 slag
164 1159 33 22 till
211 1159 126 28 förordning
353 1160 109 27 angående
477 1160 164 27 verkställighet
651 1161 7 21 i
667 1160 92 22 Finland
770 1160 22 22 af
801 1161 60 21 dom-

101 1194 54 22 stols
171 1194 8 21 i
195 1194 163 27 Kejsaredömet
373 1195 50 21 dom
437 1195 7 21 i
460 1194 115 27 tvistemål,
591 1194 40 22 och
645 1195 40 21 har
699 1195 61 22 Hans
775 1195 86 28 Kejser-

102 1229 44 26 liga
162 1229 103 28 Majestät
280 1229 41 22 den
338 1231 25 20 19
379 1229 105 22 Februari
501 1230 55 21 1898
571 1229 50 22 låtit
636 1229 89 22 utfärda
739 1229 65 28 nådig
817 1229 44 22 för-

103 1263 92 27 ordning
210 1263 8 21 i
233 1264 74 21 ämnet
321 1263 7 22 i
344 1263 222 22 öfverensstämmelse
580 1263 49 22 med
639 1263 133 22 Ständernas
782 1263 78 22 beslut.

171 1297 23 27 8)
210 1297 71 22 Sedan
297 1297 123 23 Ständerna
434 1298 7 21 i
457 1298 135 27 underdånig
608 1297 110 22 skrifvelse
732 1297 34 22 för
781 1297 41 22 den
833 1299 26 20 21

103 1332 60 27 April
185 1333 52 21 1897
255 1331 88 27 anmält,
359 1334 34 20 att
409 1331 121 22 Ständerna
545 1332 7 21 i
568 1331 116 28 anledning
699 1331 24 23 af
734 1332 62 22 Hans
810 1331 51 28 Kej-

102 1366 79 27 serliga
197 1366 113 28 Majestäts
326 1366 79 28 nådiga
419 1366 137 28 proposition
571 1366 49 22 med
634 1366 82 28 förslag
730 1366 33 22 till
777 1366 84 22 förord-

103 1401 51 27 ning
177 1401 110 28 angående
310 1401 89 28 intrång
416 1401 7 22 i
442 1402 124 27 patenträtt
588 1402 57 21 samt
667 1407 34 16 om
724 1401 137 28 rättegång
848 1397 16 36 i

102 1435 43 22 mål
168 1435 93 22 rörande
283 1437 84 26 patent,
383 1435 34 22 för
432 1435 32 22 sin
480 1435 35 22 del
530 1435 86 28 antagit
630 1441 27 16 en
672 1435 25 22 så
711 1435 92 28 lydande
817 1435 44 22 för-

101 1469 96 28 ordning
211 1470 8 21 i
234 1471 79 25 ämnet,
336 1476 46 16 som
405 1469 134 23 Ständernas
556 1470 141 22 förenämnda
712 1469 150 28 underdäniga
