1103 1795
279 165 13 20 2
616 162 10 21 I

249 232 82 27 läggas,
347 231 109 23 hvarefter
474 237 76 22 genom
567 231 65 27 nådig
646 231 130 27 kungörelse
791 230 24 22 af
828 231 41 21 den
887 232 25 20 14
922 231 89 21 Decem-

248 266 40 22 ber
313 267 54 21 1897
387 267 99 20 närmare
504 265 135 22 föreskrifter
653 264 121 23 meddelats
789 265 112 27 angående
915 263 96 29 uppbör-

249 301 42 21 den
308 301 23 21 af
345 301 40 21 och
400 300 164 27 redovisningen
579 300 34 21 för
628 300 67 27 sagda
711 299 123 28 bevillning.

320 335 22 28 3)
353 335 32 22 På
400 337 45 20 sätt
460 335 122 21 Ständerna
597 334 7 22 i
619 334 137 27 underdånig
766 333 111 23 skrifvelse
886 333 35 22 för
931 334 41 21 den
983 335 28 20 26

249 369 60 22 Mars
327 371 54 20 1897
397 369 39 22 hos
451 369 61 22 Hans
527 369 119 28 Kejserliga
660 369 104 27 Majestät
775 368 87 27 anmält,
873 368 64 21 hafva
947 368 64 22 Stän-

250 404 69 22 derna
333 404 51 22 med
399 405 68 27 några
482 404 84 22 mindre
581 403 119 28 ändringar
716 403 84 27 antagit
816 403 37 22 det
867 403 8 21 i
885 403 65 27 nådig
961 409 50 21 pro-

249 439 96 27 position
361 438 123 22 Ständerna
499 438 109 27 förelagda
623 438 82 27 förslag
720 438 33 21 till
763 438 126 26 förordning
899 437 112 27 angående

249 473 102 28 frivilliga
366 473 125 27 auktioner;
508 473 38 22 och
554 473 67 28 jemte
632 473 37 21 det
679 472 124 22 Ständerna
812 472 72 22 funnit
895 472 36 22 det
942 472 69 21 tillika

249 508 126 22 meddelade
383 508 103 27 förslaget
494 508 32 21 till
531 507 126 28 förordning
665 506 346 29 angäendeauktionsförrättare-

249 543 54 27 yrke
320 543 7 21 i
345 543 50 22 stad
411 542 57 28 gifva
484 542 114 27 anledning
613 542 32 21 till
666 542 26 21 de
707 541 129 22 uttalanden
852 541 159 22 ofvannämnda

250 577 151 28 underdåniga
420 577 110 22 skrifvelse
544 577 125 26 innehåller,
685 576 65 22 hafva
765 576 123 22 Ständerna
902 575 108 22 underdå-

250 612 59 27 nigst
327 611 104 22 hemstält
446 613 34 20 att
502 612 60 21 Hans
584 611 122 28 Kejserliga
720 611 104 27 Majestät
838 610 49 22 ville
901 610 110 27 förelägga

249 646 126 22 Ständerna
398 646 64 27 nådig
484 645 136 28 proposition
642 645 113 28 angående
777 645 27 22 de
822 645 108 22 allmänna
944 651 66 21 grun-

250 681 69 21 derna
334 681 34 21 för
385 681 171 27 mäklareyrkets
571 680 124 22 utöfvande.

320 715 71 22 Sedan
407 715 94 22 Senaten
516 715 33 22 uti
564 714 146 27 underdånigt
725 714 113 21 utlåtande
853 714 7 21 i
870 715 72 20 ämnet
952 713 58 22 hem-

249 749 55 22 stält
312 755 35 16 om
358 749 65 28 nådig
433 749 138 22 stadfästelse
581 748 24 22 af
613 748 81 28 förslag
710 748 33 21 till
757 747 126 28 förordning
899 747 111 28 angående

249 783 101 28 frivilliga
365 784 115 21 auktioner
496 779 108 27 äfvensom
619 783 125 22 understält
756 783 61 22 Hans
834 782 119 28 Kejserliga
963 782 47 21 Ma-

246 819 82 26 jestäts
344 819 79 27 nådiga
438 818 101 28 pröfning
557 818 81 28 förslag
660 818 33 22 till
716 818 160 27 författningar,
896 823 46 16 som
957 823 52 16 voro

250 853 91 22 afsedda
356 854 34 21 att
400 853 7 21 i
418 853 158 22 administrativ
586 855 42 25 väg
637 853 107 26 utfärdas,
759 852 107 27 nämligen
880 851 130 28 kungörelse

250 887 113 28 angående
374 887 118 22 utöfvande
502 887 23 22 af
534 887 284 27 auktionsförrättareyrket
827 887 8 21 i
846 886 49 22 stad
905 885 40 22 och
955 887 55 20 kun-

249 921 86 27 görelse
358 922 112 27 angående
493 922 40 21 den
556 921 122 28 befattning
693 921 156 22 auktionsverk
864 920 51 22 eller
931 919 79 23 allmän

249 956 223 22 auktionsförrättare
494 956 52 27 egde
565 958 52 25 taga
631 956 50 21 med
695 955 126 28 försäljning
836 955 23 22 af
871 955 82 21 utmätt
967 954 43 22 lös-

250 991 105 27 egendom
369 991 8 21 i
392 991 56 27 stad,
464 991 40 22 har
519 991 60 22 Hans
594 991 121 27 Kejserliga
729 990 103 28 Majestät
846 990 7 21 i
868 989 67 22 nåder
950 989 59 22 stad-

249 1025 45 22 fäst
317 1025 207 28 ofvanuppräknade
546 1025 228 28 författningsförslag,
797 1023 109 23 hvarefter
924 1023 85 22 författ-

250 1060 109 27 ningarna
374 1059 109 22 utfärdats
499 1060 41 21 den
556 1061 28 20 22
599 1059 59 22 Mars
675 1060 63 21 1898.

320 1095 23 27 4)
367 1094 71 22 Sedan
458 1095 36 21 det
508 1095 8 21 i
531 1095 65 27 nådig
610 1094 137 28 proposition
762 1093 123 22 Ständerna
899 1093 111 28 förelagda

250 1129 83 28 förslag
354 1129 33 22 till
410 1129 36 28 lag
468 1129 111 28 angående
602 1129 138 27 ansvarighet
764 1129 34 21 för
816 1128 68 22 skada
898 1128 8 21 i
921 1127 52 28 följd
988 1128 23 21 af

247 1163 157 29 jernvägsdrift
427 1163 23 22 af
463 1163 122 22 Ständerna
600 1163 103 28 antagits,
719 1163 49 22 med
783 1163 26 22 de
824 1163 83 21 mindre
922 1163 87 21 ändrin-

250 1205 40 20 gar
315 1197 134 22 Ständernas
464 1197 7 22 i
486 1199 72 20 ämnet
580 1197 81 22 aflåtna
683 1197 150 28 underdåniga
855 1197 112 22 skrifvelse
989 1196 23 22 af

251 1232 42 22 den
309 1233 27 20 30
355 1232 59 22 Mars
432 1233 53 20 1897
501 1231 125 28 innehåller,
641 1232 41 22 har
696 1231 62 22 Hans
773 1231 120 28 Kejserliga
907 1231 103 28 Majestät

250 1267 43 21 den
314 1268 25 20 19
358 1266 106 22 Februari
480 1267 54 21 1898
549 1267 51 22 låtit
613 1266 90 23 utfärda
720 1266 65 28 nådig
800 1266 129 27 författning
944 1266 7 21 i
966 1267 43 20 äm-

251 1303 38 20 net
303 1302 7 20 i
326 1301 221 22 öfverensstämmelse
562 1301 49 22 med
626 1301 135 22 Ständernas
776 1301 78 22 beslut.

320 1336 23 27 5)
359 1335 70 22 Sedan
444 1335 123 22 Ständerna
582 1336 33 21 uti
630 1335 65 27 nådig
705 1335 136 28 proposition
852 1335 103 27 förelagts
965 1335 43 21 för-

250 1369 48 28 slag
320 1369 33 22 till
376 1370 84 21 ändrad
481 1370 80 27 lydelse
583 1370 23 22 af
624 1371 24 20 11
665 1370 12 28 8
693 1370 7 21 i
715 1369 246 28 Landtdagsordningen
976 1368 34 22 för

251 1403 209 23 Storfurstendömet
482 1404 91 22 Finland
596 1404 23 22 af
640 1404 41 23 den
702 1405 26 21 15
744 1404 32 28 (3)
791 1404 61 28 April
870 1405 60 26 1869,
945 1403 65 22 hafva
