1103 1795
301 198 22 23 U.
341 198 22 22 B.
381 211 8 2 -
425 198 149 27 Längmanska
589 197 111 24 fonderna.
864 202 10 22 5

125 265 197 20 understödskassa
337 264 31 21 till
385 267 31 18 ett
431 264 82 27 belopp
530 264 24 20 af
569 268 65 22 5,000
650 263 68 25 mark,
743 266 32 18 att
798 265 80 19 använ-

125 301 39 20 das
180 299 30 21 till
226 300 81 20 utrikes
324 307 53 13 rese-
394 300 41 20 och
452 300 191 27 studiestipendier
666 299 32 20 för
721 299 155 27 tidningsmän.

125 336 112 21 Utskottet
246 336 39 20 har
293 335 120 21 emellertid
421 338 72 18 ansett
500 335 135 21 sistberörda
643 335 7 21 i
658 335 42 20 och
709 335 33 20 för
750 335 35 27 sig
790 342 88 19 synner-

124 372 59 27 ligen
198 371 195 27 behjertansvärda
409 370 101 22 ändamål
526 371 66 21 likväl
608 371 49 20 icke
673 377 51 14 vara
740 371 24 20 af
778 371 42 20 den
837 374 39 22 art,

124 410 33 18 att
173 407 37 21 det
225 407 68 27 enligt
304 408 27 20 de
343 407 33 21 för
387 407 169 27 användningen
564 407 24 21 af
596 405 167 29 ifrågavarande
773 408 105 19 ränteme-

125 443 35 20 del
173 443 102 27 gällande
288 443 164 27 bestämningar
464 444 74 19 kunde
551 450 25 13 ur
589 444 65 19 dessa
661 442 71 21 medel
741 442 135 27 tillgodoses.

196 479 34 20 De
247 479 125 26 disponibla
388 479 98 20 medlens
496 478 138 27 begränsade
645 478 82 27 belopp
740 474 78 25 tillåter
829 479 48 19 icke

124 514 67 21 heller
207 517 32 18 att
249 515 6 20 i
267 515 43 20 den
326 515 156 26 utsträckning,
499 521 49 14 som
564 514 80 25 äskats,
661 513 81 28 bevilja
757 514 79 27 bidrag
846 513 32 21 till

125 550 42 20 alla
183 550 27 21 de
226 549 107 26 ändamål,
351 557 48 14 som
414 550 92 21 kommit
522 551 6 19 i
544 549 68 28 fråga.
644 549 35 21 Då
703 551 37 19 det
763 549 58 27 förty
845 549 33 21 för

124 586 114 21 Utskottet
253 586 54 27 gällt
322 589 33 18 att
368 586 80 27 jämka,
466 586 91 27 afdraga
573 586 42 20 och
632 584 59 27 afslå,
708 585 40 21 har
764 585 114 21 Utskottet

124 622 51 20 sökt
190 622 90 27 ledning
295 622 24 20 af
333 622 192 27 bestämningarna
541 622 31 20 uti
588 622 111 24 donators,
716 621 80 20 aflidne
810 621 67 20 hand-

124 657 79 21 landen
220 657 52 20 Erik
285 657 71 27 Johan
372 657 125 28 Längmans
514 661 136 17 testamente.
672 657 68 20 Detta
756 656 68 28 gifver
840 656 38 21 vid

123 693 94 25 handen,
234 696 33 17 att
290 694 27 19 de
342 693 136 26 vinstmedel,
502 701 37 13 om
562 693 74 20 hvilka
658 700 27 13 nu
702 695 24 18 är
741 691 68 28 fråga,
826 692 52 21 eller

123 731 103 18 räntorna
242 729 24 20 af
279 729 81 20 fonden
376 729 50 20 Litt.
444 729 32 26 B.,
493 729 62 21 skola
571 730 112 19 användas
708 728 33 21 för
764 728 113 21 vetenska-

124 771 39 20 per
179 765 41 20 och
236 765 70 20 sköna
322 765 95 25 konster,
432 765 35 20 Tör
483 765 96 21 litterära
595 765 89 20 arbeten
700 767 57 18 samt
778 764 99 27 gratisut-

124 800 89 27 delning
236 795 25 26 af
281 801 187 26 allmogeskrifter.
501 801 8 20 I
531 801 88 20 hvilken
639 800 129 27 proportion
785 799 91 21 fondens

124 835 127 27 afkastning
261 836 54 21 skall
325 837 90 20 komma
425 837 75 27 hvarje
516 837 24 20 af
548 837 96 20 nämnda
656 834 100 22 ändamål
767 835 31 21 till
809 835 67 27 godo,

125 872 69 21 finnes
205 873 49 20 icke
265 873 6 20 i
282 875 140 18 testamentet
430 873 142 20 föreskrifvet.
590 873 32 20 Ur
638 872 89 27 bilagda
738 871 138 21 tabellariska

124 907 105 28 öfversigt
245 907 94 28 framgår
359 908 125 25 emellertid,
506 911 32 18 att
560 908 34 21 för
616 907 166 27 vetenskapliga
805 907 73 26 syften

123 943 94 21 härintill
233 945 107 19 användts
356 945 51 19 vida
423 946 83 25 vägnar
521 951 47 13 mer
583 945 28 19 än
627 943 33 20 för
675 942 69 28 något
766 943 25 20 af
804 943 27 20 de
847 943 29 20 öf-

124 979 46 26 riga
187 979 129 21 ändamålen
332 980 42 20 och
390 980 18 27 ej
426 979 125 28 obetydligt
574 986 60 14 mera
656 981 27 18 än
705 979 33 20 för
757 979 65 20 dessa
837 978 39 21 till-

123 1018 173 24 sammantagna.
329 1016 44 20 För
395 1015 166 27 vetenskapliga
585 1013 100 22 ändamål
706 1015 39 20 har
766 1014 110 27 nämligen

123 1050 99 27 utgifvits
238 1051 75 21 inalles
333 1056 92 21 157,000
441 1051 68 25 mark,
531 1052 80 19 medan
628 1052 27 19 de
671 1050 70 27 öfriga
759 1049 117 28 utgifterna

123 1085 101 28 uppgått,
242 1086 32 21 för
290 1085 108 27 ändamål,
415 1087 123 26 hänförliga
553 1086 31 21 till
601 1085 100 22 området
722 1086 24 20 af
763 1087 28 19 de
807 1085 69 21 sköna

123 1121 119 21 konsterna
257 1122 31 21 till
304 1127 81 22 42,500
401 1123 69 25 mark,
487 1123 33 20 för
536 1123 95 20 litterära
647 1122 90 20 arbeten
753 1121 31 21 till
796 1122 80 26 36,000

122 1157 62 20 mark
200 1157 43 21 och
259 1157 33 22 för
307 1159 67 26 gratis
390 1158 114 27 utdelning
519 1158 25 21 af
556 1157 86 22 skrifter
657 1157 31 21 till
712 1161 80 22 52,000
807 1157 67 20 mark.

123 1192 36 21 Dä
174 1193 54 21 intet
245 1193 111 22 uttalande
377 1195 7 20 i
399 1197 141 18 testamentet
556 1195 98 25 antyder,
678 1196 32 18 att
725 1196 103 17 testators
848 1192 28 21 af-

122 1229 44 26 sigt
182 1229 61 26 varit,
261 1233 32 17 att
309 1230 27 20 de
352 1230 70 27 öfriga
438 1230 46 21 däri
500 1231 96 20 nämnda
612 1228 129 22 ändamälen
757 1229 69 20 borde
836 1228 39 21 till-

123 1265 96 26 godoses
234 1265 8 20 i
258 1266 84 20 mindre
358 1265 51 21 män
426 1267 27 19 än
469 1266 181 27 vetenskaperna,
667 1265 39 20 har
719 1265 113 20 Utskottet
843 1264 33 20 för

123 1301 42 20 den
181 1301 54 20 skull
253 1304 77 22 ansett,
347 1304 32 18 att
395 1301 28 20 de
444 1302 139 20 reduktioner
606 1301 25 20 af
651 1301 92 26 tidigare
767 1299 109 27 beviljade

122 1335 83 27 anslag,
228 1336 74 20 hvilka
325 1344 28 13 nu
377 1337 68 20 blifva
468 1337 148 26 nödvändiga,
638 1336 68 20 borde
723 1335 153 21 företrädesvis

122 1378 42 20 ega
180 1378 47 14 rum
243 1372 7 20 i
266 1372 104 27 anslagen
386 1372 33 21 för
435 1372 174 27 vetenskaperna
625 1372 41 21 och
683 1375 31 17 att
730 1372 100 20 däremot
840 1369 35 22 nä-

122 1413 44 21 gon
191 1407 84 28 ökning
297 1408 102 21 särskildt
422 1408 25 21 af
467 1408 105 27 anslagen
594 1408 33 20 för
650 1407 181 28 gratisutdelning
854 1406 25 21 af

122 1442 86 21 skrifter
223 1442 70 22 mäste
309 1451 64 13 anses
389 1444 24 20 af
427 1443 216 28 omständigheterna
658 1442 108 29 päkallad.

194 1478 10 20 I
220 1479 214 21 öfverenstämmelse
450 1479 92 21 härmed
558 1479 39 20 har
612 1479 115 21 Utskottet
744 1481 71 18 ansett
827 1478 49 21 Fin-

121 1513 40 20 ska
172 1513 262 29 Vetenskapssocieteten
445 1515 72 20 denna
528 1514 60 28 gäng
599 1515 48 20 icke
661 1515 53 20 böra
725 1514 92 21 tilldelas
830 1520 46 14 mer

193 1561 153 19 Bankutskottets
359 1562 113 18 betänkande
484 1562 37 18 N:o
535 1562 17 18 6.
