1109 1795
774 211 28 22 35

78 272 121 22 förberörda
214 273 113 27 ändringar
342 273 8 20 i
364 272 98 22 Bankens
477 274 127 26 reglemente
615 274 38 20 och
664 274 42 21 stat
716 273 115 23 emellertid

51 327 3 2 +
78 306 58 22 torde
151 307 65 21 hinna
235 307 151 27 åvägabringas
402 307 43 21 före
461 308 72 26 början
548 308 22 20 af
583 308 23 20 är
622 308 53 21 1901
692 308 37 20 och
744 308 87 21 Banken

78 340 75 22 saknar
168 341 113 27 anledning
297 342 31 20 att
338 341 90 27 tidigare
436 342 133 27 provisionelt
578 342 77 21 inrätta
666 342 30 20 ett
706 342 126 27 afdelnings-

68 394 2 2 .
77 370 75 26 kontor
165 375 12 21 &
192 375 65 28 sagda
272 376 38 24 ort,
326 382 62 21 synes
403 376 35 21 det
448 376 142 27 ifrägakomna
600 376 94 21 kontoret
704 376 128 22 omedelbart

77 410 51 21 böra
143 410 73 21 ställas
231 410 26 28 pä
272 410 102 21 ordinarie
390 410 30 22 fot
435 411 55 21 samt
504 411 32 21 för
546 411 91 21 rörelsen
648 412 78 26 öppnas
736 410 46 22 frän
792 411 38 21 och

77 444 49 21 med
140 444 105 27 ingången
260 444 23 21 af
296 445 23 20 är
336 445 62 26 1901,
413 445 33 20 till
461 445 83 21 hvilken
559 445 97 27 tidpunkt
671 445 25 21 de
711 445 70 21 härför
795 446 36 19 nö-

78 479 47 27 diga
144 479 150 21 förberedande
314 479 131 27 ätgärderna,
460 479 66 28 enligt
538 480 58 26 hvad
610 479 134 22 Direktionen
760 479 70 22 derom

78 514 84 27 anmält,
180 514 56 21 skola
246 514 65 21 hinna
321 514 65 21 blifva
396 513 108 22 slutförda.
525 515 11 20 I
546 514 180 21 nästomförmäldt
733 514 98 21 afseende

76 548 39 21 har
129 548 113 27 nemligen,
256 549 49 20 med
320 543 203 33 Bankfnllmäktiges
539 549 69 21 dertill
622 549 40 21 den
675 549 28 22 25
713 549 119 21 November

78 582 54 22 1899
154 582 96 22 lemnade
272 583 130 27 begifvande,
426 583 51 21 aftal
499 583 80 21 träffats
601 583 48 21 med
665 583 165 27 Gärdsegären
818 578 15 36 i

76 615 128 25 Tavastehus
219 617 27 21 K.
260 617 87 21 Kämäri
357 624 39 15 om
411 617 113 22 inredande
540 617 22 22 af
575 618 55 21 lokal
639 617 32 21 för
681 617 35 21 det
725 614 105 25 blifvande

76 651 95 22 kontoret
185 652 8 21 i
207 652 53 21 hans
275 651 35 22 vid
325 653 68 26 torget
407 652 8 21 i'
430 658 81 15 samma
528 652 47 22 stad
589 652 54 21 midt
655 653 58 26 emot
728 652 102 21 residens-

76 687 62 21 huset
156 687 90 27 belägna
264 687 94 25 stenhus,
373 687 79 21 hvilket
466 687 32 21 för
514 687 118 22 ändamålet
646 687 81 22 komme
743 688 31 21 att
788 687 42 22 till-

76 722 86 27 byggas.
191 721 41 22 För
254 722 66 27 sagda
342 722 62 27 lokal,
424 722 126 21 omfattande
566 723 30 21 ett
610 729 48 14 rum
672 722 32 21 för
719 722 111 22 bankkom-

76 756 115 25 missarien,
208 762 26 15 en
250 751 166 33 expeditionssal,
427 757 31 21 ett
467 757 59 21 hvalf
530 757 49 21 med
589 757 101 25 särskilda
700 757 130 27 afdelningar

76 790 32 22 för
123 790 141 22 hufvud--och
279 791 125 27 handkassa,
420 798 26 14 en
456 792 83 21 tambur
548 791 39 32 och
597 792 30 21 ett
636 791 116 21 toilettrum
762 791 67 22 äfven-

76 832 44 14 som
143 826 222 28 vaktmästarebostad,
381 826 113 21 bestående
517 826 23 22 af
560 826 31 22 ett
608 833 54 19 rum,
680 826 94 28 förstuga
790 826 39 22 och

75 860 47 26 kök,
144 860 82 22 komme
245 860 87 22 Banken
352 861 31 21 att
403 861 85 27 erlägga
502 867 26 15 en
543 861 52 27 hyra
608 861 25 21 af
645 862 63 25 2,000
721 861 59 21 mark
795 868 34 14 om

76 895 49 26 året,
141 895 115 27 hvarjemte
271 895 55 21 Herr
340 895 94 30 Kämäri,
451 901 44 15 som
510 896 106 22 förbundit
632 896 31 26 sig
678 896 31 21 att
724 896 62 21 hafva
800 896 29 21 lo-

75 929 61 21 kalen
159 929 68 27 färdig
249 929 43 22 före
314 929 106 28 utgängen
436 929 22 22 af
471 929 115 22 December
600 930 77 21 mänad
692 930 23 21 är
731 930 61 27 1900,
808 929 24 22 af

75 963 86 22 Banken
184 964 146 21 tillförsäkrats.
354 965 30 20 ett
405 964 144 28 byggnadslän
572 965 12 21 &
606 965 77 26 30,000
699 965 59 21 mark
773 965 56 21 emot

56 1019 2 3 .
76 998 85 27 behörig
176 999 97 21 säkerhet
288 999 38 21 och
342 1005 25 15 en
382 999 62 21 ränta
459 999 23 21 af
494 999 42 21 fem
550 1000 86 27 procent
646 999 106 22 äfvensom
762 1006 67 15 amor-

56 1030 87 30 "tering.
166 1032 32 22 till
221 1033 35 22 det
270 1033 81 28 belopp,
370 1040 45 15 som
434 1033 110 22 framdeles
555 1034 85 26 komme
656 1035 31 20 att
701 1034 129 21 bestämmas

76 1067 37 22 och
133 1074 54 19 som
197 1068 65 21 skulle
280 1069 98 27 begynna
393 1069 35 20 två
443 1067 12 22 å
464 1069 36 24 tre
516 1069 23 21 år
553 1069 53 25 efter
620 1069 67 21 lånets
702 1068 127 28 utgifvande.

143 1103 62 21 Hvad
220 1103 64 21 sedan
299 1103 128 21 vidkommer
442 1103 36 22 det
490 1103 156 28 ifrågavarande
657 1104 104 21 kontorets
772 1109 56 21 orga-

75 1137 96 26 nisation,
194 1137 58 22 torde
272 1138 124 26 detsamma,
413 1137 49 22 med
480 1138 95 21 afseende
590 1138 50 21 derå
654 1139 32 20 att
700 1138 130 21 inrättandet

76 1171 22 22 af
115 1173 30 20 ett
163 1172 191 27 afdelningskontor
369 1172 8 21 i
392 1172 128 22 Tavastehus
535 1172 48 21 icke
598 1172 24 31 så
635 1173 83 26 mycket
732 1172 97 27 betingas

76 1206 22 21 af
111 1205 220 22 affärsförhållandena
346 1206 27 28 på
388 1207 65 27 orten,
470 1213 44 15 som
529 1207 22 21 af
564 1207 182 26 nödvändigheten
754 1207 31 21 att
794 1207 34 21 be-

75 1240 56 27 tjena
154 1241 124 21 statsverket
292 1241 8 20 i
315 1241 84 21 anfördt
418 1241 60 27 syfte,
496 1241 50 21 böra
562 1241 78 22 erhålla
655 1241 109 28 enahanda
778 1241 51 21 aflö-

75 1274 111 27 ningsstat,
209 1281 45 15 som
276 1275 104 21 Bankens,
394 1275 66 27 öfriga
474 1275 80 22 mindre
570 1275 196 28 afdelningskontor.
795 1275 34 22 Då

74 1308 191 28 Bankfullmäktige
281 1304 116 27 emellerlid
412 1310 7 21 i
434 1309 36 22 det
484 1310 89 27 följande
584 1310 51 21 trott
645 1310 31 27 sig
686 1310 50 22 böra
746 1303 82 28 förorda

75 1349 26 15 en
116 1343 105 28 reglering
236 1344 7 20 i
259 1344 101 21 särskilda
378 1344 58 21 delar
454 1344 22 21 af
489 1345 68 21 staten
572 1344 32 21 för
618 1345 98 21 Bankens
730 1345 98 27 samtliga

62 1382 1 4 *
75 1377 197 28 afdelningskontor,
296 1385 61 21 synes
368 1378 88 28 .jemväl
473 1378 73 28 frågan
561 1386 34 14 om
610 1378 171 28 aflöningsstaten
796 1378 33 22 för

74 1412 96 20 kontoret
184 1412 6 20 i
206 1412 128 22 Tavastehus
353 1413 121 26 lämpligast
488 1414 70 20 kunna
572 1413 115 21 behandlas
701 1413 8 20 i
724 1418 105 15 samman-

74 1445 57 26 hang
146 1446 55 22 med
224 1445 64 26 sagda
310 1446 202 26 regleringsförslag.
537 1445 47 22 Den
599 1453 29 13 nu
642 1446 141 26 ifrägakomna
798 1446 31 20 ät-

75 1479 79 27 gärden
169 1479 93 28 päkallar
277 1476 163 26 emellertid
407 1472 35 40 att
454 1479 33 21 till
502 1480 25 21 de
542 1479 7 21 i
561 1480 11 27 $
584 1480 11 21 8
606 1479 23 21 af
636 1479 193 27 bankreglementet

74 1513 134 28 uppräknade
225 1513 217 28 afdelningskontoren
457 1513 120 28 ytterligare
592 1513 58 28 fogas
665 1513 95 22 kontoret
772 1513 8 21 i
790 1513 38 22 Ta-

33 1565 5 6 .'
75 1548 104 21 vastehus.
