1103 1795
421 193 29 22 U.
466 193 28 22 B.
509 205 29 3 —
553 192 33 23 IL
871 194 12 20 3

128 261 91 21 utdelad
234 261 57 21 först
306 262 44 20 den
368 263 23 19 11
409 261 155 22 innevarande
582 261 52 28 Maj.
661 262 46 21 För
722 262 94 27 enhvar,
832 269 50 14 som

127 297 25 18 är
175 295 113 27 förtrogen
312 296 53 20 med
387 296 55 21 våra
465 296 148 27 landtdagars
636 296 84 26 arbete,
744 297 25 19 är
791 296 37 21 det
845 297 37 20 väl

127 330 85 20 bekant
233 331 113 20 hurusom
368 331 38 20 vid
425 331 67 20 slutet
508 330 24 21 af
546 330 78 27 hvarje
640 331 110 26 landtdag
766 337 27 14 en
810 331 72 20 sädan

127 364 85 27 mängd
235 364 99 21 ärenden
363 365 117 26 föreligger
502 365 34 20 till
560 365 147 26 behandling,
735 367 32 18 att
790 365 37 20 det
849 365 34 21 för

127 398 127 22 Ständerna
270 399 46 20 ofta
332 400 73 20 möter
420 399 130 27 synnerliga
566 399 139 27 svärigheter
720 399 45 21 och
776 399 108 21 stundom

127 433 33 20 till
183 434 43 19 och
249 433 53 20 med
325 434 26 19 är
369 434 92 20 alldeles
478 433 102 27 omöjligt
596 436 32 18 att
643 439 57 20 egna
716 434 107 26 frägorna
839 434 43 20 den

128 467 205 28 uppmärksamhet
356 468 43 21 och
418 473 133 22 noggranna
567 467 114 28 pröfning,
699 475 51 13 som
766 467 28 21 de
810 467 72 21 skulle

127 501 98 27 päkalla.
257 502 123 21 Dessutom
403 502 38 21 mä
464 503 42 20 här
529 502 103 27 päpekas
655 502 113 21 hurusom
785 501 37 22 det
838 502 45 20 kan

127 535 97 27 inträffa,
248 538 32 18 att
302 543 27 14 en
353 537 54 20 eller
429 543 78 14 annan
524 536 24 21 af
561 536 28 21 de
605 536 6 20 i
628 536 169 21 Prokuratorns
812 536 72 21 berät-

127 570 54 21 telse
203 570 97 21 berörda
323 571 195 26 omständigheter
540 572 25 19 är
585 570 25 27 af
630 570 73 21 sädan
727 572 41 24 art,
784 572 30 19 att
830 570 53 21 den-

128 611 88 14 samma
240 605 35 20 för
297 605 75 26 nägon
397 605 179 20 ständsmedlem
599 605 46 20 kan
661 606 82 25 utgöra
758 604 125 27 anledning

129 641 36 24 att,
181 639 7 20 i
205 639 50 20 stöd
271 639 25 20 af
309 639 43 20 den
369 639 7 20 i
392 639 248 26 landtdagsordningen
657 639 6 20 i
680 639 83 20 sädant
778 639 105 20 afseende

127 673 116 26 medgifna
268 675 49 24 rätt,
343 673 72 21 väcka
442 673 84 27 förslag
552 673 32 21 till
610 673 144 26 underdänig
780 673 102 27 petition.

128 708 52 20 Men
203 707 29 21 dä
252 707 135 21 berättelsen
403 707 95 27 afgifves
514 707 24 21 sä
555 710 55 24 sent,
628 714 49 14 som
693 715 32 13 nu
742 707 58 21 varit
815 707 68 26 fallet,

128 741 43 21 blir
197 741 101 28 antydda
323 743 44 20 rätt
392 741 94 22 faktiskt
512 741 155 28 tillintetgjord
693 742 139 26 derigenom,
852 743 32 19 att

127 775 62 22 tiden
205 776 49 21 icke
270 776 77 21 vidare
363 777 125 26 medgifver
503 778 31 19 ett
549 776 82 21 sädant
647 776 96 26 förslags
759 775 124 27 handlägg-

127 810 55 27 ning
197 810 6 21 i
220 811 86 20 utskott
321 811 44 20 och
381 811 70 27 derpä
467 810 100 27 följande
583 810 90 27 slutliga
687 810 142 26 behandling
839 810 42 21 hos

127 845 102 20 ständen.
262 845 113 21 Utskottet
395 845 42 20 har
451 845 77 21 derför
543 847 73 18 ansett
632 845 33 26 sig
678 845 56 20 böra
752 845 71 20 uttala
838 844 43 21 den

127 879 161 27 förhoppning,
305 881 31 19 att
355 879 135 21 berättelsen
506 886 39 14 om
561 879 175 27 lagskipningen
753 879 44 20 och
813 879 69 26 lagar-

127 920 41 14 nas
195 914 186 26 handhafvande,
408 914 99 21 likasom
530 914 44 21 ock
596 914 72 26 öfriga
691 914 132 20 berättelser
838 913 43 21 och

126 948 127 26 relationer,
277 948 78 21 hvilka
378 948 69 27 enligt
468 948 105 27 gällande
596 948 162 26 författningar
772 948 57 21 böra
844 948 37 21 vid

127 982 108 27 landtdag
251 982 102 27 afgifvas,
369 983 122 20 framdeles
507 983 69 20 måtte
599 982 6 21 i
628 982 151 27 landtdagens
802 981 79 28 början

127 1016 128 21 Ständerna
270 1017 194 20 tillhandahällas.

195 1051 37 20 Nu
255 1051 153 27 föreliggande
431 1051 126 27 berättelse,
583 1051 92 21 hvilken
699 1051 109 21 omfattar
828 1051 53 20 ären

127 1086 60 25 1896,
213 1086 52 20 1897
289 1086 43 20 och
356 1087 61 25 1898,
439 1086 87 21 inledes
542 1086 52 20 med
610 1086 70 26 några
696 1085 133 21 uttalanden
845 1085 37 20 be-

125 1120 111 21 iräffande
259 1120 18 27 ej
302 1120 89 21 mindre
413 1121 27 20 de
463 1121 51 20 utaf
535 1121 157 26 Lagutskottet
714 1120 38 21 vid
773 1120 53 20 1897
843 1119 37 21 ärs

125 1154 109 27 landtdag
260 1154 134 21 framstälda
418 1155 43 20 och
484 1154 26 21 af
530 1154 128 21 Ständerna
680 1153 126 22 omfattade
829 1161 53 20 syn-

125 1188 99 27 punkter
246 1189 7 20 i
276 1189 124 26 anledning
423 1189 25 20 af
468 1189 169 20 Prokuratorns
660 1189 29 20 dä
704 1188 34 21 till
754 1188 127 21 Ständerna

125 1223 84 26 afgifna
232 1223 126 26 berättelse,
381 1225 30 18 än
435 1223 139 20 Ständernas
597 1223 180 26 tillvägagäende
800 1225 32 18 att
848 1222 32 21 uti

125 1257 116 21 skrifvelse
265 1257 73 21 direkt
360 1257 33 21 till
418 1257 156 21 Prokuratorn
597 1257 97 26 delgifva
711 1257 88 21 honom
814 1257 66 20 dessa

125 1291 148 28 synpunkter.
305 1291 132 21 Sedermera
460 1292 88 20 lemnas
566 1291 68 27 nägra
652 1291 125 21 statistiska
793 1291 88 27 uppgif-

124 1328 33 18 ter
179 1332 38 14 om
240 1325 27 21 de
290 1325 73 21 under
378 1325 174 27 ifrågavarande
567 1325 125 27 tidsperiod
709 1325 43 21 hos
768 1325 113 21 Prokura-

124 1360 207 27 torsexpeditionen
347 1360 97 20 anförda
460 1360 115 26 klagomål
592 1360 44 20 och
651 1359 99 21 derifrän
767 1359 114 27 utgångna

123 1394 46 20 åtal
191 1394 118 21 äfvensom
332 1394 28 21 de
383 1394 25 21 af
428 1394 141 21 hofrätterna
592 1395 44 20 och
655 1394 109 21 Senatens
780 1393 100 22 Justitie-

124 1428 157 27 departement
303 1428 131 27 handlagda
456 1428 125 25 fiskaliskaj
597 1429 52 20 mål.
680 1428 76 27 Derpä
772 1428 66 27 följer
852 1435 29 14 en

124 1462 124 21 kasuistisk
272 1463 169 26 framställning
464 1463 25 20 af
502 1462 113 21 särskilda
631 1463 74 20 under
720 1469 90 14 samma
825 1462 54 21 tids-

123 1496 79 27 period
225 1497 103 27 afgjorda
350 1497 123 21 enahanda
496 1497 47 20 mäl
566 1497 44 21 och
632 1497 32 20 till
684 1497 45 20 slut
752 1497 127 20 behandlas

192 1536 133 29 Lagutskottets
337 1542 112 18 betänkande
464 1542 39 18 N:o
515 1543 29 17 18.
