1111 1789
262 203 2 2 +
289 189 28 21 54

260 251 51 27 ning
329 251 23 21 af
357 245 158 28 väktmästare
534 251 49 21 med
601 249 76 22 sådant
694 249 79 28 tillägg,
789 255 45 16 som
844 249 93 28 -antyder.
952 250 57 22 arten

261 285 23 22 af
303 286 53 25 hans
377 285 122 27 befattning.
528 285 130 27 Härigenom:
678 281 71 25 skulle
766 280 92 31 portiern.
872 283 71 22 vinna
962 289 49 22 nyss

260 320 93 27 antydda.
366 317 82 24 förmån
462 322 51 19 utan
529 320 30 20 att
574 319 69 27 någon
659 318 88 27 ändring
762 318 13 21 i
784 318 36 21 det
834 318 31 21 för
875 318 76 21 kassan
961 317 54 23 fast-
1028 328 4 1 -

261 355 68 20 stälda
337 355 133 27 reglemente
485 352 94 23 behöfde'
588 353 101 27 vidtagas.
713 353 48 21 Den
769 353 119 27 föreslagna
896 351 120 23 förändrin-

260 395 40 20 gen
317 386 70 24 skulle
399 388 7 20 :i
420 389 70 21 staten
506 387 110 28 uttryckas
626 387 49 21 med
691 387 62 21 orden
761 379 21 40 ',,
784 386 147 27 vaktmästare,
944 383 68 25 tillika

260 423 76 27 portier
354 422 38 21 -och
411 422 91 21 'eldare*.
530 421 129 32 Tillägget
646 417 17 40 i
677 418 69 24 staten
764 427 34 16 om
816 419 121 24 nuvarande
955 421 57 21 inne-

260 456 110 22 hafvarens:
386 456 177 28 arvodestillskott
582 455 66 21 skulle
663 454 35 22 vid
712 454 87 22 anfördt
811 454 129 22 förhällande
956 455 55 27 utgå:

270 513 6 3 <
328 486 48 31 För
391 490 32 21 att
444 490 77 22 bereda
540 490 78 29 jemväl
636 489 97 23 Bankens
752 489 130 27 gärdsdräng
900 489 38 21 och
957 490 55 20 natt-

261 520 71 26 vakter
342 530 31 16 en
388 524 28 30 af
425 524 25 21 de
466 525 95 26 stegrade
576 519 227 27 lefnadskostnaderna
812 523 100 27 betingad
926 523 85 21 förbätt-

261 554 85 32 ring
320 550 24 40 af
357 559 62 22 deras:
431 559 112 27 aflöning,
548 558 38 22 har
600 558 135 21 Direktionen
748 559 52 20 äran
813 558 78 22 föreslå
901 559 32 21 att
947 558 66 28 sagda

261 594 73 26 anslag
355 593 46 22 från:
418 593 53 23 dess-
490 593 119 22 nuvarande
627 592 74 48 belopp
720 592 72 33 3,200.
801 593 70 21 mark
864 588 11 41 -
876 592 67 48 sia
961 589 54 59 upp-

256 628 89 40 bringas
360 622 36 31 till
405 628 67 26 3,480
486 628 64 21 mark.

249 666 2 2 i
328 662 47 21 Det
385 662 13 21 4
408 662 73 21 staten
496 662 32 21 för
537 653 174 31 hufvudkontoret
721 662 107 27 upptagna
838 637 177 52 vajoaa

261 695 114 28 anslaget,
378 702 64 20 som,
458 696 52 21 efter
533 698 31 20 att
586 696 35 22 vid
643 696 89 21 senaste
745 696 113 27 landtdag
866 696 61 21 hafva
945 696 67 22 blifvit

260 730 66 27 höjät,
345 730 35 21 för
391 730 134 22 närvarande
541 731 61 27 utgör
618 728 78 27 12,000
709 730 65 27 mark,
790 730 39 21 har
843 730 54 21 visat
909 730 35 28 sig
959 730 60 21 otill--

261 762 101 29 räckligt.*
377 764 94 22 Sålunda
486 764 37 21 har
539 765 65 27 sagda
619 764 74 27 anslag
703 764 32 21 för
744 764 117 25 senaste
833 756 28 40 är
871 760 151 26 öfverskridits
1045 790 5 2 -

261 799 48 21 med
326 794 57 27 öfver
397 798 65 28 4,000
476 799 66 21 mark.
571 796 110 31 Ökningen
696 799 69 21 häruti
781 800 23 20 är
818 796 103 26 beroende
936 798 23 22 af
972 799 40 29 den
1033 806 3 1 -

260 833 97 28 stegrade
376 834 99 26 rörelsen,
494 840 45 14 som
554 833 99 22 särskildt
667 833 117 27 äterverkar
799 834 27 27 pä
840 833 178 28 expensemedlen'

261 864 34 25 vid
317 866 180 32 hufvudkontoret,
520 866 83 23 hvilket
615 868 39 30 har
673 868 31 21 att
721 867 55 22 förse
792 868 77 26 jemväl
888 867 123 28 afdelnings:

260 902 99 22 kontoren
371 899 53 32 "med
444 902 81 21 diverse
543 902 103 25 tillbehör,
665 902 68 22 såsom
750 902 117 30 blanketter
881 908 29 15 m.
924 908 28 16 m.
980 902 33 22 Då

260 936 36 22 det
314 938 32 20 är'
356 936 56 22 svårt
422 936 40 22 att
480 936 32 22 för
526 937 50 21 flere
591 937 23 21 år
628 936 77 22 framåt
719 937 91 21 beräkna
825 933 151 32 omfattningen
992 936 23 22 af

260 971 62 21 dessa
340 970 92 28 utgifter
444 972 56 20 samt
518 971 34 21 det
568 972 38 20 vid
617 968 233 30 hufvudkontoret,
814 964 36 38 der
865 970 160 27 dispositionen.

260 1005 24 21 af
304 1005 172 28 expensemedlen
498 1005 67 21 direkt
587 1005 133 27 underligger
741 1000 150 29 Direktionens
908 1005 104 28 pröfning,

260 1039 45 22 icke
320 1045 63 22 synes.
398 1040 50 21 vara
462 1039 113 28 anledning
590 1041 31 20 att:
635 1040 104 27 begränsa
752 1039 109 31 desamma
876 1039 32 22 till
921 1041 30 20 ett
961 1039 52 22 visst

260 1073 92 28 belopp,
355 1074 49 22 har.
409 1067 135 28 Direktionen
560 1074 55 22 velat
630 1074 117 27 hemställa,
764 1075 31 20 att
803 1068 73 33 sagda
890 1074 80 27 anslag,
982 1074 30 21 sä-

261 1107 43 22 vidt
319 1103 161 35 hufvukontoret
494 1108 70 27 angår,
580 1108 63 28 finge
650 1115 25 14 ur
690 1109 68 20 staten
768 1108 51 27 utgå
829 1107 38 22 och
877 1108 134 22 förefallande

262 1138 82 38 utgifter
358 1151 2 2 :
365 1131 75 43 direkt:
454 1142 85 29 påföras
561 1142 255 27 omkogtnadsräkningen.
844 1143 40 20 För
903 1142 40 22 den
961 1143 52 21 hän-

261 1176 63 24 delse,
342 1171 283 32 Herrar-Bankfullmäktige
640 1177 116 20 emellertid
769 1175 72 31 skulle.
853 1178 96 20 anse'ett
963 1176 49 22 slikt

261 1210 73 28 anslag
356 1210 64 21 'böra
427 1210 120 26 bibehållas,
565 1211 40 21 fir:
615 1210 134 23 Direktionen
768 1204 92 33 föreslå,
868 1212 31 21 att
916 1211 96 28 beloppet

261 1244 60 25 deraf:
337 1244 201 22 skulle--faästställas
556 1244 32 22 till
604 1245 77 26 15,000
695 1245 65 25 mark,
775 1245 79 21 hvilket
868 1245 143 27 ungefärligen

261 1277 57 22 torde
334 1274 110 32 motsvara
453 1279 55 20 hvad
523 1278 96 22 behofvet
633 1278 7 21 i
655 1278 99 22 medeltal
768 1278 87 29 kräfver:

329 1309 94 24 Emedan
434 1311 32 22 de
486 1312 91 27 utgifter,
597 1318 44 15 som
656 1305 69 39 -kunna
740 1305 72 39 :blifva
832 1305 127 39 nödvändiga
975 1312 50 27 för"

260 1346 82 19 remont
364 1345 24 20 af
406 1340 125 31 bankhuset,
554 1346 34 21 äro
610 1345 83 28 mycket
715 1345 121 22 varierande
854 1346 40 21 och
911 1346 44 29 icke
969 1345 42 22 ens

261 1378 134 22 närmelsevis
413 1376 58 31 torde
486 1378 70 22 kunna
571 1380 26 27 på
611 1379 88 26 förhand
715 1379 134 26 bestämmas,
864 1379 36 23 får
908 1379 104 22 Direktio-

260 1419 42 15 nen
319 1412 81 27 föreslå,
420 1413 39 21 att
470 1413 36 22 det
523 1413 40 21 för
570 1413 74 22 sådant
659 1413 103 31 ändamål
771 1414 12 23 å
797 1415 44 21 stat
845 1410 126 53 upptagna.
977 1421 34 15 an
1038 1417 5 2 >

260 1447 68 28 slaget
342 1447 23 22 af
376 1447 65 26 4,000
455 1447 60 22 mark
529 1445 70 25 måtte
610 1448 55 29 utgå.
1024 1461 4 2 ;

256 1501 14 10 =
328 1481 175 29 Tjenstemännen
515 1482 44 22 och
578 1483 90 27 betjente
687 1483 36 22 vid
739 1483 105 23 Finlands
853 1484 71 21 Banks
939 1482 73 25 kontor

257 1516 11 30 i
285 1503 33 35 S:t
335 1516 127 27 Petersburg
479 1515 63 24 häfva
559 1517 65 22 redan
642 1518 46 22 mer
706 1519 26 20 än
751 1518 45 28 fyra
815 1518 23 22 är
856 1518 85 23 tillbaka
960 1525 52 22 upp-
1028 1526 7 14 >
