1109 1792
665 149 44 29 a
818 161 26 21 41

121 224 7 21 i
143 225 72 27 regeln
236 223 112 29 betydligt
362 224 125 27 öfverskjuta
509 224 54 22 hvad
586 224 61 21 dessa
666 225 11 21 å
693 224 31 23 sin
746 224 45 21 sida
805 225 71 20 kunna

121 259 63 21 hafva
199 258 85 27 tillgodo
300 259 37 21 hos
352 258 94 26 Batiken,
457 258 104 22 förefaller
575 260 31 24 att
616 265 50 15 vara
676 256 136 24 omotiveradt
822 258 54 21 samt

120 292 88 21 Banken
219 292 65 21 under
295 293 41 21 alla
348 292 144 21 förhållanden
502 293 62 21 borde
575 293 71 21 kunna
656 292 44 22 visa
710 292 45 21 sina
764 292 112 22 utländska

122 326 140 22 affärsvänner
284 326 138 28 omförmälda
444 326 114 28 ätertjenst,
582 333 68 21 synes,
668 326 26 28 pä
708 328 43 20 sätt
762 327 78 27 jemväl
855 326 23 20 af

122 359 190 24 Bankdirektionen
324 361 124 27 föreslagits,
460 361 32 21 till
502 362 120 21 förberörda
629 361 90 28 lagrum,
731 368 44 15 som
783 361 93 27 angifver

122 395 67 21 säsom
204 395 88 21 föremäl
307 395 32 21 för
354 395 98 22 Bankens
468 396 131 21 verksamhet
614 396 31 21 att
659 396 93 27 mottaga
762 396 113 27 penninge-

120 430 142 27 insättningar
277 431 51 20 utan
343 430 199 27 räntegodtgörelse,
558 430 50 22 böra
622 430 59 27 fogas
697 430 29 21 ett
733 424 143 33 tillägesstad-

122 464 73 27 gande,
210 464 146 31 inrymmande
371 464 125 30 befogenhet
511 465 31 21 för
557 465 87 21 Banken
659 465 31 21 att
705 464 11 21 ä
726 464 89 28 löpande
830 464 46 21 räk-

121 499 51 27 ning
186 499 48 21 med
250 499 112 22 utländska
376 499 194 28 bankinrättningar
585 500 38 21 och
645 499 128 21 handelshus
788 498 60 22 äfven
864 499 12 21 ä

121 534 32 20 sin
168 534 45 21 sida
228 534 101 28 godtgöra
343 534 68 21 ränta.
731 558 2 3 N

190 568 40 21 Vid
246 569 16 26 &
274 569 26 21 19
322 569 47 25 har
384 568 23 22 af
426 568 134 22 Direktionen
578 568 107 22 anmärkts
700 569 32 20 att
746 568 36 21 der
802 568 74 21 endast

121 602 85 28 stadgas
221 609 34 14 om
269 603 43 21 rätt
327 602 32 22 för
372 602 134 27 Regeringen
522 604 31 20 att
568 603 26 27 pä
610 602 128 22 Ständernas
754 603 78 26 vägnar
842 608 39 24 ga-

121 638 83 20 rantera
226 637 165 21 utländskt
350 632 42 35 län
413 637 51 21 eller
485 637 68 21 kredit
567 637 32 21 för
614 636 94 26 Banken,
723 643 49 15 men
788 637 31 20 att
833 636 41 26 det,

121 672 66 27 enligt
208 671 154 21 Direktionens,
373 672 94 26 mening,
487 678 46 14 vore
550 664 114 40 oegentligt
677 668 43 32 att,
733 677 34 15 om
782 670 94 22 bankför-

122 706 121 27 valtningen
258 706 69 26 nägon
343 706 55 27 gäng
412 705 70 22 kunde
497 706 151 28 uppnegociera
663 706 34 21 län
708 704 50 23 utan
770 705 106 22 anlitande

122 740 22 21 af
158 740 127 22 Ständernas
301 740 90 27 garanti,
401 740 75 21 sädant
486 741 66 20 skulle
560 746 49 16 vara
620 740 122 26 densamma
752 734 124 27 förmenadt.

120 775 80 23 Härvid
215 775 37 21 bör
268 775 57 27 dock,
341 774 66 28 enligt
422 773 201 29 Bankfullmäktiges
638 775 60 27 äsigt,
714 775 86 21 beaktas
815 775 37 29 att,
868 774 7 20 i

120 810 38 21 fall
180 816 26 14 en
228 809 55 27 dylik
308 808 124 28 befogenhet
450 810 32 20 att
500 810 91 27 upptaga
606 809 35 21 län
656 808 66 22 blefve
737 808 139 22 bankförvalt-

120 844 79 28 ningen
216 844 117 27 tillerkänd,
350 843 117 31 Ständerna
483 844 67 21 såsom
566 844 98 22 Bankens
679 844 137 27 proprietärer
830 842 44 22 fak-

121 879 51 21 tiskt
186 879 82 21 komme
283 879 31 21 att
328 878 51 22 bära
394 879 96 22 ansvaret
506 878 59 22 äfven
581 878 31 22 för
627 878 67 26 dessa,
710 878 74 22 endast
791 877 83 21 formelt

121 914 51 20 utan
188 913 60 21 deras
263 912 82 28 garanti
360 913 106 26 ingängna
481 913 142 21 förbindelser.
651 913 49 20 Med
716 912 96 22 afseende
823 912 51 21 härä

122 947 37 22 och
175 947 26 21 dä
216 947 35 21 det
265 947 157 27 ifrågavarande
438 947 125 27 stadgandet
574 947 79 26 jemväl
668 947 114 27 inrymmer
791 946 42 21 rätt
842 946 32 21 för

114 982 139 27 Regeringen
276 982 32 21 att
325 981 24 21 in
362 982 54 21 casu
431 981 72 28 pröfva
518 981 107 22 huruvida
636 981 110 27 tillräcklig
761 980 114 27 anledning

121 1015 33 22 till
176 1015 132 28 upptagande
328 1015 23 22 af
363 1015 35 30 län
412 1015 144 26 förekommer,
572 1022 50 15 anse
637 1015 191 26 Bankfullmäktige
843 1015 31 20 att

121 1050 145 21 Direktionens
288 1049 119 22 förberörda
430 1050 108 21 uttalande
559 1050 49 21 icke
622 1050 64 21 borde
701 1050 32 21 till
748 1050 68 26 nägon
832 1050 44 20 sär-

122 1085 53 26 skild
190 1085 73 26 ätgärd
277 1084 115 26 föranleda,
407 1084 55 21 helst
477 1085 149 27 lämpligheten
642 1084 23 21 af
679 1091 25 15 en
719 1084 157 27 framställning

122 1114 33 26 om
178 1119 64 21 sådan
265 1119 125 27 utvidgning
412 1118 23 21 af
455 1119 169 27 bankstyrelseus
642 1119 131 26 befogenhet,
790 1125 44 14 som
849 1124 26 15 en

121 1153 133 27 bestämning
272 1153 8 20 i
299 1153 133 21 förenämndt
454 1153 54 27 syfte
531 1153 65 22 skulle
612 1153 105 25 innebära,
740 1153 66 21 under
828 1153 47 20 när-

123 1187 90 22 varande
229 1187 31 21 tid
275 1187 40 22 kan
326 1187 139 28 ifrägasättas.
488 1187 70 22 Större
570 1188 44 21 skäl
625 1194 61 21 synes
696 1187 134 21 Direktionen
840 1189 36 25 egt

122 1221 31 22 för
169 1222 36 21 sitt
220 1221 66 22 tillika
302 1221 71 28 gjorda
383 1222 83 27 förslag
482 1228 34 15 om
530 1221 115 28 utbytände
660 1222 23 21 af
695 1221 36 22 det
746 1221 7 22 i
768 1218 80 25 samma
863 1222 11 26 $

122 1256 101 27 ingående
246 1256 175 27 uttrycket:»För
436 1257 41 20 den
492 1257 116 21 metalliska
622 1257 87 21 kassans
724 1256 152 21 förstärkande»

123 1293 55 19 emot
197 1291 61 21 orden
278 1291 50 21 »För
348 1291 39 21 den-
402 1286 118 27 metalliska
535 1292 85 21 kassans
636 1291 119 27 skyddande
771 1291 50 21 eller
835 1290 41 21 för-

122 1325 127 28 stärkande»,
265 1325 136 28 hvarigenom.
416 1325 78 28 åsyftas
510 1325 162 28 atttydliggöra,
684 1326 31 21 att
724 1325 108 22 utländskt
842 1325 46 21 lån
878 1321 13 37 :

123 1358 101 29 upptagés
239 1360 32 28 för
286 1361 32 20 att
334 1354 50 32 öka,
395 1360 17 27 ej
428 1360 41 21 den
483 1360 118 22 metalliska
615 1355 82 32 kassan,
713 1361 51 20 utan
780 1360 40 21 den
833 1366 43 15 me-

124 1394 82 22 talliska
228 1395 93 26 "valutan,
344 1395 66 21 ehuru
432 1394 100 28 åtgärden
551 1394 121 27 visserligen
687 1394 89 22 indirekt
791 1394 86 21 innebär

124 1427 61 22 äfven
200 1428 31 21 ett
246 1427 145 22 förstärkande
406 1427 23 22 af
442 1427 40 21 den
497 1428 117 21 metalliska
629 1429 81 24 kassan,
726 1429 50 20 enär
790 1429 86 20 Banken

124 1468 74 21 genom
214 1462 31 21 ett
259 1461 110 22 utländskt
382 1461 35 21 län
433 1461 87 21 tillföres
535 1462 70 21 valuta
619 1461 32 21 för
666 1462 128 21 betäckande
809 1461 23 22 af
839 1462 39 20 im-

125 1498 72 29 porten
220 1497 55 20 samt
297 1496 51 27 guld
370 1496 31 21 för
423 1496 65 27 sagda
506 1495 98 33 ändamål
619 1495 87 22 sålunda
721 1495 45 22 icke
780 1495 98 22 behöfver
