1103 1795
182 187 21 16 10
422 187 134 22 Delegationens
568 187 99 17 berättelse:
672 193 27 11 om

181 257 78 28 döme;
281 258 42 22 och
344 257 44 23 har
408 257 169 29 Delegationen
599 257 38 23 vid
660 257 65 23 detta
745 258 71 29 inköp
838 257 47 23 fäst
901 257 32 23 af-

181 293 86 22 seende
284 294 39 22 vid
341 293 43 22 den
403 293 129 22 Bissenska
554 294 108 21 atelierns
682 293 117 22 särskilda
815 293 118 28 betydelse

181 329 34 22 för
231 331 43 20 vär
291 330 76 26 konst,
386 331 4 20 i
404 329 38 22 det
459 333 35 18 att
511 329 59 22 bäde
587 329 36 22 W.
636 329 125 28 Runeberg
773 329 42 22 och
827 329 20 22 J.
860 329 73 22 Taka-

181 372 45 15 nen
248 365 104 23 därifrån
374 366 84 27 utgått.
492 365 158 22 Konstvärket
665 365 43 22 bär
724 366 96 21 namnet
841 383 4 8 ,
846 365 87 27 Flicka

181 408 49 16 som
248 401 76 23 målar
339 406 84 18 urnor"
442 401 43 22 och
503 401 142 22 framställer
656 408 28 15 en
697 408 49 22 ung
758 405 47 19 mot
817 407 27 16 en
858 401 75 29 pelare

182 437 64 22 lutad
268 437 97 26 kvinna,
382 437 67 28 djupt
466 440 118 25 upptagen
602 437 24 22 af
643 440 34 19 att
693 436 63 23 måla
772 444 29 15 en
818 444 48 19 vas,
884 444 49 15 som

182 473 45 22 hon
249 473 74 22 håller
345 473 97 22 framför
463 474 37 27 sig
516 474 7 21 i
534 475 103 20 vänstra
660 473 102 26 handen;
781 473 46 22 ink.
846 473 42 21 den
906 476 26 18 25

181 509 59 28 april
260 513 55 18 1898
332 509 35 21 för
384 509 33 22 kr.
435 513 65 22 5,000
517 509 55 22 eller
584 510 6 20 i
603 509 76 21 finskt
695 512 67 25 mynt
778 508 67 22 mark
862 512 70 20 6,950.

183 558 25 1 —
226 544 60 22 Från
308 545 107 21 Svenska
436 544 268 22 Konstnärsförbundets
726 545 141 26 utställning
884 544 48 22 här-

181 580 81 22 städes
283 580 69 22 våren
378 584 55 18 1899
455 580 42 22 har
516 580 168 29 Delegationen
706 580 69 22 inlöst
791 587 28 15 en
836 580 58 22 tafla
910 579 24 22 af

181 615 159 30 djurmalaren
371 616 95 21 Bruno
497 616 148 29 Liljefors,
675 616 179 28 ,Vinterstycke
881 615 51 22 med

181 652 112 28 tjädrar";
313 652 48 21 ink.
382 651 44 22 den
444 655 12 18 8
471 653 51 28 juni
545 656 55 18 1899
618 652 35 21 för
669 652 34 22 kr.
721 655 66 23 2,000
804 652 54 22 eller
875 651 57 22 Fmk

182 691 73 23 2,800.
274 702 26 1 —
318 683 75 26 Äfven
411 687 42 22 har
471 688 168 28 Delegationen
656 689 60 26 tagit
733 689 5 20 i
756 687 177 22 skärskådande

182 723 23 22 F.
223 723 22 22 FP.
264 723 263 28 Werestschagins
543 724 140 27 utställning
700 723 32 34 af
743 723 73 22 bilder
828 723 50 22 från
889 723 44 22 Na-

181 759 96 28 poleons
293 759 71 28 ryska
380 759 87 28 fälttåg
485 763 63 23 1812,
566 766 61 19 men,
661 759 12 22 då
691 760 71 28 ingen
780 759 24 22 af
820 759 69 22 dessa
900 759 33 22 för

181 795 56 22 våra
256 795 161 22 förhållanden
435 795 57 28 dyra
509 795 69 22 taflor
593 797 78 26 syntes
685 797 45 20 rätt
742 795 76 28 egnad
832 797 34 20 att
877 795 56 22 före-

182 831 68 22 träda
267 831 44 22 den
329 831 108 22 berömde
455 831 144 22 konstnären
614 837 48 16 som
675 831 161 28 krigsmålare,
849 831 84 22 medan

183 867 58 21 hans
259 867 39 22 vid
314 873 93 16 samma
423 866 91 23 tilfälle
530 867 104 22 utstälda
650 873 71 22 genre
743 866 43 22 och
797 866 136 29 landskaps-

182 909 63 22 vyer,
263 902 73 22 ehuru
348 903 7 21 i
367 903 37 28 sig
416 902 83 29 själfva
518 902 93 29 ganska
627 902 137 27 tilltalande,
782 902 20 29 ej
815 909 116 22 represen-

182 938 81 22 terade
283 938 192 29 Werestschagin
495 945 28 22 pa
543 938 39 22 det
602 938 100 27 område,
724 938 42 22 där
785 938 45 21 han
850 939 82 21 vunnit

182 975 39 21 sitt
243 974 155 28 världsrykte,
421 974 42 22 har
484 974 166 28 Delegationen
672 973 50 23 låtit
739 973 44 23 den
801 974 72 21 väkta
889 973 44 22 frå-

182 1016 46 21 gan
246 1017 36 15 om
302 1010 69 28 inköp
388 1009 98 23 förfalla.

255 1045 194 29 Anledningarna
471 1045 33 22 till
526 1045 151 22 förevarande
699 1045 71 29 inköp
787 1045 71 22 hafva
874 1046 59 21 varit

183 1081 23 22 af
223 1088 50 15 mer
290 1081 55 22 eller
361 1081 91 22 mindre
468 1081 103 28 tillfällig
587 1083 76 20 natur.
693 1081 45 22 Det
754 1081 179 22 ändamålsenli-

182 1119 68 26 gaste
272 1124 53 15 vore
347 1118 34 21 att
397 1117 29 28 på
448 1117 118 22 utlandets
583 1120 62 19 stora
662 1117 139 26 konstorter,
819 1116 61 23 hälst
896 1123 36 22 ge-

182 1160 54 15 nom
254 1153 141 28 förmedling
411 1153 24 22 af
452 1153 123 22 därstädes
598 1153 90 22 bosatta
709 1153 131 24 landsmän,
858 1152 75 22 ästad-

183 1188 96 23 komma
296 1188 161 29 regelbundna
475 1189 70 28 inköp
562 1189 24 22 af
602 1188 131 23 värdefulla
750 1188 58 22 värk
822 1195 28 15 ur
861 1188 72 22 redan

183 1224 117 22 afslutade
320 1225 211 28 konstriktningar,
554 1224 86 27 hvilka,
661 1231 36 15 om
720 1224 43 22 ock
785 1225 3 20 i
807 1224 126 22 allmänhet

183 1259 70 22 altför
269 1260 63 28 dyra,
349 1260 59 22 dock
427 1260 149 28 tillfälligtvis
594 1260 79 22 kunna
690 1260 103 22 förvärfvas
834 1259 33 22 till
881 1261 52 27 pris,

182 1302 50 15 som
250 1296 52 21 icke
319 1295 131 29 öfverstege
469 1296 164 27 tillgangarna.
658 1295 82 29 Någon
758 1295 82 29 åtgärd
852 1296 6 21 i
870 1295 63 22 detta

183 1331 60 27 syfte
262 1331 41 21 har
319 1331 168 28 Delegationen
506 1331 58 22 dock
582 1334 62 18 ännu
662 1331 51 22 icke
728 1331 91 22 kunnat
830 1331 102 28 vidtaga.

182 1366 80 23 Under
284 1366 61 23 tiden
369 1367 41 22 har
432 1367 166 27 Delegationen
616 1367 90 22 skattat
723 1373 49 16 som
789 1374 29 14 en
835 1367 98 25 förmån,

183 1404 34 21 att
234 1403 55 22 dess
305 1403 131 28 suppleant,
456 1404 97 21 artisten
570 1403 84 22 Albert
670 1403 106 26 Edelfelt,
794 1402 38 22 vid
850 1403 35 21 sin
901 1403 32 21 vi-

183 1439 70 22 stelse
270 1440 7 21 i
294 1439 64 21 Paris
375 1439 98 21 förliden
491 1445 41 15 var
550 1438 54 29 åtog
620 1439 37 28 sig
673 1439 44 22 den
735 1438 129 28 ingalunda
878 1438 55 22 lätta

251 1474 22 7 +,
333 1481 5 2 N
385 1474 34 9 EL
443 1474 5 9 A
461 1478 32 6 odo
498 1469 26 23 Man
555 1475 191 12 ronastanmlinsman
770 1475 76 12 inline
884 1476 47 10 rä

184 1483 124 20 uppgilien
329 1476 35 20 att
383 1485 32 11 10r
435 1486 90 10 Antells
546 1474 197 29 konstsamiingar
768 1474 88 28 inköpa
877 1481 49 14 värk
