1103 1795
277 163 26 20 32
624 163 11 21 I

316 230 43 23 Vid
371 231 71 25 skodd
456 231 133 28 underdånig
604 231 153 28 föredragning
768 232 22 22 af
799 233 90 21 ärendet
898 232 39 22 har
948 233 59 21 Hans

247 264 104 27 Majestät
367 265 105 28 Kejsaren
488 265 8 22 i
507 265 69 23 nåder
587 265 114 23 förordnat
709 268 34 20 att
753 266 85 28 privata
851 266 156 23 fruntimmers-

246 299 77 22 skolan
339 299 50 22 med
399 299 65 22 finskt
475 300 230 28 undervisningsspråk
714 301 7 20 i
729 301 94 22 Joensuu
834 301 49 22 stad
894 301 55 22 skall
958 301 47 22 från

247 333 41 22 den
301 335 10 20 1
323 333 126 28 September
466 335 54 22 1899
536 334 24 22 af
574 337 70 19 staten
661 335 122 28 öfvertagas
798 337 56 20 samt
864 336 34 21 att
907 335 98 22 läroverk

246 368 34 21 för
293 368 83 27 flickor,
392 375 45 15 som
448 369 34 22 till
492 369 47 22 sina
550 369 241 28 undervisningskurser
801 370 7 21 i
819 369 121 22 hufvudsak
951 372 54 19 mot-

247 409 64 15 svara
318 405 85 20 statens
419 403 228 28 fruntimmersskolor,
663 403 72 23 kunna
750 403 56 23 efter
820 403 101 29 pröfning
936 403 24 23 af
970 404 36 22 be-

247 437 74 22 hofvet
339 438 40 21 och
402 438 209 27 omständigheterna
626 438 7 21 i
648 438 74 28 hvarje
744 438 102 22 särskildt
868 438 38 22 fall
921 438 82 23 erhålla

246 471 119 23 understöd
380 479 25 14 ur
421 473 108 21 allmänna
544 473 69 21 medel
628 473 33 21 till
675 473 65 27 högst
750 474 63 26 3,000
824 473 61 22 mark
896 473 33 22 för
940 473 67 32 klass,

247 507 54 22 dock
324 507 47 22 icke
393 507 83 22 utöfver
501 508 75 25 15,000
600 507 61 22 mark
676 507 35 22 för
730 507 124 28 fullständig
869 507 66 22 sådan
951 508 55 23 läro-

246 542 133 27 inrättning;
403 542 39 21 och
465 543 40 20 har
527 542 7 21 i
557 542 95 27 enlighet
673 542 89 22 härmed
785 542 65 27 nådig
876 543 129 27 kungörelse

246 576 110 22 utfärdats
371 577 40 20 den
427 577 25 20 21
469 577 58 21 Mars
545 577 62 21 1899.

318 611 36 26 16)
376 611 38 22 Uti
437 611 133 27 underdånig
592 611 111 22 skrifvelse
726 611 24 22 af
770 611 42 22 den
832 612 24 20 21
874 611 61 28 April
952 613 53 20 1897

247 645 64 22 hafva
327 645 121 22 Ständerna
463 645 91 22 anhållit
569 648 33 19 att
616 646 62 21 Hans
693 646 121 27 Kejserliga
829 645 103 28 Majestät
946 647 59 21 täck-

247 683 32 18 tes
302 680 46 22 låta
370 680 122 22 undersöka
514 680 108 21 huruvida
644 680 47 21 icke
712 681 67 20 sådan
798 680 207 28 skatteförmedling,

247 721 45 15 som
315 721 77 21 genom
414 714 78 28 nådiga
515 714 83 22 brefvet
619 714 24 21 af
657 715 41 21 den
716 716 24 20 11
757 715 43 26 Maj
817 715 55 21 1896
887 715 116 26 påbjudits,

246 755 52 16 vore
313 749 25 21 af
351 749 101 22 behofvet
467 749 102 27 påkallad
585 749 62 21 äfven
661 749 8 21 i
679 749 68 21 andra
757 751 27 18 än
794 748 26 22 de
831 749 6 20 i
848 749 68 27 sagda
926 749 78 27 nådiga

246 783 49 22 bref
309 783 139 22 omförmälda
464 784 60 21 delar
538 783 24 22 af
576 783 59 22 kust-
652 783 39 22 och
707 783 229 27 skärgårdstrakterna
947 783 56 22 inom

246 812 47 27 Åbo
313 818 41 21 och
372 818 144 27 Björneborgs
531 818 43 27 län,
590 818 101 21 särskildt
706 818 70 27 Nagu,
791 817 73 28 Korpo
880 818 40 21 och
935 818 70 21 Hout-

246 852 63 22 skärs
332 852 91 22 socknar
445 852 108 22 äfvensom
576 853 70 21 Kustö
666 852 80 27 kapell,
762 854 57 20 samt
834 853 7 20 i
856 852 67 22 nåder
938 853 66 22 anbe-

247 887 52 21 falla
322 881 239 33 skatteförmedlingens
583 887 151 27 utsträckning
751 888 7 21 i
778 887 42 21 den
842 887 49 21 mån
913 887 92 22 berörda

247 921 160 28 undersökning
429 921 87 22 utreder
534 921 49 22 dess
598 921 168 28 nödvändighet,
781 921 108 22 äfvensom
905 921 100 22 förordna

247 958 34 19 att
304 956 150 21 Muonioniska
476 957 77 21 socken
577 957 23 21 af
621 957 161 27 Lappmarkens
796 956 69 21 härad
880 956 56 22 skall
951 957 6 20 i
974 957 31 21 af-

246 991 79 21 seende
344 992 13 20 å
376 991 138 27 beskattning
540 991 107 22 likställas
673 991 49 22 med
737 991 101 22 häradets
853 990 69 28 öfriga
944 991 59 22 kom-

246 1031 83 16 muner.

316 1060 11 21 I
341 1060 116 27 anledning
479 1060 23 21 af
522 1060 71 22 denna
607 1061 90 26 petition
714 1060 40 21 har
776 1066 76 21 genom
868 1059 75 28 nådigt
957 1060 49 21 bref

247 1094 34 21 till
305 1094 138 22 Guvernören
459 1095 6 20 i
480 1089 48 27 Åbo
550 1094 41 22 och
613 1095 144 27 Björneborgs
780 1095 36 20 län
830 1094 24 21 af
868 1095 40 20 den
924 1095 13 21 2
953 1094 51 27 Sep-

246 1129 84 21 tember
355 1129 54 22 1899
431 1129 128 27 förordnats,
583 1131 33 20 att
632 1129 39 22 den
686 1129 35 22 för
735 1129 107 21 särskilda
857 1129 125 21 kommuner
997 1129 7 21 i

247 1163 96 22 nämnda
365 1163 35 22 län
423 1169 75 21 genom
521 1163 80 28 nådiga
623 1163 82 22 brefvet
728 1163 42 22 den
790 1164 23 20 11
838 1163 42 27 Maj
898 1164 53 21 1896
967 1163 37 27 på-

247 1197 81 28 bjudna
355 1198 198 27 skatteförmedling
576 1198 56 21 skall
655 1197 121 22 utsträckas
798 1197 34 22 till
854 1197 59 22 såväl
935 1197 68 28 Nagu,

246 1232 82 28 Korpo,
343 1233 121 21 Houtskärs
481 1233 38 21 och
534 1232 77 28 Kustö,
626 1239 45 15 som
687 1232 82 27 Hiittis,
783 1231 89 22 Karuna
885 1231 40 22 och
935 1232 68 27 Finby

247 1267 128 22 kommuner
395 1267 24 21 af
433 1267 65 28 sagda
512 1267 37 22 län
564 1268 7 21 i
587 1267 39 22 den
642 1267 31 22 uti
688 1266 94 23 berörda
796 1266 78 27 nådiga
888 1265 49 23 bref
948 1265 55 23 före-

247 1301 83 22 skrifna
352 1301 98 28 ordning,
473 1301 118 28 hvarjemte
611 1301 122 28 Kejserliga
748 1301 93 22 Senaten
856 1301 147 27 bemyndigats

246 1339 35 19 att
302 1337 87 26 vidtaga
408 1335 64 23 häraf
485 1336 115 27 påkallade
615 1336 102 27 åtgärder
731 1338 57 19 samt
803 1335 86 22 utfärda
904 1337 99 20 närmare

246 1370 142 23 föreskrifter.

315 1405 137 22 Beträffande
471 1406 66 21 sedan
552 1405 77 28 frågan
645 1411 34 16 om
694 1405 152 22 Muonioniska
860 1405 89 21 sockens
962 1404 40 22 lik-

246 1440 106 22 ställande
368 1441 6 20 i
389 1440 99 22 afseende
503 1441 13 21 å
531 1440 139 27 beskattning
693 1440 49 21 med
766 1439 68 27 öfriga
856 1439 125 22 kommuner
996 1440 6 20 i

245 1475 162 27 Lappmarkens
427 1475 67 22 härad
514 1474 40 22 har
572 1474 64 28 nådig
650 1473 130 29 kungörelse
795 1473 108 22 utfärdats
919 1473 41 22 den
975 1475 27 20 29

245 1509 123 22 November
385 1510 61 21 1899.
