1103 1795
398 196 164 22 I1I-XXXII

170 535 140 26 RELATION
329 535 31 26 till
379 535 93 26 Finlands
486 535 23 26 är
521 534 49 27 1900
589 534 123 27 församlade
730 535 86 27 Ständer
828 542 31 19 om

103 581 136 27 statsverkets
261 581 99 26 tillstånd.
397 579 91 34 Afgifven
510 579 22 28 af
552 580 211 33 Finansexpeditionen
784 581 7 26 i
816 581 45 34 Kej-

103 627 78 33 serliga
199 627 85 26 Senaten
303 625 30 28 för
351 626 90 32 Finland,
460 626 37 27 den
516 626 11 27 3
546 627 94 26 Februari
658 626 56 27 1900.

583 695 25 17 Pä
622 694 110 23 befallning:

536 726 101 18 Frith.
662 726 129 18 Flodin.

170 855 34 21 På
226 855 77 28 grund
326 855 26 21 af
369 857 12 25 &
402 857 25 19 27
447 855 8 21 i
475 855 93 28 Nädiga
590 855 270 29 Landtdagsordningen

103 890 44 21 den
165 891 25 20 15
207 891 30 26 (3)
254 890 68 28 April
340 892 53 19 1869
409 889 157 22 öfverlemnas
581 890 75 21 säsom
671 889 156 29 fortsättning
838 890 25 21 af

103 924 46 21 den
163 923 38 22 till
217 923 92 22 landets
325 924 24 21 är
368 926 52 19 1897
443 923 141 22 församlade
604 923 100 22 Ständer
719 923 93 29 afgifna
828 931 34 14 re-

104 958 74 21 lation
194 959 121 27 angäende
331 958 153 21 statsverkets
499 957 118 22 tillständ:

104 1021 226 28 Kapitalräkningar
353 1021 66 21 öfver
437 1021 119 21 allmänna
572 1021 152 22 statsmedlen

177 1057 77 26 (stats-
263 1055 43 22 och
314 1055 209 27 militiefonderna)
532 1055 37 22 för
578 1056 55 21 ären
641 1057 82 20 1895—

177 1093 53 19 1897
257 1107 1 4 <
309 1107 21 4 k
362 1107 362 10 k.
826 1091 36 21 III

103 1125 154 22 Jemförande
271 1125 65 21 tablä
351 1125 67 21 öfver
433 1125 129 21 inkomster
572 1125 43 21 och
625 1125 100 28 utgifter

175 1168 8 13 i
202 1160 119 21 allmänna
343 1160 155 28 statsfonden,
522 1160 74 29 enligt
618 1161 106 21 statsför-

175 1195 77 28 slaget
275 1194 42 21 och
341 1194 75 28 enligt
438 1194 179 21 statsbokslutet
639 1194 38 21 för
699 1195 26 20 är

177 1231 53 20 1895
252 1246 3 3 <
287 1246 4 4 a
323 1226 39 34 kow
395 1226 39 34 kom
468 1246 3 3 s
503 1226 22 34 wo
538 1245 4 4 8
575 1226 13 34 NM
611 1246 39 4 FS
682 1246 4 4 x
708 1226 15 34 RK
829 1229 33 21 IV

105 1263 154 22 Jemförande
274 1263 65 22 tablä
354 1264 66 21 öfver
430 1263 130 22 inkomster
572 1263 42 22 och
624 1263 101 28 utgifter

175 1298 9 21 i
201 1297 119 22 allmänna
343 1297 155 28 statsfonden,
522 1297 74 28 enligt
619 1298 106 21 statsför-

175 1333 76 27 slaget
273 1332 44 21 och
340 1332 75 28 enligt
438 1332 179 21 statsbokslutet
639 1332 38 21 för
699 1332 27 21 är

177 1368 53 20 1996
252 1383 4 4 =
288 1364 75 34 s=os
395 1364 40 34 sos
467 1364 40 34 koa
539 1364 39 34 ERE
611 1364 39 34 som
682 1383 4 4 I
718 1382 4 5 8
841 1366 21 21 Vv

107 1401 153 22 Jemförande
275 1401 65 22 tablå
355 1402 67 21 öfver
433 1401 128 21 inkomster
572 1401 43 21 och
626 1401 99 28 utgifter

175 1435 8 21 i
206 1435 118 22 allmänna
347 1435 154 28 statsfonden,
525 1435 75 28 enligt
619 1435 106 21 statsför-

176 1469 75 29 slaget
274 1469 44 22 och
341 1469 75 28 enligt
438 1469 179 22 statsbokslutet
640 1469 37 21 för
700 1469 26 21 år

177 1506 52 19 1897
251 1501 24 34 oo
285 1521 75 4 sr
397 1521 39 4 rr
469 1521 38 3 rr
540 1520 39 4 rr
611 1520 3 3 n
634 1501 17 34 am
683 1519 4 4 A
702 1501 20 34 im
829 1503 33 20 VI
