<?xml version="1.0" encoding="UTF-8"?>
<alto xmlns="http://www.loc.gov/standards/alto/ns-v3#" xmlns:xlink="http://www.w3.org/1999/xlink" xmlns:xsi="http://www.w3.org/2001/XMLSchema-instance" xsi:schemaLocation="http://www.loc.gov/standards/alto/ns-v3# http://www.loc.gov/alto/v3/alto-3-0.xsd">
	<Description>
		<MeasurementUnit>pixel</MeasurementUnit>
		<sourceImageInformation>
			<fileName>/tmp/tess_d8okweqi_input.PNG</fileName>
		</sourceImageInformation>
		<OCRProcessing ID="OCR_0">
			<ocrProcessingStep>
				<processingSoftware>
					<softwareName>tesseract 5.3.4</softwareName>
				</processingSoftware>
			</ocrProcessingStep>
		</OCRProcessing>
	</Description>
	<Layout>
		<Page WIDTH="1109" HEIGHT="1798" PHYSICAL_IMG_NR="0" ID="page_0">
			<PrintSpace HPOS="0" VPOS="0" WIDTH="1109" HEIGHT="1798">
				<Illustration ID="cblock_0" HPOS="50" VPOS="18" WIDTH="878" HEIGHT="140"></Illustration>
				<ComposedBlock ID="cblock_1" HPOS="803" VPOS="162" WIDTH="28" HEIGHT="22">
					<TextBlock ID="block_0" HPOS="803" VPOS="162" WIDTH="28" HEIGHT="22">
						<TextLine ID="line_0" HPOS="803" VPOS="162" WIDTH="28" HEIGHT="22">
							<String ID="string_0" HPOS="803" VPOS="162" WIDTH="28" HEIGHT="22" WC="0.95" CONTENT="23"/>
						</TextLine>
					</TextBlock>
				</ComposedBlock>
				<ComposedBlock ID="cblock_2" HPOS="80" VPOS="226" WIDTH="779" HEIGHT="1063">
					<TextBlock ID="block_1" HPOS="97" VPOS="226" WIDTH="762" HEIGHT="441">
						<TextLine ID="line_1" HPOS="169" VPOS="226" WIDTH="689" HEIGHT="27">
							<String ID="string_1" HPOS="169" VPOS="226" WIDTH="49" HEIGHT="21" WC="0.92" CONTENT="Med"/><SP WIDTH="26" VPOS="226" HPOS="218"/>
							<String ID="string_2" HPOS="244" VPOS="226" WIDTH="202" HEIGHT="27" WC="0.86" CONTENT="Bankfullmäktiges"/><SP WIDTH="26" VPOS="226" HPOS="446"/>
							<String ID="string_3" HPOS="472" VPOS="227" WIDTH="70" HEIGHT="21" WC="0.79" CONTENT="dertill"/><SP WIDTH="23" VPOS="227" HPOS="542"/>
							<String ID="string_4" HPOS="565" VPOS="227" WIDTH="41" HEIGHT="21" WC="0.96" CONTENT="den"/><SP WIDTH="25" VPOS="227" HPOS="606"/>
							<String ID="string_5" HPOS="631" VPOS="227" WIDTH="24" HEIGHT="21" WC="0.95" CONTENT="11"/><SP WIDTH="24" VPOS="227" HPOS="655"/>
							<String ID="string_6" HPOS="679" VPOS="226" WIDTH="101" HEIGHT="22" WC="0.96" CONTENT="Februari"/><SP WIDTH="23" VPOS="226" HPOS="780"/>
							<String ID="string_7" HPOS="803" VPOS="226" WIDTH="55" HEIGHT="22" WC="0.96" CONTENT="1899"/>
						</TextLine>
						<TextLine ID="line_2" HPOS="98" VPOS="260" WIDTH="760" HEIGHT="29">
							<String ID="string_8" HPOS="98" VPOS="261" WIDTH="97" HEIGHT="22" WC="0.89" CONTENT="lemnade"/><SP WIDTH="23" VPOS="261" HPOS="195"/>
							<String ID="string_9" HPOS="218" VPOS="260" WIDTH="123" HEIGHT="27" WC="0.90" CONTENT="begifvande"/><SP WIDTH="23" VPOS="260" HPOS="341"/>
							<String ID="string_10" HPOS="364" VPOS="261" WIDTH="44" HEIGHT="21" WC="0.92" CONTENT="blef:"/><SP WIDTH="24" VPOS="261" HPOS="408"/>
							<String ID="string_11" HPOS="432" VPOS="261" WIDTH="139" HEIGHT="27" WC="0.91" CONTENT="hyresaftalet"/><SP WIDTH="27" VPOS="261" HPOS="571"/>
							<String ID="string_12" HPOS="598" VPOS="261" WIDTH="108" HEIGHT="28" WC="0.95" CONTENT="angående"/><SP WIDTH="22" VPOS="261" HPOS="706"/>
							<String ID="string_13" HPOS="728" VPOS="261" WIDTH="130" HEIGHT="20" WC="0.94" CONTENT="kontorets"/><SP WIDTH="-11" VPOS="261" HPOS="858"/>
							<String ID="string_14" HPOS="847" VPOS="256" WIDTH="15" HEIGHT="39" WC="0.94" CONTENT="i"/>
						</TextLine>
						<TextLine ID="line_3" HPOS="97" VPOS="292" WIDTH="762" HEIGHT="30">
							<String ID="string_15" HPOS="97" VPOS="292" WIDTH="101" HEIGHT="25" WC="0.79" CONTENT="Joensuu"/><SP WIDTH="18" VPOS="292" HPOS="198"/>
							<String ID="string_16" HPOS="216" VPOS="295" WIDTH="31" HEIGHT="21" WC="0.96" CONTENT="uti"/><SP WIDTH="23" VPOS="295" HPOS="247"/>
							<String ID="string_17" HPOS="270" VPOS="301" WIDTH="26" HEIGHT="14" WC="0.96" CONTENT="en"/><SP WIDTH="24" VPOS="301" HPOS="296"/>
							<String ID="string_18" HPOS="320" VPOS="295" WIDTH="73" HEIGHT="21" WC="0.91" CONTENT="staden"/><SP WIDTH="18" VPOS="295" HPOS="393"/>
							<String ID="string_19" HPOS="411" VPOS="295" WIDTH="93" HEIGHT="27" WC="0.88" CONTENT="tillhörig"/><SP WIDTH="20" VPOS="295" HPOS="504"/>
							<String ID="string_20" HPOS="524" VPOS="296" WIDTH="51" HEIGHT="26" WC="0.96" CONTENT="gård"/><SP WIDTH="21" VPOS="296" HPOS="575"/>
							<String ID="string_21" HPOS="596" VPOS="295" WIDTH="88" HEIGHT="26" WC="0.95" CONTENT="belägna"/><SP WIDTH="15" VPOS="295" HPOS="684"/>
							<String ID="string_22" HPOS="699" VPOS="295" WIDTH="60" HEIGHT="25" WC="0.91" CONTENT="lokal,"/><SP WIDTH="21" VPOS="295" HPOS="759"/>
							<String ID="string_23" HPOS="780" VPOS="295" WIDTH="79" HEIGHT="20" WC="0.91" CONTENT="hvilket"/>
						</TextLine>
						<TextLine ID="line_4" HPOS="100" VPOS="328" WIDTH="755" HEIGHT="29">
							<String ID="string_24" HPOS="100" VPOS="329" WIDTH="70" HEIGHT="28" WC="0.96" CONTENT="utgick"/><SP WIDTH="19" VPOS="329" HPOS="170"/>
							<String ID="string_25" HPOS="189" VPOS="329" WIDTH="41" HEIGHT="22" WC="0.96" CONTENT="den"/><SP WIDTH="16" VPOS="329" HPOS="230"/>
							<String ID="string_26" HPOS="246" VPOS="330" WIDTH="11" HEIGHT="21" WC="0.96" CONTENT="1"/><SP WIDTH="17" VPOS="330" HPOS="257"/>
							<String ID="string_27" HPOS="274" VPOS="329" WIDTH="44" HEIGHT="26" WC="0.95" CONTENT="Juli"/><SP WIDTH="21" VPOS="329" HPOS="318"/>
							<String ID="string_28" HPOS="339" VPOS="329" WIDTH="65" HEIGHT="27" WC="0.95" CONTENT="sagda"/><SP WIDTH="18" VPOS="329" HPOS="404"/>
							<String ID="string_29" HPOS="422" VPOS="329" WIDTH="29" HEIGHT="26" WC="0.93" CONTENT="år,"/><SP WIDTH="15" VPOS="329" HPOS="451"/>
							<String ID="string_30" HPOS="466" VPOS="328" WIDTH="104" HEIGHT="29" WC="0.92" CONTENT="förnyadt,"/><SP WIDTH="22" VPOS="328" HPOS="570"/>
							<String ID="string_31" HPOS="592" VPOS="330" WIDTH="32" HEIGHT="21" WC="0.96" CONTENT="att"/><SP WIDTH="19" VPOS="330" HPOS="624"/>
							<String ID="string_32" HPOS="643" VPOS="329" WIDTH="55" HEIGHT="27" WC="0.95" CONTENT="gälla"/><SP WIDTH="17" VPOS="329" HPOS="698"/>
							<String ID="string_33" HPOS="715" VPOS="328" WIDTH="56" HEIGHT="22" WC="0.95" CONTENT="intill"/><SP WIDTH="17" VPOS="328" HPOS="771"/>
							<String ID="string_34" HPOS="788" VPOS="329" WIDTH="41" HEIGHT="21" WC="0.95" CONTENT="den"/><SP WIDTH="18" VPOS="329" HPOS="829"/>
							<String ID="string_35" HPOS="847" VPOS="330" WIDTH="8" HEIGHT="20" WC="0.96" CONTENT="1"/>
						</TextLine>
						<TextLine ID="line_5" HPOS="97" VPOS="363" WIDTH="578" HEIGHT="28">
							<String ID="string_36" HPOS="97" VPOS="364" WIDTH="53" HEIGHT="21" WC="0.96" CONTENT="Juni"/><SP WIDTH="19" VPOS="364" HPOS="150"/>
							<String ID="string_37" HPOS="169" VPOS="364" WIDTH="61" HEIGHT="27" WC="0.96" CONTENT="1909,"/><SP WIDTH="17" VPOS="364" HPOS="230"/>
							<String ID="string_38" HPOS="247" VPOS="365" WIDTH="56" HEIGHT="20" WC="0.96" CONTENT="emot"/><SP WIDTH="15" VPOS="365" HPOS="303"/>
							<String ID="string_39" HPOS="318" VPOS="370" WIDTH="24" HEIGHT="15" WC="0.96" CONTENT="en"/><SP WIDTH="16" VPOS="370" HPOS="342"/>
							<String ID="string_40" HPOS="358" VPOS="363" WIDTH="53" HEIGHT="28" WC="0.96" CONTENT="årlig"/><SP WIDTH="14" VPOS="363" HPOS="411"/>
							<String ID="string_41" HPOS="425" VPOS="364" WIDTH="53" HEIGHT="27" WC="0.96" CONTENT="hyra"/><SP WIDTH="16" VPOS="364" HPOS="478"/>
							<String ID="string_42" HPOS="494" VPOS="363" WIDTH="22" HEIGHT="22" WC="0.93" CONTENT="af"/><SP WIDTH="14" VPOS="363" HPOS="516"/>
							<String ID="string_43" HPOS="530" VPOS="364" WIDTH="65" HEIGHT="27" WC="0.92" CONTENT="1,400"/><SP WIDTH="14" VPOS="364" HPOS="595"/>
							<String ID="string_44" HPOS="609" VPOS="364" WIDTH="66" HEIGHT="21" WC="0.96" CONTENT="mark."/>
						</TextLine>
						<TextLine ID="line_6" HPOS="110" VPOS="383" WIDTH="748" HEIGHT="43">
							<String ID="string_45" HPOS="110" VPOS="409" WIDTH="2" HEIGHT="2" WC="0.65" CONTENT="+."/><SP WIDTH="54" VPOS="409" HPOS="112"/>
							<String ID="string_46" HPOS="166" VPOS="398" WIDTH="94" HEIGHT="22" WC="0.83" CONTENT="Emedan"/><SP WIDTH="22" VPOS="398" HPOS="260"/>
							<String ID="string_47" HPOS="282" VPOS="398" WIDTH="182" HEIGHT="28" WC="0.95" CONTENT="hyreskontraktet"/><SP WIDTH="27" VPOS="398" HPOS="464"/>
							<String ID="string_48" HPOS="491" VPOS="398" WIDTH="107" HEIGHT="28" WC="0.96" CONTENT="angående"/><SP WIDTH="19" VPOS="398" HPOS="598"/>
							<String ID="string_49" HPOS="617" VPOS="398" WIDTH="105" HEIGHT="22" WC="0.96" CONTENT="kontorets"/><SP WIDTH="18" VPOS="398" HPOS="722"/>
							<String ID="string_50" HPOS="740" VPOS="398" WIDTH="8" HEIGHT="21" WC="0.96" CONTENT="i"/><SP WIDTH="19" VPOS="398" HPOS="748"/>
							<String ID="string_51" HPOS="767" VPOS="383" WIDTH="91" HEIGHT="36" WC="0.92" CONTENT="Nikolai-"/>
						</TextLine>
						<TextLine ID="line_7" HPOS="98" VPOS="432" WIDTH="760" HEIGHT="29">
							<String ID="string_52" HPOS="98" VPOS="433" WIDTH="48" HEIGHT="22" WC="0.96" CONTENT="stad"/><SP WIDTH="18" VPOS="433" HPOS="146"/>
							<String ID="string_53" HPOS="164" VPOS="433" WIDTH="55" HEIGHT="26" WC="0.93" CONTENT="lokal"/><SP WIDTH="19" VPOS="433" HPOS="219"/>
							<String ID="string_54" HPOS="238" VPOS="433" WIDTH="82" HEIGHT="28" WC="0.91" CONTENT="utlöper"/><SP WIDTH="17" VPOS="433" HPOS="320"/>
							<String ID="string_55" HPOS="337" VPOS="433" WIDTH="41" HEIGHT="21" WC="0.96" CONTENT="den"/><SP WIDTH="20" VPOS="433" HPOS="378"/>
							<String ID="string_56" HPOS="398" VPOS="435" WIDTH="8" HEIGHT="19" WC="0.95" CONTENT="1"/><SP WIDTH="21" VPOS="435" HPOS="406"/>
							<String ID="string_57" HPOS="427" VPOS="433" WIDTH="52" HEIGHT="22" WC="0.96" CONTENT="Juni"/><SP WIDTH="19" VPOS="433" HPOS="479"/>
							<String ID="string_58" HPOS="498" VPOS="433" WIDTH="64" HEIGHT="27" WC="0.96" CONTENT="1901,"/><SP WIDTH="15" VPOS="433" HPOS="562"/>
							<String ID="string_59" HPOS="577" VPOS="433" WIDTH="45" HEIGHT="22" WC="0.96" CONTENT="blef"/><SP WIDTH="16" VPOS="433" HPOS="622"/>
							<String ID="string_60" HPOS="638" VPOS="432" WIDTH="136" HEIGHT="22" WC="0.96" CONTENT="Direktionen"/><SP WIDTH="15" VPOS="432" HPOS="774"/>
							<String ID="string_61" HPOS="789" VPOS="433" WIDTH="41" HEIGHT="21" WC="0.96" CONTENT="den"/><SP WIDTH="15" VPOS="433" HPOS="830"/>
							<String ID="string_62" HPOS="845" VPOS="433" WIDTH="13" HEIGHT="22" WC="0.96" CONTENT="2"/>
						</TextLine>
						<TextLine ID="line_8" HPOS="98" VPOS="467" WIDTH="759" HEIGHT="28">
							<String ID="string_63" HPOS="98" VPOS="468" WIDTH="115" HEIGHT="22" WC="0.96" CONTENT="December"/><SP WIDTH="18" VPOS="468" HPOS="213"/>
							<String ID="string_64" HPOS="231" VPOS="468" WIDTH="53" HEIGHT="21" WC="0.96" CONTENT="1899"/><SP WIDTH="16" VPOS="468" HPOS="284"/>
							<String ID="string_65" HPOS="300" VPOS="467" WIDTH="24" HEIGHT="22" WC="0.93" CONTENT="af"/><SP WIDTH="12" VPOS="467" HPOS="324"/>
							<String ID="string_66" HPOS="336" VPOS="467" WIDTH="192" HEIGHT="28" WC="0.91" CONTENT="Bankfullmäktige"/><SP WIDTH="20" VPOS="467" HPOS="528"/>
							<String ID="string_67" HPOS="548" VPOS="467" WIDTH="141" HEIGHT="28" WC="0.92" CONTENT="bemyndigad"/><SP WIDTH="15" VPOS="467" HPOS="689"/>
							<String ID="string_68" HPOS="704" VPOS="468" WIDTH="32" HEIGHT="21" WC="0.96" CONTENT="att"/><SP WIDTH="13" VPOS="468" HPOS="736"/>
							<String ID="string_69" HPOS="749" VPOS="467" WIDTH="65" HEIGHT="22" WC="0.93" CONTENT="innan"/><SP WIDTH="10" VPOS="467" HPOS="814"/>
							<String ID="string_70" HPOS="824" VPOS="467" WIDTH="33" HEIGHT="21" WC="0.88" CONTENT="ut-"/>
						</TextLine>
						<TextLine ID="line_9" HPOS="97" VPOS="501" WIDTH="760" HEIGHT="29">
							<String ID="string_71" HPOS="97" VPOS="503" WIDTH="82" HEIGHT="27" WC="0.96" CONTENT="gången"/><SP WIDTH="24" VPOS="503" HPOS="179"/>
							<String ID="string_72" HPOS="203" VPOS="501" WIDTH="23" HEIGHT="22" WC="0.95" CONTENT="af"/><SP WIDTH="16" VPOS="501" HPOS="226"/>
							<String ID="string_73" HPOS="242" VPOS="502" WIDTH="65" HEIGHT="27" WC="0.95" CONTENT="sagda"/><SP WIDTH="20" VPOS="502" HPOS="307"/>
							<String ID="string_74" HPOS="327" VPOS="502" WIDTH="77" HEIGHT="21" WC="0.96" CONTENT="termin"/><SP WIDTH="17" VPOS="502" HPOS="404"/>
							<String ID="string_75" HPOS="421" VPOS="502" WIDTH="74" HEIGHT="27" WC="0.96" CONTENT="förnya"/><SP WIDTH="19" VPOS="502" HPOS="495"/>
							<String ID="string_76" HPOS="514" VPOS="502" WIDTH="89" HEIGHT="22" WC="0.96" CONTENT="berörda"/><SP WIDTH="25" VPOS="502" HPOS="603"/>
							<String ID="string_77" HPOS="628" VPOS="502" WIDTH="98" HEIGHT="22" WC="0.61" CONTENT="kontrakt"/><SP WIDTH="17" VPOS="502" HPOS="726"/>
							<String ID="string_78" HPOS="743" VPOS="503" WIDTH="27" HEIGHT="27" WC="0.96" CONTENT="på"/><SP WIDTH="16" VPOS="503" HPOS="770"/>
							<String ID="string_79" HPOS="786" VPOS="502" WIDTH="31" HEIGHT="21" WC="0.96" CONTENT="tio"/><SP WIDTH="17" VPOS="502" HPOS="817"/>
							<String ID="string_80" HPOS="834" VPOS="502" WIDTH="23" HEIGHT="21" WC="0.95" CONTENT="år"/>
						</TextLine>
						<TextLine ID="line_10" HPOS="97" VPOS="536" WIDTH="761" HEIGHT="28">
							<String ID="string_81" HPOS="97" VPOS="538" WIDTH="45" HEIGHT="21" WC="0.95" CONTENT="mot"/><SP WIDTH="15" VPOS="538" HPOS="142"/>
							<String ID="string_82" HPOS="157" VPOS="543" WIDTH="26" HEIGHT="15" WC="0.96" CONTENT="en"/><SP WIDTH="16" VPOS="543" HPOS="183"/>
							<String ID="string_83" HPOS="199" VPOS="536" WIDTH="81" HEIGHT="27" WC="0.96" CONTENT="förhöjd"/><SP WIDTH="15" VPOS="536" HPOS="280"/>
							<String ID="string_84" HPOS="295" VPOS="537" WIDTH="53" HEIGHT="26" WC="0.96" CONTENT="hyra"/><SP WIDTH="14" VPOS="537" HPOS="348"/>
							<String ID="string_85" HPOS="362" VPOS="536" WIDTH="24" HEIGHT="21" WC="0.96" CONTENT="af"/><SP WIDTH="12" VPOS="536" HPOS="386"/>
							<String ID="string_86" HPOS="398" VPOS="537" WIDTH="66" HEIGHT="25" WC="0.96" CONTENT="3,500"/><SP WIDTH="13" VPOS="537" HPOS="464"/>
							<String ID="string_87" HPOS="477" VPOS="537" WIDTH="67" HEIGHT="25" WC="0.96" CONTENT="mark,"/><SP WIDTH="16" VPOS="537" HPOS="544"/>
							<String ID="string_88" HPOS="560" VPOS="537" WIDTH="52" HEIGHT="21" WC="0.96" CONTENT="dock"/><SP WIDTH="16" VPOS="537" HPOS="612"/>
							<String ID="string_89" HPOS="628" VPOS="536" WIDTH="49" HEIGHT="22" WC="0.96" CONTENT="med"/><SP WIDTH="16" VPOS="536" HPOS="677"/>
							<String ID="string_90" HPOS="693" VPOS="536" WIDTH="118" HEIGHT="28" WC="0.96" CONTENT="skyldighet"/><SP WIDTH="14" VPOS="536" HPOS="811"/>
							<String ID="string_91" HPOS="825" VPOS="536" WIDTH="33" HEIGHT="22" WC="0.96" CONTENT="för"/>
						</TextLine>
						<TextLine ID="line_11" HPOS="97" VPOS="571" WIDTH="759" HEIGHT="28">
							<String ID="string_92" HPOS="97" VPOS="572" WIDTH="119" HEIGHT="27" WC="0.91" CONTENT="husegaren"/><SP WIDTH="15" VPOS="572" HPOS="216"/>
							<String ID="string_93" HPOS="231" VPOS="571" WIDTH="32" HEIGHT="21" WC="0.93" CONTENT="att"/><SP WIDTH="14" VPOS="571" HPOS="263"/>
							<String ID="string_94" HPOS="277" VPOS="576" WIDTH="89" HEIGHT="17" WC="0.93" CONTENT="ansvara"/><SP WIDTH="12" VPOS="576" HPOS="366"/>
							<String ID="string_95" HPOS="378" VPOS="571" WIDTH="32" HEIGHT="21" WC="0.96" CONTENT="för"/><SP WIDTH="12" VPOS="571" HPOS="410"/>
							<String ID="string_96" HPOS="422" VPOS="571" WIDTH="40" HEIGHT="21" WC="0.93" CONTENT="den"/><SP WIDTH="13" VPOS="571" HPOS="462"/>
							<String ID="string_97" HPOS="475" VPOS="571" WIDTH="119" HEIGHT="22" WC="0.92" CONTENT="beräknade"/><SP WIDTH="12" VPOS="571" HPOS="594"/>
							<String ID="string_98" HPOS="606" VPOS="571" WIDTH="176" HEIGHT="27" WC="0.92" CONTENT="kostnaden,"/><SP WIDTH="-41" VPOS="571" HPOS="782"/>
							<String ID="string_99" HPOS="741" VPOS="567" WIDTH="39" HEIGHT="36" WC="0.95" CONTENT="550"/><SP WIDTH="11" VPOS="567" HPOS="780"/>
							<String ID="string_100" HPOS="791" VPOS="571" WIDTH="65" HEIGHT="21" WC="0.92" CONTENT="mark,"/>
						</TextLine>
						<TextLine ID="line_12" HPOS="97" VPOS="605" WIDTH="760" HEIGHT="28">
							<String ID="string_101" HPOS="97" VPOS="606" WIDTH="33" HEIGHT="21" WC="0.92" CONTENT="för"/><SP WIDTH="19" VPOS="606" HPOS="130"/>
							<String ID="string_102" HPOS="149" VPOS="605" WIDTH="104" HEIGHT="22" WC="0.92" CONTENT="hvalfvets"/><SP WIDTH="18" VPOS="605" HPOS="253"/>
							<String ID="string_103" HPOS="271" VPOS="605" WIDTH="158" HEIGHT="28" WC="0.92" CONTENT="nödigbefunna"/><SP WIDTH="19" VPOS="605" HPOS="429"/>
							<String ID="string_104" HPOS="448" VPOS="605" WIDTH="86" HEIGHT="28" WC="0.91" CONTENT="delning"/><SP WIDTH="15" VPOS="605" HPOS="534"/>
							<String ID="string_105" HPOS="549" VPOS="606" WIDTH="7" HEIGHT="21" WC="0.93" CONTENT="i"/><SP WIDTH="16" VPOS="606" HPOS="556"/>
							<String ID="string_106" HPOS="572" VPOS="605" WIDTH="35" HEIGHT="22" WC="0.92" CONTENT="tvä"/><SP WIDTH="16" VPOS="605" HPOS="607"/>
							<String ID="string_107" HPOS="623" VPOS="605" WIDTH="131" HEIGHT="28" WC="0.92" CONTENT="afdelningar"/><SP WIDTH="13" VPOS="605" HPOS="754"/>
							<String ID="string_108" HPOS="767" VPOS="606" WIDTH="90" HEIGHT="21" WC="0.95" CONTENT="medelst"/>
						</TextLine>
						<TextLine ID="line_13" HPOS="97" VPOS="640" WIDTH="474" HEIGHT="27">
							<String ID="string_109" HPOS="97" VPOS="641" WIDTH="33" HEIGHT="21" WC="0.93" CONTENT="ett"/><SP WIDTH="16" VPOS="641" HPOS="130"/>
							<String ID="string_110" HPOS="146" VPOS="641" WIDTH="66" HEIGHT="21" WC="0.92" CONTENT="starkt"/><SP WIDTH="13" VPOS="641" HPOS="212"/>
							<String ID="string_111" HPOS="225" VPOS="640" WIDTH="115" HEIGHT="27" WC="0.92" CONTENT="jerngaller"/><SP WIDTH="14" VPOS="640" HPOS="340"/>
							<String ID="string_112" HPOS="354" VPOS="640" WIDTH="39" HEIGHT="25" WC="0.95" CONTENT="och"/><SP WIDTH="15" VPOS="640" HPOS="393"/>
							<String ID="string_113" HPOS="408" VPOS="646" WIDTH="26" HEIGHT="15" WC="0.93" CONTENT="en"/><SP WIDTH="16" VPOS="646" HPOS="434"/>
							<String ID="string_114" HPOS="450" VPOS="640" WIDTH="121" HEIGHT="27" WC="0.93" CONTENT="gallerdörr."/>
						</TextLine>
					</TextBlock>
					<TextBlock ID="block_2" HPOS="98" VPOS="674" WIDTH="758" HEIGHT="306">
						<TextLine ID="line_14" HPOS="168" VPOS="674" WIDTH="688" HEIGHT="28">
							<String ID="string_115" HPOS="168" VPOS="675" WIDTH="40" HEIGHT="22" WC="0.93" CONTENT="För"/><SP WIDTH="20" VPOS="675" HPOS="208"/>
							<String ID="string_116" HPOS="228" VPOS="675" WIDTH="125" HEIGHT="27" WC="0.92" CONTENT="vidtagande"/><SP WIDTH="19" VPOS="675" HPOS="353"/>
							<String ID="string_117" HPOS="372" VPOS="675" WIDTH="24" HEIGHT="21" WC="0.93" CONTENT="af"/><SP WIDTH="15" VPOS="675" HPOS="396"/>
							<String ID="string_118" HPOS="411" VPOS="674" WIDTH="207" HEIGHT="23" WC="0.91" CONTENT="nedanomförmälda"/><SP WIDTH="20" VPOS="674" HPOS="618"/>
							<String ID="string_119" HPOS="638" VPOS="674" WIDTH="163" HEIGHT="27" WC="0.92" CONTENT="anordningar"/><SP WIDTH="-15" VPOS="674" HPOS="801"/>
							<String ID="string_120" HPOS="786" VPOS="670" WIDTH="14" HEIGHT="37" WC="0.93" CONTENT="i"/><SP WIDTH="15" VPOS="670" HPOS="800"/>
							<String ID="string_121" HPOS="815" VPOS="675" WIDTH="41" HEIGHT="20" WC="0.93" CONTENT="sär-"/>
						</TextLine>
						<TextLine ID="line_15" HPOS="98" VPOS="709" WIDTH="758" HEIGHT="28">
							<String ID="string_122" HPOS="98" VPOS="710" WIDTH="68" HEIGHT="22" WC="0.96" CONTENT="skilda"/><SP WIDTH="20" VPOS="710" HPOS="166"/>
							<String ID="string_123" HPOS="186" VPOS="709" WIDTH="162" HEIGHT="22" WC="0.96" CONTENT="kontorslokaler"/><SP WIDTH="18" VPOS="709" HPOS="348"/>
							<String ID="string_124" HPOS="366" VPOS="709" WIDTH="62" HEIGHT="22" WC="0.92" CONTENT="hafva"/><SP WIDTH="16" VPOS="709" HPOS="428"/>
							<String ID="string_125" HPOS="444" VPOS="709" WIDTH="200" HEIGHT="28" WC="0.92" CONTENT="Bankfullmäktige,"/><SP WIDTH="17" VPOS="709" HPOS="644"/>
							<String ID="string_126" HPOS="661" VPOS="709" WIDTH="25" HEIGHT="28" WC="0.96" CONTENT="pä"/><SP WIDTH="15" VPOS="709" HPOS="686"/>
							<String ID="string_127" HPOS="701" VPOS="709" WIDTH="155" HEIGHT="27" WC="0.39" CONTENT="framställning"/>
						</TextLine>
						<TextLine ID="line_16" HPOS="98" VPOS="743" WIDTH="758" HEIGHT="29">
							<String ID="string_128" HPOS="98" VPOS="745" WIDTH="24" HEIGHT="22" WC="0.93" CONTENT="af"/><SP WIDTH="13" VPOS="745" HPOS="122"/>
							<String ID="string_129" HPOS="135" VPOS="745" WIDTH="142" HEIGHT="27" WC="0.92" CONTENT="Direktionen,"/><SP WIDTH="20" VPOS="745" HPOS="277"/>
							<String ID="string_130" HPOS="297" VPOS="745" WIDTH="23" HEIGHT="21" WC="0.93" CONTENT="af"/><SP WIDTH="16" VPOS="745" HPOS="320"/>
							<String ID="string_131" HPOS="336" VPOS="744" WIDTH="98" HEIGHT="22" WC="0.92" CONTENT="Bankens"/><SP WIDTH="18" VPOS="744" HPOS="434"/>
							<String ID="string_132" HPOS="452" VPOS="745" WIDTH="69" HEIGHT="21" WC="0.93" CONTENT="medel"/><SP WIDTH="20" VPOS="745" HPOS="521"/>
							<String ID="string_133" HPOS="541" VPOS="744" WIDTH="101" HEIGHT="28" WC="0.91" CONTENT="anslagit:"/><SP WIDTH="16" VPOS="744" HPOS="642"/>
							<String ID="string_134" HPOS="658" VPOS="743" WIDTH="39" HEIGHT="22" WC="0.96" CONTENT="den"/><SP WIDTH="18" VPOS="743" HPOS="697"/>
							<String ID="string_135" HPOS="715" VPOS="745" WIDTH="9" HEIGHT="20" WC="0.96" CONTENT="1"/><SP WIDTH="17" VPOS="745" HPOS="724"/>
							<String ID="string_136" HPOS="741" VPOS="744" WIDTH="115" HEIGHT="21" WC="0.96" CONTENT="December"/>
						</TextLine>
						<TextLine ID="line_17" HPOS="101" VPOS="778" WIDTH="755" HEIGHT="29">
							<String ID="string_137" HPOS="101" VPOS="780" WIDTH="54" HEIGHT="22" WC="0.94" CONTENT="1897"/><SP WIDTH="25" VPOS="780" HPOS="155"/>
							<String ID="string_138" HPOS="180" VPOS="779" WIDTH="32" HEIGHT="22" WC="0.94" CONTENT="för"/><SP WIDTH="21" VPOS="779" HPOS="212"/>
							<String ID="string_139" HPOS="233" VPOS="779" WIDTH="109" HEIGHT="22" WC="0.96" CONTENT="införande"/><SP WIDTH="22" VPOS="779" HPOS="342"/>
							<String ID="string_140" HPOS="364" VPOS="779" WIDTH="23" HEIGHT="21" WC="0.93" CONTENT="af"/><SP WIDTH="21" VPOS="779" HPOS="387"/>
							<String ID="string_141" HPOS="408" VPOS="779" WIDTH="107" HEIGHT="22" WC="0.87" CONTENT="elektriskt"/><SP WIDTH="21" VPOS="779" HPOS="515"/>
							<String ID="string_142" HPOS="536" VPOS="779" WIDTH="40" HEIGHT="28" WC="0.96" CONTENT="ljus"/><SP WIDTH="18" VPOS="779" HPOS="576"/>
							<String ID="string_143" HPOS="594" VPOS="779" WIDTH="8" HEIGHT="21" WC="0.93" CONTENT="i"/><SP WIDTH="20" VPOS="779" HPOS="602"/>
							<String ID="string_144" HPOS="622" VPOS="779" WIDTH="105" HEIGHT="28" WC="0.90" CONTENT="kontorets."/><SP WIDTH="22" VPOS="779" HPOS="727"/>
							<String ID="string_145" HPOS="749" VPOS="779" WIDTH="3" HEIGHT="20" WC="0.93" CONTENT="i"/><SP WIDTH="19" VPOS="779" HPOS="752"/>
							<String ID="string_146" HPOS="771" VPOS="778" WIDTH="85" HEIGHT="27" WC="0.92" CONTENT="Wiborg"/>
						</TextLine>
						<TextLine ID="line_18" HPOS="98" VPOS="809" WIDTH="757" HEIGHT="32">
							<String ID="string_147" HPOS="98" VPOS="815" WIDTH="55" HEIGHT="21" WC="0.93" CONTENT="lokal"/><SP WIDTH="19" VPOS="815" HPOS="153"/>
							<String ID="string_148" HPOS="172" VPOS="814" WIDTH="37" HEIGHT="22" WC="0.93" CONTENT="och"/><SP WIDTH="19" VPOS="814" HPOS="209"/>
							<String ID="string_149" HPOS="228" VPOS="813" WIDTH="59" HEIGHT="22" WC="0.84" CONTENT="hvalf"/><SP WIDTH="17" VPOS="813" HPOS="287"/>
							<String ID="string_150" HPOS="304" VPOS="813" WIDTH="41" HEIGHT="23" WC="0.96" CONTENT="378"/><SP WIDTH="19" VPOS="813" HPOS="345"/>
							<String ID="string_151" HPOS="364" VPOS="814" WIDTH="59" HEIGHT="21" WC="0.96" CONTENT="mark"/><SP WIDTH="21" VPOS="814" HPOS="423"/>
							<String ID="string_152" HPOS="444" VPOS="813" WIDTH="26" HEIGHT="22" WC="0.96" CONTENT="70"/><SP WIDTH="20" VPOS="813" HPOS="470"/>
							<String ID="string_153" HPOS="490" VPOS="814" WIDTH="73" HEIGHT="27" WC="0.96" CONTENT="penni;"/><SP WIDTH="19" VPOS="814" HPOS="563"/>
							<String ID="string_154" HPOS="582" VPOS="809" WIDTH="40" HEIGHT="26" WC="0.96" CONTENT="den"/><SP WIDTH="18" VPOS="809" HPOS="622"/>
							<String ID="string_155" HPOS="640" VPOS="814" WIDTH="14" HEIGHT="21" WC="0.96" CONTENT="3"/><SP WIDTH="15" VPOS="814" HPOS="654"/>
							<String ID="string_156" HPOS="669" VPOS="813" WIDTH="115" HEIGHT="22" WC="0.96" CONTENT="December"/><SP WIDTH="16" VPOS="813" HPOS="784"/>
							<String ID="string_157" HPOS="800" VPOS="813" WIDTH="55" HEIGHT="22" WC="0.96" CONTENT="1898"/>
						</TextLine>
						<TextLine ID="line_19" HPOS="98" VPOS="847" WIDTH="758" HEIGHT="28">
							<String ID="string_158" HPOS="98" VPOS="848" WIDTH="34" HEIGHT="22" WC="0.93" CONTENT="för"/><SP WIDTH="14" VPOS="848" HPOS="132"/>
							<String ID="string_159" HPOS="146" VPOS="848" WIDTH="136" HEIGHT="22" WC="0.93" CONTENT="anskaffande"/><SP WIDTH="14" VPOS="848" HPOS="282"/>
							<String ID="string_160" HPOS="296" VPOS="848" WIDTH="24" HEIGHT="22" WC="0.93" CONTENT="af"/><SP WIDTH="12" VPOS="848" HPOS="320"/>
							<String ID="string_161" HPOS="332" VPOS="848" WIDTH="134" HEIGHT="27" WC="0.93" CONTENT="erforderliga"/><SP WIDTH="18" VPOS="848" HPOS="466"/>
							<String ID="string_162" HPOS="484" VPOS="848" WIDTH="139" HEIGHT="27" WC="0.92" CONTENT="gallerdörrar"/><SP WIDTH="14" VPOS="848" HPOS="623"/>
							<String ID="string_163" HPOS="637" VPOS="847" WIDTH="33" HEIGHT="22" WC="0.86" CONTENT="tili"/><SP WIDTH="14" VPOS="847" HPOS="670"/>
							<String ID="string_164" HPOS="684" VPOS="847" WIDTH="92" HEIGHT="22" WC="0.93" CONTENT="hvalfvet"/><SP WIDTH="13" VPOS="847" HPOS="776"/>
							<String ID="string_165" HPOS="789" VPOS="847" WIDTH="8" HEIGHT="21" WC="0.93" CONTENT="i"/><SP WIDTH="10" VPOS="847" HPOS="797"/>
							<String ID="string_166" HPOS="807" VPOS="848" WIDTH="49" HEIGHT="21" WC="0.93" CONTENT="kon-"/>
						</TextLine>
						<TextLine ID="line_20" HPOS="100" VPOS="877" WIDTH="756" HEIGHT="34">
							<String ID="string_167" HPOS="100" VPOS="884" WIDTH="65" HEIGHT="21" WC="0.92" CONTENT="torets"/><SP WIDTH="16" VPOS="884" HPOS="165"/>
							<String ID="string_168" HPOS="181" VPOS="883" WIDTH="7" HEIGHT="21" WC="0.92" CONTENT="i"/><SP WIDTH="14" VPOS="883" HPOS="188"/>
							<String ID="string_169" HPOS="202" VPOS="877" WIDTH="45" HEIGHT="28" WC="0.96" CONTENT="Åbo"/><SP WIDTH="17" VPOS="877" HPOS="247"/>
							<String ID="string_170" HPOS="264" VPOS="889" WIDTH="43" HEIGHT="22" WC="0.92" CONTENT="nya"/><SP WIDTH="18" VPOS="889" HPOS="307"/>
							<String ID="string_171" HPOS="325" VPOS="883" WIDTH="61" HEIGHT="25" WC="0.84" CONTENT="lokal,"/><SP WIDTH="20" VPOS="883" HPOS="386"/>
							<String ID="string_172" HPOS="406" VPOS="883" WIDTH="32" HEIGHT="21" WC="0.91" CONTENT="för"/><SP WIDTH="16" VPOS="883" HPOS="438"/>
							<String ID="string_173" HPOS="454" VPOS="881" WIDTH="144" HEIGHT="29" WC="0.92" CONTENT="anbringande"/><SP WIDTH="16" VPOS="881" HPOS="598"/>
							<String ID="string_174" HPOS="614" VPOS="882" WIDTH="6" HEIGHT="22" WC="0.93" CONTENT="i"/><SP WIDTH="16" VPOS="882" HPOS="620"/>
							<String ID="string_175" HPOS="636" VPOS="882" WIDTH="64" HEIGHT="28" WC="0.93" CONTENT="sagda"/><SP WIDTH="14" VPOS="882" HPOS="700"/>
							<String ID="string_176" HPOS="714" VPOS="882" WIDTH="61" HEIGHT="22" WC="0.93" CONTENT="hvalf"/><SP WIDTH="11" VPOS="882" HPOS="775"/>
							<String ID="string_177" HPOS="786" VPOS="882" WIDTH="24" HEIGHT="22" WC="0.93" CONTENT="af"/><SP WIDTH="11" VPOS="882" HPOS="810"/>
							<String ID="string_178" HPOS="821" VPOS="882" WIDTH="35" HEIGHT="22" WC="0.96" CONTENT="två"/>
						</TextLine>
						<TextLine ID="line_21" HPOS="100" VPOS="916" WIDTH="754" HEIGHT="30">
							<String ID="string_179" HPOS="100" VPOS="918" WIDTH="68" HEIGHT="28" WC="0.96" CONTENT="hyllor"/><SP WIDTH="15" VPOS="918" HPOS="168"/>
							<String ID="string_180" HPOS="183" VPOS="917" WIDTH="23" HEIGHT="22" WC="0.93" CONTENT="af"/><SP WIDTH="10" VPOS="917" HPOS="206"/>
							<String ID="string_181" HPOS="216" VPOS="918" WIDTH="47" HEIGHT="27" WC="0.92" CONTENT="jern"/><SP WIDTH="17" VPOS="918" HPOS="263"/>
							<String ID="string_182" HPOS="280" VPOS="918" WIDTH="33" HEIGHT="21" WC="0.93" CONTENT="för"/><SP WIDTH="14" VPOS="918" HPOS="313"/>
							<String ID="string_183" HPOS="327" VPOS="917" WIDTH="106" HEIGHT="27" WC="0.96" CONTENT="förvaring"/><SP WIDTH="15" VPOS="917" HPOS="433"/>
							<String ID="string_184" HPOS="448" VPOS="918" WIDTH="23" HEIGHT="20" WC="0.93" CONTENT="af"/><SP WIDTH="13" VPOS="918" HPOS="471"/>
							<String ID="string_185" HPOS="484" VPOS="918" WIDTH="114" HEIGHT="21" WC="0.90" CONTENT="metalliskt,"/><SP WIDTH="14" VPOS="918" HPOS="598"/>
							<String ID="string_186" HPOS="612" VPOS="916" WIDTH="61" HEIGHT="29" WC="0.96" CONTENT="mynt"/><SP WIDTH="15" VPOS="916" HPOS="673"/>
							<String ID="string_187" HPOS="688" VPOS="918" WIDTH="54" HEIGHT="21" WC="0.96" CONTENT="samt"/><SP WIDTH="14" VPOS="918" HPOS="742"/>
							<String ID="string_188" HPOS="756" VPOS="918" WIDTH="32" HEIGHT="20" WC="0.93" CONTENT="för"/><SP WIDTH="15" VPOS="918" HPOS="788"/>
							<String ID="string_189" HPOS="803" VPOS="918" WIDTH="51" HEIGHT="20" WC="0.92" CONTENT="inre-"/>
						</TextLine>
						<TextLine ID="line_22" HPOS="99" VPOS="952" WIDTH="755" HEIGHT="28">
							<String ID="string_190" HPOS="99" VPOS="952" WIDTH="69" HEIGHT="22" WC="0.96" CONTENT="dande"/><SP WIDTH="19" VPOS="952" HPOS="168"/>
							<String ID="string_191" HPOS="187" VPOS="952" WIDTH="39" HEIGHT="22" WC="0.91" CONTENT="och"/><SP WIDTH="18" VPOS="952" HPOS="226"/>
							<String ID="string_192" HPOS="244" VPOS="952" WIDTH="117" HEIGHT="27" WC="0.93" CONTENT="möblering"/><SP WIDTH="19" VPOS="952" HPOS="361"/>
							<String ID="string_193" HPOS="380" VPOS="952" WIDTH="23" HEIGHT="21" WC="0.76" CONTENT="af"/><SP WIDTH="5" VPOS="952" HPOS="403"/>
							<String ID="string_194" HPOS="408" VPOS="952" WIDTH="199" HEIGHT="28" WC="0.76" CONTENT="expeditionssalen"/><SP WIDTH="17" VPOS="952" HPOS="607"/>
							<String ID="string_195" HPOS="624" VPOS="952" WIDTH="8" HEIGHT="21" WC="0.93" CONTENT="i"/><SP WIDTH="17" VPOS="952" HPOS="632"/>
							<String ID="string_196" HPOS="649" VPOS="952" WIDTH="82" HEIGHT="22" WC="0.96" CONTENT="lokalen"/><SP WIDTH="19" VPOS="952" HPOS="731"/>
							<String ID="string_197" HPOS="750" VPOS="952" WIDTH="54" HEIGHT="21" WC="0.96" CONTENT="ända"/><SP WIDTH="18" VPOS="952" HPOS="804"/>
							<String ID="string_198" HPOS="822" VPOS="952" WIDTH="32" HEIGHT="21" WC="0.94" CONTENT="till"/>
						</TextLine>
					</TextBlock>
					<TextBlock ID="block_3" HPOS="80" VPOS="986" WIDTH="774" HEIGHT="303">
						<TextLine ID="line_23" HPOS="80" VPOS="986" WIDTH="774" HEIGHT="27">
							<String ID="string_199" HPOS="80" VPOS="1011" WIDTH="2" HEIGHT="2" WC="0.58" CONTENT="—"/><SP WIDTH="20" VPOS="1011" HPOS="82"/>
							<String ID="string_200" HPOS="102" VPOS="988" WIDTH="77" HEIGHT="25" WC="0.88" CONTENT="11,800"/><SP WIDTH="15" VPOS="988" HPOS="179"/>
							<String ID="string_201" HPOS="194" VPOS="987" WIDTH="69" HEIGHT="25" WC="0.96" CONTENT="mark;"/><SP WIDTH="15" VPOS="987" HPOS="263"/>
							<String ID="string_202" HPOS="278" VPOS="986" WIDTH="41" HEIGHT="22" WC="0.96" CONTENT="den"/><SP WIDTH="15" VPOS="986" HPOS="319"/>
							<String ID="string_203" HPOS="334" VPOS="987" WIDTH="15" HEIGHT="21" WC="0.96" CONTENT="4"/><SP WIDTH="15" VPOS="987" HPOS="349"/>
							<String ID="string_204" HPOS="364" VPOS="986" WIDTH="91" HEIGHT="22" WC="0.96" CONTENT="Oktober"/><SP WIDTH="17" VPOS="986" HPOS="455"/>
							<String ID="string_205" HPOS="472" VPOS="987" WIDTH="54" HEIGHT="21" WC="0.96" CONTENT="1899"/><SP WIDTH="14" VPOS="987" HPOS="526"/>
							<String ID="string_206" HPOS="540" VPOS="986" WIDTH="33" HEIGHT="22" WC="0.96" CONTENT="för"/><SP WIDTH="15" VPOS="986" HPOS="573"/>
							<String ID="string_207" HPOS="588" VPOS="986" WIDTH="108" HEIGHT="22" WC="0.96" CONTENT="införande"/><SP WIDTH="16" VPOS="986" HPOS="696"/>
							<String ID="string_208" HPOS="712" VPOS="986" WIDTH="23" HEIGHT="22" WC="0.93" CONTENT="af"/><SP WIDTH="13" VPOS="986" HPOS="735"/>
							<String ID="string_209" HPOS="748" VPOS="986" WIDTH="106" HEIGHT="22" WC="0.96" CONTENT="elektriskt"/>
						</TextLine>
						<TextLine ID="line_24" HPOS="99" VPOS="1020" WIDTH="754" HEIGHT="29">
							<String ID="string_210" HPOS="99" VPOS="1021" WIDTH="41" HEIGHT="28" WC="0.95" CONTENT="ljus"/><SP WIDTH="18" VPOS="1021" HPOS="140"/>
							<String ID="string_211" HPOS="158" VPOS="1021" WIDTH="7" HEIGHT="21" WC="0.93" CONTENT="i"/><SP WIDTH="21" VPOS="1021" HPOS="165"/>
							<String ID="string_212" HPOS="186" VPOS="1021" WIDTH="130" HEIGHT="22" WC="0.96" CONTENT="sistnämnda"/><SP WIDTH="17" VPOS="1021" HPOS="316"/>
							<String ID="string_213" HPOS="333" VPOS="1021" WIDTH="139" HEIGHT="25" WC="0.95" CONTENT="kontorslokal"/><SP WIDTH="20" VPOS="1021" HPOS="472"/>
							<String ID="string_214" HPOS="492" VPOS="1021" WIDTH="39" HEIGHT="21" WC="0.96" CONTENT="791"/><SP WIDTH="21" VPOS="1021" HPOS="531"/>
							<String ID="string_215" HPOS="552" VPOS="1021" WIDTH="60" HEIGHT="21" WC="0.96" CONTENT="mark"/><SP WIDTH="18" VPOS="1021" HPOS="612"/>
							<String ID="string_216" HPOS="630" VPOS="1022" WIDTH="28" HEIGHT="20" WC="0.96" CONTENT="55"/><SP WIDTH="18" VPOS="1022" HPOS="658"/>
							<String ID="string_217" HPOS="676" VPOS="1021" WIDTH="72" HEIGHT="27" WC="0.96" CONTENT="penni;"/><SP WIDTH="19" VPOS="1021" HPOS="748"/>
							<String ID="string_218" HPOS="767" VPOS="1021" WIDTH="40" HEIGHT="21" WC="0.96" CONTENT="den"/><SP WIDTH="20" VPOS="1021" HPOS="807"/>
							<String ID="string_219" HPOS="827" VPOS="1020" WIDTH="26" HEIGHT="22" WC="0.96" CONTENT="18"/>
						</TextLine>
						<TextLine ID="line_25" HPOS="98" VPOS="1054" WIDTH="756" HEIGHT="30">
							<String ID="string_220" HPOS="98" VPOS="1056" WIDTH="43" HEIGHT="28" WC="0.93" CONTENT="Maj"/><SP WIDTH="18" VPOS="1056" HPOS="141"/>
							<String ID="string_221" HPOS="159" VPOS="1056" WIDTH="54" HEIGHT="22" WC="0.96" CONTENT="1898"/><SP WIDTH="15" VPOS="1056" HPOS="213"/>
							<String ID="string_222" HPOS="228" VPOS="1056" WIDTH="32" HEIGHT="21" WC="0.93" CONTENT="för"/><SP WIDTH="15" VPOS="1056" HPOS="260"/>
							<String ID="string_223" HPOS="275" VPOS="1056" WIDTH="81" HEIGHT="26" WC="0.92" CONTENT="remont"/><SP WIDTH="16" VPOS="1056" HPOS="356"/>
							<String ID="string_224" HPOS="372" VPOS="1056" WIDTH="38" HEIGHT="21" WC="0.93" CONTENT="och"/><SP WIDTH="15" VPOS="1056" HPOS="410"/>
							<String ID="string_225" HPOS="425" VPOS="1055" WIDTH="127" HEIGHT="28" WC="0.92" CONTENT="vidtagande"/><SP WIDTH="12" VPOS="1055" HPOS="552"/>
							<String ID="string_226" HPOS="564" VPOS="1055" WIDTH="24" HEIGHT="22" WC="0.96" CONTENT="af"/><SP WIDTH="10" VPOS="1055" HPOS="588"/>
							<String ID="string_227" HPOS="598" VPOS="1055" WIDTH="100" HEIGHT="21" WC="0.96" CONTENT="särskilda"/><SP WIDTH="11" VPOS="1055" HPOS="698"/>
							<String ID="string_228" HPOS="709" VPOS="1054" WIDTH="145" HEIGHT="28" WC="0.96" CONTENT="förändringar"/>
						</TextLine>
						<TextLine ID="line_26" HPOS="99" VPOS="1089" WIDTH="755" HEIGHT="29">
							<String ID="string_229" HPOS="99" VPOS="1091" WIDTH="13" HEIGHT="21" WC="0.75" CONTENT="i"/><SP WIDTH="9" VPOS="1091" HPOS="112"/>
							<String ID="string_230" HPOS="121" VPOS="1090" WIDTH="105" HEIGHT="22" WC="0.92" CONTENT="kontorets"/><SP WIDTH="16" VPOS="1090" HPOS="226"/>
							<String ID="string_231" HPOS="242" VPOS="1090" WIDTH="8" HEIGHT="21" WC="0.96" CONTENT="i"/><SP WIDTH="15" VPOS="1090" HPOS="250"/>
							<String ID="string_232" HPOS="265" VPOS="1090" WIDTH="29" HEIGHT="22" WC="0.92" CONTENT="St."/><SP WIDTH="16" VPOS="1090" HPOS="294"/>
							<String ID="string_233" HPOS="310" VPOS="1090" WIDTH="126" HEIGHT="28" WC="0.96" CONTENT="Petersburg"/><SP WIDTH="14" VPOS="1090" HPOS="436"/>
							<String ID="string_234" HPOS="450" VPOS="1090" WIDTH="55" HEIGHT="21" WC="0.96" CONTENT="lokal"/><SP WIDTH="15" VPOS="1090" HPOS="505"/>
							<String ID="string_235" HPOS="520" VPOS="1091" WIDTH="56" HEIGHT="21" WC="0.96" CONTENT="samt"/><SP WIDTH="15" VPOS="1091" HPOS="576"/>
							<String ID="string_236" HPOS="591" VPOS="1090" WIDTH="32" HEIGHT="21" WC="0.93" CONTENT="för"/><SP WIDTH="13" VPOS="1090" HPOS="623"/>
							<String ID="string_237" HPOS="636" VPOS="1089" WIDTH="133" HEIGHT="22" WC="0.92" CONTENT="anskaffande"/><SP WIDTH="12" VPOS="1089" HPOS="769"/>
							<String ID="string_238" HPOS="781" VPOS="1089" WIDTH="23" HEIGHT="22" WC="0.97" CONTENT="af"/><SP WIDTH="8" VPOS="1089" HPOS="804"/>
							<String ID="string_239" HPOS="812" VPOS="1096" WIDTH="42" HEIGHT="21" WC="0.96" CONTENT="nya"/>
						</TextLine>
						<TextLine ID="line_27" HPOS="99" VPOS="1122" WIDTH="755" HEIGHT="29">
							<String ID="string_240" HPOS="99" VPOS="1125" WIDTH="127" HEIGHT="21" WC="0.93" CONTENT="inventarier"/><SP WIDTH="14" VPOS="1125" HPOS="226"/>
							<String ID="string_241" HPOS="240" VPOS="1124" WIDTH="33" HEIGHT="22" WC="0.93" CONTENT="till"/><SP WIDTH="15" VPOS="1124" HPOS="273"/>
							<String ID="string_242" HPOS="288" VPOS="1124" WIDTH="65" HEIGHT="27" WC="0.91" CONTENT="sagda"/><SP WIDTH="15" VPOS="1124" HPOS="353"/>
							<String ID="string_243" HPOS="368" VPOS="1124" WIDTH="55" HEIGHT="22" WC="0.91" CONTENT="lokal"/><SP WIDTH="15" VPOS="1124" HPOS="423"/>
							<String ID="string_244" HPOS="438" VPOS="1124" WIDTH="54" HEIGHT="22" WC="0.91" CONTENT="ända"/><SP WIDTH="16" VPOS="1124" HPOS="492"/>
							<String ID="string_245" HPOS="508" VPOS="1125" WIDTH="32" HEIGHT="21" WC="0.96" CONTENT="till"/><SP WIDTH="15" VPOS="1125" HPOS="540"/>
							<String ID="string_246" HPOS="555" VPOS="1124" WIDTH="65" HEIGHT="27" WC="0.96" CONTENT="5,000"/><SP WIDTH="14" VPOS="1124" HPOS="620"/>
							<String ID="string_247" HPOS="634" VPOS="1124" WIDTH="70" HEIGHT="25" WC="0.96" CONTENT="mark;"/><SP WIDTH="16" VPOS="1124" HPOS="704"/>
							<String ID="string_248" HPOS="720" VPOS="1124" WIDTH="41" HEIGHT="26" WC="0.96" CONTENT="den"/><SP WIDTH="14" VPOS="1124" HPOS="761"/>
							<String ID="string_249" HPOS="775" VPOS="1122" WIDTH="26" HEIGHT="24" WC="0.93" CONTENT="19"/><SP WIDTH="11" VPOS="1122" HPOS="801"/>
							<String ID="string_250" HPOS="812" VPOS="1124" WIDTH="42" HEIGHT="21" WC="0.92" CONTENT="No-"/>
						</TextLine>
						<TextLine ID="line_28" HPOS="99" VPOS="1158" WIDTH="755" HEIGHT="28">
							<String ID="string_251" HPOS="99" VPOS="1160" WIDTH="85" HEIGHT="20" WC="0.92" CONTENT="vember"/><SP WIDTH="25" VPOS="1160" HPOS="184"/>
							<String ID="string_252" HPOS="209" VPOS="1159" WIDTH="54" HEIGHT="21" WC="0.96" CONTENT="1898"/><SP WIDTH="21" VPOS="1159" HPOS="263"/>
							<String ID="string_253" HPOS="284" VPOS="1158" WIDTH="31" HEIGHT="22" WC="0.93" CONTENT="för"/><SP WIDTH="21" VPOS="1158" HPOS="315"/>
							<String ID="string_254" HPOS="336" VPOS="1158" WIDTH="134" HEIGHT="22" WC="0.90" CONTENT="anskaffande"/><SP WIDTH="20" VPOS="1158" HPOS="470"/>
							<String ID="string_255" HPOS="490" VPOS="1159" WIDTH="23" HEIGHT="21" WC="0.96" CONTENT="af"/><SP WIDTH="16" VPOS="1159" HPOS="513"/>
							<String ID="string_256" HPOS="529" VPOS="1166" WIDTH="26" HEIGHT="14" WC="0.96" CONTENT="en"/><SP WIDTH="19" VPOS="1166" HPOS="555"/>
							<String ID="string_257" HPOS="574" VPOS="1165" WIDTH="29" HEIGHT="21" WC="0.92" CONTENT="ny"/><SP WIDTH="18" VPOS="1165" HPOS="603"/>
							<String ID="string_258" HPOS="621" VPOS="1158" WIDTH="99" HEIGHT="27" WC="0.92" CONTENT="tidsenlig"/><SP WIDTH="17" VPOS="1158" HPOS="720"/>
							<String ID="string_259" HPOS="737" VPOS="1158" WIDTH="117" HEIGHT="22" WC="0.88" CONTENT="hvalfsdörr"/>
						</TextLine>
						<TextLine ID="line_29" HPOS="98" VPOS="1192" WIDTH="756" HEIGHT="28">
							<String ID="string_260" HPOS="98" VPOS="1194" WIDTH="33" HEIGHT="20" WC="0.93" CONTENT="för"/><SP WIDTH="19" VPOS="1194" HPOS="131"/>
							<String ID="string_261" HPOS="150" VPOS="1193" WIDTH="140" HEIGHT="27" WC="0.89" CONTENT="nästnämnda"/><SP WIDTH="20" VPOS="1193" HPOS="290"/>
							<String ID="string_262" HPOS="310" VPOS="1192" WIDTH="84" HEIGHT="22" WC="0.91" CONTENT="kontors"/><SP WIDTH="20" VPOS="1192" HPOS="394"/>
							<String ID="string_263" HPOS="414" VPOS="1193" WIDTH="89" HEIGHT="27" WC="0.92" CONTENT="räkning"/><SP WIDTH="19" VPOS="1193" HPOS="503"/>
							<String ID="string_264" HPOS="522" VPOS="1194" WIDTH="63" HEIGHT="26" WC="0.92" CONTENT="högst"/><SP WIDTH="19" VPOS="1194" HPOS="585"/>
							<String ID="string_265" HPOS="604" VPOS="1193" WIDTH="41" HEIGHT="21" WC="0.95" CONTENT="735"/><SP WIDTH="17" VPOS="1193" HPOS="645"/>
							<String ID="string_266" HPOS="662" VPOS="1192" WIDTH="66" HEIGHT="26" WC="0.95" CONTENT="mark,"/><SP WIDTH="15" VPOS="1192" HPOS="728"/>
							<String ID="string_267" HPOS="743" VPOS="1194" WIDTH="56" HEIGHT="20" WC="0.96" CONTENT="samt"/><SP WIDTH="14" VPOS="1194" HPOS="799"/>
							<String ID="string_268" HPOS="813" VPOS="1193" WIDTH="41" HEIGHT="21" WC="0.96" CONTENT="den"/>
						</TextLine>
						<TextLine ID="line_30" HPOS="101" VPOS="1226" WIDTH="752" HEIGHT="29">
							<String ID="string_269" HPOS="101" VPOS="1228" WIDTH="26" HEIGHT="21" WC="0.95" CONTENT="12"/><SP WIDTH="23" VPOS="1228" HPOS="127"/>
							<String ID="string_270" HPOS="150" VPOS="1228" WIDTH="90" HEIGHT="27" WC="0.95" CONTENT="Augusti"/><SP WIDTH="24" VPOS="1228" HPOS="240"/>
							<String ID="string_271" HPOS="264" VPOS="1228" WIDTH="54" HEIGHT="21" WC="0.95" CONTENT="1899"/><SP WIDTH="18" VPOS="1228" HPOS="318"/>
							<String ID="string_272" HPOS="336" VPOS="1227" WIDTH="32" HEIGHT="21" WC="0.93" CONTENT="för"/><SP WIDTH="19" VPOS="1227" HPOS="368"/>
							<String ID="string_273" HPOS="387" VPOS="1227" WIDTH="118" HEIGHT="27" WC="0.96" CONTENT="möblering"/><SP WIDTH="19" VPOS="1227" HPOS="505"/>
							<String ID="string_274" HPOS="524" VPOS="1228" WIDTH="38" HEIGHT="21" WC="0.93" CONTENT="och"/><SP WIDTH="18" VPOS="1228" HPOS="562"/>
							<String ID="string_275" HPOS="580" VPOS="1226" WIDTH="112" HEIGHT="28" WC="0.96" CONTENT="inredning"/><SP WIDTH="18" VPOS="1226" HPOS="692"/>
							<String ID="string_276" HPOS="710" VPOS="1226" WIDTH="22" HEIGHT="22" WC="0.92" CONTENT="af"/><SP WIDTH="16" VPOS="1226" HPOS="732"/>
							<String ID="string_277" HPOS="748" VPOS="1227" WIDTH="105" HEIGHT="21" WC="0.96" CONTENT="kontorets"/>
						</TextLine>
						<TextLine ID="line_31" HPOS="99" VPOS="1260" WIDTH="754" HEIGHT="29">
							<String ID="string_278" HPOS="99" VPOS="1262" WIDTH="8" HEIGHT="20" WC="0.96" CONTENT="i"/><SP WIDTH="21" VPOS="1262" HPOS="107"/>
							<String ID="string_279" HPOS="128" VPOS="1262" WIDTH="101" HEIGHT="27" WC="0.96" CONTENT="Jyväskylä"/><SP WIDTH="8" VPOS="1262" HPOS="229"/>
							<String ID="string_280" HPOS="237" VPOS="1268" WIDTH="40" HEIGHT="21" WC="0.92" CONTENT="nya"/><SP WIDTH="7" VPOS="1268" HPOS="277"/>
							<String ID="string_281" HPOS="284" VPOS="1260" WIDTH="70" HEIGHT="23" WC="0.90" CONTENT="lokali"/><SP WIDTH="8" VPOS="1260" HPOS="354"/>
							<String ID="string_282" HPOS="362" VPOS="1261" WIDTH="121" HEIGHT="26" WC="0.91" CONTENT="stadshuset"/><SP WIDTH="11" VPOS="1261" HPOS="483"/>
							<String ID="string_283" HPOS="494" VPOS="1261" WIDTH="107" HEIGHT="22" WC="0.92" CONTENT="derstädes"/><SP WIDTH="11" VPOS="1261" HPOS="601"/>
							<String ID="string_284" HPOS="612" VPOS="1261" WIDTH="54" HEIGHT="22" WC="0.93" CONTENT="ända"/><SP WIDTH="11" VPOS="1261" HPOS="666"/>
							<String ID="string_285" HPOS="677" VPOS="1261" WIDTH="32" HEIGHT="22" WC="0.94" CONTENT="till"/><SP WIDTH="7" VPOS="1261" HPOS="709"/>
							<String ID="string_286" HPOS="716" VPOS="1260" WIDTH="66" HEIGHT="28" WC="0.96" CONTENT="2,100"/><SP WIDTH="6" VPOS="1260" HPOS="782"/>
							<String ID="string_287" HPOS="788" VPOS="1261" WIDTH="65" HEIGHT="22" WC="0.96" CONTENT="mark."/>
						</TextLine>
					</TextBlock>
				</ComposedBlock>
				<ComposedBlock ID="cblock_3" HPOS="446" VPOS="1341" WIDTH="61" HEIGHT="28">
					<TextBlock ID="block_4" HPOS="446" VPOS="1341" WIDTH="61" HEIGHT="28">
						<TextLine ID="line_32" HPOS="446" VPOS="1341" WIDTH="61" HEIGHT="28">
							<String ID="string_288" HPOS="446" VPOS="1342" WIDTH="12" HEIGHT="27" WC="0.81" CONTENT="8"/><SP WIDTH="17" VPOS="1342" HPOS="458"/>
							<String ID="string_289" HPOS="475" VPOS="1341" WIDTH="32" HEIGHT="22" WC="0.81" CONTENT="18."/>
						</TextLine>
					</TextBlock>
				</ComposedBlock>
				<ComposedBlock ID="cblock_4" HPOS="98" VPOS="1397" WIDTH="755" HEIGHT="129">
					<TextBlock ID="block_5" HPOS="98" VPOS="1397" WIDTH="755" HEIGHT="129">
						<TextLine ID="line_33" HPOS="168" VPOS="1397" WIDTH="684" HEIGHT="30">
							<String ID="string_290" HPOS="168" VPOS="1399" WIDTH="70" HEIGHT="22" WC="0.96" CONTENT="Sedan"/><SP WIDTH="18" VPOS="1399" HPOS="238"/>
							<String ID="string_291" HPOS="256" VPOS="1399" WIDTH="36" HEIGHT="21" WC="0.93" CONTENT="vid"/><SP WIDTH="18" VPOS="1399" HPOS="292"/>
							<String ID="string_292" HPOS="310" VPOS="1399" WIDTH="95" HEIGHT="21" WC="0.96" CONTENT="kontoret"/><SP WIDTH="14" VPOS="1399" HPOS="405"/>
							<String ID="string_293" HPOS="419" VPOS="1399" WIDTH="7" HEIGHT="21" WC="0.93" CONTENT="i"/><SP WIDTH="15" VPOS="1399" HPOS="426"/>
							<String ID="string_294" HPOS="441" VPOS="1399" WIDTH="85" HEIGHT="28" WC="0.93" CONTENT="Wiborg"/><SP WIDTH="18" VPOS="1399" HPOS="526"/>
							<String ID="string_295" HPOS="544" VPOS="1400" WIDTH="34" HEIGHT="22" WC="0.84" CONTENT="&amp;r"/><SP WIDTH="10" VPOS="1400" HPOS="578"/>
							<String ID="string_296" HPOS="588" VPOS="1399" WIDTH="61" HEIGHT="26" WC="0.93" CONTENT="1886,"/><SP WIDTH="16" VPOS="1399" HPOS="649"/>
							<String ID="string_297" HPOS="665" VPOS="1399" WIDTH="27" HEIGHT="21" WC="0.97" CONTENT="dä"/><SP WIDTH="14" VPOS="1399" HPOS="692"/>
							<String ID="string_298" HPOS="706" VPOS="1397" WIDTH="47" HEIGHT="24" WC="0.93" CONTENT="dess"/><SP WIDTH="15" VPOS="1397" HPOS="753"/>
							<String ID="string_299" HPOS="768" VPOS="1400" WIDTH="84" HEIGHT="21" WC="0.92" CONTENT="omsätt-"/>
						</TextLine>
						<TextLine ID="line_34" HPOS="98" VPOS="1432" WIDTH="755" HEIGHT="30">
							<String ID="string_300" HPOS="98" VPOS="1432" WIDTH="52" HEIGHT="27" WC="0.96" CONTENT="ning"/><SP WIDTH="16" VPOS="1432" HPOS="150"/>
							<String ID="string_301" HPOS="166" VPOS="1432" WIDTH="90" HEIGHT="30" WC="0.95" CONTENT="uppgick"/><SP WIDTH="14" VPOS="1432" HPOS="256"/>
							<String ID="string_302" HPOS="270" VPOS="1433" WIDTH="33" HEIGHT="20" WC="0.92" CONTENT="till"/><SP WIDTH="15" VPOS="1433" HPOS="303"/>
							<String ID="string_303" HPOS="318" VPOS="1433" WIDTH="94" HEIGHT="26" WC="0.96" CONTENT="omkring"/><SP WIDTH="15" VPOS="1433" HPOS="412"/>
							<String ID="string_304" HPOS="427" VPOS="1433" WIDTH="28" HEIGHT="20" WC="0.97" CONTENT="24"/><SP WIDTH="14" VPOS="1433" HPOS="455"/>
							<String ID="string_305" HPOS="469" VPOS="1433" WIDTH="95" HEIGHT="26" WC="0.96" CONTENT="miljoner"/><SP WIDTH="10" VPOS="1433" HPOS="564"/>
							<String ID="string_306" HPOS="574" VPOS="1433" WIDTH="66" HEIGHT="25" WC="0.93" CONTENT="mark,"/><SP WIDTH="16" VPOS="1433" HPOS="640"/>
							<String ID="string_307" HPOS="656" VPOS="1433" WIDTH="88" HEIGHT="20" WC="0.91" CONTENT="anstälts"/><SP WIDTH="11" VPOS="1433" HPOS="744"/>
							<String ID="string_308" HPOS="755" VPOS="1434" WIDTH="31" HEIGHT="19" WC="0.96" CONTENT="ett"/><SP WIDTH="9" VPOS="1434" HPOS="786"/>
							<String ID="string_309" HPOS="795" VPOS="1434" WIDTH="58" HEIGHT="21" WC="0.97" CONTENT="extra"/>
						</TextLine>
						<TextLine ID="line_35" HPOS="100" VPOS="1465" WIDTH="753" HEIGHT="27">
							<String ID="string_310" HPOS="100" VPOS="1465" WIDTH="171" HEIGHT="26" WC="0.91" CONTENT="kontorsbiträde,"/><SP WIDTH="16" VPOS="1465" HPOS="271"/>
							<String ID="string_311" HPOS="287" VPOS="1466" WIDTH="49" HEIGHT="26" WC="0.95" CONTENT="blef,"/><SP WIDTH="14" VPOS="1466" HPOS="336"/>
							<String ID="string_312" HPOS="350" VPOS="1466" WIDTH="48" HEIGHT="21" WC="0.93" CONTENT="med"/><SP WIDTH="16" VPOS="1466" HPOS="398"/>
							<String ID="string_313" HPOS="414" VPOS="1466" WIDTH="98" HEIGHT="21" WC="0.93" CONTENT="afseende"/><SP WIDTH="16" VPOS="1466" HPOS="512"/>
							<String ID="string_314" HPOS="528" VPOS="1466" WIDTH="12" HEIGHT="21" WC="0.85" CONTENT="&amp;"/><SP WIDTH="10" VPOS="1466" HPOS="540"/>
							<String ID="string_315" HPOS="550" VPOS="1465" WIDTH="104" HEIGHT="22" WC="0.96" CONTENT="rörelsens"/><SP WIDTH="12" VPOS="1465" HPOS="654"/>
							<String ID="string_316" HPOS="666" VPOS="1465" WIDTH="34" HEIGHT="22" WC="0.97" CONTENT="vid"/><SP WIDTH="11" VPOS="1465" HPOS="700"/>
							<String ID="string_317" HPOS="711" VPOS="1466" WIDTH="58" HEIGHT="21" WC="0.96" CONTENT="detta"/><SP WIDTH="11" VPOS="1466" HPOS="769"/>
							<String ID="string_318" HPOS="780" VPOS="1466" WIDTH="73" HEIGHT="21" WC="0.97" CONTENT="kontor"/>
						</TextLine>
						<TextLine ID="line_36" HPOS="99" VPOS="1499" WIDTH="754" HEIGHT="27">
							<String ID="string_319" HPOS="99" VPOS="1499" WIDTH="127" HEIGHT="23" WC="0.96" CONTENT="fortfarande"/><SP WIDTH="16" VPOS="1499" HPOS="226"/>
							<String ID="string_320" HPOS="242" VPOS="1500" WIDTH="87" HEIGHT="26" WC="0.96" CONTENT="tillväxt,"/><SP WIDTH="18" VPOS="1500" HPOS="329"/>
							<String ID="string_321" HPOS="347" VPOS="1500" WIDTH="30" HEIGHT="21" WC="0.96" CONTENT="uti"/><SP WIDTH="15" VPOS="1500" HPOS="377"/>
							<String ID="string_322" HPOS="392" VPOS="1501" WIDTH="40" HEIGHT="21" WC="0.96" CONTENT="den"/><SP WIDTH="16" VPOS="1501" HPOS="432"/>
							<String ID="string_323" HPOS="448" VPOS="1500" WIDTH="22" HEIGHT="22" WC="0.93" CONTENT="af"/><SP WIDTH="14" VPOS="1500" HPOS="470"/>
							<String ID="string_324" HPOS="484" VPOS="1500" WIDTH="117" HEIGHT="22" WC="0.92" CONTENT="Ständerna"/><SP WIDTH="16" VPOS="1500" HPOS="601"/>
							<String ID="string_325" HPOS="617" VPOS="1499" WIDTH="34" HEIGHT="22" WC="0.89" CONTENT="vid"/><SP WIDTH="17" VPOS="1499" HPOS="651"/>
							<String ID="string_326" HPOS="668" VPOS="1500" WIDTH="53" HEIGHT="22" WC="0.89" CONTENT="1897"/><SP WIDTH="15" VPOS="1500" HPOS="721"/>
							<String ID="string_327" HPOS="736" VPOS="1500" WIDTH="35" HEIGHT="21" WC="0.93" CONTENT="års"/><SP WIDTH="13" VPOS="1500" HPOS="771"/>
							<String ID="string_328" HPOS="784" VPOS="1500" WIDTH="69" HEIGHT="22" WC="0.91" CONTENT="landt-"/>
						</TextLine>
					</TextBlock>
				</ComposedBlock>
				<ComposedBlock ID="cblock_5" HPOS="882" VPOS="1404" WIDTH="89" HEIGHT="46">
					<TextBlock ID="block_6" HPOS="882" VPOS="1404" WIDTH="89" HEIGHT="46">
						<TextLine ID="line_37" HPOS="896" VPOS="1404" WIDTH="59" HEIGHT="18">
							<String ID="string_329" HPOS="896" VPOS="1404" WIDTH="59" HEIGHT="18" WC="0.70" CONTENT="Extra"/>
						</TextLine>
						<TextLine ID="line_38" HPOS="882" VPOS="1432" WIDTH="89" HEIGHT="18">
							<String ID="string_330" HPOS="882" VPOS="1432" WIDTH="89" HEIGHT="18" WC="0.92" CONTENT="biträden."/>
						</TextLine>
					</TextBlock>
				</ComposedBlock>
				<Illustration ID="cblock_6" HPOS="1073" VPOS="52" WIDTH="36" HEIGHT="60"></Illustration>
				<GraphicalElement ID="cblock_7" HPOS="1096" VPOS="1103" WIDTH="13" HEIGHT="695"></GraphicalElement >
			</PrintSpace>
		</Page>
	</Layout>
</alto>
