1103 1795
217 201 29 20 22
454 199 29 23 U.
500 199 26 22 B.
543 213 27 2 —
586 199 172 22 TIL-XXXIIL.

216 268 141 28 tjänstemän
380 267 40 22 vid
437 263 187 33 Öfverstyrelsen
639 267 36 22 för
690 271 56 25 väg-
762 268 43 21 och
820 268 157 29 vattenbygg-

215 302 104 22 naderna
341 302 74 21 under
430 301 86 22 nionde
539 302 21 21 h.
576 305 22 22 t.,
614 309 20 14 o.
651 309 16 14 s.
684 309 21 14 v.
735 301 131 24 Anmärkas
881 302 47 22 kan
943 302 34 22 äf-

216 344 45 14 ven
277 338 35 20 att
327 336 167 29 utgiftsposten
510 339 66 19 extra
590 336 186 29 gratifikationer
792 337 43 21 och
850 337 127 22 understöd

216 371 46 26 (III
277 378 17 14 s.
310 372 34 26 55)
359 371 125 28 rätteligen
500 371 42 21 hör
557 371 37 21 till
610 371 68 21 tolfte
693 370 161 23 hufvudtiteln
872 371 43 22 och
925 371 52 22 icke

216 405 75 22 under
306 405 45 22 den
374 405 117 22 allmänna
513 405 111 22 rubriken
640 405 139 29 ,tillfälliga,
796 405 95 29 nädigst
905 405 72 23 bevil-

213 440 57 28 jade
287 440 81 28 anslag
383 440 36 21 för
434 440 114 21 särskilda
563 440 188 21 statsändamäl*.

287 474 84 21 Denna
393 473 155 22 hufvudtitels
572 474 156 28 exceptionelt
751 474 61 28 höga
828 474 149 22 slutsummor

216 508 37 22 för
265 509 54 21 åren
336 509 54 21 1895
406 508 43 22 och
466 509 54 21 1896
536 507 101 29 härflyta
652 508 26 21 af
691 508 159 29 däföretagna
858 509 119 22 slutbetal-

217 543 85 28 ningar
318 543 13 21 ä
346 543 114 21 särskilda
482 543 105 26 statslän,
608 543 118 28 nämligen
744 544 112 24 1,447,730
872 543 65 22 mark
953 543 28 22 af

219 578 55 21 1875
291 577 35 22 års
349 577 163 22 donationslän
536 577 41 22 och
598 578 110 25 1,248,000
724 577 65 22 mark
804 577 9 21 i
828 577 89 29 kapital
933 577 43 22 och

217 614 69 19 ränta
302 612 13 21 å
332 613 55 20 1890
404 612 36 21 års
456 611 219 29 konverteringslän
691 611 45 26 (III
752 619 16 14 s.
785 613 42 26 43).

287 646 47 21 För
349 646 169 28 nybyggnader
534 645 42 22 och
585 646 157 28 reparationer
750 649 114 26 upptagas
873 646 103 29 följande

216 680 135 29 betydande
367 680 83 29 belopp

435 743 6 7 8

433 751 12 13 a

447 751 10 13 (=!

474 745 54 20 1895
539 743 60 21 Fmk
608 744 117 26 2,382,337:
736 745 26 20 73

441 795 7 6 »
476 779 54 20 1896
561 795 11 6 +
604 779 157 26 2,176,079:82

440 830 10 7 »
476 813 55 20 1897
564 829 8 10 ,
605 813 153 25 2,594,571:81

440 864 10 8 »
477 847 54 22 1898
562 847 14 24 ,
605 847 157 26 3,017,649:83
774 846 204 27 (summariskräk-

217 881 59 28 ning
291 881 46 21 VII
352 889 17 13 s.
387 882 42 27 19).

217 943 206 29 hufvudsakligast
444 944 36 21 för
503 944 60 28 sjuk-
587 943 43 22 och
654 944 170 21 värdanstalter
842 947 60 18 samt
917 944 58 21 läro-

217 978 164 29 inrättningar.

287 1111 52 21 Den
362 1111 115 28 utgäende
500 1111 110 22 balansen
632 1111 37 21 för
690 1110 198 29 finansperiodens
904 1111 73 21 slutär

219 1146 56 21 1897
291 1145 63 22 visar
369 1145 102 29 följande
484 1145 84 29 belopp
585 1145 92 28 (kredit,
693 1145 37 22 III
745 1153 17 14 s.
777 1147 33 25 65,
827 1145 68 21 debet
909 1145 37 21 III
959 1152 17 15 s.

217 1181 44 24 20),
277 1179 92 22 hvilkas
385 1179 133 29 fördelning
536 1180 30 28 pä
581 1180 118 21 allmänna
714 1179 146 22 statsfonden
876 1179 43 22 och
935 1179 41 22 mi-

216 1213 140 22 litiefonden
373 1214 67 29 ingår
454 1214 8 21 i
478 1214 262 29 generalhufvudboken
756 1213 94 28 (XXIX.
866 1221 16 14 s.
898 1215 35 26 3):

287 1265 8 21 i
311 1265 71 21 kredit
397 1265 56 22 eller
469 1266 114 25 ,,kronans
599 1265 229 29 tillgodohafvande*

217 1316 120 22 allmänna
351 1317 145 21 statsfonden
532 1317 62 22 Fmk
602 1319 134 25 61,634,408:
744 1319 26 20 01

217 1351 121 21 allmänna
353 1351 171 21 militiefonden
558 1368 11 8 ,,
638 1352 100 25 513,513:
748 1352 26 20 78
798 1358 180 26 62,147,921:
944 1348 37 40 79.

289 1415 7 20 i
313 1415 59 21 debet
387 1415 55 21 eller
459 1415 114 28 ,kronans
589 1415 82 21 skuld"

217 1460 120 22 allmänna
351 1461 146 22 statsfonden
532 1463 60 20 HFmk
615 1462 156 27 3,259,408:27

217 1495 120 22 allmänna
353 1495 169 22 militiefonden
556 1512 12 8 ,,
669 1496 105 25 4,000:
751 1492 31 40 15
813 1502 119 26 —3,263,408:
941 1502 36 21 42.

288 1547 144 18 Statsutskottets
444 1547 111 18 betänkande
568 1547 37 18 N:o
618 1548 18 17 2.
