1109 1756
266 170 37 34 10

312 239 97 21 Bankens
424 239 137 28 skuldsedlar,
575 240 74 27 panter
664 240 38 20 och
717 239 232 27 säkerhetshandlingar
964 239 32 21 stä

243 273 35 21 vid
295 272 175 22 hufvudkontoret
488 273 66 21 under
575 273 63 21 förste
657 273 142 21 kamrerarens
818 273 38 21 och
874 273 35 21 vid
931 273 64 21 afdel-

243 307 161 27 ningskontoren
430 307 67 21 under
520 307 168 21 kommissariens
713 307 50 21 värd
786 307 38 21 och
847 307 72 27 tillsyn
941 308 55 20 samt

243 340 92 22 förvaras
350 340 7 21 i
372 340 106 22 brandfria
489 341 63 27 hvalf,
564 340 85 22 hvartill
660 347 39 15 ena
709 341 89 27 nyckeln
809 341 186 22 omhänderhafves

244 374 23 22 af
287 380 81 16 samma
388 375 118 21 kamrerare
529 375 51 21 eller
599 375 143 21 kommissarie
761 375 38 21 och
819 375 40 21 den
878 375 65 22 andra
962 376 33 21 vid

243 408 175 22 hufvudkontoret
433 408 23 22 af
469 409 190 21 öfverkamreraren
675 409 38 22 och
729 409 34 22 vid
778 408 217 29 afdelningskontoren

243 443 23 22 af
282 443 105 23 kassören.
416 444 29 21 Pä
465 444 110 28 enahanda
593 444 42 21 sätt
653 443 92 22 förvaras
767 444 35 21 vid
820 443 176 24 hufvudkontoret

243 478 93 21 bankens
350 478 174 21 sedelblanketter
536 479 37 21 och
586 481 74 26 öppna
675 479 153 27 depositioner,
839 486 48 14 som
902 478 93 22 Banken

242 512 10 21 i
267 512 77 27 förvar
359 513 107 26 mottagit,
478 513 115 27 äfvensom
608 512 34 21 vid
658 512 218 27 afdelningskontoren
888 513 106 22 derstädes

242 545 107 28 befintliga
364 546 75 21 vexlar.
1011 557 2 2 :

313 579 83 22 Slutna
407 580 138 28 depositioner
560 581 32 21 stä
607 581 66 20 under
688 582 105 20 närmaste
805 581 71 28 tillsyn
892 581 38 22 och
945 581 49 22 värd

245 614 24 21 af
280 614 173 28 öfverkassören,
463 615 39 21 och
517 615 92 21 förvaras
624 615 31 21 uti
670 615 97 21 särskildt
781 615 64 26 hvalf,
856 615 86 25 hvartill
956 622 39 15 ena

241 649 90 27 nyckeln
350 648 185 23 omhänderhafves
554 649 24 22 af
593 649 76 22 honom
687 649 39 21 och
744 649 40 22 den
803 649 66 22 andra
886 650 24 21 af
922 650 72 28 öfver-

243 683 148 22 kamreraren.

310 717 48 23 Alla
379 718 135 27 uttagningar
538 718 46 21 frän
611 718 38 21 och
671 718 140 28 insättningar
832 719 7 20 i
860 719 92 22 hvalfvet
974 719 23 22 af

243 752 114 27 penningar
379 752 50 21 eller
451 752 109 27 omyntadt
581 752 51 27 guld
655 752 50 21 eller
723 752 70 22 silfver
811 753 57 22 skola
886 753 34 22 vid
938 754 57 21 säväl

242 786 174 21 hufvudkontoret
431 793 45 15 som
491 786 218 27 afdelningskontoren
723 787 96 22 bokföras
830 787 7 21 i
849 794 25 15 en
884 788 8 21 i
902 788 92 22 hvalfvet

242 820 95 21 förvarad
352 821 150 27 hvalfsspecial.

309 855 32 21 De
360 855 23 21 af
398 855 93 21 bankens
511 855 89 22 embets-
618 855 38 22 och
675 855 132 27 tjenstemän,
823 862 45 16 som
882 850 111 29 innekafva

237 889 90 26 "nycklar
345 889 34 21 till
396 889 92 21 bankens
508 889 60 22 hvalf
587 889 51 21 eller
656 889 118 28 kassaskåp,
793 891 57 25 böra,
869 897 34 15 om
921 891 25 21 de
966 891 27 21 af-

241 922 74 27 lägsna
329 923 33 27 sig
374 923 48 21 frän
438 923 80 28 staden,
530 923 127 22 öfverlemna
672 924 113 27 nycklarna
800 925 66 21 under
881 925 113 28 försegling

241 957 32 20 till
291 963 69 15 annan
379 957 92 22 bankens
491 958 13 21 å
522 959 59 20 orten
604 958 93 21 vistande
715 959 126 26 tjensteman
858 959 52 22 efter
929 960 65 45 direk"

241 991 84 22 tionens
336 992 164 21 bestämmande.

587 1077 27 23 51
630 1076 18 29 3.

301 1134 140 28 /Tjenstemän
455 1135 8 20 i
477 1135 82 21 banken
574 1136 45 21 äro:

307 1168 36 30 vid
356 1168 188 22 hufvudkontoret:

305 1206 30 21 'en
357 1203 133 25 sekreterare,
510 1209 26 15 en
555 1203 147 26 ombudsman,
721 1210 26 15 en
766 1202 181 28 öfverkamrerare,
967 1211 25 16 en

238 1235 66 23 förste
325 1236 127 28 kämrerare,
479 1243 26 15 en
527 1237 64 21 andre
613 1237 123 27 kamrerare,
759 1245 26 14 en
806 1238 138 27 öfverkassör,
966 1246 25 15 en

239 1270 64 22 förste
318 1271 79 26 kässör,
413 1277 26 15 en
453 1271 65 21 andre
538 1271 78 28 kassör,
633 1277 25 16 en
673 1272 136 26 vexelkassör,
825 1279 26 14 en
865 1273 127 27 registrator,

240 1306 33 19 tre
288 1304 57 21 äldre
364 1305 38 20 och
417 1305 45 26 fem
477 1312 65 19 yngre
561 1305 125 26 bokhållare,
705 1306 107 21 äfvensom
830 1307 26 26 pä
874 1308 58 20 extra
949 1308 56 20 stat

239 1336 39 23 två
292 1338 123 21 biträdande
430 1339 162 34 vexelkassörer
603 1339 42 21 och
661 1339 72 28 nödigt
747 1340 59 21 antal
820 1340 121 25 kanslister;

303 1367 39 35 vid
354 1361 231 42 afdelningskontoren:

307 1405 91 21 förutom
415 1411 26 15 en
463 1406 204 26 bankkommissarie,
687 1407 86 21 hvarom
789 1407 8 21 i
815 1408 14 21 9
848 1408 12 26 $
879 1409 23 20 är
924 1408 67 27 sagdt,

235 1443 30 18 en
280 1439 72 21 kassör
370 1440 61 25 samt,
446 1439 37 21 der
498 1439 96 22 behofvet
606 1440 77 21 sådant
698 1441 98 26 päkallar,
809 1441 33 28 på
855 1443 64 20 extra
933 1444 57 19 stat:

235 1478 32 16 en
285 1473 129 20 biträdande
433 1473 136 21 verelkassör
587 1473 116 28 äfvensom
722 1481 26 14 en
768 1474 53 22 eller
846 1475 35 21 två
898 1471 93 48 kontors-

238 1506 106 21 skrifvare.
