1103 1795
423 143 73 22 XXXI

81 309 156 18 Berättelse
256 314 28 12 om
303 309 140 22 användningen
462 309 21 18 af
500 309 127 17 räntemedlen
640 309 4 16 i
658 309 39 16 Elis
715 308 64 18 Holms
798 309 43 17 nöd-

148 343 111 22 hjelpsfond.

148 412 64 18 Denna
222 412 21 18 af
250 412 68 18 aflidne
327 412 221 18 hofrättsextranotarien
558 412 39 18 Elis
606 411 54 19 Holm
661 407 11 32 i
683 411 84 19 lifstiden
776 417 65 17 genom

80 447 159 18 testamentariskt
252 447 123 17 förordnande
388 447 20 17 af
421 447 34 17 den
468 448 22 15 26
503 447 52 21 April
566 447 41 16 1881
620 446 94 22 grundade
726 446 115 22 »nödhjelps-

80 481 46 18 fond
143 481 30 17 för
191 481 41 17 hela
251 481 88 17 Finlande
353 481 31 17 till
397 481 67 22 belopp
478 481 20 17 af
510 481 74 21 100,000
597 480 59 21 mark,
669 485 37 12 som
720 480 89 17 förvaltas
822 480 20 17 af

81 515 88 18 Finlands
182 515 117 17 Statskontor
312 515 57 17 under
382 515 82 17 kontroll
474 515 21 17 af
502 515 114 17 Ständernas
630 514 168 23 bankfullmäktige
807 515 34 17 och

81 549 54 18 hvars
147 549 112 18 räntemede!
272 549 21 18 af
304 549 93 22 Styrelsen
416 549 107 22 disponeras
536 549 29 17 till
579 549 22 17 de
614 549 5 17 i
632 551 119 15 testamentet
764 549 77 22 angifna

81 584 90 21 ändamål,
184 584 34 17 har
230 584 40 17 med
283 584 96 22 upplupna
391 585 66 16 räntor
471 584 88 22 uppgått:

149 641 64 18 ultimo
226 641 99 18 December
339 642 44 17 1896
396 641 46 17 till.
465 655 1 3 .
486 655 3 4 .
508 655 3 3 .
531 654 3 4 .
554 655 3 3 .
577 654 24 5 .;:
602 642 36 21 Muy:
658 641 79 21 131,188:
751 642 21 16 72

183 683 6 8 »
274 683 5 8 »
340 676 44 17 1897
411 683 6 8 »
442 672 26 29 so.
497 689 40 4 vs
558 689 26 3 2.
616 682 6 9 »
657 675 77 21 —133,418:
749 676 22 17 29

182 718 6 7 »
275 718 5 8 »
341 711 44 16 1898
413 718 6 7 »
443 723 3 4 .
466 723 26 4 ss
512 723 50 4 res
619 718 6 7 »
658 711 78 20 139,876:
750 711 22 16 38

150 767 25 17 På
188 769 38 16 sätt
238 767 5 17 i
257 767 33 18 den
299 767 30 18 till
339 768 44 17 1894
391 767 30 18 års
432 767 88 22 landtdag
532 767 72 22 atgifna
613 767 162 18 finansrelationen
784 767 57 18 redan

81 803 108 20 omnämnts,
202 802 34 17 har
248 802 103 22 Kejserliga
364 802 85 21 Senaten,
467 802 30 17 för
509 802 104 18 beredande
626 803 20 16 at
658 802 152 22 arbetsförtjenst
822 802 20 17 åt

82 836 35 18 den
135 841 64 17 genom
216 837 41 16 1891
276 837 33 16 och
325 837 44 17 1892
387 836 55 18 årens
459 837 91 17 missväxt
562 836 98 18 nödstälda
672 836 137 22 befolkningen,
822 835 21 18 af

81 871 78 18 fondens
177 871 94 22 upplupna
283 873 64 15 räntor
360 871 59 18 under
431 871 45 17 åren
490 872 43 17 1892
546 871 34 17 och
594 871 44 17 1893
651 871 77 22 beviljat
740 870 101 18 understöd

81 905 30 18 för
128 905 114 22 uppförande
260 905 19 18 af
297 905 202 23 folkskolebyggnader
512 906 4 16 i
530 905 92 18 särskilda
636 905 20 18 af
668 905 112 18 missväxten
792 905 49 17 hem-

82 940 55 18 sökta
154 940 106 17 kommuner
279 940 28 17 till
326 942 27 16 ett
371 940 136 22 sammanlagdt
520 940 66 22 belopp
599 941 20 16 at
632 941 61 20 31,000
706 940 58 21 mark,
779 939 63 18 hvilka

82 974 100 18 understöd
199 974 135 17 vederbörande
352 975 112 21 guvernörer
483 974 93 17 anbefalts
590 974 5 17 i
608 974 41 17 mån
662 973 20 18 af
694 973 147 23 byggnadsarbe-

82 1010 53 16 tenas
153 1009 86 22 fortgång
252 1014 21 11 ur
285 1009 93 17 allmänna
397 1008 59 18 medel
469 1008 119 18 förskottsvis
601 1008 84 17 utbetala
698 1008 29 17 för
739 1010 28 15 att
780 1008 60 17 seder-

82 1048 49 12 mera
144 1043 23 22 på
179 1043 85 18 anmälan
277 1045 79 16 ersättas
370 1049 21 11 ur
403 1043 105 22 disponibla
520 1043 112 18 räntemedel
647 1044 4 17 i
665 1043 120 18 omförmälda
797 1043 44 17 nöd-

82 1077 111 22 hjelpsfond.
218 1077 59 18 Sedan
290 1077 57 18 under
359 1077 44 18 åren
417 1078 115 17 1893—1895
545 1083 22 12 ur
580 1077 77 18 fondens
671 1078 94 22 upplupna
778 1079 64 16 räntor

83 1111 89 18 utbetalts
185 1112 68 17 sådana
266 1112 126 22 ersättningar
401 1112 41 17 med
451 1113 67 16 inalles
528 1113 62 20 28,000
598 1112 58 20 mark,
666 1112 33 17 har
709 1112 57 17 under
774 1111 67 18 treårs-

83 1145 86 22 perioden
189 1147 117 20 1896—1898,
325 1146 104 18 hvarunder
442 1147 58 21 några
513 1146 43 18 flere
570 1147 62 22 dylika
644 1146 100 18 understöd
757 1146 39 18 icke
809 1146 31 22 på-

83 1180 74 22 kallats,
175 1181 106 17 återstoden
293 1180 21 18 af
325 1181 109 17 förberörda
452 1181 82 17 förskott
546 1181 46 18 eller
606 1181 49 21 3,000
668 1181 57 20 mark,
738 1180 102 22 utgörande

83 1214 20 17 åt
120 1215 95 18 Puolanko
233 1215 34 18 och
286 1215 83 17 Karunki
387 1215 109 17 kommuner
508 1215 102 17 förunnade
623 1215 64 22 bidrag
700 1215 29 17 till
742 1215 66 22 belopp
821 1214 19 17 at

85 1249 49 21 1,500
146 1249 52 18 mark
211 1249 28 17 för
251 1249 40 18 dem
304 1249 95 21 hvardera,
413 1249 63 18 blifvit
489 1255 21 12 ur
523 1249 77 18 fondens
613 1249 112 18 räntemede!
738 1250 64 17 ersatt.
