1109 1792
289 154 40 28 =
502 156 16 19 E
680 182 4 2 N
814 159 28 21 43

116 221 67 28 öfriga
205 221 53 28 gjort
280 221 32 27 sig
333 221 98 28 förtjenta
453 222 22 21 af
489 222 40 22 den
544 222 102 21 särskilda
661 222 149 27 uppmuntran,
826 228 45 15 som

116 255 48 21 med
179 255 157 27 ifrågavarande
352 256 162 27 gratifikationer
528 256 69 27 afses,
606 256 64 21 oftast
685 256 79 26 ganska
775 256 46 21 svår
832 256 38 21 och

116 289 95 28 vansklig
218 285 11 38 .
232 290 39 20 och
293 289 41 22 kan
356 290 48 21 leda
425 290 85 26 derhän,
530 292 32 20 att
576 290 88 22 rättvisa
679 290 44 21 icke
738 289 7 22 i
760 290 43 21 lika
819 290 51 27 grad

116 323 117 22 vederfares
248 323 47 22 alla.
316 323 167 29 Tillämpningen
498 325 7 20 i
520 325 108 27 praktiken
643 325 39 20 har
698 324 127 22 härutinnan
836 330 35 21 ge-

115 357 74 22 staltat
203 357 32 28 sig
250 358 94 26 sälunda,
360 359 31 21 att
405 359 48 21 med
469 358 106 28 bidrag
548 353 23 37 ur
585 359 220 27 diskretionsanslaget
815 359 56 21 Ban-

115 392 51 22 kens
188 393 58 21 extra
268 393 96 27 personal
382 393 39 22 och
436 393 90 28 betjente
542 393 107 22 äfvensom
664 393 25 21 de
704 393 56 28 lägst
775 393 95 22 aflönade

114 426 104 22 ordinarie
233 427 167 28 tjenstemännen
414 427 8 21 i
436 427 71 28 regeln
522 428 80 27 ärligen
617 427 154 28 ihägkommits,
784 428 86 21 hvarvid

114 467 50 16 man
179 468 58 15 mera
251 462 70 27 utgätt
335 462 46 21 frän
388 462 132 27 synpunkten
531 464 32 20 att
573 462 81 21 tilldela
662 462 48 21 dem
718 463 31 20 ett
758 462 112 28 aflönings-

114 496 89 22 tillskott
225 497 27 20 än
267 497 31 20 att
316 496 56 27 gifva
389 497 83 27 uttryck
487 497 22 21 åt
524 497 142 21 erkännandet
682 497 22 21 af
717 497 98 21 särskildt
829 497 41 21 för-

114 530 102 28 tjenstfull
239 531 137 26 verksamhet,
406 531 46 22 Fall
469 531 62 22 hafva
550 531 124 27 visserligen
689 531 138 26 förekommit,
843 531 30 21 dä'

114 565 95 22 tilldelad
231 565 141 28 gratifikation
390 566 78 27 utgjort
483 567 31 20 ett
529 566 67 21 direkt
612 566 131 21 erkännande
759 565 24 22 af
795 565 74 28 ådaga-

114 599 59 28 lagdt
188 599 116 28 synnerligt
319 600 32 21 nit
366 596 38 26 och
419 599 165 22 välförhållande
598 599 8 21 i
622 599 96 28 tjensten,
735 599 98 22 särskildt
844 600 26 21 då

97 656 3 4 .
114 633 98 28 belöning
227 634 7 21 i
249 634 68 21 denna
332 634 53 21 form
400 633 175 28 tillgodokommit
589 634 68 27 någon
665 633 23 22 af
696 633 98 22 Bankens
804 634 64 27 högre

112 668 52 22 eller
186 669 68 20 bättre
272 668 94 22 aflönade
382 668 134 28 tjenstemän,
531 675 49 15 men
596 668 77 22 sådana
688 668 36 21 fall
739 668 62 22 hafva
816 669 53 21 varit

110 703 152 27 jemförelsevis
277 703 108 27 sällsynta.
413 702 50 22 Med
478 702 97 23 afseende
590 703 13 21 &
617 702 156 28 ofvanantydda
788 703 81 27 olägen-

113 737 59 22 heter
187 737 68 21 tillåta
270 737 32 27 sig
317 737 214 27 Bankfullmäktige,
529 733 9 36 i
547 737 216 22 öfverensstämmelse
774 737 50 21 med
833 737 37 21 Di-

113 771 118 22 rektionens
245 771 8 20 i
268 771 64 21 saken
348 771 79 28 afgifna
442 771 84 28 förslag,
537 771 118 25 hemställa,
666 771 32 21 att
708 771 131 22 tilldelandet
848 771 24 22 af

112 805 165 28 gratifikationer
299 805 31 22 för
346 805 116 28 synnerligt
478 806 31 20 nit
524 806 38 21 och
577 805 163 22 välförhällande
756 805 8 21 i
779 805 89 27 tjensten

113 840 111 21 framdeles
246 840 67 23 skulle
336 840 100 28 upphöra,
459 846 49 15 men
523 841 38 26 att,
578 839 88 22 emedan
682 840 44 21 skäl
742 846 62 22 synes
819 847 49 14 vara

112 875 116 22 förhanden
244 876 31 20 att
290 875 32 21 för
336 874 209 28 bankförvaltningen
562 870 127 33 fortfarande
704 880 106 16 reservera
817 875 51 27 möj-

112 910 67 26 lighet
200 910 32 21 att
254 909 79 27 utgifva
355 909 104 27 tillfälliga
478 909 125 26 understöd,
621 909 27 21 dä
662 908 102 22 särskilda
780 910 88 20 ömande

113 943 178 28 omständigheter
306 944 69 21 dertill
390 944 56 27 gifva
460 944 121 27 anledning,
597 943 127 28 stadgandet
738 943 7 21 i
756 943 69 22 denna
834 944 35 27 del

114 978 66 22 blefve
203 978 112 22 bibehållet
337 978 56 22 samt
410 979 32 21 att
456 978 32 22 för
504 978 120 22 ändamålet
638 978 58 27 finge
708 978 12 21 ä
735 979 69 21 staten
819 985 49 21 upp-

114 1014 59 26 tagas
188 1014 31 20 ett
234 1013 73 27 anslag
322 1009 22 25 af
357 1013 65 26 3,000
436 1012 66 22 mark.

183 1047 46 21 Den
244 1048 83 20 relativt
341 1047 117 27 betydande
469 1048 121 26 minskning
597 1048 7 20 i
611 1047 120 26 inkomster,
742 1054 52 19 som,
803 1047 67 21 under

114 1082 150 27 förutsättning
279 1083 31 20 att
320 1081 200 22 ofvanomförmälda
533 1082 163 27 gratifikationer
704 1088 25 14 ur
738 1081 131 21 diskretions-

114 1116 95 27 anslaget
224 1116 111 22 framdeles
350 1116 67 22 skulle
428 1116 106 26 uteblifva,
546 1117 90 21 drabbar
646 1117 30 20 ett
686 1116 68 22 flertal
761 1116 107 27 löntagare

114 1150 7 22 i
135 1150 100 22 Finlands
250 1150 66 26 Bank,
331 1150 39 22 har
384 1151 59 27 synts
458 1150 159 28 bankstyrelsen
633 1150 82 28 päkalla
730 1150 32 22 att
772 1150 98 27 vederlag

114 1185 7 21 i
136 1185 53 21 form
204 1184 23 22 af
240 1184 118 28 förhöjning
368 1184 48 22 utaf
423 1184 92 28 aflöning
524 1185 84 21 komma
618 1184 115 28 respektive
744 1184 125 28 tjenstemän

114 1219 38 22 och
168 1220 90 26 betjente
267 1219 7 21 i
284 1219 87 21 Banken
381 1219 32 21 till
422 1219 40 21 del.
483 1220 33 20 Då
523 1226 25 15 en
557 1218 229 29 aflöningsförhöjning,
797 1218 72 22 anord-
883 1216 2 2 '

114 1254 41 21 nad
164 1254 66 26 enligt
236 1253 144 28 nästantydda
387 1254 86 27 princip,
484 1254 115 21 emellertid
609 1253 82 21 komme
702 1253 31 21 att
743 1253 88 21 omfatta
839 1253 31 21 ett

114 1288 80 28 ganska
208 1289 52 21 stort
275 1288 58 22 antal
347 1288 141 28 befattningar
502 1288 8 21 i
524 1288 88 22 Banken
628 1288 55 21 samt
698 1287 36 21 det
748 1287 61 22 äfven
820 1288 49 26 eljes

114 1322 108 22 befunnits
244 1323 114 25 önskvärdt:
378 1324 32 20 att
432 1322 55 22 vissa
502 1322 154 24 funktionärers
672 1322 92 26 aflöning
778 1322 69 21 kunde
862 1322 8 20 i

113 1356 68 28 någon
197 1356 49 22 män
262 1356 100 28 förhöjas;
375 1357 111 21 hvarutom
500 1357 7 20 i
523 1356 104 22 anseende
642 1356 34 22 till
691 1356 105 27 ansenligt
806 1356 64 21 ökadt

112 1391 73 21 arbete
200 1390 35 28 vid
250 1391 174 22 hufvudkontoret
439 1391 38 21 och
493 1391 102 21 särskilda
603 1390 193 28 afdelningskontor
805 1391 65 26 nägra

114 1430 42 22 nya
170 1424 143 28 befattningar
328 1425 58 21 torde
401 1425 68 21 mästa
484 1425 95 25 inrättas,
588 1425 39 20 har
638 1424 36 21 det
684 1426 58 25 synts
753 1424 117 21 ändamäls-

114 1458 66 28 enligt
195 1459 32 21 att
241 1456 67 24 staten
325 1458 33 22 för
372 1458 100 22 Finlands
487 1458 59 21 Bank
562 1458 7 20 i
584 1458 46 21 dess
646 1458 72 21 helhet
732 1458 137 20 underkastas
