1103 1795
248 175 25 19 26

217 243 42 19 nai
275 241 89 28 ansiag,
377 241 89 28 jemväl
481 241 78 21 aisvdi
575 243 35 20 av
628 241 94 28 uppslas
736 241 35 20 uti
782 241 67 20 doras
860 240 119 27 förstugor

217 275 44 21 och
278 275 173 27 innehällande,
472 275 104 22 förutom
593 275 29 21 de
638 275 117 28 viktigare
771 273 208 28 bestämningarna

218 309 99 21 rörande
333 309 209 28 postsparbanken,
560 310 72 21 äfven
648 309 122 28 uppgifter
786 310 12 20 å
810 309 28 20 de
852 309 127 20 förnämsta

218 343 110 28 fördelar,
352 343 81 22 hvilka
458 344 203 27 postsparbanken
684 343 110 29 erbjuder
816 343 113 21 insättare
945 341 34 22 uti

218 378 142 21 densamma.

287 413 34 20 På
340 412 80 21 derom
443 413 26 20 af
489 412 306 29 Postsparbanksstyrelsen
819 412 45 21 den
888 413 23 19 21
929 410 51 22 Juli

221 449 52 19 1896
290 446 69 28 gjord
375 446 146 28 underdänig
537 447 183 28 framställning,
740 446 157 27 borättigados
913 446 66 19 Post-

219 480 246 28 sparbanksstyrelsen
481 488 85 20 genom
582 481 79 28 Nådig
684 480 140 28 kungörelse
843 479 45 22 den
904 482 11 18 6
932 478 47 29 Maj

221 517 53 18 1897
299 516 34 19 att
357 514 99 21 anställa
480 515 154 20 ombudsmän
659 515 37 20 för
720 513 165 29 emottagande
903 513 26 21 af
946 513 33 20 in-

219 549 133 28 sättningar
368 549 8 20 i
392 549 93 21 banken
501 550 13 20 å
530 552 69 25 orter,
617 549 41 22 der
669 552 74 18 större
755 549 119 21 allmänna
884 548 96 21 arbeten

218 585 61 27 pågå
296 583 56 21 eller
368 584 65 26 bruk,
451 584 105 21 fabriker
576 584 44 21 och
636 585 73 20 andra
726 584 80 28 dylika
821 582 160 28 inrättningar

219 618 151 28 förekomma,
387 618 44 21 och
454 618 72 21 sedan
541 619 79 28 Nådig
636 619 145 20 instruktion
798 619 37 20 för
851 617 67 22 dessa
934 624 46 13 om-

218 652 117 21 budsmän
348 652 88 29 jemväl
452 653 80 21 blifvit
553 653 45 21 den
615 655 11 19 3
643 653 62 21 Mars
724 655 54 19 1898
794 651 128 28 fastställd,
938 651 43 21 har

218 687 305 28 Postsparbanksstyrelsen
546 687 74 21 under
641 688 25 20 år
687 689 54 20 1898
758 687 13 21 å
786 686 117 22 särskilda
919 687 62 19 orter

218 721 8 20 i
242 721 81 21 landet
347 721 96 21 anställt
466 721 87 22 sådana
573 721 93 28 ombud,
687 721 81 22 hvilka
784 719 133 23 emellertid
931 719 49 22 vid-

219 757 55 26 togo
291 755 53 21 med
360 755 36 21 sin
412 751 148 25 verksaiihet
576 756 60 21 först
652 755 45 22 den
716 758 8 19 1
742 755 101 22 Januari
862 756 60 19 1899.

288 789 81 22 Under
385 791 26 20 är
428 792 52 19 1898
504 790 109 29 vidtogos
634 790 88 28 jemväl
746 789 110 29 åtgärder
872 789 37 21 för
925 791 55 26 öpp-

219 824 77 21 nande
312 824 54 21 frän
381 824 118 29 ingängen
516 825 26 20 af
556 825 26 20 är
600 827 52 19 1899
670 825 26 21 af
710 823 144 28 fullständig
864 825 117 26 postspar-

219 859 162 21 banksrörelse
404 859 40 21 vid
467 859 110 28 samtliga
601 859 28 20 de
648 859 176 28 poststationer,
844 857 81 22 hvilka
941 861 39 18 äro

219 893 102 28 belägna
337 894 13 20 å
366 895 67 26 orter,
458 893 40 22 der
520 894 160 29 insättningar
695 894 8 21 i
719 893 95 22 banken
836 896 39 18 äro
891 894 35 19 att
941 892 40 28 pä-

219 927 75 22 räkna
317 928 44 21 och
384 928 80 21 hvilka
488 929 181 27 postanstalters
692 928 164 22 föreståndare
875 927 106 28 pröfvats

219 969 56 14 vara
291 962 151 29 kompetenta
462 963 44 21 och
522 963 8 20 i
546 963 73 28 öfrigt
635 963 113 28 lämpliga
764 965 35 18 att
815 962 88 21 förestå
919 963 62 26 post-

219 997 223 28 sparbankskontor.

288 1032 35 21 De
338 1031 99 22 sålunda
459 1032 114 28 vidtagna
597 1032 141 29 åtgärderna
762 1032 37 21 för
819 1030 163 29 befrämjande

219 1066 27 21 af
260 1066 288 28 postsparbanksrörelsen
567 1067 80 21 hunno
664 1067 61 21 dock
741 1066 75 21 under
832 1065 150 28 treårsperio-

219 1100 46 21 den
291 1103 140 19 1896—1898
454 1101 82 21 endast
560 1101 74 22 delvis
657 1101 99 22 inverka
771 1101 31 28 på
818 1100 123 21 resultatet
957 1099 26 21 af

219 1135 214 28 postsparbankens
450 1135 154 22 verksamhet.

485 1247 53 18 VIII.
570 1247 141 22 Styrelsen.

289 1306 120 29 Styrelsen
432 1307 36 21 för
491 1308 209 28 postsparbanken,
717 1315 50 14 som
788 1307 64 22 varit
867 1314 114 15 samman-

218 1343 49 19 satt
282 1341 8 20 i
306 1341 105 27 enlighet
433 1341 52 21 med
504 1341 142 29 stadgandet
660 1342 35 21 uti
712 1343 12 27 &
743 1344 24 19 18
784 1342 28 20 af
825 1341 95 29 Nådiga
935 1341 46 21 för-

218 1375 133 29 ordningen
374 1376 120 27 angäende
517 1376 203 29 postsparbanken
739 1376 8 21 i
762 1376 106 21 Finland
888 1376 27 21 af
936 1375 46 22 den

220 1413 26 18 24
261 1409 49 29 Maj
329 1412 60 25 1886,
405 1410 43 21 har
466 1410 86 22 bestått
569 1411 27 21 af
614 1411 293 28 Generalpostdirektören
923 1411 59 21 Karl

217 1445 109 28 Hjalmar
351 1445 142 28 Lagerborg,
518 1447 75 20 såsom
616 1446 148 27 ordförande,
789 1448 63 19 samt
875 1443 108 24 Öfverre-

218 1480 81 21 visorn
313 1480 9 21 i
337 1480 234 22 Revisionskontoret
586 1481 227 28 Koliegiiassessorn
823 1481 63 21 Pehr
896 1480 86 22 Alfred
