1111 1786
214 268 42 24 Vd
311 267 2 3 =
341 257 74 26 Redan
437 268 25 15 en
484 261 54 22 blick
560 260 26 28 på
607 259 100 22 Finlands
726 253 86 43 Banks:
821 253 100 43 ställning
939 258 41 21 den
1000 258 25 21 15
1047 276 3 1 -

248 293 8 36 i
273 296 142 28 nyssnämnda
434 296 89 21 Oktober
542 296 70 26 syntes
631 293 197 27 Bankfullmäktige
837 293 33 21 till
884 293 51 21 fullo
950 292 75 29 ädaga-

233 339 23 18 +;
272 331 64 27 lägga
354 330 152 26 behöfligheten
523 329 23 21 af
561 329 25 20 de
604 328 48 23 utaf
667 327 189 27 Bankdirektionen
871 327 8 21 i
897 326 134 28 förestående

252 365 4 27 *
272 365 66 21 måtto
353 364 119 27 föreslagna
487 364 130 26 åtgärderna.
640 362 57 21 Enär
711 362 98 21 Bankens
822 360 204 28 tillgodohafvanden

246 402 11 32 ;
273 400 7 20 i
295 399 95 22 utlandet
404 398 8 21 i
427 398 94 27 ovanligt
533 398 41 27 hög
589 397 51 27 grad
655 396 63 27 tagits
732 397 7 20 i
755 396 95 27 anspråk
856 395 33 28 för
898 395 127 22 betäckande

253 458 7 4 =
271 434 25 21 af
309 431 41 24 den
364 434 33 20 till
411 432 50 28 följd
477 432 23 21 af
512 432 126 22 missväxten
652 432 8 20 i
674 431 81 21 landets
771 430 94 27 nordliga
880 430 57 21 delar.
952 428 73 24 ansen-

254 468 5 29 |
270 468 47 29 ligt
324 467 97 28 stegrade
437 466 215 28 spanmälsimporten,
667 465 76 21 medan
757 465 87 21 Banken
860 464 107 28 samtidigt
981 460 45 26 icke

254 498 3 33 ;
272 498 86 33 tillförts
372 501 99 22 utländsk
486 502 70 20 valuta
570 501 7 21 i
592 500 40 21 den
647 500 49 21 män
712 506 45 15 som
771 500 117 27 päräknats,
902 499 54 21 hade
970 505 56 15 nem-

255 534 2 2 »
273 534 55 30 ligen
348 536 39 21 den
406 533 133 29 obegagnade
555 534 249 26 sedelutgimningsrätten,
820 540 44 15 som
874 534 46 21 den
936 534 26 21 15
978 533 48 27 Sep-

254 548 4 38 |
275 571 79 21 tember
372 571 57 20 ännu
447 569 94 27 utgjorde
556 568 48 28 Frye
621 568 132 27 19,421,000,
769 568 41 21 den.
829 568 28 22 15
874 567 90 22 Oktober
978 568 48 21 ned-

255 589 4 48 |
273 589 46 42 gätt
340 603 33 21 till
390 603 48 27 ne
459 603 132 26 13,404,948,
611 603 24 20 71
657 603 50 20 eller
729 602 80 21 således
821 601 57 22 med
896 602 64 22 rundt
979 599 47 30 yr

254 634 139 36 16,016,000.
415 637 47 22 Men
479 637 70 22 härtill
563 637 49 21 kom
626 637 127 27 ytterligare,
769 637 32 20 att
814 635 103 29 importen
931 634 25 23 af
960 640 67 24 span-

253 668 8 33 i
272 668 44 33 mål
338 672 38 22 och
398 672 50 27 mjöl
470 672 103 26 förutsägs
596 672 56 20 ännu
670 672 83 20 komma
771 672 32 20 att
820 670 71 22 kräfva
908 670 119 28 betydande

255 702 6 25 i
255 729 6 9 i
274 705 73 29 belopp
363 706 99 22 utländsk
480 707 71 21 valuta
565 706 81 21 utöfver
661 705 55 22 hvad
730 705 96 22 Banken
833 705 64 22 redan
912 706 39 21 fått
967 706 59 26 afstä,

246 747 4 2 <
257 740 73 26 samt
350 742 31 21 att
404 741 60 21 äfven
487 741 35 21 det
543 741 102 27 felslagna
664 740 83 22 utfallet
765 740 23 21 af
803 735 102 27 värsäden
924 740 102 27 emotsägs

257 771 3 28 |
273 776 85 22 komma
377 776 31 21 att
419 776 114 26 föranleda
549 776 65 21 större
634 775 76 27 import
725 774 23 22 af
761 768 113 28 kraftfoder
892 776 26 20 än
937 775 91 26 vanligt;

234 818 2 2 ;
249 802 13 37 A
273 811 33 21 att
323 810 71 22 vidare
412 810 87 21 Banken
518 810 41 21 sett
574 810 32 27 sig
620 809 108 21 nödsakad
745 809 32 21 att
790 809 36 21 för
842 809 104 28 importen
956 805 26 37 af
992 809 35 21 rä-

239 850 2 2 >
252 841 94 26 +'socker
359 844 56 22 lofva
429 844 62 21 ställa
506 844 111 21 utländska
632 843 81 21 valutor
728 844 32 20 till
775 844 32 20 ett
821 840 62 25 värde
896 844 26 20 'af
932 850 58 23 mera
1001 844 26 20 än

259 901 2 4 |
274 879 115 26 3,000,000
406 879 60 21 mark
488 880 55 19 samt
562 879 31 20 att
606 878 104 27 slutligen
728 878 23 20 af
768 878 205 27 Jernvägsstyrelsen
991 885 36 14 an-

259 909 5 29 |
274 909 70 29 hällan
363 913 63 26 gjorts
445 913 32 20 att
495 912 85 21 Banken
599 912 65 21 måtte
679 912 32 21 för
725 911 141 28 ligviderande
882 912 23 21 af
916 912 111 21 lokomotiv

258 940 5 31 |
273 947 63 21 ställa
354 947 33 21 till
405 947 121 27 disposition
545 947 55 21 cirka
618 947 93 26 550,000
729 946 81 27 dollars,
826 946 144 22 motsvarande
985 947 42 20 ine-

259 975 5 35 |
274 982 44 23 mot
337 981 114 26 3,000,000
468 981 74 24 mark.
562 981 49 22 Med
630 981 96 21 afseende
743 981 52 22 härä
813 981 37 22 och
869 981 25 24 dä
910 981 59 26 äfven
985 981 40 27 det,

260 1010 5 40 |
276 1006 30 48 for
328 1015 181 28 upprätthållande
529 1016 23 21 af
572 1022 25 15 en
616 1015 77 28 mängd
712 1016 66 21 under
797 1016 25 21 de
840 1013 211 31 nästförutgängna''

261 1051 61 27 *ären
338 1051 108 26 grundade
464 1057 41 21 nya
523 1051 149 26 affärsföretag,
688 1050 64 22 ökade
767 1051 109 21 inhemska.
891 1050 135 23 kreditbehof-

262 1086 3 20 *
274 1086 34 20 vet
326 1085 49 22 stält
393 1083 65 23 stora
469 1085 91 28 anspråk
572 1085 25 28 pä
615 1085 99 24 Bankens
729 1085 206 32 utläningsförmäga,
950 1085 76 29 ansägo

262 1124 3 22 ;
273 1117 211 30 Bankfullmäktige,
488 1120 6 20 i
509 1119 65 33 likhet
588 1119 49 22 med
655 1119 196 26 Bankdirektionen,
866 1115 161 32 penningeläget

224 1163 13 10 5
250 1144 16 34 |
276 1150 118 31 onfvisligen
412 1154 80 27 påkalla
512 1149 27 26 en
556 1153 107 28 temporär
678 1154 141 27 förstärkning
834 1154 23 21 af
871 1154 98 22 Bankens
983 1161 43 14 me-

263 1196 2 2 ;
273 1188 83 21 talliska
370 1188 77 20 valuta.
477 1188 32 20 Då
527 1188 191 26 Bankfullmäktige
736 1188 115 21 emellertid
866 1188 73 22 delade
953 1185 74 24 Direk-

262 1227 5 26 i
275 1218 79 30 tionens
369 1222 54 27 äsigt
437 1228 35 15 om
487 1222 35 21 det
537 1222 80 21 mindre
633 1222 116 21 önskvärda
763 1223 32 20 att
810 1222 26 21 dä
850 1222 65 21 anlita
928 1222 98 21 utländsk

258 1281 3 4 |
272 1254 68 31 kredit
358 1257 55 20 samt
431 1256 139 27 Fullmäktige
577 1256 63 21 höllo
655 1253 44 24 före
717 1257 31 20 att
763 1258 30 19 ett
805 1256 35 21 för
854 1257 41 21 den
910 1256 117 24 metalliska

255 1287 114 26 -tyalutans
387 1290 112 21 stärkande
517 1290 45 21 från
580 1290 124 22 statsverket
723 1290 114 27 undfänget
854 1290 34 22 län
903 1291 7 20 i
927 1285 99 27 utländsk
1059 1306 3 4 .

263 1295 6 60 |
281 1291 63 68 alata
364 1324 45 20 icke
431 1324 69 20 kunde
523 1331 60 14 anses
602 1324 106 21 stridande
725 1325 44 20 mot
791 1325 95 31 gällande
905 1325 129 26 bankregle-"
1049 1330 14 8 *

263 1347 87 37 mente,
369 1358 71 20 hvars
438 1350 8 39 '
455 1358 26 20 19
500 1358 11 26 8
532 1357 54 21 afser
607 1358 108 26 möjlighet
737 1359 31 19 att
786 1364 75 21 genom
878 1354 36 25 län
933 1356 94 24 anskaffa
1038 1364 18 21 =
1079 1366 2 4 >

237 1415 2 2 .
264 1371 66 52 dylik
353 1391 76 26 valuta,
449 1392 125 21 hemstälde
579 1391 192 29 Bankfullmäktige
788 1392 8 21 i
813 1392 106 23 skrifvelse.
935 1388 32 27 för
985 1393 38 24 den

252 1422 48 32 128
315 1426 90 21 Oktober
421 1426 54 22 1899
491 1426 32 21 till
537 1426 77 22 Finans
628 1427 167 27 Expeditionen
788 1418 14 40 i
808 1427 123 34 Kejserliga
934 1427 91 23 Senaten

265 1440 109 51 huruvida
386 1457 35 24 det
431 1460 44 22 icke
486 1461 68 21 kunde
565 1460 93 23 befinnas
668 1461 82 28 möjligt
759 1463 37 26 att,
807 1458 33 25 till
847 1456 147 34 förstärkande
1005 1463 22 22 af

265 1487 104 42 Bankens
383 1495 118 21 metalliska
520 1495 70 23 valuta
605 1495 39 21 och
659 1495 84 30 dermed
759 1496 70 22 äfven
833 1496 24 21 af
868 1497 49 21 dess
931 1497 94 27 förmåga

265 1516 41 49 att
316 1529 159 22 tillhandahälla
491 1530 140 21 allmänheten
650 1521 73 36 nödigt
740 1527 164 36 rörelsekapital,
921 1528 39 40 hos
977 1532 49 21 Fin-
