1103 1795
337 197 30 22 U.
382 197 29 22 B.
427 210 27 2 —
469 197 175 21 I1[11--XXXIIL
854 199 25 19 21

120 264 172 22 mentarskolan
312 265 8 20 i
341 265 95 27 Kotka).
469 265 41 22 Uti
534 267 83 26 posten
641 265 177 28 gratifikationer
839 266 43 28 för

120 299 112 28 oförvitlig
262 299 69 26 tjänst
360 299 43 22 har
425 299 104 22 däremot
551 306 29 14 en
603 299 137 29 minskning
761 299 63 29 gjort
845 299 36 29 sig

120 333 114 29 gällande.
265 333 150 22 Beträffande
430 336 84 26 posten
530 334 78 27 bidrag
624 334 35 21 till
674 334 62 21 enke-
747 334 38 21 och
796 335 85 27 pupill-

120 369 77 20 kassor
219 367 66 22 torde
307 367 57 22 böra
385 367 135 22 framhällas
536 370 36 19 att
587 367 151 22 Civilstatens
754 368 67 21 enke-
838 369 43 21 och

121 402 148 29 pupillkassa,
286 409 49 15 som
351 402 36 22 för
402 403 54 21 ären
474 403 142 21 1887—1896
632 402 96 29 ätnjutit
744 404 34 20 ett
792 405 89 26 tempo-

120 439 49 19 rärt
189 436 84 29 bidrag
295 439 60 18 stort
377 437 61 21 Fmk
460 438 121 26 25,000:—
597 444 38 14 om
656 437 56 26 året,
728 436 102 22 därefter
844 437 37 21 för

121 472 55 21 ären
193 471 141 22 1897—1906
350 471 45 21 fätt
411 471 35 28 sig
462 471 94 28 tillagdt
570 473 35 19 ett
620 471 122 22 enahanda
752 471 82 28 bidrag
844 471 37 21 till

121 505 103 29 förhöjdt
246 505 84 28 belopp
354 505 26 21 af
399 505 60 21 Fmk
484 506 132 23 120,000:
607 501 16 37 —
635 512 36 14 om
693 505 59 27 året;
774 506 53 21 1897
844 505 36 21 års

122 539 81 29 anslag
218 539 50 22 blef
281 539 127 21 emellertid
426 539 88 28 lyftadt
528 539 60 22 först
603 539 73 22 under
693 540 25 21 är
736 541 60 20 1898.

190 574 72 21 Extra
281 575 183 26 pensionsstaten,
487 573 41 22 har
555 573 53 22 från
633 574 141 28 föregående
800 574 81 29 period

123 610 98 27 stegrats
237 608 53 21 med
306 608 88 21 inemot
409 609 78 25 30,000
503 608 65 21 mark
584 609 8 20 i
608 608 114 22 medeltal.

137 677 46 22 För
197 677 110 28 perioden
325 678 112 21 1892-—94
453 685 42 13 var
510 677 134 22 medeltalet
658 677 61 22 Fmk
732 678 98 25 272,705:
840 678 26 21 82

152 728 9 9 »
249 729 8 10 ”
326 713 111 20 1895—97
472 729 9 8 ,
567 729 11 7 N
687 728 10 8 »
732 713 134 24 301,122:27

336 826 134 23 Trettonde
487 827 178 23 hufvudtiteln.

355 883 83 21 (Diverse
450 884 98 16 allmänna
560 883 90 22 utgifter).

191 946 33 22 Pä
239 946 77 29 grund
331 946 26 21 af
371 946 189 21 Statsutskottets
576 946 40 21 vid
632 946 144 29 landtdagen
792 947 24 20 är
827 948 53 20 1897

122 981 83 29 gjorda
220 980 138 22 uttalanden
380 983 35 19 att
437 981 28 20 de
481 981 73 20 under
573 980 77 21 denna
665 981 144 21 hufvudtitel
824 988 57 21 upp-

123 1018 71 25 tagna
216 1018 78 26 poster
316 1015 77 21 sävidt
416 1015 92 28 möjligt
531 1015 72 21 mätte
619 1015 119 22 redovisas
754 1015 74 22 under
843 1022 39 14 ve-

123 1049 116 29 derbörlig
262 1049 150 27 hufvudtitel,
436 1049 48 27 har,
507 1049 75 22 såsom
598 1049 8 21 i
622 1049 130 22 relationen
774 1049 107 28 (XXXII

123 1092 16 14 s.
155 1085 20 25 3)
191 1083 124 28 meddelas,
330 1083 52 22 frän
398 1083 43 22 och
456 1083 53 22 med
524 1084 26 21 är
567 1085 55 20 1896
632 1091 28 14 en
669 1083 72 22 sädan
750 1083 131 29 anordning

122 1119 8 20 i
145 1118 220 29 kapitalräkningen
388 1118 128 29 iakttagits.
547 1118 138 21 Emellertid
708 1118 96 21 kvarstå
825 1118 57 21 fort-

123 1153 152 28 sättningsvis
284 1160 29 14 en
321 1152 38 21 del
367 1155 83 26 poster,
458 1153 80 21 hvilka
549 1153 133 28 naturligen
695 1153 72 21 funne
775 1153 36 21 sin
821 1152 60 29 plats

122 1187 8 21 i
139 1195 76 14 annan
223 1187 150 22 hufvudtitel.
389 1187 32 22 Sä
428 1190 56 19 t.ex.
494 1191 25 18 är
526 1187 40 22 det
572 1186 310 29 oegentligtattitrettonde

122 1221 158 22 hufvudtiteln
300 1221 37 22 för
352 1221 25 22 år
397 1222 53 22 1896
466 1224 114 26 upptages
597 1223 78 25 35,100
691 1221 66 22 mark
772 1221 36 22 för
823 1228 58 22 upp-

122 1256 102 29 görande
241 1256 27 21 af
278 1256 151 29 jordregister
445 1256 45 28 (III
505 1263 17 14 s.
539 1257 44 26 47),
599 1256 84 21 medan
694 1256 77 21 denna
783 1256 99 21 kostnad

123 1291 73 21 delvis
218 1291 118 21 redovisas
352 1291 8 20 i
376 1290 95 22 ättonde
494 1290 161 21 hufvudtiteln
677 1290 74 21 under
767 1290 114 21 landtmä-

122 1325 126 22 teristaten.
279 1324 165 22 Kostnaderna
469 1324 36 22 för
529 1325 113 21 förstärkt
668 1324 183 29 polisbetjäning
874 1325 7 20 i

122 1359 100 29 Viborgs
245 1359 38 21 län
307 1358 135 22 sommartid
464 1359 43 27 (III
522 1366 17 14 s.
554 1360 36 25 53)
606 1358 71 22 hafva
693 1359 35 21 sin
744 1360 62 20 rätta
820 1358 61 29 plats

122 1394 73 21 under
222 1393 74 29 tredje
321 1393 171 27 hufvudtiteln;
523 1393 191 29 ersättningarna
736 1393 36 22 för
794 1393 87 22 tertial-

122 1428 95 21 tionden
241 1427 37 22 till
301 1427 115 22 särskilda
435 1427 160 29 kyrkoherdar
610 1427 8 22 i
633 1427 101 29 Viborgs
749 1427 40 22 län
805 1427 43 26 (III
863 1435 18 14 s.

122 1463 37 27 51)
181 1462 73 22 under
277 1462 82 29 sjunde
382 1462 21 23 h.
427 1465 23 24 t.,
474 1462 111 28 anslagen
601 1462 37 21 för
653 1462 174 29 öfningsmöten
842 1462 40 21 vid

121 1497 72 21 Evois
209 1496 74 22 under
298 1496 71 22 femte
384 1496 21 22 h.
422 1500 22 23 t.,
460 1497 111 28 anslagen
587 1497 37 20 för
640 1496 122 22 aflönande
777 1496 27 22 af
816 1499 66 19 extra

191 1543 145 17 Statsutskottets
349 1543 111 17 betänkande
472 1543 38 17 N:o
524 1543 18 17 2.
