1109 1789
195 239 31 20 att.
249 238 42 21 alla
308 238 87 29 åtnjuta:
407 238 118 29 förhöjning
543 239 32 22 för
593 241 28 20 tio
640 236 33 25 års

195 271 70 27 tjenst,..
285 272 34 21 till
325 269 81 43 2.100:
409 273 60 24 mark
485 273 31 21 för
531 273 77 22 enhvar
623 274 51 21 eller
705 283 6 3 -
782 291 3 2 E

184 305 33 22 in
232 305 95 29 summa”
344 321 5 5 o.
380 321 5 5 ;i
666 323 5 4 +.
697 308 48 27 my:
761 304 87 33 10,500.

198 333 91 35 gvinliga
312 317 180 58 kassörsbiträden
510 323 55 40 med
577 319 95 54 arvoden,
741 359 2 2 i

191 375 126 28 uppgående
328 375 67 21 under
406 365 109 32 enahanda
525 376 149 27 förutsättning

195 409 33 22 tall
248 409 63 26 1,800
329 410 58 21 mark
406 410 32 21 för
455 409 80 22 enhvar
553 411 50 21 eller
621 417 63 15 sam--

168 450 8 8 =
196 439 110 36 manlagdt
344 460 4 4 s
379 439 26 36 so
431 459 60 6 sn
522 460 4 4 a
626 460 43 6 e
775 445 69 25 5400.

426 485 38 25 jag
600 484 25 30 E
697 485 49 27 Fry
760 486 85 25 23,700.

162 341 13 20 G

160 546 136 22 Afrundande
316 547 58 21 detta
392 548 37 20 tal'
441 547 32 21 till
491 548 78 26 .25,000
583 548 66 26 mark,
664 548 32 21 får
710 548 133 21 Direktionen

91 581 112 29 hemställa
226 582 41 20 att
279 581 65 32 sagda
368 582 79 27 "belopp
456 582 68 21 måtte
543 583 102 27 upptagas.
663 581 6 21 i
689 582 68 21 staten
776 582 68 41 såsom

87 616 79 28 -änslag
180 615 32 22 för
227 615 110 22 aflönande
353 616 23 20 af
388 617 58 27 extra
461 616 94 28 biträden
571 615 52 22 efter
638 616 66 21 behof.

109 648 16 14 >
160 649 80 22 Bland
248 648 25 23 de
292 642 187 36 framställningar,
495 657 45 15 som
553 646 135 26 Direktionen
703 650 43 22 före
762 652 82 20 senaste

91 684 102 28 landtdag
215 684 154 21 öfverlemnäde
391 684 33 21 till
446 684 79 22 Herrar
547 684 191 27 Bankfullmäktige
759 684 32 21 för
813 686 32 20 att

91 719 118 27 föreläggas
225 718 129 22 Ständernas
362 718 115 30 pröfning,
496 725 36 16 var
551 719 59 22 äfven
629 712 110 34 förslaget,
754 720 31 20 att
803 719 40 21 den

91 753 48 21 med
158 752 39 22 fria
215 760 47 14 rum
281 753 39 21 och
338 751 39 24 ved
393 754 59 21 samt
470 760 25 15 en
511 754 93 27 aflöning
618 753 23 22 af
654 753 135 28 1,200-mark
804 753 41 21 för-

91 788 66 21 enade
176 784 286 30 vaktmästarebefattningen
480 788 34 21 vid
533 788 175 21 hufvudkontoret
722 788 66 21 skulle
803 787 41 21 för-

92 822 86 22 vandlas
201 822 33 21 till
261 828 26 17 en
304 822 389 28 öfvervaktmästarebefattning
646 818 48 36 med
715 829 26 15 en
763 822 81 27 förhöjd

93 856 208 28 penningeaflöning
297 848 11 41 .
315 856 24 29 af
353 852 74 30 1,500
447 857 65 21 mark.
541 857 75 22 Denna
638 856 155 28 framställning
815 856 29 22 af-

93 891 89 27 styrktes
198 891 116 21 emellertid
328 890 24 22 af
364 889 79 33 Herrar
456 891 197 27 Bankfullmäktige,.
669 892 65 25 ,,enär
748 890 96 22 bemälde

93 926 150 21 vaktmästares
261 926 124 25 lönevilkor:
394 925 64 22 redan
474 927 113 27 temporärt
601 926 136 28 uppbringats
751 926 33 21 till
799 926 45 21 sist-

93 960 92 21 nämnda
199 960 74 27 belopp
289 966 75 21 genom:
374 960 36 28 ett
428 961 76 29 honom
519 961 75 21 senast
607 960 32 21 för
654 961 24 21 är
693 960 54 22 1897
763 967 25 15 ur
803 960 41 21 dis-

92 991 270 30 kretionsmedelsanslaget
381 994 24 21 af
410 995 205 27 Bankfullmäktige
634 994 99 27 beviljadt
751 994 93 25 arvodes-

92 1029 89 22 tillskott
196 1029 23 21 af
234 1021 50 39 300.
296 1025 59 31 mark,
368 1029 85 22 hvilken
469 1029 173 27 löneförbättring
652 1028 192 28 Bankfullmäktige

93 1071 38 20 ega
146 1063 81 22 tillfälle
244 1064 36 25 att,
296 1064 7 20 i
318 1063 37 22 fall
371 1063 23 22 af
406 1063 41 28 fog,
464 1062 59 23 äfven
539 1058 104 32 framgent
657 1063 43 22 låta
713 1063 76 22 honom
803 1063 42 21 till-

78 1112 2 2 »
92 1098 159 27 godokomma''.
268 1098 2 4 '
280 1098 94 22 Berörda
391 1098 174 27 löneförbättring:
583 1097 23 22 af
621 1098 46 21 300
677 1098 60 21 mark.
752 1104 34 15 om
801 1097 45 22 året

92 1133 38 21 här
153 1133 60 21 äfven
236 1132 177 28 fortsättningsvis
431 1133 89 21 kommit
533 1132 153 27 'innehafvaren
705 1132 23 21 af
743 1132 102 27 ifrägava-

92 1167 65 22 rande
176 1167 118 27 befattning
309 1165 86 29 tillgodo
410 1173 25 15 ur
450 1166 225 27 diskretionsanslaget,
690 1173 49 14 men
754 1166 27 21 dä
796 1165 50 22 aflö-

92 1202 52 27 ning
161 1202 7 20 i
187 1201 68 22 denna
273 1201 54 21 form
345 1200 45 25 icke
408 1202 23 20 är
447 1201 92 27 egentlig
553 1200 55 22 samt
622 1200 104 27 reglering
740 1200 24 21 :af
776 1200 69 21 staten

92 1243 29 14 nu
141 1236 6 21 i
167 1235 47 22 dess
232 1235 72 22 helhet
322 1235 29 22 af.
361 1234 136 23 Direktionen
514 1235 124 27 föreslagits,
657 1235 39 24 har
710 1233 135 25 Direktionen

92 1270 45 21 icke
152 1271 70 20 ansett
237 1270 32 27 sig
283 1270 52 21 böra
349 1268 111 32 underlåta
475 1271 38 25 att,
528 1269 49 22 med
592 1268 157 22 återhemtande
760 1268 23 22 af
789 1268 56 21 hvad

92 1304 136 22 Direktionen
256 1303 89 28 tidigare
359 1303 19 22 i
395 1303 64 22 saken
481 1303 76 27 anfört,
577 1309 93 22 upprepa
691 1302 154 23 ofvannämnda

93 1339 154 26 framställning
267 1338 50 21 med
335 1338 41 22 den
394 1337 23 22 af
433 1337 100 28 förslaget
551 1344 33 16 om
602 1337 200 28 gratifikationernas
820 1343 26 14 ur

93 1373 230 26 diskretionsanslagets
337 1372 126 29 indragning
477 1371 110 29 betingade
597 1371 148 26 modifikation,
756 1372 32 21 att
797 1377 49 22 pen-

66 1414 3 2 *
93 1402 182 31 mingeaflöningen
294 1406 33 21 för
344 1405 158 28 ifrågavarande
521 1404 124 28 funktionär,
664 1405 84 22 hvilken
764 1405 83 21 utöfver

93 1440 65 27 sagda
180 1439 174 27 löneförbättring.
375 1438 24 22 af
413 1439 49 21 300
482 1439 59 22 mark
563 1439 72 27 plägat
653 1438 78 22 erhålla
749 1444 26 15 en
794 1438 53 27 årlig

92 1474 140 28 gratifikation
251 1473 23 22 af
291 1473 43 22 200
352 1473 66 27 mark,
438 1473 67 21 skulle
522 1473 115 21 fastställas
650 1467 43 39 till
705 1467 63 39 1,800
779 1471 67 27 mark,

92 1508 63 22 deraf
169 1508 62 28 1,200
246 1508 59 22 mark
320 1508 38 22 lön
371 1507 39 23 och
425 1507 43 29 600
483 1507 59 22 mark
559 1507 84 22 arvode:
