1103 1795
285 199 22 23 U.
325 199 22 22 B.
364 212 29 3 —
409 199 133 28 Ombyggnad
560 199 26 23 af
600 199 127 23 bankhuset.
880 204 9 22 5

207 264 78 21 Såsom
309 265 110 21 önskvärd
442 264 70 21 måste
533 265 75 20 vidare
624 264 90 22 framstå
730 265 68 21 sådan
815 267 77 19 anord-

135 301 53 26 ning
211 301 36 20 vid
271 301 131 27 disposition
427 301 23 20 af
463 301 113 20 lokalerna
591 302 6 19 i
616 301 123 21 bankhuset
756 304 32 18 att
804 301 42 20 alla
862 301 29 21 de

135 337 136 26 tjenstemän,
289 337 73 20 hvilka
378 337 64 21 hafva
458 337 51 20 med
526 338 155 26 expeditionen
693 337 41 20 och
746 337 145 27 bokföringen

136 375 31 17 att
191 372 76 25 skaffa,
293 371 20 22 få
329 373 48 20 sina
393 373 155 27 arbetsplatser
564 373 6 20 i
586 380 85 13 samma
687 371 87 29 våning,
792 375 52 18 enär
860 376 31 17 ett

135 409 97 27 ständigt
255 409 124 21 samarbete
402 409 78 21 mellan
504 409 65 21 dessa
593 409 148 21 funktionärer
760 416 52 20 eger
836 416 53 14 rum.

136 444 43 20 Det
195 444 39 20 har
249 444 72 21 derför
337 448 62 23 synts
417 445 143 20 Direktionen
576 445 99 27 lämpligt
687 448 32 17 att
730 446 77 19 endast
818 445 71 20 vexel-

135 480 129 20 kassörerna
285 481 41 20 och
347 480 124 21 derutöfver
487 481 105 26 möjligen
609 481 165 20 öfverkassören
791 481 41 20 och
849 480 42 21 alla

136 517 27 19 de
180 515 151 26 funktionärer,
349 523 48 14 som
413 517 85 20 biträda
514 517 50 20 dem
581 516 51 21 eller
647 517 73 20 kunna
736 515 21 22 få
768 516 123 27 befattning

136 552 36 20 vid
188 552 205 27 safesafdelningen,
419 552 71 21 derest
514 559 26 14 en
557 551 69 22 sådan
642 553 115 20 framdeles
774 552 71 21 blefve
861 553 29 20 in-

136 589 77 24 rättad,
230 588 127 27 placerades
374 588 6 20 i
397 588 66 21 första
479 587 115 28 våningen.

209 623 73 22 Sedan
299 624 143 20 Direktionen
458 627 51 18 enat
525 625 34 26 sig
576 631 35 14 om
629 623 136 22 förestående
782 624 108 21 allmänna

135 659 142 27 synpunkter,
293 660 39 20 har
349 660 142 20 Direktionen
508 659 22 21 åt
546 660 122 21 arkitekten
684 660 111 21 Professor
812 660 79 21 Gustaf

136 695 105 26 Nyström
265 695 118 28 uppdragit
407 699 32 17 att
462 697 50 19 med
536 696 125 20 beaktande
681 696 24 20 af
719 697 112 19 desamma
848 696 41 20 och

135 731 82 21 honom
233 732 7 19 i
257 731 65 27 öfrigt
335 731 100 21 lemnade
445 732 107 20 särskilda
562 732 214 27 detaljanvisningar,
788 734 101 25 uppgöra

135 767 74 20 utkast
224 767 30 20 till
271 767 42 20 och
329 767 90 27 ungefär
435 767 96 21 beräkna
546 768 124 21 kostnaden
681 767 33 21 för
725 775 27 13 en
763 767 126 28 förändring

135 803 25 20 af
173 803 122 20 bankhuset
311 803 54 21 efter
381 804 37 19 det
434 803 163 21 Statskontoret
613 803 123 27 bortflyttat
752 803 100 21 derifrån.

207 839 67 20 Detta
297 839 102 27 uppdrag
422 839 38 20 har
483 839 112 21 Professor
618 840 106 27 Nyström
740 846 89 14 numera
845 839 44 20 full-

136 875 57 26 gjort
209 875 42 20 och
267 875 31 20 till
315 875 143 20 Direktionen
474 875 105 21 inlemnat
592 875 110 21 närslutna
714 875 92 21 eskisser
817 875 71 20 äfven-

135 917 48 13 som
200 911 162 26 approximativ
378 911 235 27 kostnadsberäkning,
631 911 99 20 slutande
746 912 35 26 sig
797 910 13 21 å
825 911 62 20 Fmk.

137 947 101 24 260,000:
256 959 35 12 —,
309 947 45 20 deri
370 947 57 20 dock
444 947 48 20 icke
504 947 102 20 arkitekt-
617 947 42 20 och
670 948 218 26 byggmästarearvo-
905 946 3 3 '

136 983 42 19 den
194 985 57 18 samt
267 983 122 20 kostnaden
406 983 33 20 för
454 983 203 27 safesinredningen
673 983 155 20 inberäknade.

208 1017 75 28 Enligt
299 1019 64 20 dessa.
384 1019 92 20 eskisser
491 1019 89 20 komme
597 1022 31 17 att
644 1019 7 20 i
667 1018 200 27 expeditionssalen
883 1019 6 20 i

136 1054 45 20 öfre
204 1053 116 28 våningen,
345 1055 38 19 der
407 1055 37 20 det
467 1061 35 18 nu,
526 1055 137 20 oberäknadt
678 1054 110 27 platserna
804 1055 33 20 för
852 1053 37 22 två

135 1089 106 26 kassörer,
258 1090 69 20 finnes
343 1091 78 20 endast
439 1095 23 21 15
481 1091 141 20 användbara
638 1090 160 27 arbetsplatser,
816 1090 73 21 hvilka

135 1125 42 20 alla
200 1126 66 20 redan
289 1127 38 20 äro
351 1129 119 24 upptagna,
495 1127 93 20 beredas
604 1126 81 27 platser
701 1126 33 21 för
749 1126 109 21 eventuelt
875 1132 11 20 3

136 1161 99 20 kassörer
258 1165 56 17 samt
332 1167 24 20 31
375 1161 13 21 å
405 1167 26 21 32
448 1162 69 20 andra
533 1162 138 27 tjenstemän,
688 1162 148 20 hvarförutom
852 1163 38 19 det

135 1198 126 19 nuvarande
285 1198 213 20 direktionsrummet
521 1199 7 19 i
549 1198 35 20 fall
609 1198 24 20 af
654 1197 88 21 behof
731 1193 17 36 i
758 1205 28 13 en
802 1197 86 21 framtid

135 1233 72 20 kunde
231 1233 112 20 användas
367 1232 73 22 säsom
464 1241 72 13 annex
559 1234 30 20 till
613 1233 201 27 expeditionssalen
837 1234 50 19 med

135 1269 66 20 minst
220 1274 25 15 12
262 1269 87 26 platser.
382 1269 125 26 Dessutom,
532 1269 83 21 hvilket
638 1270 20 27 ej
675 1268 95 29 framgär
786 1269 24 20 af
824 1269 64 20 eskis-

135 1311 68 18 serna,
228 1305 39 20 har
289 1305 112 20 Professor
419 1302 111 30 Nyström
554 1308 72 18 ansett
642 1305 114 27 möjlighet
772 1305 116 20 förefinnas

135 1340 41 20 och
198 1341 82 26 jemväl
299 1341 56 27 tagit
371 1341 7 20 i
394 1341 122 27 beräkning
532 1345 32 17 att
580 1348 28 14 nu
624 1341 67 20 redan
707 1341 7 20 i
730 1341 159 26 sammanhang

135 1376 50 21 med
201 1376 155 27 förändringen
372 1376 25 21 af
410 1377 201 26 expeditionssalen
627 1376 68 21 skulle
708 1377 101 27 vidtagas
820 1376 68 21 förbe-

135 1412 95 21 redande
247 1413 147 26 anordningar
413 1413 33 20 för
462 1416 32 17 att
510 1413 6 20 i
533 1420 27 13 en
577 1413 97 27 aflägsen
690 1413 87 20 framtid
785 1408 12 36 i
816 1412 36 20 fall
868 1412 24 20 af

135 1447 70 21 behof
225 1447 36 22 mä
281 1451 52 18 utan
349 1449 84 26 störing
449 1449 24 20 af
486 1449 86 20 arbetet
587 1449 7 21 i
610 1449 87 20 banken
713 1449 74 20 kunna
803 1448 85 20 inredas

134 1491 27 12 en
177 1484 69 27 tredje
262 1483 81 28 väning
359 1483 48 21 icke
423 1484 72 21 alltför
510 1485 56 26 högt
582 1485 104 20 ofvanom
702 1485 28 20 de
746 1484 60 21 delar
819 1483 24 20 af
853 1491 35 12 ex-

134 1519 177 27 peditionssalen,
336 1526 48 13 som
408 1519 60 28 ligga
490 1522 96 19 närmast
609 1520 54 21 intill
679 1520 42 21 och
737 1519 29 28 pä
783 1519 105 21 hvardera

205 1561 172 18 Bankutskottets
391 1561 127 18 betänkande
532 1561 37 18 N:o
584 1563 16 16 7.
