1103 1795
467 169 25 21 II
805 173 27 20 63

100 238 123 28 anvisning
246 238 37 21 till
299 237 104 22 sökande
419 238 27 21 af
461 237 102 30 ändring
578 237 56 22 deri.
665 237 88 23 Tillika
768 240 93 23 förord-

98 278 60 21 nade
165 278 133 29 Kejserliga
307 278 109 28 Senaten,
426 280 36 19 att
472 277 173 29 handlingarna
655 278 8 21 i
674 278 98 22 ärendet
783 280 79 23 skulle

96 317 72 29 jemte
183 318 85 28 utdrag
283 325 28 14 ur
320 317 145 29 protokollet
476 317 157 22 öfverlemnas
644 317 36 22 till
691 317 170 26 Prokurators-

98 357 102 22 embetet
214 357 8 22 i
237 357 111 22 afseende
364 358 13 21 å
392 357 146 28 vidtagande
554 357 26 21 af
594 357 44 22 den
654 357 90 30 åtgärd,
761 358 100 25 hvartill

99 397 230 29 omständigheterna
344 397 79 22 kunde
439 397 131 22 föranleda.

168 438 76 21 Sedan
264 437 155 22 omförmälda
438 437 143 29 handlingar
596 438 8 20 i
619 438 60 28 följd
693 438 73 21 häraf
780 440 80 22 aflem-

98 479 52 20 nats
165 477 38 22 till
217 477 266 27 Prokuratorsembetet,
495 477 151 21 öfversändes
658 477 118 22 desamma
784 478 76 29 jemte

99 518 122 21 skrifvelse
244 519 27 20 af
291 518 45 21 den
360 520 12 19 3
395 518 63 21 Mars
485 520 53 19 1897
562 517 37 22 till
622 518 203 24 advokatfiskalen
850 522 8 21 i

98 558 111 29 Wiborgs
227 558 90 21 hofrätt
335 557 54 22 med
409 557 116 22 anmodan
545 560 35 19 att
598 558 38 21 för
655 558 28 21 de
697 558 41 21 vid
754 558 105 24 behand-

98 599 81 29 lingen
202 599 25 22 af
248 599 182 29 ifrågavarande
446 599 86 21 ärende
547 599 125 29 begångna
688 599 171 30 felaktigheter

99 642 62 19 emot
174 639 175 22 vederbörande
369 639 79 22 utföra
463 639 55 29 laga
533 639 57 25 åtal;
607 639 120 22 hvarefter
742 640 116 23 advokat-

97 680 99 22 fiskalen
217 680 36 21 uti
275 679 217 28 embetsmemorial,
509 687 49 14 som
574 679 46 22 den
636 682 26 19 14
678 680 180 29 derpåföljande

98 720 68 29 April
180 720 37 21 till
232 720 120 21 hofrätten
367 720 85 28 ingafs,
470 719 98 22 anförde
585 721 40 27 att,
641 720 98 21 emedan
750 720 40 22 det
800 721 57 28 jem-

97 761 46 21 likt
164 760 141 29 stadgandet
326 760 36 21 uti
387 763 24 18 17
435 762 13 25 &
471 760 9 21 i
496 760 171 21 ofvanberörda
681 760 130 22 resolution
826 763 30 27 pä

99 801 120 21 städernas
234 801 83 21 besvär
333 801 27 20 af
374 800 45 21 den
437 803 24 18 17
476 800 103 28 Augusti
595 802 60 26 1762,
671 800 53 29 äläg
738 805 119 24 guvernör

98 843 35 20 att
147 841 38 22 till
199 841 66 22 Hans
280 841 135 28 Kejserliga
429 841 111 28 Majestät
556 841 153 21 oförändradt
719 841 101 22 insända
831 844 27 20 af

97 881 124 28 magistrat
234 881 139 28 upprättadt
387 881 91 28 förslag
492 880 38 22 till
545 881 189 21 äterbesättande
750 881 26 21 af
790 881 64 30 ledig

98 921 231 30 borgmästaretjenst
344 923 58 20 utan
417 922 73 28 nägot
506 923 72 19 annat
592 921 164 21 resolverande
772 925 30 18 än
813 924 41 27 att,

98 963 40 21 der
161 962 39 21 det
221 961 120 28 behöfdes,
365 961 81 22 dervid
470 961 82 29 bifoga
571 961 51 22 sina
637 961 163 30 underdäniga
814 965 41 26 pä-

97 1002 125 22 minnelser
237 1004 60 19 samt
312 1001 134 30 Kejserliga
462 1002 114 21 Senatens
586 1001 266 31 Justitiedepartement,

97 1043 74 28 enligt
191 1042 86 28 jemväl
300 1043 72 20 ofvan
395 1041 154 22 omförmälda
572 1042 139 28 förordning
736 1042 26 21 af
780 1042 46 22 den
841 1046 11 20 5

97 1082 114 23 Februari
235 1084 60 26 1812,
320 1082 58 29 egde
400 1084 106 27 upptaga
530 1081 43 22 och
590 1082 82 28 afgöra
687 1081 85 22 besvär
787 1083 67 22 öfver

98 1123 88 28 förslag
201 1122 44 29 till
259 1123 79 28 lediga
356 1122 194 29 domaresysslors
565 1122 144 29 besättande,
726 1123 65 21 såväl
806 1131 47 14 ma-

97 1163 114 29 gistraten
230 1169 49 15 som
295 1166 147 25 guvernören
456 1162 36 22 uti
507 1162 181 29 ifrägavarande
704 1161 86 22 ärende
806 1163 46 22 för-

97 1203 56 22 farit
168 1203 117 28 felaktigt,
301 1203 154 28 magistraten
471 1201 77 22 deruti
564 1203 35 20 att
615 1201 134 22 densamma
760 1203 92 22 anvisat

97 1244 45 21 den
164 1243 53 22 med
240 1243 51 21 dess
314 1243 89 28 förslag
421 1241 127 29 missnöjde
564 1243 35 20 att
614 1241 50 22 deri
679 1241 57 22 söka
752 1242 100 30 ändring

96 1283 42 22 hos
153 1286 152 26 guvernören,
323 1283 44 21 och
381 1285 147 26 guvernören
544 1282 50 21 äter
608 1281 141 22 derutinnan
760 1283 36 20 att
805 1282 47 22 han

96 1323 109 29 upptagit
220 1323 113 22 besvären
348 1323 38 21 till
401 1323 118 28 pröfning.
547 1322 12 21 I
574 1322 115 21 anseende
705 1321 87 28 härtill,
808 1323 43 22 och

97 1364 29 21 då
148 1363 164 28 magistratens
335 1362 141 22 omnämnda
492 1362 141 28 lagstridiga
648 1361 136 22 förfarande
799 1361 52 23 haft

95 1403 38 22 till
153 1403 97 29 päföljä,
267 1405 34 20 att
317 1403 243 28 fängelsedirektören
575 1402 37 21 W.
626 1402 73 28 jemte
714 1401 60 22 hans
789 1403 61 21 med-

95 1446 78 26 parter
184 1443 121 28 oskäligen
316 1443 81 29 bragts
405 1443 30 28 pä
443 1442 126 22 kostnader
577 1442 38 21 för
623 1441 228 29 ändringssökandet

95 1483 42 22 hos
159 1486 147 25 guvernören
329 1485 61 19 samt
411 1486 159 25 guvernörens
585 1482 116 28 felaktiga
717 1482 84 29 åtgärd
816 1485 34 19 att
