1103 1795
271 173 26 19 78
610 171 25 22 eg

242 241 58 9 mee
328 239 135 10 fl
491 240 6 9 &
524 240 69 9 Sf
639 247 27 2 LR
704 239 50 9 JR
802 239 38 9 1104
882 239 79 13 4.20.

241 252 62 9 OAVUA
323 247 48 26 ALB
379 247 90 26 PGAUUVL
491 251 8 10 4
522 251 80 18 VILI,
618 250 54 12 KULL
689 250 79 12 viuUaro
785 249 121 13 ULIHILUHUO
921 249 79 12 UOTULU

241 281 36 19 att
293 279 103 22 förfalla.

311 319 168 29 Underdäniga
502 320 84 21 besvär
605 320 66 21 öfver
687 320 133 21 hofrättens
835 319 79 29 utslag
929 319 72 22 hafva

241 359 54 22 icke
311 360 98 21 anförts.

313 480 91 21 Genom
434 480 78 28 utslag
536 479 45 22 den
606 482 24 19 19
655 479 104 22 Oktober
784 481 54 20 1894
862 479 139 22 förordnade

242 519 138 30 Kejserliga
404 520 102 21 Senaten
526 520 71 21 bland
613 522 78 26 annat,
707 522 36 19 att
759 519 37 22 W.
812 519 38 22 till
864 520 25 21 P.
905 520 97 21 försam-

242 559 51 28 ling
317 560 107 21 hörande
447 560 155 28 bönehusgäll
625 559 74 22 skulle
723 559 108 29 afskiljas
854 559 54 22 frän
931 559 72 29 sagda

244 600 64 21 försa
317 600 75 28 mling
415 600 44 22 och
477 600 72 29 jemte
565 600 65 21 delar
646 600 24 21 af
687 600 30 27 J.,
733 600 18 21 I.
768 599 43 22 och
827 599 31 22 M.
874 599 131 22 församlin-

243 647 42 21 gar
310 641 38 21 för
372 640 128 22 framtiden
522 640 66 22 bilda
607 647 29 14 en
653 640 101 21 särskild
770 640 145 28 församling,
931 639 74 22 likväl

243 680 61 21 först
335 681 60 20 efter
425 680 40 22 det
490 680 35 21 uti
547 680 103 21 nämnda
675 680 167 29 församlingar
864 687 32 21 ny
918 680 85 28 kyrko-

244 719 72 22 herde
331 720 57 21 eller
403 720 111 29 kapellan
528 720 103 22 tillträdt
646 720 36 21 sin
697 720 80 28 tjenst.
801 719 50 22 Och
862 719 71 22 sedan
941 720 62 21 med-

243 759 130 22 lemmarna
389 761 27 20 af
430 761 25 21 P.
473 760 299 29 moderkyrkoförsamling
788 760 44 21 och
842 761 37 21 W.
890 760 115 22 bönehus-

244 800 49 28 gäll
316 801 13 20 &
352 801 235 21 kommunalstämma
610 801 46 21 den
679 803 25 19 22
728 801 59 21 Juni
812 802 54 21 1895
886 800 117 21 öfverens-

244 840 100 22 kommit
366 843 35 19 att
423 841 99 22 berörda
544 841 156 28 bönehusgäll
719 841 77 22 skulle
811 840 144 22 omedelbart
970 841 33 21 af-

245 881 82 28 skiljas
351 881 53 22 frän
421 881 329 30 moderkyrkoförsamlingen
766 882 44 21 och
825 881 38 21 för
878 881 126 21 framtiden

245 921 65 21 bilda
333 929 29 14 en
385 922 107 28 särskild,
516 923 26 20 af
562 922 128 29 nästsagda
713 922 140 28 församling
874 921 130 22 oberoende

244 961 113 22 kommun
387 963 53 21 med
470 970 59 21 egen
558 962 290 28 kommunalförvaltning,
880 964 59 19 samt
967 962 36 22 W.

246 1001 156 29 bönehusgäll
425 1003 41 21 hos
490 1006 147 25 guvernören
660 1003 66 21 öfver
748 1003 32 21 M.
796 1003 40 21 län
852 1002 99 22 anhållit
967 1010 37 13 om

245 1042 152 22 fastställelse
419 1043 26 21 af
459 1043 155 22 omförmälda
629 1043 84 28 beslut,
728 1043 96 28 yttrade
840 1043 36 28 sig
891 1046 113 25 guvernö-

245 1089 42 14 ren
309 1083 8 20 i
341 1083 73 21 saken
437 1090 84 21 genom
544 1083 78 28 utslag
646 1083 44 22 den
707 1085 26 20 25
748 1083 139 28 päföljande
902 1083 103 28 Septem-

246 1121 47 28 ber,
310 1122 44 21 och
371 1126 56 18 enär
442 1123 25 21 P.
484 1123 303 28 moderkyrkoförsamling,
803 1123 94 29 jemlikt
911 1123 94 29 Kejser-

245 1162 50 29 liga
319 1162 114 22 Senatens
455 1163 85 29 utslag,
564 1163 76 22 skulle
663 1163 63 22 delas
744 1163 9 22 i
773 1166 36 19 tre
828 1163 114 22 särskilda
958 1164 47 21 för-

246 1202 135 29 samlingar,
398 1203 27 21 af
443 1203 81 22 hvilka
540 1203 36 22 W.
593 1203 155 29 bönehusgäll
764 1204 94 21 komme
873 1206 35 19 att
923 1206 83 26 utgöra

246 1249 29 14 en
298 1242 146 29 församling,
468 1246 60 18 samt
546 1244 25 21 P.
592 1243 196 30 församlingsbor
803 1243 41 22 vid
860 1244 145 28 ofvansagda

246 1283 236 22 kommunalstämma
502 1284 115 28 enhälligt
632 1284 89 22 bifallit
736 1284 38 21 till
790 1284 163 29 ansökningen
969 1292 34 14 om

247 1323 36 21 W.
305 1323 169 28 bönehusgälls
490 1324 142 28 afskiljande
648 1324 52 22 frän
716 1324 290 28 moderkyrkoförsamlin-

246 1370 53 21 gen,
316 1363 142 22 förordnade
473 1367 153 25 guvernören,
642 1364 52 21 med
710 1364 131 29 äberopadt
856 1364 52 22 stöd
924 1365 27 21 af
964 1366 13 26 $
994 1367 11 19 2

246 1403 8 20 i
278 1403 88 29 nädiga
389 1403 169 30 förordningen
573 1404 45 21 den
642 1407 12 19 6
670 1404 130 21 December
819 1405 53 21 1865
886 1405 120 27 angäende

246 1444 314 29 kommunalförvaltningen
584 1446 30 28 pä
638 1445 86 28 landet,
750 1448 35 19 att
808 1445 47 21 den
878 1445 37 21 del
939 1446 26 21 af
981 1447 26 20 P.

245 1487 95 26 socken,
371 1487 96 20 hvilken
495 1486 95 27 jemlikt
619 1486 135 29 Kejserliga
785 1486 116 21 Senatens
925 1485 82 22 ofvan-
