1103 1795
211 177 19 16 14
445 177 137 23 Delegationens
595 179 90 16 berättelse
699 184 27 11 om

280 249 85 17 svenska
378 249 37 18 och
428 249 65 18 finska
506 250 88 17 enskuda
610 264 4 3 .
640 264 3 3 .
669 264 153 12 L
836 251 51 20 6,800

280 279 85 17 svenska
379 279 93 22 kungliga
493 294 1 2 <
521 294 2 2 <
551 294 3 3 <
581 294 3 3 .
611 294 2 3 .
670 295 2 2 sc.
700 294 122 3 co.cc...
866 280 21 18 98

281 309 58 22 ryska
353 309 36 17 och
403 309 65 22 polska
492 324 2 2 <
522 324 2 2 <
551 324 2 2 <
581 324 122 3 <
861 311 26 25 AT

836 346 51 21 8,655

208 398 199 28 Kartongbladen,
429 397 30 30 pä
480 398 81 22 hvilka
577 401 128 27 porträtten
726 401 39 20 äro
782 399 121 29 uppförda,
921 402 38 20 äro

209 438 72 22 8,078,
299 434 131 28 nämligen:

281 494 84 17 svenska
379 494 37 17 och
430 494 64 17 finska
507 495 87 16 enskilda
610 509 2 2 .
640 509 2 2 .
670 509 2 3 .
699 509 3 3 .
733 509 1 2 0
759 509 3 2 <
789 509 3 2 <
819 509 2 3 .
836 495 51 19 3,802

281 524 85 17 svenska
379 524 92 22 kungliga
492 539 2 2 «
521 539 3 2 .
551 539 2 2 so
700 539 122 2 L
836 525 52 18 2184

281 559 59 16 ryska
354 553 36 18 och
399 552 72 24 "polska
493 569 1 2 <
521 569 3 2 so
640 569 92 2 e.
760 569 62 12 n
866 555 21 16 2

790 580 19 1 =
812 580 75 30 8,078

208 642 156 29 Portföljerna
385 645 39 20 äro
448 649 98 16 numera
570 643 33 22 till
626 643 88 22 antalet
736 647 34 23 97,
792 643 118 28 nämligen
932 647 27 18 20

209 678 116 29 kungliga
343 678 98 27 mindre,
459 682 27 19 73
503 679 106 22 enskilda
621 679 97 27 mindre,
732 683 9 18 1
755 679 133 28 polsk-rysk
901 680 58 21 min-

209 713 40 22 dre
267 716 62 20 samt
345 718 13 18 3
376 714 35 21 för
427 714 45 22 den
488 715 73 21 större
579 715 170 22 formatserien.

282 750 102 22 Därnäst
400 750 42 22 har
458 750 170 29 Delegationen
646 751 60 28 tagit
722 751 8 21 i
746 750 173 29 öfvervägande
932 751 28 21 de

209 785 117 29 atgärder,
347 793 49 14 som
420 786 69 22 borde
510 786 108 29 vidtagas
635 786 34 22 för
686 786 146 29 samlingens
849 786 110 22 framtida

209 821 136 27 förökande,
358 821 98 22 hvarvid
468 821 165 22 företrädesvis
645 821 124 23 inhemska
781 824 98 26 porträtt
890 822 70 22 borde

209 857 71 27 afses,
297 857 42 22 och
356 857 42 22 har
414 857 170 29 Delegationen
601 857 34 22 för
651 857 84 22 sädant
752 857 109 22 ändamäl
879 858 81 28 anlagt

209 900 28 15 en
255 893 100 22 särskild
375 894 102 27 samling
493 893 75 22 under
584 893 146 29 benämning
748 893 140 27 ,Inhemska
899 900 60 15 sam-

209 929 102 28 lingen*.
344 929 44 22 För
412 930 34 21 att
471 929 53 22 med
545 930 87 21 minsta
653 929 101 22 kostnad
776 929 54 22 och*
841 929 68 22 möda
926 929 33 22 till

209 965 79 22 denna
305 965 102 28 samling
424 965 118 22 förvärfva
560 966 6 21 i
582 965 80 22 landet
678 964 171 23 utkommande
861 967 97 26 porträtt

210 1000 24 22 af
250 1000 123 23 historiskt
389 1001 103 26 intresse,
510 1000 42 23 har
568 1001 170 28 Delegationen
751 1000 81 22 träifat
844 1001 115 21 öfverens-

210 1036 129 22 kommelse
362 1036 53 22 med
436 1036 91 22 landets
548 1043 60 22 resp.
626 1036 148 29 litografiska
794 1037 112 21 anstalter
922 1043 38 15 om

210 1073 35 21 att
266 1072 87 29 årligen
379 1072 97 29 aflägga
499 1072 135 29 öfvertryck
655 1072 23 22 af
699 1072 29 22 de
749 1074 105 27 porträtt,
876 1079 48 15 som
948 1080 13 14 a

210 1107 69 23 deras
303 1108 127 28 tryckerier
454 1107 115 29 utgäfves,
591 1108 118 22 hvarefter
731 1107 168 29 Delegationen
921 1108 39 21 vid

210 1143 62 23 ärets
289 1144 46 21 slut
351 1143 60 23 läter
427 1144 72 22 träffa
511 1143 81 29 nödigt
606 1144 64 21 urval
683 1144 24 22 af
720 1143 39 22 det
770 1143 100 22 sälunda
882 1150 78 15 vunna

212 1179 136 22 materialet.
381 1179 152 22 Beträffande
555 1179 99 29 tidigare
675 1181 7 20 i
698 1179 80 22 landet
798 1179 113 22 utkomna
928 1179 32 22 hi-

210 1215 101 22 storiska
333 1217 99 27 porträtt
448 1215 42 22 har
506 1215 169 28 Delegationen
693 1215 54 22 med
767 1215 115 22 särskilda
902 1218 58 25 tryc-

210 1251 77 22 kerier
307 1251 84 22 aftalat
411 1258 37 15 om
470 1251 105 28 omtryck
597 1251 23 22 af
641 1251 89 22 sådana
751 1251 61 26 blad,
829 1251 34 21 till
881 1251 79 21 hvilka

210 1287 136 22 klicheerna
364 1287 89 22 funnits
471 1287 122 27 bevarade,
611 1287 41 22 och
669 1286 29 29 pä
716 1286 84 23 sädant
817 1288 48 20 sätt
881 1287 79 21 allare-

210 1323 47 22 dan
275 1323 129 22 förvärfvat
421 1325 128 26 porträtten
566 1329 27 16 ur
609 1323 20 22 J.
647 1323 24 22 R.
689 1323 139 22 Danielsons
847 1322 112 27 ,Suomen

211 1358 56 22 Sota
281 1359 26 28 ja
323 1358 99 22 Sotilaat
438 1365 20 15 v.
478 1360 158 20 1808—1809*
656 1360 62 20 samt
734 1357 116 22 särskilda
862 1360 97 26 porträtt

210 1401 28 15 ur
255 1394 62 22 äldre
339 1394 119 28 ärgängar
477 1394 24 21 af
520 1394 117 28 ,Kuopion
654 1394 57 22 Uusi
731 1393 146 26 Kuvalehti*,
893 1393 67 22 hvar-

208 1431 76 28 jämte
309 1436 38 16 mag.
397 1429 134 23 Meinander
554 1430 35 21 till
614 1429 138 29 Tilgmanns
774 1429 41 22 och
837 1429 85 22 Weilin
945 1431 15 20 &

415 1472 23 15 za
460 1465 112 22 anstalter
589 1465 123 22 härstädes
730 1465 115 22 inlämnat
862 1465 98 21 förteck-

211 1466 60 22 Göös
291 1466 56 28 litog
