1103 1795
397 197 28 22 U.
442 197 27 22 B.
488 210 28 3 —
532 198 105 20 XXXIII.
864 198 26 19 21

136 271 42 13 sen
193 263 36 21 vid
246 263 99 21 Bankens
358 264 77 20 kontor
450 264 7 20 i
473 259 47 25 Åbo
536 264 69 20 under
621 263 42 21 den
675 263 53 20 allra
739 265 83 18 senaste
833 263 60 20 tiden

140 301 8 19 i
174 301 23 19 sä
220 300 42 25 hög
285 300 52 25 grad
359 300 94 26 tilltagit,
479 301 32 19 att
534 300 43 25 det,
594 300 33 20 för
642 300 135 25 göromälens
792 299 101 26 behöriga

140 335 173 24 handhafvande,
338 335 110 21 befunnits
469 335 74 26 nödigt
565 337 31 18 att
612 335 36 21 vid
664 335 65 26 sagda
744 335 78 20 kontor
838 335 55 25 finge

140 371 109 25 anställas,
273 371 94 20 förutom
391 372 26 20 de
438 373 37 19 två
497 371 105 24 biträden,
623 371 75 21 hvilka
713 371 33 20 för
762 371 131 21 närvarande

137 407 114 21 -därstädes
273 408 124 26 tjenstgöra,
421 409 31 19 ett
472 407 68 27 tredje
556 407 82 21 biträde
655 409 56 19 samt
726 407 122 27 ytterligare
864 408 29 19 ett

141 444 216 20 vaktmästarbiträde
379 444 34 20 för
436 444 156 25 kringbärande
616 444 22 19 af
661 443 114 24 advisbref,
796 443 97 20 hvarföre

140 479 42 20 och
205 485 48 14 som
275 479 33 20 uti
329 479 36 21 det
381 479 34 20 till
430 479 168 20 Bankutskottet
613 479 22 20 af
650 479 199 26 Bankfullmäktige
866 478 28 20 af-

142 515 60 26 gifna
217 515 100 26 förslaget
333 515 34 20 till
382 522 29 20 ny
427 517 43 18 stat
488 516 33 19 för
536 515 104 20 Finlands
656 515 61 20 Bank
732 515 35 20 för
782 515 112 20 aflönande

142 551 23 20 af
180 551 95 20 kontors-
292 551 39 20 och
348 551 185 21 kassörsbiträden
548 551 37 21 vid
600 551 99 20 kontoret
709 551 8 20 i
727 546 48 25 Åbo
786 550 109 27 upptagits

139 588 34 19 ett
196 587 74 26 anslag
286 587 22 20 af
323 587 76 20 endast
415 587 65 24 3,500
497 587 67 24 mark,
582 587 82 20 hvilket
679 587 75 20 afsetts
770 588 32 19 att
818 587 77 19 använ-

139 623 41 20 das
201 623 33 20 till
255 623 113 20 aflönande
384 623 22 20 af
421 625 79 18 tvänne
517 623 104 22 biträden,
638 623 140 20 Direktionen
794 621 101 21 hemstält

143 660 32 19 att
196 659 65 26 sagda
285 665 86 14 summa
386 659 76 24 skulle,
479 659 8 20 i
503 659 69 20 likhet
587 659 50 20 med
653 659 57 20 hvad
725 659 33 20 för
774 659 99 20 kontoret
888 658 8 19 i

143 694 80 27 Viborg
238 695 125 26 föreslagits,
381 695 95 27 förhöjas
492 695 33 20 till
542 695 66 24 6,000
624 695 67 24 mark,
708 695 139 26 hvarigenom
861 694 34 19 Di-

144 730 111 21 rektionen
278 737 72 14 vunne
373 731 86 20 tillfälle
482 733 32 18 att
529 731 33 20 för
578 731 112 20 aflönande
706 731 22 20 af
744 731 95 20 kontors-
855 730 39 20 och

145 766 183 21 kassörsbiträden
351 767 114 26 disponera
487 768 37 20 två
540 767 93 20 arvoden
648 767 13 20 &
678 767 64 24 1,320
758 766 63 20 mark
836 766 59 21 hvar-

141 802 54 20 dera
218 804 56 18 samt
297 804 31 19 ett
348 803 13 20 &
377 803 65 24 1,200
458 803 68 23 mark,
544 803 50 20 med
610 802 187 25 arvodestillskott,
814 802 53 20 efter
883 801 12 20 5

141 838 44 20 och
202 838 27 20 10
245 839 34 19 års
295 839 108 26 oförvitlig
423 839 73 26 tjenst,
513 839 22 20 af
552 839 42 20 240
611 839 61 20 mark
687 838 105 21 hvardera
807 839 88 25 gången,

142 873 113 21 äfvensom
275 876 30 18 ett
321 874 77 21 arvode
414 875 13 20 &
443 875 43 20 600
503 875 61 20 mark
579 875 33 20 för
628 875 31 20 ett
674 873 221 21 vaktmästarhiträde.

216 933 142 21 Förestäende
374 934 166 26 framställning,
558 941 46 13 som
621 941 62 19 synes
699 933 198 26 Bankfullmäktige

144 976 51 13 vara
211 970 21 19 af
248 969 37 21 vid
301 970 98 20 kontoret
414 970 8 20 i
438 965 47 26 Äbo
507 970 101 20 inträdda
623 969 149 21 förhällanden
788 969 51 20 fullt
854 975 43 14 mo-

146 1005 87 25 tiverad,
251 1005 22 20 fä
288 1006 145 26 Fullmäktige
450 1006 34 20 till
500 1006 177 20 Bankutskottets
690 1005 98 26 benägna
798 1005 100 26 pröfning

144 1041 134 20 öfverlämna
301 1044 56 17 samt
381 1042 7 20 i
411 1042 77 20 sådant
504 1041 100 21 afseende
620 1041 80 28 jemväl
716 1041 96 20 närsluta
827 1047 27 14 en
870 1040 28 20 af-

144 1077 65 20 skrift
224 1077 22 20 af
262 1077 149 21 Direktionens
427 1077 124 21 förberörda
566 1077 130 21 skrifvelse.»

218 1131 109 21 Utskottet
342 1132 39 19 har
397 1132 102 25 granskat
514 1131 27 20 de
556 1131 23 20 af
595 1131 198 26 Bankfullmäktige
809 1130 7 20 i
827 1130 71 20 ofvan-

147 1167 75 20 berörd
238 1167 91 26 ordning
344 1167 136 20 framställda
495 1167 107 26 förslagen
618 1167 40 20 och
673 1167 47 20 icke
736 1167 84 19 kunnat
840 1165 59 28 jäfva

146 1203 29 20 de
191 1203 52 24 skäl,
260 1203 75 20 hvilka
350 1203 33 20 för
399 1203 26 20 de
441 1203 121 26 föreslagna
578 1203 55 20 löne-
646 1202 40 21 och
697 1201 202 27 anslagsförhöjnin-

147 1245 65 20 garna
227 1240 56 19 samt
299 1239 134 20 beträffande
448 1239 68 26 öfriga
538 1239 114 25 ändringar
674 1238 8 20 i
705 1238 40 21 och
768 1238 75 25 tillägg
866 1237 34 20 till

145 1274 44 21 den
206 1281 29 14 nu
251 1274 99 27 gällande
366 1276 70 19 staten
452 1275 22 20 af
490 1274 198 26 Bankfullmäktige
703 1273 124 26 förebragts.

219 1423 29 21 På
264 1424 69 26 grund
350 1424 22 20 af
387 1424 58 21 hvad
461 1424 65 21 ofvan
538 1424 80 20 anförts
629 1423 33 21 får
672 1423 108 20 Utskottet
791 1422 109 21 vördsamt

146 1459 89 21 föreslå:

363 1522 30 18 att
416 1520 110 20 Ständerna
550 1521 57 19 måtte
627 1520 36 24 för
684 1519 31 20 sin
736 1519 30 20 del
781 1520 72 23 antaga
868 1518 33 19 och
