1103 1795
432 187 29 22 U.
477 187 28 22 B.
521 199 28 3 —
565 187 34 21 II.
885 187 13 20 9

139 256 97 21 beröras.
268 257 73 20 Bland
358 257 87 20 sådana
460 257 85 20 ämnen
562 257 38 20 må
616 256 81 21 främst
712 257 99 20 nämnas
828 256 70 21 straff-

138 291 159 26 exekutionen,
313 291 77 21 dervid
411 291 109 21 särskildt
534 291 107 26 frågorna
658 297 38 14 om
712 290 185 21 frihetsstraffens

137 324 152 28 tillämpning,
313 332 38 14 om
373 325 170 26 verkningarna
567 325 25 20 af
605 325 44 20 den
665 330 84 21 genom
765 331 46 20 nya
827 325 70 20 straff-

139 359 64 26 lagen
226 359 90 21 införda
337 359 119 27 vilkorliga
473 359 153 26 frigifningen,
643 366 38 14 om
698 359 98 20 straffets
811 359 85 20 verkan

139 393 29 27 på
190 399 61 21 unga
263 393 133 28 förbrytare,
412 400 29 14 m.
458 400 38 20 m.,
513 400 53 14 vore
582 393 6 21 i
605 400 32 14 nu
653 393 174 27 ifrågavarande
843 393 54 21 hän-

139 427 81 21 seende
245 428 25 20 af
287 428 144 27 synnerligen
448 430 55 19 stort
519 428 101 20 intresse.
652 427 172 26 Otvifvelaktigt
839 428 58 20 hade

138 461 37 21 det
190 461 66 21 äfven
273 462 6 20 i
295 462 49 21 icke
360 462 126 26 oväsentlig
502 462 55 20 mån
572 461 99 27 bidragit
686 461 33 21 till
735 461 125 27 belysande
875 461 25 20 af

138 497 65 19 sättet
224 495 35 21 för
281 496 105 26 lagarnas
409 496 180 21 handhafvande
612 502 38 14 om
667 496 157 20 Prokuratorn
840 495 6 20 i
862 495 35 21 sin

138 530 117 20 berättelse
272 530 216 27 uppmärksammat
500 529 86 28 jemväl
599 530 87 21 sådana
697 529 77 27 frågor
784 537 51 13 som
846 529 50 26 den,

138 564 114 21 huruvida
273 565 138 26 enhetlighet
431 565 7 20 i
453 564 176 27 tillämpningen
646 564 25 21 af
684 564 28 21 de
728 564 74 21 under
818 570 79 15 senare

137 598 58 21 tider
210 599 111 20 utkomna
337 605 45 21 nya
399 599 99 26 lagarna,
515 599 81 20 främst
612 599 133 26 strafflagen
761 598 44 21 och
821 599 76 20 utsök-

138 633 139 26 ningslagen,
301 633 93 21 vunnits
410 633 53 21 eller
478 633 7 20 i
501 633 62 20 hvad
579 633 54 20 mån
650 633 62 20 olika
728 633 132 26 tolkningar
875 633 24 20 af

137 667 118 21 desamma
271 667 58 28 gjort
345 668 33 26 sig
393 667 117 27 gällande;
526 674 38 14 om
584 667 144 26 strafflagens
746 667 86 20 verkan
844 667 52 20 med

138 701 105 21 afseende
258 701 14 21 å
287 701 256 28 brottmålsfreqvensen
560 701 6 21 i
583 701 84 26 landet,
684 708 19 14 o.
722 709 16 13 s.
754 708 20 14 v.

206 736 62 21 Efter
290 736 37 21 det
346 736 156 21 Prokuratorn
519 736 6 20 i
542 735 150 22 förevarande
708 735 120 21 berättelse
844 736 53 20 lem-

137 773 40 18 nat
198 777 27 14 en
249 771 141 26 redogörelse
411 771 35 20 för
468 770 113 21 särskilda
596 771 74 20 under
685 771 55 20 åren
758 771 139 20 1896—1898

137 805 143 20 behandlade
302 805 117 20 fiskaliska
436 805 53 26 mål,
506 805 134 20 framhåller
656 805 156 20 Prokuratorn
828 805 69 20 huru-

137 845 50 15 som
204 839 45 20 han
265 839 39 20 vid
319 839 170 26 granskningen
506 839 25 20 af
544 839 38 21 det
598 839 110 24 material,
726 845 49 15 som
792 839 35 20 för
842 839 54 20 kon-

136 873 81 20 trollen
233 873 25 20 af
271 873 212 27 lagtillämpningen
499 873 73 21 under
583 873 174 26 ifrågavarande
770 873 125 27 tidsperiod

137 907 52 20 stått
205 907 87 21 honom
307 908 33 20 till
356 908 66 26 buds,
438 908 90 20 kunnat
544 908 130 21 konstatera
691 910 32 18 att
738 907 74 21 under
827 907 68 26 sagda

136 942 75 27 period
224 942 98 27 lagarna
340 942 6 21 i
362 942 127 21 allmänhet
505 942 75 21 blifvit
595 942 6 21 i
618 942 77 21 landet
705 942 38 21 väl
754 941 141 21 handhafda.

136 976 49 20 Den
206 983 55 20 nyss
277 977 100 26 antydda
393 977 142 20 afsaknaden
552 977 26 20 af
590 979 31 18 ett
629 977 35 20 för
673 977 113 20 Utskottet
794 976 101 27 tillgäng-

136 1010 45 26 ligt,
198 1010 34 21 för
247 1017 27 14 en
291 1011 91 21 effektiv
397 1011 142 26 granskning
554 1011 80 26 nödigt
649 1010 223 27 materialunderlag,
888 1010 7 21 i

136 1044 103 27 förening
260 1045 52 20 med
328 1045 43 21 den
387 1045 95 26 tidigare
498 1045 122 21 anmärkta
636 1045 84 20 bristen
737 1045 29 27 på
783 1045 113 27 uppgifter

136 1079 50 20 från
202 1081 29 18 ett
247 1079 25 21 af
285 1079 215 21 hufvudområdena
517 1079 35 21 för
561 1079 170 21 Prokuratorns
742 1079 152 26 verksamhet,

135 1113 42 20 har
197 1113 92 20 hindrat
313 1113 112 21 Utskottet
446 1115 32 19 att
494 1119 57 20 egna
567 1113 79 27 frågan
662 1120 39 14 om
718 1113 177 27 lagtillämpnin-

135 1152 42 21 gen
193 1153 27 14 en
236 1147 111 26 ingående
363 1147 155 27 granskning;
534 1154 53 14 men
604 1147 114 21 Utskottet
734 1147 42 20 har
792 1147 50 20 icke
858 1153 37 14 an-

136 1181 92 26 ledning
243 1184 32 18 att
290 1181 92 21 betvifla
392 1181 136 27 riktigheten
540 1181 25 21 af
574 1182 170 20 Prokuratorns
753 1181 142 27 nyssnämda

135 1215 114 27 omdöme,
266 1216 86 20 hvilket
369 1216 112 21 Utskottet
497 1216 53 20 med
560 1215 195 21 tillfredsställelse
766 1215 127 21 antecknat.

204 1250 131 21 Emellertid
351 1250 42 21 har
409 1250 63 21 inom
489 1250 114 21 Utskottet
618 1250 100 25 uttalats,
734 1250 113 20 hurusom
858 1250 37 21 det

135 1291 53 14 vore
203 1285 234 26 anmärkningsvärdt
452 1287 33 18 att
500 1284 7 21 i
523 1287 30 18 ett
568 1284 26 21 af
607 1284 27 21 de
650 1284 32 21 uti
695 1284 135 21 berättelsen
842 1284 53 21 refe-

134 1318 79 21 rerade
236 1318 120 21 fiskaliska
381 1319 83 26 målen,
494 1319 33 20 uti
553 1319 87 20 hvilket
663 1319 90 20 kronan
777 1318 117 21 åsamkats

135 1352 71 20 skada
228 1352 132 27 derigenom
384 1355 32 18 att
438 1352 172 21 vederbörande
626 1352 138 27 tjenstemän
780 1352 50 20 icke
846 1352 49 27 följt

134 1386 51 21 dem
202 1386 133 21 meddelade
351 1386 146 27 föreskrifter,
510 1387 65 20 desse
591 1386 137 28 tjenstemän
744 1388 86 19 ansetts
845 1386 49 21 icke

134 1421 79 20 kunna
236 1421 92 26 åläggas
343 1423 33 19 att
391 1423 83 19 ersätta
490 1421 76 21 denna
582 1421 72 21 skada
670 1421 25 21 af
708 1421 69 21 orsak
792 1423 33 18 att
842 1421 53 20 »till-

134 1455 92 27 förlitlig
248 1455 122 27 utredning
385 1462 37 14 om
439 1455 107 28 beloppet
562 1455 25 21 af
600 1456 97 20 berörda
713 1455 73 21 skada
802 1455 18 27 ej
837 1455 58 20 före-

133 1489 97 27 bragts».
262 1490 53 27 Men
338 1490 29 20 då
391 1490 113 21 Utskottet
527 1490 33 21 till
576 1490 55 27 följd
648 1490 24 21 af
685 1490 75 20 tidens
776 1489 118 28 knapphet

202 1535 131 22 Lagutskottets
345 1535 111 17 betänkande
469 1537 37 15 N:o
518 1535 31 17 18.
