1103 1795
236 184 85 23 Ständ.
337 184 55 23 Skr.
411 197 28 4 —
454 185 130 22 Antellska
600 185 175 28 samlingarna.

401 453 131 23 Finlands
556 454 139 23 Ständers
724 454 158 23 skrifvelse

332 488 5 23 i
360 487 104 29 anledning
488 488 21 23 af
532 488 36 23 den
585 488 117 26 kerättelse,
719 495 42 17 som
778 489 29 23 till
824 489 64 23 Stän--

331 522 63 23 derna
413 522 87 29 afgifvits
522 522 20 23 af
558 523 140 28 Delegationen
714 523 33 23 för
762 523 74 23 värden
854 530 29 17 om

331 557 24 22 de
373 556 20 23 af
407 556 103 23 framlidne
524 556 96 23 Medicine
633 557 123 23 Licentiaten
774 557 20 24 H.
810 557 18 24 F.
844 558 40 23 An-

333 591 35 22 tell
385 591 170 23 testamenterade
572 591 115 29 samlingar.

191 765 57 22 Till
265 765 208 30 Delegationen
491 765 42 22 för
548 766 105 22 värden
667 773 42 15 om
721 766 31 22 de
765 766 27 22 af
804 767 79 22 fram-

121 799 77 23 lidne
216 800 139 22 Medicine
370 800 180 22 Licentiaten
562 801 120 22 Herman
694 801 125 22 Frithiof
830 801 52 22 An-

122 834 51 22 tell
191 834 236 23 testamenterade
446 834 196 29 samlingarna.

190 1005 55 22 Med
267 1005 128 30 anledning
416 1006 23 22 af
460 1006 182 28 Delegationens
663 1006 41 22 vid
722 1007 162 22 innevarande

120 1040 115 29 landtdag
257 1041 90 28 afgifna
365 1041 123 21 berättelse
506 1040 72 22 hafva
596 1041 138 28 Ständerna,
752 1041 70 29 jemte
841 1041 40 22 det

121 1075 29 22 de
167 1076 32 28 pä
217 1075 176 29 framställning
411 1075 23 22 af
452 1075 182 22 Statsutskottet
652 1075 118 22 meddelat
782 1075 98 30 Delega-

121 1109 80 22 tionen
219 1109 169 22 ansvarsfrihet
405 1109 37 22 för
460 1109 45 22 den
523 1109 35 22 tid
576 1110 191 29 räkenskaperna
782 1110 98 23 omfatta

121 1143 55 23 eller
193 1144 64 21 intill
275 1144 122 29 utgången
415 1144 24 22 af
456 1145 26 21 år
503 1143 71 29 1899,
594 1141 113 33 beslutit:

191 1213 22 28 1)
244 1214 36 21 att
308 1212 101 22 tillsätta
439 1219 27 15 en
492 1212 148 29 Delegation,
658 1212 128 23 bestäende
808 1213 23 22 af
848 1221 30 14 en

119 1247 98 24 medlem
235 1247 44 22 och
297 1249 36 20 tre
352 1247 150 29 suppleanter
519 1247 37 22 för
573 1247 81 29 hvarje
667 1247 76 28 ständ,
755 1247 54 22 med
820 1255 61 22 upp-

119 1282 58 29 drag
196 1283 35 20 att
249 1281 36 22 för
303 1282 56 21 åren
380 1281 162 22 1901—1904
560 1281 136 22 handhafva
711 1281 90 23 vården
813 1282 24 22 af
850 1282 32 22 de

118 1316 125 23 Antellska
264 1315 159 30 samlingarna
444 1315 44 22 och
506 1315 183 30 användningen
707 1316 24 21 af
748 1316 131 23 räntemed-

117 1351 40 22 len
183 1358 28 14 ur
237 1349 181 23 Kammarrädet
444 1350 103 22 Herman
568 1350 150 28 Rosenbergs
735 1350 64 29 fond,
818 1353 65 20 samt.

118 1386 52 22 med
187 1386 49 21 rätt
257 1384 37 23 för
315 1382 171 31 Delegationen
504 1386 42 27 att,
565 1384 41 22 der
623 1384 159 29 tilläfventyrs
800 1385 79 22 förfall

117 1420 107 23 inträffat
242 1419 37 22 för
296 1420 74 27 något
388 1419 80 22 ständs
487 1419 109 29 samtliga
614 1419 168 29 delegerade,
772 1415 12 37 i
800 1420 79 22 stället

117 1455 90 22 inkalla
232 1454 23 22 af
283 1456 73 20 annat
383 1453 69 22 stånd
470 1453 84 22 utsedd
572 1453 125 30 suppleant
718 1453 36 23 för
779 1453 45 23 den
842 1454 36 23 tid

117 1489 111 23 behofvet
245 1495 78 21 varar;
