1103 1795
397 199 27 22 U.
441 199 26 22 B.
486 212 26 3 —
528 200 104 20 XXXIIL
872 201 12 20 9

133 267 32 19 att
189 265 47 24 den,
261 265 89 20 hvilken
371 267 23 19 är
411 267 76 25 öppen,
504 265 55 20 skall
576 265 93 21 starkare
685 265 83 21 anlitas.
802 266 40 20 Om
859 266 27 20 dä

134 301 72 21 alltför
218 301 159 20 inskränkande
387 301 160 26 bestämningar
558 301 132 20 beträffande
701 301 184 27 sedelutgifnings-

133 339 70 19 rätten
225 337 78 20 hindra
326 337 85 20 banken
435 339 31 18 att
482 337 7 20 i
505 337 41 20 den
563 338 51 19 män
630 337 100 20 behofvet
746 337 84 21 kräfver
846 337 40 20 öka

135 373 186 20 sedelemissionen
341 374 27 25 pä
384 373 76 24 kredit,
477 375 23 18 är
515 373 77 20 sädant
608 373 77 26 egnadt
701 375 32 18 att
748 373 94 20 försvära
858 373 27 20 lä-

134 411 41 25 get,
193 409 82 21 hvilket
290 409 97 21 däremot
403 409 132 21 underlättas
551 409 7 21 i
574 416 84 14 samma
673 410 57 24 män,
743 416 47 14 som
801 409 85 21 banken

134 446 81 19 förmär
237 445 112 26 tillgodose
373 445 36 20 det
425 445 96 26 legitima
536 445 178 20 kreditbehofvet.
746 446 41 19 Det
803 447 23 18 är
841 446 45 26 just

135 481 33 20 för
183 482 32 19 att
230 481 74 20 kunna
319 483 59 18 möta
394 481 160 20 eventualiteter
570 481 22 20 af
608 481 58 20 detta
683 481 51 26 slag,
751 487 47 14 som
814 481 32 20 för
858 481 28 20 all

135 517 157 25 sedelutläning
308 517 40 20 och
363 517 7 20 i
387 517 29 20 all
432 517 115 26 synnerhet
562 517 34 20 för
611 517 41 20 den
668 517 104 26 utläning,
790 523 45 14 som
853 517 32 20 be-

135 553 67 26 sörjes
218 553 22 19 af
255 553 94 20 centrala
364 552 81 21 banker
459 552 49 20 med
523 552 286 27 sedelutgifningsmonopol,
821 553 65 26 gäller

135 589 42 20 den
193 588 60 27 regel,
271 590 32 18 att
317 589 126 25 utläningen
458 588 68 20 under
542 588 55 26 goda
612 588 55 20 tider
677 588 39 20 bör
728 595 38 19 ega
776 595 50 13 rum
836 589 50 20 med

135 625 175 20 äterhällsamhet
326 631 50 13 men
391 624 69 21 under
475 624 71 26 däliga
561 625 58 20 ökas.

207 678 124 21 Oberoende
354 679 22 19 af
400 678 120 26 affärsläget
543 678 7 20 i
574 678 64 26 öfrigt
661 678 42 20 kan
723 678 65 20 redan
804 684 27 14 en
847 678 40 20 till

135 714 61 26 fällig
211 715 126 26 minskning
357 715 22 19 af
399 714 116 26 tillgången
531 715 28 26 pä
575 714 26 20 de
617 714 89 25 valutor,
724 714 74 20 hvilka
813 715 74 24 utgöra

135 750 222 27 sedelbetäckningen,
374 750 86 20 minska
476 750 253 26 sedelutgifningsrätten.
758 749 81 21 Sådant
849 750 39 19 har

136 786 38 20 hos
191 793 33 13 oss
248 786 139 26 regelbundet
403 786 54 21 varit
473 786 60 20 fallet
548 785 36 21 vid
601 785 133 25 missväxter,
752 785 28 20 dä
794 785 93 21 förrädet

136 822 22 20 af
173 822 116 20 utländska
305 823 84 20 valutor
405 823 57 19 mäst
477 822 7 20 i
500 821 98 21 kännbar
613 821 52 27 grad
681 822 77 20 anlitas
774 821 34 21 till
824 821 63 21 betal-

136 858 51 26 ning
211 858 21 20 af
257 865 26 13 en
306 858 56 20 ökad
379 858 194 26 spanmälsimport.
606 858 100 20 Inträffar
727 857 125 26 minskning
867 858 22 19 af

136 893 89 21 berörda
241 895 32 19 art
289 894 36 20 vid
343 900 25 14 en
389 894 109 26 tidpunkt,
516 893 27 21 dä
559 893 41 21 den
616 893 135 27 obegagnade
768 893 120 26 sedelutgif-

137 930 133 26 ningsrätten
286 930 63 20 äfven
365 937 77 13 annars
459 931 23 18 är
496 929 90 24 nedsatt,
598 929 44 20 kan
653 929 187 21 sedelemissionen
854 936 34 13 na-

137 965 107 26 turligtvis
265 966 127 26 uppehällas
416 965 36 21 vid
476 965 41 20 den
540 965 33 20 för
596 965 96 20 tillfället
714 965 79 26 nödiga
808 965 80 27 höjden

138 1001 76 21 endast
238 999 97 27 sålunda,
360 1003 31 18 att
415 1001 215 26 sedelbetäckningen
646 1001 57 20 ökas.
736 1001 51 20 Men
802 1003 36 18 äro
855 1001 32 20 be-

138 1037 161 26 stämningarna
315 1044 35 13 om
367 1037 247 26 sedelutgifningsrätten
630 1037 87 26 onödigt
733 1037 81 25 tränga,
830 1037 59 20 leder

136 1073 59 20 detta
211 1073 34 20 till
260 1074 32 19 att
307 1073 62 20 alltid
391 1073 138 24 kostsamma,
546 1073 50 20 med
613 1073 106 26 svårighet
735 1072 109 21 utförbara
859 1073 28 20 ät-

138 1109 74 26 gärder
235 1109 68 20 blifva
325 1109 127 24 indicerade,
476 1110 53 19 utan
546 1110 31 19 att
592 1108 101 27 sakläget,
711 1115 35 14 om
763 1108 125 26 lämpligare

136 1145 161 26 bestämningar
312 1145 54 20 varit
381 1145 106 26 gällande,
504 1144 70 21 skulle
590 1144 76 21 sädant
681 1144 63 21 kräft.

209 1199 96 20 Sälunda
320 1199 56 20 hade
392 1200 14 19 t.
424 1205 32 14 ex.
473 1198 103 21 Finlands
588 1199 60 20 Bank
659 1198 69 21 under
738 1200 84 19 senaste
832 1198 55 23 höst,

137 1235 71 20 därest
231 1235 89 20 Banken
341 1235 46 20 icke
403 1235 22 20 af
441 1235 127 20 statsverket
584 1235 84 20 erhällit
684 1236 31 18 ett
730 1234 36 20 län
782 1234 7 20 i
805 1234 83 20 utländ-

137 1271 38 20 ska
198 1271 90 24 valutor,
312 1271 118 25 säkerligen
454 1272 40 19 sett
517 1271 31 25 sig
564 1270 120 20 föranläten
700 1272 37 23 att,
754 1270 69 20 ehuru
839 1270 50 20 kon-

136 1306 143 27 junkturerna
299 1313 52 14 voro
367 1307 26 20 de
409 1308 55 18 mest
480 1313 162 20 ogynnsamma,
659 1306 52 21 söka
727 1305 102 21 utländsk
844 1305 44 21 kre-

137 1342 32 20 dit
192 1342 34 20 till
249 1342 148 20 förstärkande
420 1342 22 20 af
466 1342 32 20 sin
515 1342 225 26 sedelutgifningsrätt.
773 1341 45 20 Och
834 1341 55 20 dock

137 1377 55 21 hade
217 1378 77 21 sädant
319 1378 47 21 icke
389 1378 73 20 behöft
478 1377 162 26 ifrägakomma,
657 1384 35 14 om
708 1377 114 27 möjlighet
837 1377 52 20 före-

137 1413 84 21 funnits
236 1415 33 19 att
284 1415 118 25 temporärt
417 1413 42 21 öka
474 1413 100 20 Bankens
590 1413 113 20 obetäckta
716 1413 171 26 sedelutgifning,

137 1451 30 25 ty,
192 1450 28 25 pä
243 1451 43 19 sätt
309 1449 109 21 Utskottet
439 1450 7 19 i
462 1449 36 20 sitt
514 1449 136 20 betänkande
665 1449 40 20 N:o
723 1449 11 20 2
752 1449 48 20 sökt
816 1449 73 26 ädaga-

137 1485 68 26 lägga,
230 1492 37 14 var
291 1486 36 19 det
350 1485 77 21 främst
450 1485 36 20 det
506 1485 68 20 ökade
591 1485 99 20 behofvet
705 1485 23 20 af
743 1485 146 20 cirkulations-

137 1521 77 25 medel,
232 1528 47 14 som
295 1521 88 20 Banken
399 1521 28 20 dä
443 1521 51 26 egde
510 1521 118 26 tillgodose.

210 1567 171 19 Bankutskottets
395 1566 126 19 betänkande
534 1566 38 19 N:o
584 1567 19 18 3.
