1103 1795
395 182 25 23 U.
436 181 22 24 R.
476 195 28 3 —
520 184 105 20 XXXIII.
874 185 12 20 T

136 249 92 26 mycken
244 249 78 24 valuta,
340 255 46 14 som
403 249 57 20 länet
476 249 78 20 tillfört
569 249 79 25 landet,
665 250 39 20 har
720 250 111 26 samtidigt
844 250 43 26 pla-

135 287 68 18 cerats
226 285 7 20 i
254 285 104 24 utlandet,
376 285 77 20 medan
469 285 23 20 af
507 285 110 20 inhemskt
633 285 82 27 kapital
731 286 155 25 motsvarande,

135 321 62 26 högst
212 321 124 26 betydande
352 320 78 27 belopp
446 321 88 20 bundits
551 321 7 20 i
574 321 229 26 järnvägsbyggnader.

208 375 167 20 Bankutskottet
390 375 39 20 har
444 375 35 20 väl
495 375 70 24 insett,
583 375 56 20 huru
655 375 107 26 vanskligt
776 375 36 20 det
823 377 23 18 är
857 377 31 18 att

136 411 23 20 af
174 418 26 13 en
216 411 100 25 statistik,
333 418 46 13 som
395 411 102 20 omfattar
513 411 75 20 endast
604 418 27 13 en
648 410 34 21 del
698 411 22 20 af
736 411 26 21 de
778 412 28 26 pä
822 411 65 21 saken

136 447 131 20 inverkande
289 447 128 24 faktorerna,
442 447 66 25 draga
530 448 66 25 nägra
612 447 61 20 säkra
690 447 115 20 slutsatser.
838 448 49 19 Men

139 482 26 20 de
189 482 188 26 omständigheter,
402 482 74 21 hvilka
492 482 64 20 ofvan
572 482 88 25 anförts,
677 482 65 20 hafva
757 482 55 21 dock
828 485 59 24 synts

137 518 108 20 Utskottet
267 518 45 20 tala
327 519 30 19 ett
373 519 23 19 sä
414 518 79 26 tydligt
509 518 70 26 spräk,
596 519 32 19 att
644 518 115 25 Utskottet,
771 519 50 20 med
836 519 51 20 hän-

137 560 40 20 syn
200 554 82 26 jämväl
304 554 33 20 till
361 554 56 20 hvad
440 554 110 20 Utskottet
570 554 33 20 för
619 554 64 26 öfrigt
698 554 47 20 haft
761 555 31 26 sig
808 555 79 20 bekant

136 596 37 13 om
198 589 41 21 den
263 589 140 21 ekonomiska
426 589 150 26 utvecklingen
600 590 7 19 i
627 590 73 20 landet
723 590 75 27 under
814 590 73 26 ifräga-

137 626 92 20 varande
260 626 38 24 tid,
330 626 93 20 kommit
453 626 34 20 till
518 626 42 20 den
591 626 161 27 öfvertygelsen,
784 628 32 18 att
846 626 41 20 den

136 662 69 20 under
226 661 27 20 de
276 663 35 19 tvä
335 663 70 19 senast
425 662 103 20 förflutna
550 661 53 26 ären'
619 661 115 28 skönjbara
749 662 138 27 knappheten

138 698 27 25 pä
181 697 116 21 utländska
312 698 83 20 valutor
411 697 187 27 hufvudsakligast
609 697 70 21 berott
689 699 28 25 pä
727 697 160 27 ofvanantydda

137 733 181 26 omständigheter
334 734 50 19 eller
399 734 77 26 därpä:

209 789 31 18 att
255 787 36 21 det
307 787 67 21 ökade
390 788 121 20 välständet
527 789 7 19 i
549 788 74 20 landet
639 788 123 20 framkallat
778 795 26 13 en
820 787 67 21 starkt

136 823 57 20 ökad
209 823 138 21 konsumtion
363 823 40 20 och
419 824 31 19 till
468 824 56 27 följd
540 824 61 20 däraf
616 831 26 13 en
659 824 55 20 ökad
730 824 80 26 import
825 823 22 20 af
861 823 26 20 de

137 859 61 20 flesta
213 859 240 20 förnödenhetsartiklar
459 868 4 16 ;

207 914 32 19 att
262 913 70 20 denna
355 913 80 26 import
449 913 123 26 visserligen
589 915 106 24 motvägts
711 913 22 20 af
748 913 68 20 starkt
831 913 55 20 ökad

135 949 89 20 utförsel
248 949 21 20 af
293 949 26 20 de
342 949 112 26 viktigaste
471 949 198 26 exportartiklarna,
687 951 60 18 utom
763 949 23 20 af
801 950 84 23 smöret,

136 984 63 21 hvars
215 986 75 25 export
306 985 81 25 aftagit,
404 991 50 14 men

208 1039 31 19 att
255 1038 41 20 den
313 1038 68 20 ökade
397 1038 107 26 importen
520 1038 22 20 af
558 1038 108 20 maskiner
681 1038 33 21 för
729 1038 107 21 industrin
847 1037 40 21 och

136 1073 100 20 särskildt
262 1073 33 20 för
319 1073 41 20 den
381 1075 56 18 stora
458 1074 108 25 mängden
582 1074 156 26 nyuppkomna
753 1073 134 21 industriella

136 1109 50 20 verk
211 1111 56 18 samt
289 1109 34 20 för
345 1110 141 26 järnvägarne
509 1110 90 20 likasom
617 1110 40 20 ock
672 1110 107 26 importen
794 1110 22 19 af
831 1110 56 26 järn-

136 1145 128 26 vägsskenor
290 1145 39 20 och
356 1145 154 20 skentillbehör
533 1145 54 20 varit
603 1146 23 19 sä
647 1145 127 27 betydande,
791 1147 31 18 att
838 1145 48 20 den-

137 1187 83 14 samma
236 1180 118 27 öfverstigit
370 1181 108 26 ökningen
494 1181 23 20 af
532 1183 113 24 exporten;

207 1236 32 19 att
259 1235 41 20 den
323 1235 68 20 under
411 1236 83 19 senaste
510 1235 22 20 är
548 1235 113 20 inträffade
677 1235 131 20 missväxten
824 1234 62 20 fram-

137 1271 85 25 tvungit
245 1277 27 13 en
290 1272 43 19 stor
349 1271 80 26 import
444 1271 23 20 af
483 1271 99 26 spanmäl
597 1271 40 20 och
653 1271 54 26 mjöl
723 1271 67 20 under
806 1277 26 13 en
848 1270 37 24 tid,

135 1306 28 20 dä
187 1306 82 20 landets
293 1306 71 20 förräd
387 1308 22 18 at
429 1307 117 20 utländska
564 1307 84 20 valutor
663 1306 64 21 äfven
742 1306 62 27 eljest
820 1305 67 21 starkt

135 1341 65 26 tagits
216 1342 6 19 i
239 1342 104 26 anspråk
340 1337 10 35 ;
361 1344 56 18 samt
433 1342 101 26 slutligen

207 1397 32 18 att
255 1396 125 26 betydelsen
395 1396 23 19 af
433 1396 37 20 det
485 1396 99 25 tillskott,
601 1402 47 14 som
664 1402 77 20 genom
754 1396 36 19 län
800 1395 8 20 i
819 1395 68 20 utlan-

135 1430 37 21 det
187 1431 88 20 tillförts
290 1431 79 25 landet,
387 1431 108 21 kännbart
510 1432 120 20 reducerats
646 1438 77 20 genom
736 1433 31 18 att
778 1431 109 26 samtidigt

135 1468 58 19 stora
208 1466 78 27 belopp
303 1467 124 20 statsmedel
442 1467 105 26 placerats
563 1467 7 20 i
586 1467 103 20 utlandet.

208 1513 168 18 Bankutskottets
390 1513 128 19 betänkande
531 1513 37 18 N:o
581 1514 19 18 2.
