1103 1795
229 179 12 19 2
378 177 29 22 U.
423 177 28 22 B.
466 190 29 2 —
510 177 30 22 H.
556 177 26 22 F.
599 177 96 22 Antells
710 177 142 27 samlingar.

226 243 63 18 naten
312 241 67 21 Ösvar
400 240 68 21 Fione
492 241 5 20 i
520 240 94 21 lifstidon
634 240 31 21 till
681 240 81 21 förmån
778 241 32 20 för
825 240 102 21 Finlands
941 239 45 19 folk

225 275 71 26 gjordt
323 273 180 23 testamentariskt
530 274 147 21 förordnande.
718 273 73 22 Såsom
818 274 22 21 af
864 274 123 21 densamma

226 309 92 27 framgår
343 309 38 20 har
403 308 57 27 Kejs.
477 309 90 20 Senaten
588 309 98 20 anmodat
705 307 112 22 Antellska
832 308 154 27 Delegationen

225 345 30 18 att
278 343 62 20 äfven
364 343 165 27 omhändertaga
553 343 77 20 vården
650 349 33 14 om
709 342 41 21 den
774 343 110 26 egendom,
899 342 87 21 hvilken

224 383 79 21 genom
323 377 65 26 sagda
407 379 125 18 testamente
552 377 86 20 tillfallit
654 377 100 20 Finlands
771 376 49 25 folk,
837 377 39 20 och
892 377 37 20 har
944 376 41 21 De-

224 411 121 27 legationen
365 411 31 20 uti
415 414 29 18 ett
466 411 74 27 tillägg
562 411 32 21 till
614 411 32 21 sin
662 411 123 21 förberörda
799 411 110 21 berättelse
924 411 63 21 redu-

225 446 56 26 gjort
308 446 33 20 för
369 445 77 20 nämda
474 445 134 27 förvaltning.
651 445 32 20 Dä
714 446 29 20 uti
770 452 81 14 samma
874 445 111 21 berättelse

225 479 103 27 härjämte
344 479 6 20 i
371 481 30 19 ett
419 479 121 26 ytterligaro
556 479 73 28 tillägg
645 480 113 27 redogöres
773 480 32 20 för
821 479 166 28 Delegationens

224 514 98 26 åtgärder
337 514 6 19 i
359 513 117 27 anledning
490 514 65 25 däraf,
568 516 30 19 att
613 510 169 25 Österbottniska
794 514 191 21 studentafdelnin-

224 554 40 19 gen
281 547 21 21 åt
317 547 165 28 Delegationens
501 548 49 20 vård
568 548 110 21 anförtrott
693 548 40 21 den
750 548 33 21 del
800 548 21 21 af
836 548 111 21 statsrådet
962 548 22 21 Z.

222 582 106 27 Topelius?
343 581 168 28 kvarlåtenskap,
522 581 85 21 hvilken
625 582 135 27 afdelningen
776 582 21 20 af
813 583 52 20 hans
878 582 106 27 arfvingar

224 615 39 22 fått
279 618 105 25 emottaga
400 616 39 20 och
455 616 120 21 sedermera
592 616 85 21 beslutit
692 616 131 21 öfverlämna
839 616 29 21 till
882 616 101 21 Finlands

224 649 46 21 folk
281 652 30 19 att
326 657 46 14 som
388 650 199 27 nationalegendom
604 650 93 24 bevaras,
714 650 22 21 sä
753 651 37 20 har
804 650 159 21 Statsutskottet
976 650 6 20 i

224 684 58 21 detta
304 684 134 21 betänkande
461 685 95 26 upptagit
579 684 77 27 jämväl
676 684 60 21 dessa
753 684 67 27 bägge
836 684 90 21 ärenden
943 685 40 20 och

223 719 26 20 de
265 719 7 20 i
288 719 116 26 anledning
427 719 21 20 af
470 719 109 20 desamma
595 719 31 20 för
642 718 117 21 Ständerna
774 719 116 26 framlagda
904 719 79 26 förslag

222 753 6 20 i
245 755 32 18 ett
291 753 153 26 sammanhang
461 753 31 20 till
508 753 134 26 behandling.

292 1005 81 21 Genom
390 1004 111 22 skrifvelse
518 1007 20 18 af
554 1005 40 21 den
611 1005 25 20 31
654 1005 40 27 maj
713 1005 55 20 1894
784 1005 80 21 erhöllo
879 1005 106 21 Finlands.

221 1038 101 22 Ständers
345 1039 195 27 Bankfullmäktige
564 1039 169 27 bemyndigande
756 1041 30 19 att
808 1039 26 27 pä
852 1039 132 21 Ständernas-

221 1075 80 26 vägnar
317 1073 113 22 öfvervaka
446 1073 40 22 den
503 1074 21 20 ät
538 1073 102 21 Finlands
656 1073 61 21 Bank
728 1073 117 21 öfverlätna
858 1073 122 21 förvaltnin-

220 1114 42 21 gen
286 1108 21 21 af
325 1108 35 21 det
375 1108 22 21 af
412 1108 225 21 medicinelicentiaten
654 1107 73 22 Antell
743 1107 106 22 donerade
866 1107 78 28 kapital
959 1108 25 21 af

221 1149 25 14 en
272 1143 79 20 million
375 1142 67 25 mark,
458 1149 46 14 som
528 1142 68 21 skulle
620 1143 68 20 under
710 1142 130 27 benämning
857 1142 122 21 »Kammar-

221 1176 60 21 rådet
296 1177 92 20 Herman
405 1176 134 27 Rosenbergs
555 1177 64 20 fond»
636 1177 68 20 såsom
722 1183 26 14 en
764 1176 86 21 stående
863 1176 51 21 fond
925 1183 58 14 sam-

221 1211 122 26 manhällas,
359 1211 38 20 och
421 1210 69 21 skulle
512 1211 195 27 Bankfullmäktige
732 1211 32 20 vid
788 1211 72 26 hvarje
880 1210 100 27 landtdag

220 1245 32 20 till
274 1245 117 21 Ständerna
407 1245 91 21 aflämna
513 1245 136 27 redovisning
665 1245 59 21 öfver
739 1245 91 20 fondens
846 1245 133 26 förvaltning.

220 1279 50 21 Med
293 1279 115 28 anledning
431 1279 59 21 häraf
510 1280 38 20 har
571 1279 158 21 Statsutskottet
748 1279 64 27 jämte
833 1279 110 21 skrifvelse
959 1280 22 19 af

220 1313 41 21 den
283 1315 26 19 22
332 1314 92 21 februari
449 1314 54 21 1900
522 1314 7 20 i
548 1314 100 21 afseende
667 1314 11 20 å
700 1313 128 21 Ständernas
844 1313 135 27 delgifvande

220 1348 39 20 fått
281 1351 92 23 mottaga
395 1348 41 20 den
462 1348 20 20 af
504 1347 139 21 Direktionen
661 1348 33 20 för
708 1347 101 21 Finlands
824 1346 61 22 Bank
901 1347 79 27 afgifna

219 1382 142 21 summariska
376 1382 101 21 öfversikt
493 1382 21 20 af
529 1382 90 21 fondens
634 1382 130 27 förvaltning
779 1382 68 20 under
862 1381 49 21 åren
924 1381 56 21 1896

220 1417 89 19 —1899.
340 1415 196 28 Bankfallmäktige
556 1417 82 20 anmäla
659 1416 67 21 tillika
746 1418 30 19 att
790 1416 98 24 samtliga
901 1416 25 20 de
943 1415 37 21 Jo-

220 1449 90 22 kument
325 1451 37 20 och
379 1449 149 28 räkenskaper,
542 1450 72 21 hvilka
630 1451 86 20 hänföra
732 1451 31 25 sig
779 1450 31 21 till
826 1449 77 21 aflidne
919 1451 60 19 kom-

219 1484 130 21 merserädet
363 1485 98 20 Joachim
476 1487 94 18 Kurténs
587 1485 25 26 på
626 1485 69 26 grund
712 1484 23 21 ai
747 1483 179 22 tesimmeniariski
935 1483 48 22 £0i—

290 1530 144 17 Stutsutskottets
447 1530 111 17 betänkande
571 1530 38 17 N:o
623 1532 17 15 S.
