1111 1773
783 188 75 25 65

173 250 94 22 Emedan
287 251 59 21 äfven
366 250 68 22 denna
452 251 120 28 förordning
587 258 36 15 var
639 252 95 21 bestämd
749 253 32 20 att
796 252 61 26 gälla,

105 284 56 21 intill
183 284 47 21 dess
248 285 87 21 ärendet
354 285 34 21 vid
407 285 153 27 derpåföljande
578 286 101 27 landtdag
696 286 65 22 skulle
776 287 83 20 komma

106 318 67 21 under
196 317 128 23 Ständernas
348 318 157 28 öfverläggning
528 320 37 21 och
583 320 75 26 beslut,
677 320 91 21 förekom
787 320 72 26 frågan

105 352 33 21 till
160 352 127 28 behandling
310 352 33 22 vid
368 353 55 21 1882
441 353 33 21 års
494 354 147 21 ständermöte.
671 354 116 22 Ständerna
802 354 58 20 hem-

106 386 67 22 stälde
195 386 33 26 då,
244 387 7 20 i
266 386 66 22 likhet
351 387 49 21 med
418 387 60 23 hvad
492 387 161 22 Bankutskottet
669 388 34 22 vid
720 388 139 22 1877—1878

105 418 34 24 års
162 420 102 28 landtdag
286 421 113 27 föreslagit,
422 422 32 20 att
475 421 58 25 Hans
553 422 116 27 Kejserliga
683 422 98 27 Majestät
795 422 64 21 måtte

105 462 75 21 genom
196 455 124 23 utfärdande
336 456 63 27 nådig
406 456 121 28 förordning
538 457 71 26 tillåta,
621 457 32 20 att
665 457 7 21 å
675 457 103 21 Finlands
788 457 70 21 Banks

105 491 69 20 sedlar
189 490 30 25 af
235 491 58 26 lägre
313 491 57 20 valör
389 492 26 19 än
430 485 72 27 femtio
516 491 59 21 mark
591 491 25 21 de
631 491 7 20 i
653 491 120 28 Kejserliga'
783 491 75 22 förord-

105 525 77 26 ningen
202 521 22 25 af
237 525 40 21 den
295 526 25 21 13
336 525 58 27 April
410 525 193 22 1874-föreskrifna
618 526 241 21 namnunderskrifterna

105 559 55 27 finge
175 560 26 27 på
215 559 107 22 mekanisk
338 561 39 25 väg
391 559 57 22 inom
462 560 96 21 Bankens
571 560 59 21 lokal
645 561 117 26 anbringas.
862 587 2 2 3

174 594 58 21 Efter
256 594 34 21 det
309 594 68 21 denna
392 595 136 23 hemställan
533 595 82 26 -nädigst
631 595 92 26 hbifallits,
739 594 120 22 utfärdades

105 628 8 21 i
129 628 215 22 öfverensstämmelse
362 629 84 21 dermed
462 629 40 21 den
517 629 7 20 i
540 629 70 22 ämnet
625 625 96 42 gällande
731 629 77 48 nådiga
819 628 41 22 för-

105 663 116 27 ordningen
236 663 23 21 af
272 663 40 21 den
328 664 13 20 4
356 663 114 22 December
486 663 61 22 1882.

175 697 123 21 Emellertid
314 697 38 21 har
361 697 39 22 den
409 697 96 28 stegrade
512 697 218 22 affärsverksamheten
739 675 37 46 osh
785 697 35 21 det
827 697 32 21 till
883 702 2 4 *

106 732 51 27 följd
173 732 61 21 deraf
247 732 64 21 ökade
327 732 97 21 behofvet
438 732 22 21 af
464 729 210 25 cirkulationsmedel
682 731 104 22 föranledt
796 731 64 22 bank-

106 767 102 27 styrelsen
224 767 31 20 att
274 767 49 26 taga
338 767 67 21 under
419 766 152 27 öfvervägande
586 766 103 21 huruvida
702 766 45 21 icke
762 766 97 22 Bankens

106 802 115 21 direktörer
240 801 38 22 och
292 801 125 27 tjenstemän
432 797 69 36 kunde
518 801 76 22 befrias
609 801 46 21 frän
670 801 143 27 skyldigheten
829 802 31 20 att

106 835 144 22 underskrifva
265 836 78 27 jemväl
358 836 75 27 sedlar,
448 836 90 27 lydande
553 837 12 20 &
579 836 72 21 femtio
665 836 59 21 mark
739 835 37 22 och
792 835 68 22 derut-

106 871 63 24 öfver,
192 871 55 21 samt
269 877 34 15 om
326 871 44 21 icke
393 871 242 21 namnunderskrifterna
653 871 12 21 å
680 870 60 22 dessa
762 870 97 27 sedlar,
848 866 16 35 i

96 906 75 27 likhet
186 905 49 21 med
250 906 12 20 &
277 906 48 21 dem
340 906 23 21 af
375 906 57 26 lägre
448 906 86 27 valörer,
550 904 62 23 borde
626 906 21 20 få
657 906 111 26 anbringas
778 906 26 27 pä
816 912 44 14 me-

106 940 72 22 kanisk
194 941 45 26 väg.
261 940 41 21 För
318 940 143 22 bibehällande
477 940 23 21 af
513 940 25 22 de
553 940 136 21 handskrifna
703 939 156 22 namntecknin-

106 980 65 22 garna
192 974 32 21 för
242 974 156 28 ifrägavarande
418 974 69 22 sedlar
506 975 20 21 af
541 975 64 27 högre
621 974 79 21 valörer
715 974 107 21 framhölls
839 974 22 20 af

106 1009 166 29 Ständerna
235 1004 38 38 vid
289 1009 55 22 1882
359 1009 32 21 ärs
406 1008 108 28 landtdag,
532 1010 29 20 att
577 1009 25 21 de
618 1010 65 19 större
699 1009 95 21 sedlarna
809 1008 51 27 utgä

105 1044 8 20 i
128 1044 30 20 ett
177 1043 149 27 jemförelsevis
348 1043 22 21 sä
387 1043 60 27 ringa
466 1044 64 26 antal,
550 1044 31 20 att
600 1042 60 21 deras
675 1042 183 22 underskrifvande

105 1078 32 21 för
151 1078 57 21 hand
223 1078 34 21 väl
270 1078 131 21 medhunnes
415 1077 23 21 af
446 1077 97 22 Bankens
553 1078 126 26 tjenstemän
689 1078 38 20 och
737 1077 43 21 icke
791 1076 68 22 kunde

101 1112 105 22 "medföra:
215 1112 25 21 de
256 1112 139 27 olägenheter,
411 1118 45 15 som
471 1112 53 21 varit
539 1112 117 21 förbundna
671 1112 48 21 med
734 1111 125 21 underskrif-

106 1146 78 27 ningen
200 1147 23 21 af
236 1147 40 21 den
292 1147 56 21 stora
358 1152 84 16 massan
454 1147 93 27 ständigt
556 1146 104 27 utgäende
671 1146 118 21 smäsedlar.
811 1146 48 20 För-

106 1180 125 22 hällandena
245 1181 61 21 hafva
322 1180 115 22 emellertid
453 1181 64 21 sodan
528 1181 46 21 dess
583 1180 98 27 gestaltat
689 1180 31 27 sig
730 1180 129 26 väsentligen

107 1216 130 20 annorlunda
259 1216 38 21 och
319 1215 116 28 förorsakat
454 1216 32 20 att
501 1215 59 21 äfven
576 1210 80 26 arbetet
671 1214 47 22 med
733 1214 127 21 underskrif-

107 1249 77 27 ningen
204 1250 22 20 af
243 1250 25 20 de
288 1250 66 20 större
370 1249 97 21 sedlarna
482 1250 68 20 blifvit
564 1249 79 28 ganska
657 1248 138 27 betungande.
826 1248 34 21 Sä-

107 1289 46 24 som
167 1284 112 27 belysande
294 1283 71 21 härför
379 1284 35 20 mä
429 1283 83 21 anföras
528 1284 31 20 att
573 1283 148 21 medelantalet
736 1282 78 27 årligen
828 1282 32 21 för

109 1313 68 26 sedlar
191 1318 24 20 af
226 1317 78 26 femtio,
321 1317 113 29 etthundra
449 1317 39 21 och
503 1316 124 22 femhundra
637 1317 69 21 marks
717 1316 63 26 valör,
790 1316 70 22 hvilka

107 1351 24 21 af
150 1352 98 21 Bankens
267 1350 114 22 direktörer
400 1352 38 22 och
457 1351 125 27 tjenstemän
596 1350 164 25 underskrifvits,
776 1350 87 31 utgjort,

107 1386 32 20 för
155 1386 57 26 åren:
220 1386 54 21 1883
290 1385 38 21 och
345 1386 55 22 1884
414 1386 79 24 28,000
508 1386 91 26 stycken,
615 1385 32 21 för
657 1385 49 21 åren
719 1384 141 22 1885—1889

107 1419 79 27 50,000
204 1418 92 28 stycken,
312 1418 32 22 för
360 1420 49 20 åren
426 1419 141 21 1890—1894
581 1418 78 27 56,000
674 1418 85 27 stycken
775 1418 38 21 och
828 1418 31 21 för

107 1454 50 21 åren
174 1453 140 22 1895—1899
330 1454 91 26 102,000
435 1453 95 27 stycken.

177 1488 60 21 Hvad
259 1488 64 21 sedan
342 1488 127 21 vidkommer
488 1487 40 21 den
542 1488 43 21 risk
601 1487 50 21 eller
665 1486 51 26 fara,
732 1493 44 15 som
791 1486 69 22 kunde

109 1530 60 14 anses
192 1522 74 29 uppstå
284 1522 125 28 derigenom,
426 1522 32 22 att
473 1521 268 22 namnunderskrifterna.ä
756 1520 25 22 de
796 1521 64 27 högre

780 1574 11 17 5
