1103 1795
462 164 28 36 II
805 170 26 19 81

104 245 41 14 ren
169 237 22 22 S.
215 237 44 22 och
281 237 236 28 landssekreteraren,
541 237 142 28 lagmannen
705 237 29 21 N.
758 237 37 22 till
817 237 47 21 last

105 279 75 20 säsom
200 277 158 29 oskicklighet
376 278 9 21 i
403 278 114 28 tjenstens
537 277 119 28 utöfning,
676 277 116 28 pröfvade
811 277 51 22 hof-

104 319 77 20 rätten
197 317 100 28 rättvist,
313 317 8 22 i
337 317 54 22 stöd
407 318 26 21 af
447 319 25 20 21
489 318 13 26 &
518 319 28 20 40
560 317 54 28 kap.
627 316 155 29 Strafflagen,
794 317 68 22 döma

104 361 147 25 guvernören
274 358 22 21 S.
320 358 44 21 och
387 357 142 29 lagmannen
552 357 28 22 N.
597 359 35 20 att
650 357 82 22 härför
748 357 115 22 hvardera

105 398 55 22 böta
176 401 27 19 30
217 398 73 22 mark.

173 438 139 22 Hofrättens
327 438 81 29 utslag
423 438 42 21 har
480 438 48 21 fått
542 438 73 21 vinna
629 438 54 29 laga
699 438 71 21 kraft.

173 599 35 21 De
226 599 8 21 i
254 599 39 20 det
319 598 142 28 föregående
488 598 133 22 refererade
644 597 121 22 fiskaliska
787 598 77 21 målen

104 639 80 21 kunna
198 639 127 22 betecknas
341 639 77 21 såsom
429 639 28 21 de
467 641 61 19 mest
538 638 242 28 anmärkningsvärda
790 637 74 22 bland

106 679 81 28 dylika
208 679 47 22 mål
270 679 74 22 under
359 679 118 29 perioden,
494 680 85 21 medan
594 679 78 28 öfriga
686 679 75 22 under
776 687 88 14 samma

105 718 36 22 tid
162 721 49 19 mot
233 719 167 28 myndigheter
420 719 43 22 och
479 719 141 29 tjenstemän
636 719 96 22 utförda
746 719 49 22 åtal
810 719 53 22 huf-

106 759 154 28 vudsakligen
283 759 97 22 hänfört
403 759 37 29 sig
458 760 38 21 till
515 760 124 21 förseelser
654 760 26 21 af
691 759 172 29 jemförelsevis

104 799 68 28 ringa
193 799 164 22 beskaffenhet
380 799 51 22 dels
455 800 51 27 ock,
530 799 40 22 der
585 799 73 28 högre
674 807 84 14 ansvar
773 799 91 22 kunnat

106 839 176 28 ifrågakomma,
305 839 104 28 grundat
432 840 36 29 sig
490 840 208 28 hufvudsakligast
720 841 30 28 på
765 841 99 20 försum-

105 879 83 21 melser
202 879 41 21 vid
258 879 163 28 fullgörandet
436 881 27 20 af
477 880 116 21 särskilda
608 879 149 30 åligganden,
768 887 96 21 synner-

105 919 71 28 ligast
198 919 113 22 åsidosatt
333 920 286 29 expeditionsskyldighet
634 920 57 21 eller
706 920 74 21 andra
794 920 70 21 efter-

106 961 61 20 satta
189 959 104 22 arbeten.
325 960 105 22 Sålunda
452 961 74 21 hafva
548 961 125 21 eftersatta
691 961 97 21 arbeten
803 961 62 20 varit

106 1000 107 28 grunden
228 1000 37 21 till
281 1001 139 28 suspension
435 1001 55 22 från
504 1001 104 29 tjensten
621 1001 9 21 i
640 1001 40 21 det
695 1008 44 14 ena
754 1001 44 21 fall
808 1001 57 21 slikt

106 1040 69 21 straff
195 1040 74 22 under
284 1041 112 28 perioden
411 1041 185 28 ifrågakommit,
613 1041 44 22 och
673 1041 146 22 beträffande
835 1041 28 21 de

105 1079 96 22 relativt
220 1080 62 29 höga
297 1081 155 28 bötesbelopp
468 1081 27 22 af
510 1083 62 26 1,100
588 1081 44 22 och
650 1083 59 26 1,600
725 1080 73 28 mark,
814 1088 50 14 som

106 1120 74 30 enligt
195 1121 73 22 ofvan
282 1121 99 30 intagna
396 1122 134 21 statistiska
544 1122 66 21 tablå
624 1122 81 21 blifvit
720 1121 8 21 i
743 1121 121 22 fiskaliska

105 1161 47 21 mål
171 1161 113 21 utdömda
303 1161 75 22 under
394 1162 27 21 år
438 1164 62 25 1898,
515 1162 39 21 må
569 1162 43 21 här
626 1165 104 24 nämnas,
746 1163 36 19 att
797 1161 67 21 dessa

106 1201 66 21 böter
195 1201 90 21 ådömts
308 1201 38 22 för
367 1201 185 22 underlåtenhet
574 1203 36 20 att
628 1201 63 22 inom
706 1201 158 21 föreskrifven

105 1241 36 22 tid
162 1241 100 22 insända
284 1241 95 28 dagbok
401 1242 69 21 öfver
492 1241 136 22 verkstälda
643 1241 222 29 egodelningsrätts-

107 1282 170 29 förrättningar
292 1281 56 22 eller
362 1285 60 25 göra
438 1282 117 27 anmälan,
571 1283 36 20 att
622 1281 60 22 slika
692 1281 172 28 förrättningar

106 1321 21 29 ej
143 1321 155 22 förekommit.

174 1362 54 22 Med
251 1362 110 22 afseende
383 1363 14 21 å
418 1362 64 22 hvad
496 1362 41 29 jag
553 1362 98 22 sålunda
665 1361 63 22 varit
743 1360 9 22 i
767 1360 95 22 tillfälle

106 1404 35 20 att
163 1402 126 22 framhålla
311 1403 44 21 och
377 1406 59 18 enär
459 1403 21 28 ej
504 1402 79 29 heller,
607 1409 37 15 om
660 1402 41 29 jag
716 1401 148 28 undantager

107 1442 39 21 det
165 1443 73 21 andra
257 1443 8 21 i
281 1443 132 28 ordningen
437 1443 27 21 af
483 1443 72 22 ofvan
570 1442 131 22 refererade
716 1441 53 28 mål,
786 1441 78 28 öfriga

105 1483 43 22 här
169 1483 100 30 intagna
290 1483 87 22 referat
400 1483 84 22 kunna
500 1490 67 14 anses
582 1482 152 29 ådagalägga,
751 1483 35 19 att
800 1481 40 27 lag
860 1481 8 20 i

174 1523 128 18 Prokuratorns
315 1523 95 18 berättelse.
787 1522 11 17 6
