1103 1795
110 566 2 14 |
132 571 157 23 Löneförhöjning
301 571 29 18 för
343 573 21 16 10
377 572 30 17 års
420 572 59 22 tjenst
488 573 20 17 åt
516 573 108 18 Professorn
633 574 50 17 Wal-
697 587 1 9 |

108 1170 1 3 i
129 1159 73 18 Arvode
219 1159 30 17 för
264 1160 10 17 5
287 1159 30 17 års
336 1159 59 22 tjenst
413 1159 21 17 ät
451 1138 104 39 Äktuatien

469 172 31 21 IX

456 366 101 23 Transport
610 368 38 16 500:
662 378 20 1 —

132 400 157 23 Löneförhöjning
298 400 29 18 för
336 401 21 17 15
366 401 30 17 ärs
403 400 59 23 tjenst
468 401 20 17 ät
495 401 61 17 Forst-

155 437 99 20 mästaren,
267 435 87 18 Friherre
367 435 68 17 Gustaf
446 436 81 17 Wrede.
553 448 3 4 .
610 437 38 16 500:
662 446 20 2 —

285 521 77 26 Sjunde
378 521 151 22 Hufvudtiteln.

155 607 61 18 demar
231 607 47 17 Ruin
293 619 4 5 .
322 620 3 4 .
351 620 4 4 .
380 620 3 3 .
438 621 89 4 saas
552 621 3 3 +
595 609 53 20 1000
662 602 36 27 —|

131 641 114 22 Förhöjning
253 641 20 18 af
281 641 85 22 anslaget
374 641 30 18 till
409 620 148 39 Universitetets
697 652 1 8 i

154 675 167 23 reparationsfond,
334 676 59 22 enligt
408 676 64 23 nädigt
487 676 69 18 förord-
697 667 1 23 i

697 699 1 13 |

154 710 60 18 nande
227 710 34 17 och
273 710 106 22 Kejserliga
391 710 91 18 Senatens
494 711 62 17 beslut
697 731 1 3 i

154 744 35 18 den
201 745 21 16 21
236 744 89 18 Februari
340 745 49 20 1899,
402 745 40 17 med
465 758 4 3 .
494 758 4 5 .
523 759 4 3 .
551 759 4 4 .
580 746 67 20 30,000:
661 757 20 2 —
697 768 1 4 i

130 779 114 22 Förhöjning
253 779 20 18 af
281 779 84 22 anslaget
373 779 30 17 till
411 779 145 18 Universitetets

154 813 201 22 expensemedelsfond,
374 814 59 22 enligt
451 814 105 23 Kejserliga

153 848 90 18 Senatens
256 848 61 18 beslut
329 849 35 16 den
376 849 20 16 21
406 848 90 18 Februari
506 849 50 21 1899,

154 883 56 17 med.
236 896 3 3 -
264 879 16 30 ss
293 885 388 20 LL
580 879 75 30 18,000:
667 879 18 30 —

130 918 71 22 Anslag
213 917 29 18 för
253 917 145 18 Universitetets
411 917 145 24 entomologiska

153 952 106 23 samlingar,
275 952 60 22 enligt
347 952 106 22 Kejserliga
466 952 90 18 Senatens

153 986 62 18 beslut
227 987 35 17 den
275 987 20 16 21
309 986 90 18 Februari
413 987 57 17 1899.
494 1000 4 4 .
523 1000 3 4 .
552 1000 3 4 .
592 988 54 21 1,500:
660 998 22 2 —

129 1021 115 22 Förhöjning
259 1021 20 17 af
293 1021 118 22 ärsanslaget
422 1021 29 17 för
463 1021 92 18 Universi-

153 1057 58 16 tetets
223 1055 120 23 fysiologiska
352 1055 138 22 laboratorium,
498 1055 58 23 enligt

152 1090 107 22 Kejserliga
283 1089 90 18 Senatens
396 1089 62 18 beslut
478 1090 35 17 den
533 1091 21 16 21

152 1125 91 17 Februari
257 1125 49 20 1899,
318 1124 41 17 med
379 1138 4 4 .
409 1137 3 5 .
437 1137 4 3 .
466 1137 4 4 «
552 1137 4 5 «<
593 1126 55 21 1,500;
661 1135 20 3 —

152 1193 30 18 vid
207 1189 146 26 Öfverstyrelsen
376 1193 29 17 för
426 1193 130 18 skolväsendet
696 1203 2 16 i

153 1228 60 17 Oskar
231 1227 43 18 Roos
293 1241 3 4 .
321 1240 3 5 «
351 1240 31 5 ss
407 1240 33 5 ss
466 1223 11 33 os
494 1241 4 3 0
524 1241 31 4 ec
608 1221 90 31 500:
664 1217 14 39 —
688 1217 14 39 :

129 1262 190 23 Arvodesförhöjning
337 1262 29 17 för
383 1262 50 18 vissa
451 1263 31 17 års
498 1262 58 22 tjenst
697 1254 1 3 i

152 1298 21 17 åt
185 1297 92 18 särskilda
289 1297 61 18 lärare
363 1297 34 18 och
409 1297 104 18 lärarinnor
525 1297 31 18 vid

153 1331 212 18 elementarläroverken
378 1345 4 4 .
407 1344 4 4 .
436 1345 3 4 .
464 1345 4 3 .
580 1333 66 20 17,000:
662 1343 18 1 -—
696 1322 2 23 i

129 1366 114 22 Förhöjning
261 1366 20 17 af
297 1365 60 18 finska
375 1345 123 43 reallyceets
499 1366 5 16 i
517 1366 39 17 Wi-

152 1401 45 22 borg
210 1401 111 22 utgiftsstat,
336 1400 59 23 enligt
407 1400 105 23 Kejserliga
524 1400 31 18 Se-

151 1438 67 16 natens
236 1436 61 18 beslut
315 1435 35 18 den
369 1436 22 16 26
409 1435 79 18 Januari
506 1435 48 21 1899,

151 1471 57 18 med.
237 1484 114 5 ooo
376 1470 304 21 kee
577 1466 75 30 10,740;
664 1466 18 30 —

451 1511 103 22 Transport
577 1511 67 22 80,240:
658 1521 20 2 —
693 1505 2 28 |

822 1357 2 63 |

756 1499 67 32 23,140]
832 1521 21 2 —

863 1363 2 76 |

862 1441 2 43 |

862 1485 2 42 |
