1103 1795
254 181 27 20 90
595 179 25 22 I

226 246 93 30 sedliga
342 247 109 22 ändamål
473 247 136 29 derigenom
631 247 50 22 helt
703 248 45 21 och
763 249 75 21 hållet
852 247 135 23 törtelades.

224 288 55 21 Men
302 287 83 22 hvilka
406 295 99 21 normer,
530 287 55 30 som;
599 288 39 21 för
652 287 74 29 öfrigt
740 287 74 22 borde
829 287 9 22 i
854 287 85 29 antydt
953 288 35 21 af-

224 327 87 22 seende
333 328 136 29 uppställas,
493 328 60 22 låter
571 328 40 22 väl
626 328 53 22 icke
693 329 31 28 på
740 328 103 22 förhand
858 328 130 23 bestämma

224 368 43 29 sig,
291 370 59 20 utan
372 369 74 21 måste
467 368 41 22 väl
522 368 36 22 uti
574 368 117 29 väsentlig
708 369 56 21 mån
778 368 78 22 blifva
870 367 117 23 beroende

224 409 31 29 på
278 408 46 23 den
347 409 132 22 förhanden
501 409 103 22 varande
628 408 56 23 eller
699 408 127 23 tillernade
840 408 147 30 lagstiftnin-

224 455 59 22 gens
307 448 120 22 allmänna
449 448 154 30 grundsatser
618 449 8 21 i
642 449 68 28 fråga
734 456 38 15 om
788 448 199 29 äktenskapsskil-

224 489 53 22 nad.
310 489 45 22 Att
377 489 101 29 dispens,
504 490 75 21 såsom
602 491 35 20 ett
659 489 123 29 undantag
799 489 55 22 från
869 488 118 22 allmänna

224 529 83 29 lagens
322 529 154 29 föreskrifter,
492 529 75 22 under
583 530 106 21 normala
704 529 172 26 förhållanden,
885 528 56 23 eller
957 529 30 22 då

224 569 120 22 desamma
365 569 81 22 kunna
468 577 68 14 anses
560 572 86 26 utgöra
668 571 35 20 ett
722 569 154 28 fullständigt
890 568 97 29 uttryck

223 609 38 22 för
285 609 41 22 det
349 610 118 22 allmänna
492 610 228 22 rättsmedvetandet
742 610 39 21 för
804 609 36 22 sin
859 609 41 28 tid,
917 608 70 23 också

224 649 84 22 endast
323 649 9 22 i
347 650 135 29 synnerliga
496 650 179 29 undantagsfall
689 650 44 22 bör
747 649 180 30 ifrågakomma,
942 649 43 22 har

220 689 42 29 jag
277 689 119 30 knappast
409 690 85 22 behöft
508 690 108 29 tillägga.

292 729 49 22 Det
351 730 78 22 skulle
439 730 73 22 sedan
522 730 118 22 måhända
649 730 97 22 tillhöra
756 730 50 29 mig
816 731 36 20 att
862 733 125 18 omnämna

223 769 9 21 i
247 769 98 22 hvilken
367 769 108 30 riktning
495 771 42 28 jag
558 778 69 14 anser
642 772 35 20 att
692 771 46 21 den
754 770 123 22 blifvande
891 769 96 22 revisio-

223 817 47 14 nen
286 810 27 21 af
327 809 184 31 lagstiftningen
530 810 121 29 angående
665 810 239 29 äktenskapsskilnad
913 809 73 25 borde

222 850 38 27 gå.
290 849 66 22 Utan
381 852 36 19 att
440 851 75 21 likväl
539 851 56 29 ingå
620 851 30 29 på
675 853 34 20 ett
732 854 108 19 närmare
862 850 123 22 uttalande

223 889 89 29 härom,
337 890 63 22 helst
419 891 85 22 sådant
519 891 55 22 med
589 891 110 22 afseende
716 891 13 22 å
744 891 86 22 sakens
845 892 64 20 stora
923 890 63 29 prin-

223 929 86 30 cipiela
336 930 121 29 betydelse
480 931 127 29 påkallade
630 939 29 14 en
681 931 156 29 vidlyftigare
859 930 126 23 undersök-

222 969 59 30 ning
297 974 31 18 än
344 978 29 14 en
387 971 150 28 publikation
561 971 74 22 sådan
650 979 49 14 som
716 971 45 22 den
772 971 155 22 förevarande
937 971 48 22 kan

223 1012 113 27 upptaga,
345 1011 43 21 vill
401 1011 42 29 jag
459 1011 131 22 emellertid
605 1015 91 25 nämna,
714 1014 36 19 att
760 1012 86 28 frågan
856 1018 69 22 synes
935 1011 49 28 mig

222 1050 36 22 uti
281 1051 182 29 meråberopade
478 1051 126 22 berättelse
620 1051 37 22 till
674 1053 54 21 1885
744 1052 38 21 års
798 1051 115 30 landtdag
928 1051 57 22 alla-

221 1090 74 22 redan
319 1091 73 22 hafva
415 1091 81 22 blifvit
517 1092 30 28 på
570 1093 34 20 ett
619 1091 223 22 tillfredsställande
857 1093 47 20 sätt
918 1091 9 22 i
942 1091 42 22 all-

221 1130 98 22 mänhet
334 1131 115 22 besvarad
463 1139 85 21 genom
564 1131 46 22 den
633 1132 49 21 deri
696 1133 31 27 på
743 1132 101 21 anförda
859 1131 51 22 skäl
925 1138 58 22 upp-

222 1170 77 22 stälda
323 1173 84 27 satsen,
431 1173 35 20 att
489 1171 81 30 lagens
593 1172 161 29 begränsning
776 1172 63 21 varit
861 1171 37 22 för
913 1172 70 28 trång

221 1211 39 21 för
283 1213 36 20 att
342 1212 76 21 såsom
440 1212 65 29 regel
526 1212 81 22 kunna
622 1211 180 30 upprätthållas,
818 1219 30 14 en
862 1213 55 26 sats,
933 1219 50 15 som

222 1251 21 29 ej
267 1251 75 22 heller
362 1259 69 22 synes
446 1252 49 28 mig
510 1252 73 22 hafva
597 1252 83 22 blifvit
692 1251 85 30 jäfvad
793 1259 85 21 genom
893 1251 29 22 de
937 1254 46 19 sta-

221 1291 96 22 tistiska
333 1292 84 28 siffror,
429 1299 49 14 som
494 1292 34 22 uti
545 1300 82 14 senare
642 1292 140 22 berättelser
796 1292 98 22 blifviti
905 1295 78 19 ämnet

221 1331 147 29 framstälda,
392 1333 45 21 och
460 1332 46 22 den
529 1333 134 28 personliga
678 1332 136 22 erfarenhet
826 1332 43 28 jag
883 1333 99 21 rörande

221 1371 140 22 meddelade
385 1372 369 29 äktenskapsskilnadsdispenser
776 1372 10 21 i
808 1372 102 21 embetet
924 1379 58 15 vun-

221 1411 42 29 nit,
289 1412 44 21 och
349 1413 35 20 att
399 1412 90 22 således
505 1413 77 21 såsom
598 1412 52 22 skäl
664 1412 38 21 till
718 1412 94 21 skilnad
828 1412 8 21 i
852 1412 129 29 äktenskap

220 1452 8 21 i
243 1452 185 30 lagstiftningen
450 1453 72 22 borde
545 1453 138 26 godkännas
703 1453 72 21 äfven
791 1453 74 21 andra
880 1454 101 21 omstän-

222 1492 109 29 digheter
353 1496 30 18 än
406 1492 52 22 dem
482 1493 70 28 lagen
575 1493 38 22 för
636 1493 39 22 det
696 1492 149 23 närvarande
860 1494 121 28 upptager.
