1103 1795
215 176 12 21 8
437 173 85 24 Ständ.
538 173 53 23 Skr.
611 186 25 3 —
653 174 104 21 XXXIII.

286 247 61 28 köpa
375 246 41 19 och
446 246 58 29 sälja.
525 247 154 28 statspapper,
698 245 156 30 obligationer
872 245 43 23 och
933 245 42 22 ku-

215 288 100 22 ponger;

285 315 60 29 sälja
373 314 151 29 anvisningar
546 315 13 20 å
577 313 73 22 finskt
667 316 74 26 mynt,
760 313 121 23 betalbara
899 315 14 21 å
931 316 43 26 ort,

215 349 42 22 der
277 349 93 22 banken
387 349 43 22 har
447 349 85 21 kontor
550 348 56 22 eller
624 350 109 27 agentur;

285 384 62 28 köpa
366 383 44 22 och
427 383 59 28 sälja
504 383 83 28 sedlar,
607 383 80 21 vexlar
705 382 44 23 och
769 382 158 29 anvisningar,
940 383 34 28 ly-

215 418 78 22 dande
311 419 14 21 å
343 420 72 20 annat
434 418 127 28 myntslag;

287 452 135 22 diskontera
448 452 79 21 vexlar
554 453 14 21 &
585 451 77 22 finska
685 451 72 28 mark,
782 451 150 29 accepterade
951 451 24 22 af

215 487 108 22 inhemsk
350 486 66 22 firma
440 486 56 22 eller
514 487 63 21 inom
596 485 80 22 landet
694 486 79 21 bosatt
790 486 62 22 finsk
869 485 105 22 medbor-

215 529 65 21 gare,
299 521 120 22 äfvensom
440 520 73 22 andra
531 520 86 30 jemväl
635 515 22 26 å
667 522 36 19 ort
721 521 63 22 inom
802 521 81 22 landet
900 520 73 22 betal-

215 555 58 22 bara
292 555 176 28 kreditpapper;

286 590 87 28 bevilja
392 589 157 29 penningelån
568 591 30 28 på
616 590 47 21 viss
681 590 36 21 tid
735 592 49 19 mot
802 592 58 26 pant
878 589 23 22 af
920 588 53 22 ädla

215 624 114 27 metaller,
348 626 153 27 statspapper,
521 624 162 29 obligationer,
699 623 121 28 aktiebref,
832 623 141 22 intecknade

215 658 148 22 skuldsedlar
381 661 60 18 samt
459 657 72 22 andra
548 659 161 28 värdepapper
727 658 44 22 och
788 665 78 20 varor;

285 693 88 28 bevilja
391 692 171 22 kassakreditiv
580 693 66 22 såväl
661 695 48 20 mot
722 693 137 28 inteckning
871 692 9 21 i
891 692 82 28 fastig-

215 727 42 22 het
275 735 50 14 som
343 729 48 19 mot
409 727 28 21 de
456 727 8 21 i
482 727 138 28 föregående
639 727 75 29 punkt
733 727 123 22 omnämda
878 726 50 29 slag
949 727 24 21 af

215 764 66 27 pant,
299 761 52 22 med
369 761 122 28 undantag
509 761 23 22 af
550 769 80 20 varor;

286 798 105 25 mottaga
417 796 283 28 penningeinsättningar,
728 798 57 19 utan
806 795 166 28 räntegodtgö-

215 830 67 27 relse,
301 830 92 21 banken
413 830 59 21 dock
490 830 110 29 obetaget
618 832 36 20 att
669 831 13 21 å
693 830 102 29 löpande
807 830 101 28 räkning
919 829 53 22 med

215 864 128 22 utländska
361 864 223 29 bankinrättningar
602 865 43 22 och
663 864 143 22 handelshus
825 864 68 22 äfven
911 865 14 21 å
937 864 36 21 sin

215 898 52 22 sida
285 898 115 29 godtgöra
417 900 78 26 ränta;

285 933 128 22 verkställa
431 933 182 29 inkasseringar;

286 969 105 26 mottaga
409 967 8 22 i
435 967 79 22 förvar
531 967 148 29 handlingar,
692 967 160 29 värdepapper
864 967 43 22 och
921 967 51 28 dyr-

215 1001 110 22 barheter
351 1002 65 21 såväl
444 1001 72 22 under
542 1002 129 29 försegling
693 1009 48 14 som
761 1002 8 21 i
788 1005 77 26 öppna
883 1001 89 29 deposi-

215 1036 84 27 tioner,
318 1035 52 22 med
389 1036 40 21 det
447 1044 90 19 ansvar,
557 1044 49 14 som
624 1037 39 28 lag
681 1036 101 29 stadgar.

287 1070 42 22 Om
347 1070 28 21 de
393 1070 176 29 förrättningar,
588 1078 49 14 som
656 1071 80 28 åligga
750 1071 94 21 banken
856 1070 36 22 för
905 1072 67 20 stats-

214 1105 96 21 verkets
327 1105 108 28 räkning,
454 1107 60 20 samt
532 1113 37 14 om
584 1105 174 28 förvaltningen
772 1105 24 22 af
807 1105 165 28 Längmanska

214 1139 226 22 testamentsfonden
460 1143 25 18 är
502 1139 111 22 särskildt
631 1139 116 29 stadgadt.

567 1244 13 20 3
596 1230 24 45 8.

283 1305 111 22 Bankens
411 1306 81 21 fonder
511 1310 48 18 äro:

284 1339 171 29 grundfonden,
478 1348 47 14 som
548 1341 60 21 skall
630 1343 84 26 utgöra
732 1341 115 29 tjugufem
865 1340 106 29 miljoner

213 1373 68 22 mark
301 1374 42 21 och
361 1374 40 22 vid
420 1374 64 23 detta
503 1374 85 29 belopp
607 1375 140 27 bibehållas;

284 1409 171 28 reservfonden,
484 1417 48 14 som
559 1409 61 22 skall
648 1410 144 29 uppbringas
820 1409 38 22 till
882 1409 88 21 femton

213 1442 110 29 miljoner
344 1443 72 28 mark,
435 1443 82 22 värdet
535 1444 23 21 af
576 1444 105 21 bankens
699 1443 146 30 fastigheter,
865 1445 106 20 inventa-

213 1477 47 20 rier
279 1477 42 22 och
341 1477 82 22 osäkra
441 1477 132 30 fordringar
591 1478 48 21 deri
658 1479 51 20 icke
728 1479 164 20 inberäknadt.
