1103 1795
258 175 27 20 54
594 175 25 21 II

228 242 100 23 hvarvid
351 242 75 23 lotten
448 243 76 22 skulle
547 243 38 22 till
608 243 46 22 den
675 243 180 30 mestbjudande
871 243 116 29 försäljas,

230 282 61 22 dock
314 281 21 30 ej
351 283 74 22 under
440 283 40 22 det
494 283 127 22 faststälda
636 284 174 28 minimipriset;
827 285 35 20 att
878 285 26 20 20
920 283 67 22 villa-

230 322 71 21 lotter
317 325 127 20 tvärtemot
458 323 134 30 Kejserliga
609 324 113 21 Senatens
739 323 173 22 ofvanberörda
927 324 61 21 före-

232 362 72 22 skrift
319 363 96 22 försälts
429 365 59 20 utan
503 363 99 22 auktion
618 364 37 21 för
670 364 29 21 de
715 364 27 21 af
750 363 102 22 Senaten
864 363 125 22 faststälda

230 403 140 29 minimipris
386 405 60 20 samt
456 405 36 20 att
502 403 40 22 vid
553 403 173 30 försäljningen
737 404 27 22 af
772 403 160 23 villalotterna
943 404 47 22 för-

234 443 79 22 behäll
322 443 53 22 icke
387 444 74 28 gjorts
473 444 100 21 rörande
585 445 116 21 omrädets
715 444 44 22 och
773 444 163 28 angränsande
949 451 41 21 ga-

232 485 49 20 tors
303 483 124 29 planering
449 483 44 22 och
509 483 135 29 underhäll;
661 484 43 22 och
720 484 53 21 med
790 483 110 22 afseende
916 484 13 21 &
945 484 45 21 den

234 523 135 28 oriktighet,
386 531 50 14 som
450 524 41 21 vid
507 524 172 29 försäljningen
695 524 27 21 af
731 524 181 29 ifrågavarande
923 523 68 22 villa-

232 563 77 28 lotter,
326 563 9 22 i
350 563 59 22 strid
424 564 53 21 med
492 564 134 29 Kejserliga
637 564 113 22 Senatens
762 564 153 27 föreskrifter,
928 564 61 21 före-

233 603 62 29 lupit
310 603 44 22 och
370 603 29 22 dä
415 604 136 28 derigenom
567 607 35 18 att
618 605 72 28 sagda
705 604 130 22 villalotter
850 604 52 21 icke
912 603 79 29 utbju-

233 643 47 22 dits
303 644 13 21 &
340 644 103 28 auktion,
466 646 58 19 utan
547 645 96 21 försälts
666 645 37 21 till
726 645 28 21 de
775 644 27 21 af
816 644 102 21 Senaten
933 644 59 21 fast-

235 684 78 21 stälda
328 685 145 28 minimipris,
490 685 142 21 statsverket
648 685 118 22 äsamkats
782 684 107 29 betydlig
899 684 92 27 förlust,

235 725 174 22 öfverlemnade
432 725 134 29 Kejserliga
588 725 103 22 Senaten
713 724 175 29 handlingarna
903 724 8 20 i
927 727 66 18 ären-

235 765 40 21 det
297 765 37 22 till
357 765 159 22 Prokuratorn
535 766 8 21 i
559 765 110 22 afseende
685 766 14 21 &
714 764 145 29 vidtagande
875 764 25 21 af
914 763 29 22 de
959 764 33 21 ät-

234 805 92 29 gärder,
352 805 37 22 till
415 805 80 22 hvilka
518 805 51 22 skäl
591 805 79 22 kunde
692 805 157 26 förekomma;
873 803 119 22 hvarefter

234 845 161 22 Prokuratorn
410 846 8 21 i
434 845 124 22 skrifvelse
574 846 37 21 för
626 845 45 22 den
687 847 12 20 5
716 844 116 22 Februari
849 845 52 20 1896
917 843 76 22 öfver-

235 885 74 22 sände
327 885 173 28 handlingarna
514 886 9 20 i
538 885 98 22 ärendet
650 885 37 22 tili
703 883 203 23 advokatfiskalen
921 883 8 21 i
944 883 50 22 Wi-

236 925 71 28 borgs
330 925 91 22 hofrätt
442 925 53 22 med
518 925 117 22 anmodan
658 927 34 20 att
716 925 8 21 i
748 924 128 29 anledning
892 924 26 21 af
931 923 63 21 hvad

235 967 55 20 utaf
311 966 133 28 Kejserliga
468 966 101 21 Senaten
589 966 7 21 i
620 965 149 22 förestående
785 965 73 21 måtto
876 963 118 22 anmärkts

236 1007 79 20 utföra
339 1006 45 21 den
402 1006 71 28 talan,
489 1006 97 21 hvartill
602 1005 233 28 omständigheterna
851 1003 142 22 föranledde.

305 1047 71 27 Härå,
400 1046 43 21 och
466 1046 72 22 sedan
560 1045 234 29 guvernörsembetet
810 1043 185 23 tillhandahållit

237 1087 202 22 advokatfiskalen
466 1087 122 22 afskrifter
612 1087 26 21 af
659 1086 116 22 särskilda
798 1085 148 28 handlingar,
971 1084 27 21 af

237 1127 82 22 hvilka
334 1127 122 29 framgick,
473 1127 72 21 bland
560 1129 78 25 annat,
656 1129 34 19 att
705 1125 147 23 förbemälde
863 1123 132 23 handlande

237 1168 29 21 A.
289 1175 84 22 genom
397 1167 171 22 ofvanberörda
590 1167 116 28 köpebref
728 1167 26 20 af
769 1165 46 22 den
832 1167 12 19 9
861 1164 136 29 September

241 1210 53 19 1893
318 1209 37 20 för
375 1215 28 14 en
419 1207 157 29 köpeskilling
592 1207 26 21 af
634 1209 75 26 27,000
726 1206 67 22 mark
809 1205 136 22 tillhandlat
960 1204 37 27 sig

239 1249 65 21 såväl
327 1248 159 22 villalotterna
507 1248 62 22 N:ris
586 1251 32 24 74,
636 1249 25 20 75
678 1247 44 22 och
738 1249 34 26 76,
789 1245 93 22 hvilkas
897 1244 101 22 minimi-

238 1289 49 28 pris
310 1289 91 28 utgjort
420 1290 76 26 20,000
512 1288 71 27 mark,
602 1295 48 14 som
666 1287 119 22 dessutom
802 1287 34 20 ett
849 1284 148 30 jordområde

241 1337 37 14 om
303 1333 40 25 1,38
366 1329 94 21 hektars
476 1329 62 27 vidd,
555 1328 91 22 hvilket
659 1327 150 29 jordområde
824 1326 107 28 uppstått
947 1325 50 21 der-

239 1370 95 29 igenom
349 1372 35 19 att
400 1371 62 20 östra
477 1370 42 20 rån
535 1368 39 22 vid
590 1368 99 22 berörda
699 1367 131 22 villalotter
840 1365 81 22 blifvit
931 1364 68 22 rätad

240 1410 105 27 sålunda,
362 1412 35 19 att
413 1409 134 22 densamma
562 1409 87 21 utförts
665 1408 7 21 i
687 1407 43 22 rak
746 1406 140 28 sträckning
902 1405 53 22 från
966 1408 33 18 rö-

240 1453 35 19 set
291 1451 42 21 N:o
351 1452 37 19 221
407 1457 83 22 genom
506 1453 68 17 rösen
589 1448 61 22 N:ris
667 1450 40 19 220
724 1447 44 22 och
785 1448 41 20 226
837 1446 38 21 till
886 1445 41 21 rån
938 1449 62 17 emot

240 1491 26 22 T.
290 1491 167 28 samfällighet,
481 1490 89 28 androg
594 1489 202 22 advokatfskaien
811 1487 37 22 uti
863 1486 136 22 emboisume-
