1103 1795
472 172 10 21 I
800 174 28 21 43

98 240 142 28 underdånigt
250 240 80 28 förslag
340 241 33 21 till
384 240 126 22 inrättande
521 240 24 22 af
553 247 27 15 en
588 241 111 27 geodetisk
709 241 149 28 kommission,

98 281 45 15 som
159 275 53 27 egde
225 275 72 22 utföra
312 275 25 22 de
353 275 34 22 för
402 277 31 20 ett
448 275 110 27 tidsenligt
574 275 101 22 kartverk
691 275 60 22 öfver
764 275 94 24 Finland

99 309 77 27 nödiga
191 309 157 22 astronomiska
364 309 39 22 och
418 309 127 27 geodetiska
555 309 130 27 förarbeten,
695 311 28 20 än
734 309 46 27 ock,
791 310 66 21 sedan

99 343 139 22 förenämnda
258 343 89 22 arbeten
363 343 122 22 fortskridit
500 343 24 22 så
539 343 62 28 långt
616 345 33 20 att
664 343 194 28 fyllnadsarbetena

98 377 34 22 för
146 378 133 21 kartverkets
299 377 145 28 upprättande
463 377 71 22 kunna
549 377 96 28 vidtaga,
660 378 49 21 med
725 378 133 27 underdånig

98 411 159 29 framställning
276 412 56 22 huru
347 412 40 22 och
402 418 76 25 genom
497 412 87 22 hvilken
599 412 125 28 myndighet
739 413 119 21 sistnämda

98 447 88 22 arbeten
205 447 62 22 skola
285 447 90 22 utföras.
405 442 10 26 I
430 447 117 27 anledning
561 447 65 21 häraf
639 447 40 21 har
694 447 94 22 Senaten
804 453 52 21 upp-

101 481 69 27 dragit
185 481 24 22 åt
223 487 25 16 en
263 481 82 22 komité
360 483 33 20 att
407 481 49 22 med
475 481 89 27 ledning
579 481 24 22 af
616 481 27 22 de
658 481 113 28 principer,
788 487 46 16 som
850 481 7 21 i

97 515 77 28 frågan
197 522 34 15 om
254 515 92 22 revision
365 515 23 22 af
404 515 102 22 Finlands
521 515 104 22 kartverk
640 516 40 21 den
695 517 26 20 21
738 515 120 22 December

101 551 52 22 1891
177 551 93 27 afgifvits
293 550 23 22 af
333 557 26 15 en
375 550 73 21 härför
463 550 79 22 tillsatt
557 551 89 25 komité,
661 551 99 21 utarbeta
775 550 82 27 förslag

98 585 34 22 till
147 585 129 22 instruktion
291 584 40 22 och
347 587 44 18 stat
406 584 33 22 för
454 584 144 22 omförmälda
616 585 126 27 geodetiska
756 585 101 21 kommis-

98 620 47 21 sion
160 620 109 22 äfvensom
285 621 32 20 att
332 621 98 26 uppgöra
444 625 26 16 en
485 619 121 28 ungefärlig
624 619 116 28 beräkning
755 619 60 22 öfver
831 619 26 22 de

99 654 68 28 årliga
181 654 144 23 kostnaderna
339 653 35 22 för
389 654 27 21 de
431 654 95 26 arbeten,
542 660 48 16 som
606 654 54 21 böra
668 653 77 28 genoin
755 654 101 22 kommis-

98 690 74 22 sionen
195 689 89 28 utföras,
304 689 39 22 och
363 689 38 22 har
421 689 69 22 denna
505 689 82 22 komité
603 689 102 22 aflemnat
719 689 137 28 betänkande

98 724 41 22 och
153 725 79 26 förslag
247 725 7 20 i
269 724 83 27 frågan,
367 723 109 22 hvarefter
490 724 90 21 ärendet
593 726 25 19 är
628 724 106 21 beroende
745 725 28 26 på
784 724 72 21 vidare

99 759 135 27 behandling.

166 794 37 27 42)
227 793 38 22 Uti
287 793 134 28 underdånig
444 793 110 21 skrifvelse
578 792 23 22 af
622 793 40 21 den
685 794 28 20 24
732 792 44 28 Maj
801 793 55 21 1897

98 827 65 22 hafva
185 827 120 22 Ständerna
323 827 90 22 anhållit
431 829 33 20 att
479 833 26 16 en
520 827 147 27 transportled
682 827 34 21 för
730 827 63 22 stock
808 827 48 21 från

100 862 72 22 Saima
187 863 126 26 vattendrag
328 863 33 21 till
376 862 118 28 Kymmene
505 861 39 22 elfs
555 863 155 26 vattensystem
727 861 71 22 blefve
808 861 49 22 med

99 897 109 22 allmänna
219 897 125 22 statsmedel
354 897 95 22 inrättad
459 896 40 22 och
509 896 139 22 underhållen
660 898 56 19 samt
727 896 33 22 till
768 896 89 21 allmänt

99 931 137 28 begagnande
251 933 45 20 mot
311 931 101 22 faststäld
428 931 63 27 afgift
506 931 109 27 upplåten.

165 966 50 21 Med
237 965 152 22 föranledande
412 965 64 22 häraf
494 965 65 22 hafva
574 965 28 27 på
618 965 107 22 Senatens
740 965 117 27 befallning

98 1000 107 22 särskilda
221 1000 80 27 förslag
311 1000 6 21 i
327 1000 90 21 berördt
431 999 56 28 syfte
502 999 71 22 blifvit
589 999 118 28 uppgjorda
717 1001 55 20 samt
784 999 72 21 remit-

97 1035 74 21 terade
194 1035 34 21 till
251 1031 170 31 Öfverstyrelsen
439 1034 33 21 för
488 1036 50 25 väg-
554 1034 40 21 och
610 1033 224 28 vattenbyggnaderna
849 1033 7 21 i

97 1069 102 21 afseende
215 1070 12 20 å
243 1069 147 27 omarbetning
405 1069 7 21 i
428 1069 107 21 särskilda
550 1068 100 27 punkter.

165 1104 38 27 43)
227 1103 38 22 Uti
287 1104 133 27 underdånig
442 1103 111 22 skrifvelse
576 1103 23 22 af
620 1103 41 21 den
683 1104 28 20 25
734 1103 42 26 Maj
802 1103 53 21 1897

96 1138 65 21 hafva
179 1138 122 22 Ständerna
321 1138 91 21 anhållit
427 1139 32 20 att
474 1137 80 28 nådiga
574 1137 150 28 förordningen
743 1137 24 21 af
785 1137 40 21 den
843 1137 13 21 8

98 1173 117 21 December
239 1173 60 27 1873,
319 1172 109 28 angående
446 1172 257 27 kommunalförvaltning
719 1172 6 21 i
741 1171 55 28 stad,
816 1171 40 22 och

96 1207 151 27 förordningen
263 1207 23 22 af
300 1207 39 22 den
357 1209 25 20 15
397 1207 92 27 Augusti
506 1208 62 26 1883,
587 1207 147 22 innefattande
749 1206 108 22 särskilda

98 1242 115 27 ändringar
228 1242 7 21 i
251 1242 130 27 densamma,
397 1242 67 21 måtte
480 1242 141 21 underkastas
633 1241 91 22 revision
734 1242 7 21 i
752 1242 26 21 de
788 1241 68 26 delar,

96 1282 48 15 som
159 1277 77 21 beröra
251 1277 121 27 grunderna
387 1277 41 21 och
439 1279 65 19 sättet
514 1276 34 22 för
559 1277 41 21 den
611 1277 138 21 kommunala
759 1277 97 21 beskatt-

97 1311 84 27 ningen,
197 1313 55 19 samt
267 1313 32 19 att
315 1311 66 27 nådig
391 1311 141 27 proposition,
543 1311 150 21 innehållande
705 1311 25 21 de
741 1311 115 26 ändringar

95 1345 26 21 af
133 1346 95 20 nämnda
243 1345 156 27 förordningar,
415 1352 45 15 som
472 1346 7 20 i
489 1345 89 22 berördt
592 1345 101 21 afseende
708 1345 70 22 kunde
794 1351 62 15 anses

96 1378 121 29 påkallade,
232 1379 68 22 måtte
315 1380 24 21 så
354 1381 61 20 snart
430 1380 38 21 ske
484 1380 42 21 kan
542 1379 120 22 Ständerna
677 1380 127 27 föreläggas.

164 1415 42 21 Vid
221 1415 67 21 skedd
303 1415 136 26 underdånig
453 1415 152 26 föredragning
616 1414 24 21 af
649 1415 60 21 detta
724 1414 78 21 ärende
817 1414 39 22 har

96 1449 61 21 Hans
176 1449 119 27 Kejserliga
314 1449 101 27 Majestät
431 1449 70 22 täckts
516 1450 7 21 i
538 1449 66 22 nåder
619 1449 108 26 förordna,
744 1451 33 19 att
793 1449 63 22 Stän-
