1103 1795
133 560 36 16 Pag.
178 560 13 13 8.

127 837 38 16 Pag.
175 837 22 13 10.

129 1194 36 17 Pag.
174 1195 21 12 14.

127 1436 36 15 Pag.
173 1436 22 13 17.

271 179 14 21 2
582 179 81 22 XXXII

244 246 74 19 anvisas
336 246 31 19 för
383 247 121 19 bestridande
516 250 21 15 af
548 247 133 24 statsutgirter,
695 247 79 19 aiseuda
786 249 30 17 att
828 248 89 19 befordra
928 248 80 18 ratione!

245 281 102 23 skogsvärd
360 281 6 18 i
378 281 74 24 privata
471 282 73 23 skogar,
563 284 45 16 enär
627 282 93 23 budgeten
740 282 106 23 derigenom
858 283 60 18 skulle
930 282 77 23 kompli-

244 321 58 16 ceras,
321 316 126 19 hvarförutom
466 322 23 13 en
508 317 58 18 sädan
584 317 127 18 kombination
730 318 96 17 eventuelt
842 317 61 18 kunde
915 317 91 23 äberopas

244 351 61 18 säsom
323 352 29 17 ett
369 351 67 18 hinder
453 351 31 18 för
502 351 179 23 sägningsafgiftens
700 351 116 19 afskaffande
829 352 6 17 i
848 352 105 22 framtiden,
971 351 35 18 den

243 385 148 23 sägningsafgift
409 386 34 17 och
462 386 102 23 exporttull
583 386 24 23 pä
624 386 106 23 sägtimmer
743 387 34 18 och
790 388 58 17 annat
860 387 78 22 osägadt
949 386 58 22 virke,

244 425 39 15 som
294 420 75 22 jemlikt
381 421 68 23 nädiga
461 421 147 23 kungörelserna
620 421 21 18 af
652 421 35 18 den
695 422 21 17 13
725 422 103 18 December
836 422 45 17 1898
889 421 63 18 blifvit
960 421 45 18 fast-

243 454 64 18 stälda
324 456 30 16 att
371 455 31 17 till
419 455 72 18 kronan
507 455 86 23 erläggas
605 455 58 18 under
676 455 45 18 ären
735 456 49 21 1899,
799 457 45 16 1900
857 456 34 17 och
903 457 50 20 1901,
966 455 40 18 icke

243 489 64 18 blifvit
327 489 88 18 anvisade
435 489 29 18 för
482 489 120 18 bestridande
622 489 21 18 af
661 490 58 23 något
739 490 91 18 särskildt
851 490 40 23 slag
911 490 21 18 af
951 491 55 16 stats-

243 523 91 24 utgifter;

313 559 19 24 3)
351 560 34 21 att,
401 559 3 18 i
422 559 54 23 fråga
494 565 29 12 om
541 559 158 23 önskningsmälet
715 561 29 16 att
760 560 33 17 det
805 559 88 18 inhemska
902 560 104 22 postportot,

244 593 87 21 äfvensom
347 593 137 23 postafgifterna
496 593 29 22 för
537 594 94 22 tidningar,
644 594 58 18 mätte
715 594 104 21 nedsättas,
834 594 51 17 Hans
901 594 106 23 Kejserliga

243 627 92 22 Majestät
352 627 63 18 täckts
433 628 6 17 i
457 628 58 18 näder
533 628 98 23 godkänna
644 628 208 23 Generalguvernörens
864 627 51 19 öfver
927 628 79 18 Finland

242 661 99 20 uttalande
361 664 40 17 »att
419 663 6 17 i
442 663 88 18 afseende
547 663 11 18 å
570 663 142 23 postväsendets
725 663 122 18 likställande
860 663 48 18 inom
919 663 87 22 Kejsare-

243 697 73 18 dömets
333 697 44 18 hela
395 697 80 22 omräde,
493 698 61 23 nägon
566 698 110 22 ytterligare
689 697 123 23 nedsättning
824 697 21 18 af
856 698 99 22 posttaxan
968 699 38 16 sär-

245 731 59 18 skildt
315 731 30 18 för
357 731 178 19 Storfurstendömet
547 731 85 22 Finland,
640 737 37 12 som
690 733 55 21 utgör
758 737 23 12 en
790 731 31 18 del
830 731 20 18 af
860 731 145 22 Kejsaredömet,

243 765 42 18 icke
303 765 58 19 borde
378 766 103 23 medgifvas
498 768 45 16 utan
560 766 88 23 samtidig
660 766 122 23 nedsättning
794 766 22 18 af
826 766 105 17 densamma
944 766 6 17 i
962 766 44 22 Kej-

244 799 127 24 saredömet
362 795 12 32 ;

314 835 20 23 4)
353 837 29 16 att
399 835 42 19 med
458 835 134 20 föranledande
611 836 21 17 af
648 836 35 18 den
701 835 21 19 af
741 835 149 19 Statsutskottet
909 835 96 23 päpekade

755 869 128 24 jondespanmäl
894 871 45 16 samt
950 869 55 24 hospi-

243 870 159 23 oegentiigheten,
420 872 29 17 att
466 871 48 17 lösen
530 871 30 21 för
578 870 103 18 underkälls-
701 871 29 17 och

243 904 195 18 talshemmansarrende
450 905 6 17 i
469 904 200 23 kapitalräkningarna
681 904 87 19 bokförts
780 905 60 17 under
848 904 89 18 rubriken
947 904 58 23 »lego-

243 939 152 22 sängsafgifter>,
408 939 21 18 sä
441 938 107 19 beskaffade
562 939 153 22 inkomstbelopp,
728 939 77 18 hvarom
817 938 148 18 Statsutskottet
977 938 28 18 sä-

242 973 58 18 lunda
309 973 86 18 anmärkt
404 973 34 18 och
450 973 64 18 hvilka
526 973 27 18 uti
566 973 146 18 landsböckerna
724 973 50 18 varit
787 974 97 21 upptagna
895 972 56 18 bland
964 972 41 18 sist-

242 1007 81 18 nämnda
335 1007 82 23 afgifter,
430 1007 27 18 uti
470 1008 197 22 kapitalräkningarna
679 1007 42 18 frän
735 1007 34 18 och
782 1007 42 18 med
836 1007 22 18 är
867 1008 44 17 1896
919 1007 86 18 hänförts

243 1041 31 18 till
289 1042 81 18 »diverse
383 1042 103 23 uppbörde<;

570 1129 109 22 Statsutgift.

313 1186 19 23 5)
351 1187 29 17 att
398 1186 24 18 dä
440 1186 146 18 Statsutskottet
603 1186 90 22 anmärkt,
706 1187 30 17 att
747 1186 119 17 kostnaderna
876 1185 30 22 för
917 1186 87 17 särskilda

243 1220 210 23 undsättningsätgärder,
471 1221 99 22 päkallade
587 1221 21 17 af
618 1221 35 17 den
665 1220 93 23 felslagna
771 1220 81 18 skörden
865 1220 5 17 i
883 1220 57 23 nägra
952 1220 52 18 delar

243 1255 21 18 af
275 1255 64 18 landet
351 1255 60 18 under
422 1255 45 18 ären
480 1256 43 17 1891
537 1255 33 18 och
584 1256 49 21 1892,
647 1255 59 18 säsom
719 1255 41 18 icke
775 1255 105 18 berörande
893 1255 66 22 sjelfva
967 1255 36 17 för-

242 1289 109 23 valtningen
369 1289 20 18 af
406 1290 170 23 kronomagasinen,
594 1290 40 18 icke
647 1290 43 18 bort
701 1290 90 18 bokföras
804 1290 60 17 under
875 1289 40 18 4:de
927 1289 76 18 hufvud-

242 1324 57 19 titeln
312 1325 34 18 och
358 1325 171 23 kronomagasinen,
538 1325 80 23 utgifter
626 1325 20 18 af
654 1325 144 23 ifrägavarande
811 1324 131 19 beskaffenhet
950 1329 53 18 synas

241 1358 102 24 lämpligen
360 1359 101 19 framdeles
478 1360 45 18 böra
541 1360 87 17 bokföras
643 1360 58 17 under
715 1360 50 17 13:de
778 1358 129 18 hufvudtiteln
919 1358 47 18 eller
977 1358 27 18 di-

242 1399 54 13 verse
309 1394 93 19 allmänna
414 1394 88 23 utgifter;

312 1429 19 24 6)
351 1431 29 16 att
397 1431 45 16 enär
461 1429 146 18 Statsutskottet
624 1429 70 18 uttalat
711 1428 153 19 önskvärdheten
877 1428 20 17 af
907 1429 26 16 att
946 1429 21 16 de
977 1429 26 16 ut-

294 1470 3 3 v,
317 1469 33 13 som
364 1464 58 22 hlifnit
431 1464 78 23 pätörda
522 1465 27 16 det
561 1464 28 17 till
602 1463 146 23 Ofverstyrelsens
760 1463 30 22 för
803 1465 41 20 väg-
856 1463 30 17 och
894 1463 109 22 vattendygg-

241 1478 10 9 5
297 1479 6 8 7

242 1499 77 18 naderna
331 1499 103 23 disposition
446 1499 81 18 anvisade
539 1499 57 22 ärliga
608 1499 61 22 anslag
681 1498 22 22 af
711 1498 78 21 250,000
799 1497 51 18 mark
861 1497 29 22 för
901 1497 102 18 bekostande
