1103 1795
215 152 17 21 2
333 151 86 23 Ständ.
435 151 55 23 Skr.
506 164 27 3 —
549 151 129 23 Antellska
693 151 178 28 samlingarna.

291 223 24 28 2)
337 225 38 20 att
392 223 45 22 den
456 223 75 29 årliga
549 223 133 22 inkomsten
699 223 9 22 i
726 223 179 22 Kammarrädet
923 223 59 21 Hoer-

216 265 59 15 man
297 257 148 30 Rosenbergs
466 257 59 23 fond
542 257 62 23 skall
621 257 64 23 intill
702 258 122 29 utgången
842 257 24 23 af
883 257 99 30 Delega-

218 292 96 22 tionens
341 291 109 30 uppdrag
477 292 99 22 sålunda
602 292 110 28 fördelas,
732 294 34 20 att
789 294 36 20 tre
846 292 137 23 femtedelar

219 326 67 23 deraf
313 326 121 23 användas
461 327 38 21 till
525 327 75 29 inköp
624 327 22 22 af
669 327 128 22 konstverk
815 327 43 22 och
876 327 106 22 konstin-

220 361 123 22 dustriella
362 361 98 22 föremål
479 361 118 22 äfvensom
613 361 37 22 till
662 361 178 22 numismatiska
852 361 73 30 inköp
938 361 44 22 och

220 403 31 15 en
271 395 111 23 femtedel
400 396 38 22 till
456 395 28 23 de
504 396 162 30 arkeologiska
685 395 44 23 och
748 396 157 29 etnografiska
923 403 59 15 sam-

219 430 122 29 lingarnas
368 430 130 22 förökande
524 433 61 19 samt
608 430 46 21 den
672 430 146 22 återstående
836 431 145 28 femtedelen,

219 466 61 21 utan
307 465 30 29 på
363 464 101 22 förhand
491 465 121 22 faststäldt
637 464 114 28 ändamål,
770 465 8 21 i
799 465 54 22 mån
872 465 23 22 af
912 464 71 23 behof

221 499 88 22 anlitas
332 499 39 22 till
391 499 164 22 förstärkande
574 500 24 21 af
616 499 40 22 det
673 507 45 14 ena
736 499 56 22 eller
810 499 73 22 andra
902 499 23 22 af
943 499 39 22 be-

220 533 71 23 rörda
310 533 92 29 anslag;

292 591 23 27 3)
326 593 35 20 att
370 591 37 22 för
415 591 170 29 Delegationen
591 591 117 21 fastställa
715 590 104 29 följande
826 591 155 22 instruktion:

436 660 47 21 Det
501 660 81 21 tillhör
600 659 171 30 Delegationen

291 729 22 26 a)
341 730 36 20 att
403 728 129 22 bestämma
559 736 37 15 om
624 728 28 22 de
675 728 116 22 donerade
809 728 172 22 räntemedlens

222 762 155 29 användning
401 762 51 22 med
476 763 98 29 ledning
596 763 24 22 af
637 763 28 21 de
683 763 178 28 upplysningar,
880 770 49 14 som
947 762 34 22 in-

222 795 101 23 hemtats
343 797 24 22 af
385 797 169 29 samlingarnas
572 797 104 29 vårdare,
697 797 43 22 och
758 797 52 22 med
828 797 154 29 iakttagande

221 831 26 21 af
274 831 29 22 de
325 831 201 29 hufvudgrunder,
544 840 50 14 som
615 832 9 22 i
642 832 84 22 sådant
744 831 108 22 afseende
871 832 23 21 af
913 831 69 22 Stän-

222 865 74 22 derna
314 866 125 27 fastställs;

293 929 24 27 b)
336 931 36 20 att
390 929 81 22 utöfva
489 929 82 29 tillsyn
590 929 43 22 och
651 929 103 22 kontroll
772 929 65 22 öfver
854 928 88 23 vården
959 929 24 21 af

222 963 30 21 de
271 963 125 22 Antellska
414 964 159 29 samlingarna
592 964 43 21 och
653 964 40 22 vid
712 963 170 22 räntemedlens
895 967 88 18 använ-

223 997 77 22 dande
327 997 108 30 iakttaga
456 1000 110 20 testators
587 999 127 27 föreskrift,
733 1000 35 20 att
786 998 83 21 endast
886 997 97 22 föremål

224 1032 24 21 af
272 1032 104 29 verkligt
399 1032 71 22 värde
489 1034 38 20 må
544 1033 139 28 förvärfvas,
702 1033 93 22 hvarför
812 1032 170 29 Delegationen

222 1067 9 21 i
257 1066 128 22 allmänhet
407 1067 41 22 bör
472 1067 74 22 under
571 1067 137 29 erforderlig
729 1067 142 22 medverkan
890 1067 23 21 af
932 1066 51 22 sak-

223 1101 106 29 kunnige
351 1101 53 29 sjelf
421 1102 82 28 pröfva
522 1102 43 21 och
584 1102 81 29 afgöra
683 1102 78 28 frågor
779 1109 37 14 om
831 1101 79 28 inköp,
924 1100 59 22 dock

222 1135 55 22 med
295 1138 48 19 rätt
361 1136 35 21 för
414 1135 170 30 Delegationen
602 1139 42 26 att,
658 1136 29 22 då
705 1136 84 22 sådant
801 1136 51 21 icke
866 1135 46 22 kan
925 1135 58 22 und-

221 1170 77 28 vikas,
318 1170 142 22 öfverlemna
487 1171 138 29 afgörandet
644 1172 24 21 åt
685 1173 113 26 experter,
818 1177 49 15 som
885 1170 98 28 Delega-

223 1205 82 21 tionen
323 1207 81 19 utsett.
431 1205 34 21 De
484 1205 99 29 inköpta
600 1205 128 22 föremålen
745 1205 134 22 förtecknas
892 1204 92 29 stycke-

222 1239 39 21 vis
288 1239 56 21 eller
370 1239 120 29 gruppvis,
508 1247 54 14 men
587 1240 68 22 alltid
673 1239 53 23 med
744 1239 124 30 uppgifvet
885 1238 72 28 antal,
975 1238 9 22 i

223 1273 184 29 Delegationens
425 1274 127 29 protokoll;

295 1337 20 27 c)
335 1339 41 25 att,
387 1336 76 22 derest
482 1337 84 22 sådant
584 1337 74 27 äskas,
675 1337 38 21 till
730 1337 150 28 Regeringen
895 1335 89 29 afgifva

222 1371 113 29 yttrande
353 1371 10 22 i
380 1371 85 29 frågor,
479 1379 49 14 som
544 1372 83 22 beröra
640 1371 27 22 de
680 1371 124 22 Antellska
816 1370 167 29 samlingarna;

287 1428 23 28 d)
329 1431 36 20 att
383 1429 89 28 afgifva
490 1429 38 22 till
546 1428 135 22 Ständerna
698 1428 126 22 berättelse
843 1435 37 14 om
898 1427 28 22 de
945 1427 40 22 do-

222 1463 88 22 nerade
337 1463 169 29 samlingarnas
534 1463 58 22 vård
620 1463 43 22 och
690 1465 10 20 t
