1103 1795
226 166 27 20 18
372 165 29 22 U.
417 165 25 21 B.
458 178 28 2 —
502 165 26 22 H.
544 165 24 22 F.
584 164 94 23 Antells
695 165 139 27 samlingar.

297 234 80 19 Genom
403 233 165 28 Delegationens
588 234 111 21 berättelse
722 235 37 20 har
781 234 159 22 Statsutskottet
957 235 29 20 vi-

226 268 50 21 dare
302 269 109 24 inhemtat,
437 268 100 21 hurusom
563 265 169 24 Österbottniska
756 268 229 28 Studentafdelningen

226 303 32 20 till
274 303 102 20 Finlands
391 303 44 20 folk
451 303 106 20 öfverlåtit
572 303 40 20 den
629 303 21 20 af
665 303 77 20 aflidne
759 303 117 20 Statsrådet
886 303 21 20 Z.
921 303 78 27 Tope--

224 336 50 21 lius?
290 337 107 26 arfvingar
416 337 30 20 till
468 337 134 26 afdelningen
620 337 157 20 öfverlämnade
794 337 76 27 gåfvan
887 338 20 20 af
924 338 64 20 boha-

226 373 35 25 get
277 371 5 20 i
299 371 100 20 skaldens
415 371 116 20 arbetsrum
548 372 38 19 och
603 372 166 26 sängkammare,
785 372 108 20 äfvensom
907 372 80 20 dennes

226 405 103 21 bibliotek
345 408 55 18 samt
416 407 29 19 ett
460 405 57 21 antal
533 405 125 21 konstsaker
673 406 38 20 och
727 406 157 27 minnesgåfvor
899 413 24 13 ur
935 406 51 20 hans

226 440 168 26 kvarlåtenskap.
425 440 29 20 På
476 440 34 20 det
528 442 30 18 att
577 440 159 25 ifrågavarande
752 440 87 20 föremål
855 440 26 27 på
897 443 30 18 ett
943 442 44 18 vär-

226 474 45 27 digt
290 475 40 19 sätt
349 473 64 21 måtte
432 474 68 20 såsom
521 474 71 20 minne
612 474 20 20 af
651 474 69 21 denne
742 474 36 20 vår
794 474 83 27 odlings
893 477 92 18 storman

227 509 73 20 kunna
319 509 32 20 för
369 508 112 21 framtiden
499 508 93 27 bevaras,
608 509 30 20 får
655 508 117 21 Utskottets
789 509 106 20 vördsamt
910 508 77 21 föreslå

504 579 32 18 att
559 577 126 20 Ständerna
704 576 50 21 ville
770 577 83 20 besluta
869 578 32 19 att
916 577 69 26 öfver-

437 611 74 20 lämna
533 611 83 26 gåfvan
640 611 35 20 till
691 610 89 21 Statens
796 611 116 20 historiska
929 618 58 13 sam-

437 645 79 28 lingar.

297 783 74 21 Under
393 783 41 21 den
458 783 149 26 förntsättning
630 785 30 18 att
681 783 169 21 Statsutskottets
871 783 36 20 här
923 783 62 20 ofvan

226 818 74 27 gjorda
323 818 78 26 förslag
422 818 63 20 vinna
508 817 127 21 Ständernas
651 817 159 27 godkännande,
827 818 37 20 har
880 818 107 21 Utskottet

228 852 101 27 slutligen
345 852 110 21 hemställa

503 922 31 19 att
543 921 9 19 i
561 920 136 27 underdänig
707 920 113 27 skrifvelse
831 921 76 20 härom
921 920 65 21 mätte

435 955 38 20 hos
488 954 65 21 Hans
569 954 121 27 Kejserliga
705 954 103 27 Majestät
824 956 109 19 anmälas.

296 1092 9 20 I
323 1092 156 27 behandlingen
496 1092 21 21 af
532 1092 56 21 detta
604 1092 77 21 ärendo
699 1092 62 20 hafva
774 1092 87 27 deltagit
877 1092 108 21 ordföran-

226 1127 41 20 den
290 1126 21 21 L.
327 1126 112 26 Mechelin,
461 1127 144 20 ledamöterne
628 1127 85 26 August
734 1126 98 27 Ramsay,
855 1126 131 26 Bruncrona,

226 1160 173 27 Standertskjöld,
415 1160 93 25 Donner,
520 1160 22 21 G.
552 1161 22 20 O.
583 1161 20 20 T.
616 1161 129 26 Nordström,
761 1160 118 26 Bonsdorff,
895 1160 91 21 Johans-

226 1201 45 20 son,
297 1195 108 27 Hallberg,
430 1201 41 14 von
495 1195 76 25 Pfaler,
594 1195 35 20 Th.
654 1195 114 26 Wegelius,
794 1191 89 30 Öhman,
911 1195 75 22 Wärri,

226 1229 118 26 Meurman,
366 1229 87 27 Kiipula
478 1229 38 20 och
538 1229 142 26 Tuomikoski,
707 1229 107 20 äfvensom
831 1225 7 35 =
846 1229 140 27 suppleanten

228 1263 23 21 G.
269 1263 100 21 Granfelt.

297 1332 138 26 Helsingfors,
452 1331 40 21 den
509 1333 12 19 5
538 1332 40 26 maj
597 1332 60 20 1900.

356 1509 118 23 Helsingfors
488 1509 49 18 1900.
562 1509 116 24 Helsingfors
691 1509 161 23 Centraltryckeri.
