1103 1795
457 174 25 21 I
797 176 24 20 51

94 243 110 22 fordrade
220 242 159 29 förklaringar
395 242 130 28 inkommit,
543 242 120 28 afgjordes
678 242 72 22 målet
766 243 27 21 af
800 242 53 22 hof-

93 285 77 19 rätten
192 290 84 21 genom
299 283 86 28 utslag,
409 289 50 15 som
482 282 60 21 efter
566 282 83 28 anslag
668 282 81 29 utgafs
766 282 44 21 den
828 285 25 19 17

94 323 47 28 Maj
174 325 60 25 1898;
265 323 44 21 och
339 323 58 21 fann
423 323 120 21 hofrätten
566 322 63 21 hvad
652 322 202 21 advokatfiskalen

95 364 8 21 i
127 363 168 22 ofvanstående
319 363 111 22 afseende
453 366 62 19 emot
537 366 147 25 guvernören
708 363 22 21 S.
748 362 43 22 och
806 363 48 28 lag-

96 411 101 14 mannen
218 404 27 21 N.
270 404 109 21 anmärkt
401 405 85 20 stanna
509 403 51 21 dem
576 403 38 21 till
629 403 46 21 last
690 403 77 21 såsom
782 409 72 22 oupp-

95 444 157 21 märksamhet
274 444 8 21 i
305 444 109 28 tjensten,
430 451 54 14 men
499 444 79 27 någon
593 442 166 28 försumlighet
774 442 8 21 i
796 450 58 20 upp-

96 484 76 29 gifvet
194 483 109 22 afseende
327 483 106 22 deremot
454 483 53 21 icke
529 483 80 21 kunna
632 482 123 21 tillräknas
772 482 82 21 krono-

96 524 88 28 fogden
199 524 26 21 L.
243 524 43 21 och
301 523 270 29 vicehäradshöfdingen
586 523 34 28 R.,
638 523 8 21 i
661 523 115 21 anseende
787 523 68 21 hvar-

98 564 43 28 till,
158 564 42 21 och
214 564 72 29 jemte
302 564 40 21 det
357 564 74 22 åtalet
446 566 62 19 emot
524 563 162 29 kronofogden
701 563 27 21 L.
740 563 44 21 och
794 563 61 21 vice-

98 604 215 29 häradshöfdingen
342 605 27 21 R.
399 603 171 28 underkändes,
597 603 121 22 hofrätten
742 603 115 28 pröfvade

97 644 95 21 rättvist
208 644 69 21 döma
291 647 148 26 guvernören
456 644 22 21 S.
495 643 44 22 och
554 644 141 28 lagmannen
711 643 28 22 N.
756 645 35 19 att
801 642 56 22 böta

99 684 114 22 hvardera
236 687 26 19 20
285 684 76 28 mark;
384 684 109 28 hvarhos,
510 684 44 21 och
570 683 30 22 dä
616 683 39 22 det
669 687 149 25 guvernören
833 683 23 21 S.

101 725 42 21 och
161 725 142 28 lagmannen
318 725 27 22 N.
362 725 142 21 tillräknade
520 724 116 29 felaktiga
652 723 136 22 förfarande
804 723 54 21 haft

99 765 38 21 till
158 765 97 28 påföljd,
276 767 35 19 att
326 765 81 21 Petter
423 765 21 21 S.
461 765 81 21 hållits
558 765 8 20 i
581 763 228 29 ransakningshäkte
824 763 35 21 ät-

99 805 116 21 minstone
230 805 110 28 tjugusex
355 805 74 28 dagar
444 805 82 28 längre
543 809 30 17 än
582 805 125 21 vederbort
718 804 44 22 och
772 804 86 21 honom

101 845 133 28 derigenom
257 845 152 28 tillskyndats
434 845 134 29 oförskyldt
582 845 96 22 lidande
693 847 60 19 samt
768 845 90 21 kronan

101 885 80 28 bragts
204 886 30 28 pä
257 885 87 29 onödig
359 886 102 21 kostnad
477 886 37 21 för
530 886 80 21 Petter
627 885 34 22 S:s
677 885 125 21 underhåll
816 892 42 13 un-

101 926 40 21 der
156 926 102 21 nämnda
273 927 41 27 tid,
331 930 148 25 guvernören
496 927 22 21 S.
535 927 43 20 och
593 926 143 29 lagmannen
751 925 28 22 N.
796 925 63 28 skyl-

101 966 129 28 digkändes
254 968 41 26 att,
318 969 146 26 gemensamt
488 966 56 21 eller
567 966 45 21 den
633 966 26 21 af
673 966 58 28 dem,
748 973 49 14 som
812 965 46 21 till-

101 1007 62 28 gäng
187 1007 64 28 egde,
274 1007 9 21 i
305 1008 133 28 ersättning
460 1007 95 29 utgifva
574 1007 38 21 till
627 1007 90 21 kronan
733 1006 37 21 för
786 1005 72 29 sagda

101 1046 101 22 kostnad
226 1049 11 19 7
255 1048 67 21 mark
342 1049 26 20 28
385 1047 71 28 penni
472 1047 44 22 och
532 1047 24 21 ät
571 1047 81 21 Petter
668 1046 21 22 S.
706 1045 111 22 fordrade
833 1047 26 20 26

101 1087 66 21 mark
187 1087 121 22 äfvensom
323 1090 35 19 att
373 1088 38 21 till
427 1087 22 22 S.
467 1088 118 21 dessutom
601 1087 71 30 gälda
687 1087 65 21 lösen
768 1086 37 21 för
820 1086 40 21 ho-

102 1134 54 14 nom
167 1127 177 22 tillkommande
355 1130 130 19 transsumt
494 1135 29 14 ur
533 1127 133 22 hofrättens
676 1127 79 27 utslag
765 1126 9 21 i
781 1126 79 21 mälet.

170 1168 71 21 Detta
255 1169 80 28 utslag
349 1169 43 21 har
406 1169 86 21 vunnit
506 1168 54 29 laga
575 1168 71 21 kraft.

173 1245 76 21 Sedan
259 1253 28 13 en
297 1245 37 21 för
343 1245 134 21 ändamålet
485 1244 94 22 nedsatt
587 1243 153 22 kommission
748 1241 112 30 uppgjort

104 1284 139 29 fullständig
259 1285 56 28 plan
325 1285 38 21 till
374 1285 45 21 den
431 1284 78 21 finska
517 1283 141 22 statsverket
666 1282 121 28 tillhöriga
794 1281 67 22 villa-

105 1325 137 22 hemmanen
252 1325 61 22 N:ris
327 1327 32 25 13,
373 1327 24 19 14
409 1324 44 22 och
466 1326 25 20 15
502 1325 9 20 i
522 1324 31 27 T.,
565 1324 43 21 N:o
621 1323 78 22 12iR.
712 1322 43 22 och
765 1322 43 21 N:o
819 1321 43 22 13i

104 1366 29 21 K.
157 1365 58 29 byar
230 1365 26 21 af
269 1365 30 21 K.
316 1364 85 22 socken
417 1363 184 29 underlydande,
618 1361 168 30 odisponerade
802 1368 62 14 mar-

104 1407 57 20 kens
176 1405 122 28 indelning
309 1405 9 21 i
327 1404 130 22 villalotter
469 1404 121 21 äfvensom
600 1403 90 28 förslag
700 1402 39 21 till
750 1401 28 22 de
789 1405 74 24 vägar

105 1447 44 21 och
164 1446 118 21 allmänna
297 1445 94 28 platser,
407 1451 50 15 som
473 1445 39 20 för
528 1443 155 22 samfärdseln
698 1442 116 21 befunnes
829 1448 35 14 er-

105 1486 133 28 forderliga,
265 1485 125 22 faststälde
413 1484 135 29 Kejserliga
572 1484 101 21 Senaten
697 1482 44 21 den
766 1484 24 19 11
814 1481 49 28 Maj

107 1528 53 21 1892
177 1525 62 22 areal
255 1527 60 20 samt
329 1524 141 29 minimipris
487 1524 44 21 och
547 1523 60 28 ärlig
622 1522 82 29 afgäld
720 1522 37 21 för
772 1521 29 21 de
815 1527 49 22 nya
