1109 1792
104 229 77 40 dessa.
195 229 139 40 ansvärsfulla-
346 233 88 31 platser.
463 236 40 21 Till
526 236 102 23 ernående
650 236 23 22 af-
693 236 58 26 detta
768 237 43 22 mål
829 236 30 23 bi-

104 267 75 28 drager
193 268 8 21 i
216 269 33 21 sin
263 269 57 26 män,
335 270 32 21 att
381 269 113 24 desamma.
504 266 69 32 göras,
589 270 66 22 sävidt
669 270 190 29 möjligt,
768 262 11 42 i
789 270 70 29 ekono-

95 302 73 21 -miskt
186 302 98 23 afseende
303 300 141 31 förmänliga;:
452 305 27 27 pä
495 305 36 21 det
545 305 99 22 Bankens
655 305 64 21 bästa
733 304 78 29 krafter
824 306 35 21 vid

104 333 184 28 hufrudkontoret.
299 337 38 22 och
357 336 217 35 afdelningskontoren
592 339 37 21 mä
644 339 57 22 finna
719 339 37 22 sitt
770 339 88 24 intresse

103 371 35 22 vid
156 372 32 26 att
200 371 56 30 täfla
275 378 34 16 om:
327 373 70 20 dem.
399 364 8 41 »
410 368 108 27 Ehuruväl
537 374 144 27 aflöningarna
697 374 33 21 för
748 374 112 31 bankkom-

103 406 147 22 missariernä
260 406 35 21 vid
317 407 99 24 kontoren
438 408 17 24 i
462 402 67 29 Äbo
535 408 39 21 och
594 407 81 28 Viborg
695 408 65 22 redan
777 415 30 14 nu
824 408 35 21 ärö
876 420 10 17 -

103 441 65 27 högre
180 436 34 29 än
222 437 80 34 vid:de
318 441 66 28 öfriga
399 441 232 29 afdelningskontoren
629 449 54 15 inom
692 443 78 27 landet,
781 443 78 24 hvilket

52 463 32 27 x
104 473 265 31 naturligen
232 469 11 44 *
245 473 119 31 motiveras,
381 476 66 23 bland
455 473 79 33 annat,
550 477 23 21 af
590 477 40 32 den
649 477 126 28 ojemförligt
792 478 66 21 större

104 509 93 30 rörelsen
215 510 35 21 vid
268 510 61 21 dessa
348 511 79 24 kontor,
443 516 47 28 vöre
505 511 37 21 det
557 512 66 27 enligt
636 511 147 22 Direktionens
797 512 62 21 tanke

104 550 25 14 ur
152 545 93 27 antydda
263 545 107 28 synpunkt
388 543 54 24 skäl
448 545 39 29 att
501 546 64 27 något
583 545 80 28 förhöja
681 546 113 21 desamma.
822 546 37 26 Di-

55 575 26 24 >.
104 577 114 26 rektionen
227 579 104 22 -föreslär-
347 567 130 44 fördenskäll
501 581 33 21 att
556 580 252 22 bankkommissariernes
824 580 36 25 vid

83 617 2 2 *
104 609 114 29 kontoren
220 606 70 30 i.Äbo.
301 614 39 22 och
356 609 77 33 Viborg
442 608 92 35 arvoden
545 615 66 22 skulle
623 615 50 22 ökas
681 614 50 22 med
741 615 42 21 500
793 615 65 27 mark,

84 652 6 27 ä
104 637 123 46 hyarigenom
241 662 7 17 :
254 648 144 28 aflöningarna
412 646 42 32 för
453 644 163 34 ifrågavarande
631 649 86 27 tjenster
731 649 82 22 komme
828 650 32 22 att

105 683 75 27 uppgå,
196 683 43 21 -vid
242 681 99 29 kontoret
354 684 8 21 i
377 679 52 34 Åbo.
432 671 39 47 till
484 685 20 43 9,
506 685 43 30 500
564 684 38 22 och
616 683 35 22 vid
661 684 110 29 kontoret
767 676 11 43 i
783 684 77 27 Viborg

105 717 32 20 till
155 717 77 22 10.500
246 718 65 22 mark.
876 743 3 5 i

173 747 218 37 Bankkommissarien
413 734 47 40 ät
470 753 99 21 kontoret.
583 753 8 21 i'
598 744 160 35 Tammerfors
762 724 98 61 Btajater

106 791 81 22 samma
201 785 159 29 löneförmäner,
377 793 48 15 som
433 786 242 24 'bankkommissarierna
689 787 41 22 vid'
738 787 99 30 kontoren
852 787 16 21 i-

105 814 137 35 Nikolaistad,
258 821 109 29 Uleåborg,
383 816 83 35 Kuopio:
479 821 38 22 och
527 821 129 28 Björneborg
666 821 50 22 eller
725 815 66 34 6,000
800 822 59 22 mark

105 855 7 20 i
130 855 35 22 lön
181 855 38 22 och
235 856 64 26 2,000
313 856 59 21 mark
387 856 7 21 i
409 856 82 21 arvode.
522 856 69 21 Sedan
606 855 139 26 Tammerfors
759 855 48 22 stad
821 863 38 14 nu-

105 893 65 23 mera,
188 890 55 21 hvad.
261 886 148 32 folkmängden
427 889 104 31 beträffar,
548 892 23 20 är
586 890 40 22 den
642 889 65 22 andra
721 890 8 21 i
744 890 116 28 ordningen

106 924 23 21 af
145 924 83 22 landets
243 920 177 37 landsortsstäder
431 920 63 37 *sämt
514 924 221 22 lefnadskostnaderna
752 924 116 22 derstädes:

105 959 67 21 under
191 959 27 22 de
235 959 94 23 senaste.
339 960 50 21 åren
404 960 66 27 enligt
484 959 83 28 uppgift
582 955 60 37 stigit
658 955 45 37 med
715 965 60 16 mera
790 959 26 21 än
829 959 31 22 50

99 994 100 29 "procent,
211 994 38 21 till
267 993 51 28 följd
340 992 117 26 hvaraf'dg
474 993 33 22 för
525 988 130 27 närvarande
673 994 36 21 äro
727 993 133 31 synnerligen

92 1027 75 28 höga,
175 1027 54 30 har
242 1027 142 31 Direktionen
408 1028 70 22 ansett
495 1029 31 20 att
544 1028 36 21 för
594 1028 212 22 bankkommissärien
824 1028 34 20 vid

106 1059 95 25 kontoröt
219 1062 7 21 i
238 1060 146 24 Tammerfors
403 1058 63 27 borde
484 1060 123 24 fastställas.
616 1062 63 27 något
693 1063 66 27 högre
772 1062 87 22 löneför-

106 1095 78 24 mäner.
204 1097 114 22 närmande
337 1097 32 27 sig
387 1097 26 21 de
420 1096 133 28 aflöningar,
572 1103 45 16 som
636 1096 103 28 uppbäras
758 1096 29 26 af
795 1096 65 22 bank-

92 1141 6 4 -
106 1131 182 22 kommissarierna
308 1131 35 25 vid
360 1132 100 21 kontoren
478 1131 8 21 i
500 1126 45 27 Åbo
559 1132 39 21 och
613 1131 83 27 Viborg.
724 1131 135 23 Direktionen

101 1166 83 25 tillåter
199 1166 32 26 sig
245 1166 69 22 derför
328 1162 117 35 hemställa,
461 1166 32 21 att
508 1166 85 22 arvodet
603 1165 32 22 för
646 1162 213 25 bankkommissarien

108 1200 33 21 vid
155 1200 97 22 kontoret
265 1200 8 21 i
288 1196 139 34 Tammerfors
441 1200 67 22 måtte
524 1201 49 27 ökas
588 1200 33 22 till
635 1198 64 28 3,000
713 1200 65 28 mark,
788 1199 72 22 .hvari-

108 1241 75 21 genom
205 1235 48 21 hela
271 1235 128 28 aflöningen;
417 1234 26 22 dä
460 1235 63 21 lönen
542 1235 73 22 skulle
627 1234 114 22 bibehällas
759 1235 35 21 vid
812 1233 48 23 dess

107 1269 55 21 förra
177 1270 80 27 belopp.
273 1270 84 21 komme
365 1264 38 27 att
417 1270 70 28 uppgå
502 1270 32 20 till
550 1264 66 31 9,000
627 1269 67 21 mark.

85 1328 33 3 ei
175 1304 48 21 Den
240 1304 127 32 föreslagna;
372 1301 153 30 indragningen
540 1303 22 22 af:
575 1301 190 31 gratifikationerna:
780 1309 25 21 ur
820 1303 42 21 dis-

102 1328 197 44 ”kretionsanslaget
321 1331 118 38 föranleder
456 1334 141 26 Direktionen
608 1338 42 21 att:
657 1337 112 22 -hemställa
783 1337 78 27 jemväl
875 1334 3 3 ”

108 1378 45 16 om
143 1362 12 43 -
160 1372 138 28 förbättring
303 1372 22 28 af
344 1366 133 28 kassörernas
491 1372 36 21 vid
541 1372 217 26 afdelningskontoren
772 1371 90 21 löneför-

108 1406 79 22 mäner:
200 1411 11 15 -:
214 1406 100 21 Förutom
329 1406 38 21 vid
380 1407 95 20 kontoret
489 1406 8 21 i
511 1404 197 27 Tammerfors,
669 1400 40 39 der
722 1405 99 28 kassören
836 1406 26 26 pä

106 1437 112 27 enahanda
227 1435 60 30 skäl,
308 1445 45 15 som
367 1438 136 23 Direktionen:
518 1439 39 21 här
571 1438 61 22 ofvan
647 1438 92 22 rörande.
749 1438 113 22 bankkom-

108 1473 110 22 missarien
235 1473 35 22 vid
287 1478 82 23 samma
379 1472 78 23 kontor
471 1473 46 21 haft
532 1474 50 20 äran
597 1472 79 28 anföra,
691 1472 63 22 borde
764 1468 101 33 tillgodo-.

109 1508 83 21 komma
210 1514 26 15 en
255 1508 62 27 nägot
335 1509 67 28 större
419 1507 112 28 tillökning
545 1507 7 21 i
567 1506 126 29 aflöningen,
707 1506 42 22 har
761 1504 102 25 Direktio-
