1103 1795
474 183 31 21 XI
896 183 13 20 5

113 252 49 17 Anm.
176 251 15 17 I.
209 251 27 18 De
248 251 29 18 för
289 251 202 22 Generalguvernörens
500 251 109 23 adjutanter
617 251 6 17 i
632 251 59 18 denna
699 251 52 17 tablå
760 252 94 21 upptagna
863 251 77 22 utgifter

43 287 62 21 11,614
117 285 52 18 mark
181 286 22 17 82
216 285 55 23 penni
283 285 80 18 hänföra
376 285 27 22 sig
416 285 66 18 endast
493 285 29 18 till
532 285 21 18 år
562 286 51 21 1895,
628 285 74 18 emedan
712 284 125 19 kostnaderna
846 284 29 18 för
883 284 57 22 sagda

41 320 86 18 ändamål
139 320 42 18 från
193 320 34 17 och
239 319 41 18 med
293 320 21 17 år
328 321 44 16 1896
384 320 93 18 bestridas
486 325 22 12 ur
516 320 93 18 allmänna
622 319 112 18 statsmedel.

111 355 48 16 Anm.
178 354 28 17 II.
230 353 129 19 Kostnaderna
378 354 29 18 för
426 354 150 21 boställsvården,
592 359 38 13 som
643 354 5 17 i
663 354 59 17 denna
738 353 52 18 tablå
802 355 32 16 äro
846 355 94 21 upptagna

43 389 28 17 till
90 389 74 22 207,874
182 389 52 18 mark
246 389 23 17 67
281 389 60 22 penni,
358 390 67 21 utgöra
440 389 65 17 endast
517 389 31 17 två
560 389 30 17 års
604 388 83 23 utgifter,
699 389 45 16 enär
757 388 6 17 i
777 388 43 17 1896
832 387 31 18 års
875 388 65 17 räken-

43 423 66 23 skaper
121 423 59 23 någon
193 423 56 23 utgift
261 423 29 17 för
301 423 141 22 ifrågavarande
452 423 84 18 ändamål
547 423 40 18 icke
596 423 122 17 förekommer
726 423 21 17 af
755 423 54 17 orsak
818 424 29 16 att
855 422 85 22 samtliga

43 457 77 22 utgifter
139 457 28 17 för
185 457 147 18 boställsvården
350 457 42 18 från
412 457 33 18 och
463 457 41 18 med
520 458 21 17 år
557 458 43 17 1896
620 457 92 18 bestridas
729 462 21 12 ur
768 456 121 22 statsfonden,
901 461 38 12 som

43 491 102 18 sedermera
157 491 48 18 efter
217 491 64 23 hvarje
292 491 30 18 års
331 491 69 22 utgång
412 491 21 18 af
440 491 137 18 militiemedlen
586 491 73 22 uppbär
667 491 104 22 ersättning
779 491 29 17 för
816 490 124 18 kostnaderna

42 525 30 17 för
84 525 217 18 militieboställsvärden.
319 525 40 18 Den
372 525 5 17 i
392 526 44 17 1897
448 526 30 17 års
492 525 127 23 räkenskaper
632 525 150 18 förekommande
794 524 80 23 utgiften
886 526 55 21 utgör

43 559 70 18 således
126 559 98 22 rätteligen
236 560 101 17 kostnader
349 559 29 18 för
391 560 213 18 militieboställsvården
616 559 58 18 under
686 560 21 17 år
720 560 50 17 1896.

114 595 46 16 Anm.
174 594 39 17 III.
236 594 62 18 "Titeln
320 594 233 23 »Anmärkningsprocent«
573 595 53 22 ingår
638 594 41 18 från
692 594 34 18 och
740 594 40 18 med
793 594 21 17 är
827 594 45 17 1899
883 593 56 18 bland

47 629 83 17 »Diverse
142 629 80 22 anslag«.

112 663 49 17 Anm.
178 663 33 17 IV.
235 663 37 18 För
290 663 121 18 anskaffande
429 663 21 18 af
468 663 228 23 krigsnumerärupplaget
711 663 29 18 för
753 663 187 22 dragonregementet,

43 697 56 17 likväl
112 697 40 18 med
165 697 93 22 undantag
271 697 20 18 af
302 699 59 20 gevär,
375 697 34 18 har
424 697 58 18 under
494 698 21 17 år
528 699 44 17 1894
585 697 89 18 utbetalts
689 698 49 21 1,958
752 697 52 18 mark
812 698 22 17 72
842 697 55 22 penni
906 697 34 18 och

45 731 56 18 under
113 731 22 18 år
148 732 43 17 1895
203 732 64 21 59,688
279 732 52 17 mark
343 733 22 16 83
378 733 57 21 penni
448 732 44 17 eller
506 731 135 23 sammanlagdt
652 732 63 21 61,647
727 731 53 18 mark
792 732 22 17 55
826 731 60 22 penni.

113 766 48 17 Anm.
178 766 17 17 V.
220 766 36 17 För
269 766 117 18 bestridande
399 766 20 18 af
433 766 125 18 kostnaderna
570 767 30 17 för
612 766 231 18 sanitetsförnödenheters
855 766 68 22 upplag
935 767 5 16 i

43 800 34 17 och
90 800 29 17 för
131 800 124 23 mobilisering
268 800 21 18 af
301 800 200 19 sanitetsformationer
514 801 5 17 i
532 801 80 22 krigstid
625 801 34 18 har
671 801 29 17 för
713 800 147 23 finansperioden
873 801 67 17 1892—

45 835 44 16 1894
107 834 89 23 anslagits
211 835 74 20 300,000
301 835 58 17 mark.
384 834 61 27 Häraf
458 835 116 18 utbetalades
586 835 58 18 under
656 835 58 22 sagda
726 835 64 22 period
804 835 72 22 108,270
888 835 52 17 mark

44 869 22 17 99
81 869 54 22 penni
154 871 47 15 samt
219 869 59 18 under
295 869 149 22 finansperioden
463 871 113 16 1895—1897
588 871 64 20 26,376
664 870 52 17 mark
728 871 21 16 21
762 870 61 22 penni.
847 869 62 18 Under
920 869 21 18 år

46 903 43 17 1898
107 902 35 19 har
159 902 62 19 derför
239 903 108 22 ytterligare
365 903 86 22 utgifvits
467 905 62 20 21,432
544 905 53 16 mark
609 905 22 16 72
644 904 60 22 penni.
729 903 28 18 Då
770 902 101 19 emellertid
883 902 58 23 sagda

45 937 67 23 upplag
124 938 16 22 ej
154 939 21 16 är
187 938 30 17 til]
230 937 45 18 fullo
288 938 111 21 anskaffadt,
413 938 36 17 kan
462 937 42 18 hela
517 938 102 17 kostnaden
632 938 16 22 ej
661 939 49 16 ännu
723 938 102 22 uppgifvas.

114 973 48 16 Anm.
183 972 28 17 VI.
236 972 36 17 För
290 972 115 23 anläggande
421 973 21 17 af
460 972 166 23 telefonledningar
639 972 41 18 från
692 972 48 18 vissa
753 972 20 18 af
784 972 157 17 militärväsendet

45 1006 95 18 bestämda
152 1007 144 22 utkikspunkter
308 1007 29 16 vid
350 1007 71 17 Finska
434 1007 64 17 vikens
511 1007 44 17 kust
563 1007 29 17 till
602 1006 112 23 förefintliga
727 1007 77 17 telefon-
813 1006 33 17 och
855 1006 86 23 telegraf-

45 1040 95 23 ledningar
156 1041 5 16 i
177 1041 31 17 det
226 1041 39 17 inre
283 1041 20 17 af
321 1041 62 18 landet
395 1046 32 13 var
443 1041 29 18 för
485 1041 147 22 finansperioden
647 1041 112 18 1895—1897
772 1041 84 22 anslaget
869 1041 72 21 130,000

45 1075 56 18 mark.
127 1075 60 18 Under
199 1075 78 18 nämnda
289 1075 63 22 period
366 1075 118 18 utbetalades
498 1075 29 18 för
540 1075 56 23 sagda
609 1075 84 18 ändamål
708 1076 72 21 122,049
790 1075 51 18 mark
850 1076 22 17 62
880 1075 61 22 penni,

45 1109 100 22 hvarjemte
159 1109 58 18 under
228 1110 21 17 &r
263 1111 43 16 1898
323 1110 108 22 ytterligare
444 1110 72 17 erlades
531 1111 51 20 4,296
594 1110 53 17 mark
661 1111 19 16 11
695 1110 60 22 penni.
779 1109 47 18 Hela
839 1109 102 18 kostnaden

45 1143 73 22 belöper
131 1144 28 22 sig
171 1144 77 17 sälunda
261 1144 28 17 till
304 1145 73 20 126,345
390 1144 53 17 mark
456 1145 21 16 73
490 1144 60 22 penni.

113 1179 49 16 Anm.
181 1179 41 16 VII.
246 1179 37 18 För
301 1179 22 17 de
341 1179 61 18 finska
421 1181 111 20 truppernas
552 1179 131 22 ombeväpning
702 1178 40 17 med
760 1178 31 18 det
808 1183 35 18 nya
848 1173 12 34 3
878 1177 63 18 liniers

45 1214 73 21 geväret
130 1213 73 22 anslogs
216 1213 29 18 för
257 1213 150 22 finansperioden
421 1214 113 17 1895—1897
544 1213 92 22 1,600,000
645 1213 56 17 mark.
721 1212 61 18 Under
791 1212 79 17 nämnda
877 1211 64 23 period

45 1247 114 18 utbetalades
178 1247 29 18 för
224 1247 105 18 ändamälet
346 1247 67 18 endast
431 1248 63 21 65,717
514 1248 52 17 mark
578 1248 21 17 31
613 1247 60 23 penni,
691 1247 95 17 hvaremot
802 1247 35 17 den
850 1246 91 23 egentliga

45 1281 80 18 likviden
137 1281 30 18 för
179 1282 22 17 de
213 1281 62 18 aktiva
288 1284 110 20 truppernas
411 1284 56 20 gevär
481 1282 34 17 och
528 1284 87 20 patroner
627 1281 45 23 egde
684 1287 40 12 rum
738 1281 47 18 först
798 1281 57 18 under
867 1281 20 17 är
897 1281 44 17 1898

45 1316 40 17 med
97 1321 22 12 en
133 1321 68 13 summa
213 1316 21 18 af
247 1317 88 21 1,107,271
350 1317 53 17 mark
415 1317 23 16 22
451 1317 61 22 penni.
537 1316 61 18 Sedan
614 1316 57 18 under
683 1316 20 18 är
717 1317 44 16 1899
774 1316 22 17 de
809 1316 47 17 sista
867 1315 74 18 kostna-

44 1350 57 18 derna
114 1350 29 18 för
155 1350 139 22 ifrågavarande
305 1350 86 18 ändamål
400 1350 70 22 erlagts
479 1350 41 18 med
531 1351 50 21 1,813
592 1350 52 18 mark
655 1351 20 16 14
683 1350 61 22 penni,
753 1352 53 20 utgör
814 1349 128 23 totalutgiften

46 1385 89 21 1,174,801
150 1385 51 18 mark
213 1386 22 17 67
249 1386 60 21 penni.
