1103 1795
378 184 27 23 U.
421 184 22 23 B.
461 197 27 3 —
504 186 105 20 XXXIIL

407 576 239 24 Bankutskottets
688 577 182 23 betänkande

336 612 37 24 N:o
383 612 13 23 2
408 612 6 23 i
421 612 125 29 anledning
556 613 26 22 af
588 612 130 24 verkställd
726 613 146 28 granskning

337 649 25 22 af
375 648 109 23 Finlands
502 648 76 23 Banks
594 649 97 29 styrelse
707 649 41 23 och
764 647 107 25 tillstånd

336 684 73 23 under
424 684 57 24 åren
498 685 154 23 1897—1899.

193 810 71 21 Sedan
286 810 199 27 Bankfullmäktige
503 810 34 21 till
554 811 108 20 Utskottet
677 811 69 20 aflåtit
760 811 112 21 berättelse

122 846 108 26 angående
253 846 105 21 Finlands
378 847 72 20 Banks
466 847 88 26 styrelse
570 847 41 20 och
626 847 98 20 tillstånd
739 847 69 20 under
823 847 50 20 åren

124 882 152 25 1897—1899,
298 882 39 20 har
357 882 109 20 Utskottet
481 883 8 19 i
504 883 41 19 och
560 883 34 19 för
610 883 41 19 den
666 883 136 26 granskning,
819 883 53 21 hvil-

121 918 42 20 ken
179 918 88 27 jämlikt
283 918 13 26 8
313 918 28 21 38
358 918 22 20 L.
398 918 24 21 O.
437 919 127 20 ankommer
580 919 13 20 å
604 919 172 25 Bankutskottet,
788 925 84 20 genom-

121 954 45 25 gått
189 953 47 21 icke
259 953 56 21 blott
339 954 96 20 nämnda
450 954 113 21 berättelse
578 956 54 18 utan
647 954 64 21 äfven
725 955 147 26 fullmäktiges

121 989 68 20 under
213 989 65 26 sagda
301 991 23 18 år
347 990 62 20 förda
431 990 113 27 protokoll,
566 990 138 27 brefkonsept
720 991 40 20 och
775 991 34 20 till
824 990 48 20 full-

122 1025 94 26 mäktige
242 1025 108 26 ingångna
373 1025 127 26 skrifvelser,
527 1026 198 21 bankrevisorernes
751 1026 123 21 berättelser

123 1067 28 14 m.
175 1067 36 18 m.,
237 1061 148 20 hvarförutom
405 1061 110 21 Utskottet
530 1061 23 20 af
568 1061 100 21 Bankens
684 1062 111 20 Direktion
810 1062 63 20 inför-

122 1097 79 20 skaffat
224 1097 26 20 de
274 1097 161 26 upplysningar,
460 1104 47 13 som
523 1097 110 21 befunnits
649 1097 84 27 nödiga.
765 1097 109 21 Utskottet

127 1133 38 19 har
180 1133 81 26 jämväl
276 1133 54 26 tagit
350 1133 122 20 kännedom
488 1139 35 14 om
540 1133 26 20 de
582 1133 7 20 i
605 1133 116 27 anledning
736 1134 22 19 af
773 1133 100 20 fullmäk-

123 1168 52 26 tiges
192 1168 112 21 berättelse
320 1168 7 20 i
343 1169 91 20 stånden
449 1169 75 26 gjorda
540 1169 133 20 uttalanden.

194 1364 36 19 Uti
255 1364 37 20 sitt
313 1364 135 21 betänkande
464 1364 8 20 i
488 1365 116 26 anledning
620 1365 22 20 af
657 1365 116 20 verkställd
789 1365 84 26 gransk-

123 1399 51 26 ning
197 1399 22 20 af
243 1400 104 21 Finlands
372 1401 72 20 Banks
468 1401 88 26 styrelse
572 1401 40 20 och
628 1401 98 20 tillstånd
740 1401 68 20 under
824 1401 49 20 åren

125 1434 146 22 1894—1896
288 1436 149 20 konstaterade
454 1437 166 20 Bankutskottet
636 1437 36 20 vid
689 1437 56 20 1897
762 1438 34 19 års
806 1437 68 20 landt-

124 1471 47 26 dag,
195 1473 31 18 att
249 1471 84 21 landets
354 1472 141 20 ekonomiska
510 1472 123 26 utveckling
648 1472 68 20 under
732 1472 88 21 berörda
835 1474 39 19 tre-

195 1517 170 18 Bankutskottets
379 1517 127 19 betänkande
519 1517 37 20 N:o
569 1519 19 17 2.
