1103 1795
424 177 28 22 U.
468 178 28 21 B.
514 190 27 3 —
556 177 33 22 II.
872 179 13 20 5

128 247 121 20 kuratorns
273 247 120 20 berättelse
409 247 71 26 gifver
495 247 124 26 anledning
634 247 33 20 till
684 247 87 20 sådana
788 247 98 21 uttalan-

127 281 52 26 den,
202 288 50 14 som
276 281 92 28 påkalla
390 281 137 27 vidtagande
544 281 24 21 af
581 281 105 27 åtgärder
701 281 50 20 från
771 281 114 22 Prokura-

131 318 63 18 torns
217 315 50 22 sida
290 316 43 21 och
349 316 77 20 derför
441 323 67 14 anses
524 316 56 20 böra
597 316 156 21 Prokuratorn
769 315 116 27 delgifvas,

129 350 126 21 Ständerna
279 350 70 21 borde
373 350 7 20 i
404 350 142 26 underdånig
561 350 117 21 skrifvelse
695 349 105 21 meddela
817 350 69 21 Hans

129 384 122 27 Kejserliga
268 384 105 28 Majestät
389 384 38 21 sitt
441 384 81 27 beslut,
534 384 52 21 med
597 385 110 20 anhållan
717 386 32 19 att
756 383 128 22 detsamma

129 418 72 22 blefve
218 418 32 22 till
267 419 156 20 Prokuratorn
439 419 172 21 öfverlemnadt.

198 453 35 20 Uti
257 453 38 20 det
317 453 25 20 af
363 453 158 26 Lagutskottet
543 453 38 20 vid
604 453 53 20 1897
675 453 37 20 års
729 453 109 26 landtäag
853 453 34 20 af-

129 487 62 26 gifna
211 487 146 21 betänkande
380 487 98 21 rörande
500 487 43 21 den
560 487 25 21 af
598 487 157 21 Prokuratorn
771 487 33 20 till
821 487 65 21 Stän-

129 521 70 21 derna
223 522 128 20 aflemnade
377 521 136 22 berättelsen
539 521 118 28 påpekade
681 521 114 21 Utskottet
816 521 70 21 önsk-

130 555 123 21 värdheten
270 556 25 20 af
308 558 31 18 att
354 556 7 20 i
377 556 66 21 dessa
459 556 131 21 berättelser
597 556 86 27 jemväl
695 556 74 20 skulle
780 557 105 19 omnäm-

130 596 49 19 nas,
195 590 114 21 huruvida
326 590 155 21 Prokuratorn
498 590 76 21 funnit
589 590 125 26 anledning
729 592 32 18 att
776 590 60 21 inför
852 590 35 21 Se-

131 627 67 18 naten
214 624 33 21 till
264 624 137 27 protokollet
417 625 92 20 anmäla
525 625 70 26 några
612 624 156 27 påminnelser
779 625 43 20 och
833 624 56 21 erin-

131 659 76 26 ringar
228 659 55 20 eller
303 659 90 26 vidtaga
417 666 77 13 annan
518 659 25 20 af
564 659 122 27 styrelsens
707 659 180 26 tillvägagående

131 693 6 20 i
161 695 30 18 ett
213 693 54 21 eller
286 696 71 17 annat
375 693 39 21 fall
430 693 150 28 tilläfventyrs
596 693 108 28 påkallad
720 693 86 26 åtgärd.
838 692 50 21 Med

131 727 105 21 afseende
258 728 56 20 härå
329 728 124 21 anmärker
468 728 156 21 Prokuratorn
641 727 32 21 uti
689 735 32 13 nu
737 727 152 26 föreliggande

131 762 126 26 berättelse,
273 764 32 18 att
320 764 31 19 ett
365 762 131 26 ovilkorligt
511 762 53 20 kraf
577 762 29 27 på
622 769 28 14 en
665 761 71 22 sådan
749 761 140 27 redogörelse

132 796 111 27 svårligen
260 803 68 20 synes
344 797 45 20 låta
405 796 79 21 förena
500 796 33 26 sig
549 796 52 21 med
616 796 180 21 innehafvarens
807 796 25 20 af
841 802 49 21 pro-

132 831 204 20 kuratorsembetet
357 832 44 19 rätt
423 833 32 18 att
480 831 106 26 »jemväl»
604 831 98 20 rörande
718 830 172 26 ifrågavarande

132 870 53 21 gren
202 865 24 20 af
241 865 34 20 sin
291 865 147 20 verksamhet
452 867 80 25 ytterst
547 865 52 26 sjelf
612 865 22 20 få
650 865 55 20 efter
716 865 34 26 sig
760 864 130 21 företeende

132 899 195 27 omständigheter
346 899 80 28 pröfva
448 900 44 20 och
508 899 84 27 afgöra,
611 906 49 14 »om
677 899 45 20 och
738 898 61 21 hvad
814 898 75 21 deraf»

133 934 45 20 kan
201 940 67 15 anses
284 941 54 13 vara
354 934 25 20 af
391 934 158 21 beskaffenhet
564 936 32 19 att
610 934 56 20 böra
682 933 7 21 i
705 933 135 21 berättelsen
856 933 36 20 be-

132 969 70 20 röras.
234 968 9 20 I
259 968 124 27 anledning
399 968 25 20 af
437 968 60 21 detta
513 968 117 21 uttalande
646 968 42 20 har
704 967 113 21 Utskottet
833 967 59 21 velåt

133 1002 129 27 framhålla,
286 1003 112 20 hurusom
422 1003 37 20 det
481 1002 131 27 visserligen
636 1003 25 19 är
683 1001 131 28 uppenbart
838 1003 31 19 att
885 1001 6 20 i

134 1037 167 20 Prokuratorns
325 1037 235 20 embetsverksamhet
582 1037 38 20 fall
642 1037 81 20 kunna
742 1036 149 26 förekomma,

133 1071 29 20 då
185 1071 208 26 grannlagenheten
417 1071 54 20 eller
494 1071 167 20 Prokuratorns
677 1070 145 27 embetspligt
837 1070 55 20 eller

132 1105 34 20 till
182 1105 43 20 och
241 1105 53 20 med
310 1105 107 21 statsskäl
434 1105 34 20 för
483 1105 61 20 tiden
562 1105 104 26 förbjuda
683 1106 31 19 ett
730 1104 55 20 visst
798 1103 94 21 ärendes

133 1139 127 26 bringande
281 1140 32 20 till
330 1140 170 27 offentligheten
516 1140 43 20 och
576 1139 96 21 sålunda
686 1139 86 26 jemväl
788 1138 52 21 dess
856 1137 36 21 be-

133 1173 97 21 rörande
253 1174 7 20 i
283 1174 142 21 berättelsen.
457 1174 50 21 Och
527 1174 72 20 likaså
615 1173 64 21 torde
695 1173 37 20 det
748 1173 49 20 icke
814 1172 79 21 kunna

134 1207 114 27 förnekas,
271 1211 32 18 att
321 1209 37 20 det
379 1209 72 20 måste
475 1209 22 20 få
520 1208 54 21 bero
596 1208 29 27 på
646 1208 169 21 Prokuratorns
838 1212 55 21 egen

133 1242 196 27 embetspröfning
353 1243 7 20 i
380 1243 93 20 hvilken
497 1243 137 26 omfattning
656 1243 47 19 han
726 1241 42 21 bör
783 1241 7 20 i
806 1241 35 21 sin
857 1241 37 20 be-

133 1277 89 20 rättelse
241 1277 82 20 beröra
338 1277 28 20 de
382 1277 73 21 skilda
472 1283 112 20 grenarna
600 1277 24 20 af
638 1277 34 20 sin
689 1275 205 22 embetsverksam-

133 1310 44 21 het.
209 1311 52 20 Men
282 1311 35 20 för
333 1311 73 21 såvidt
423 1311 167 21 Prokuratorns
606 1310 154 21 omförmälda
776 1309 117 21 uttalande

133 1345 71 26 gifver
226 1346 91 26 uttryck
339 1346 23 20 åt
383 1346 44 20 den
447 1345 152 27 uppfattning,
616 1348 32 18 att
663 1345 157 20 Prokuratorn
836 1344 56 20 efter

133 1381 49 24 eget
204 1379 165 26 godtfinnande
391 1380 55 26 egde
462 1380 78 26 afgöra
556 1379 114 21 huruvida
686 1379 77 26 någon
780 1378 45 21 viss
840 1382 54 22 gren
913 1387 2 3 :

134 1413 25 20 af
179 1413 59 22 hans
259 1414 101 27 antydda
384 1415 147 20 verksamhet
546 1414 42 21 alls
603 1414 42 21 bör
658 1414 6 20 i
680 1413 136 21 berättelsen
832 1412 63 21 berö-

133 1453 38 15 ras
186 1448 54 21 eller
255 1448 56 26 icke,
328 1449 46 20 kan
391 1449 156 26 Lagutskottet
563 1448 35 21 för
613 1448 34 21 sin
660 1447 34 21 del
709 1447 49 21 icke
771 1447 124 26 godkänna

133 1481 76 21 denna
226 1483 153 26 uppfattning.

239 1527 134 23 Lagutskottets
385 1530 111 18 betänkande
510 1528 36 18 N:o
559 1529 29 18 18.
