1103 1795
267 159 26 20 22
608 158 25 21 I

236 226 72 21 mälet
330 226 81 27 utgafs
434 225 178 22 tillrättaskaffa
636 226 155 21 omförmälda
807 225 104 22 saknade
926 225 75 22 hand-

236 265 81 28 lingar
332 265 44 22 och
391 265 107 29 koncept.
511 278 2 2 :

307 303 73 24 Öfver
403 306 65 21 detta
490 306 78 28 utslag
588 307 97 21 anförde
709 307 66 21 såväl
798 305 202 23 advokatfiskalen

238 353 49 14 som
310 345 270 22 vicelandskamreraren
602 347 26 21 L.
648 347 163 28 underdäniga
828 346 93 26 besvär;
943 346 54 21 derå

236 386 135 29 Kejserliga
390 387 102 21 Senaten
511 386 45 22 den
578 389 24 20 16
618 387 103 29 Augusti
739 389 53 20 1897
808 386 138 22 meddelade
962 388 35 19 ut-

237 426 52 29 slag
304 426 8 21 i
328 426 79 27 mälet;
425 426 44 22 och
481 427 73 27 jemte
570 427 40 21 det
626 427 82 22 dervid
724 427 42 21 allt
776 426 122 22 utlätande
908 426 89 22 beträf-

239 466 72 21 fande
326 465 270 22 vicelandskamreraren
611 467 39 21 L:s
665 466 138 29 skyldighet
819 468 35 19 att
864 466 53 21 med
927 468 69 19 stäm-

236 507 128 27 pelpapper
383 507 62 20 förse
465 507 173 28 handlingarna
657 507 34 21 uti
708 507 28 21 de
752 507 74 20 under
841 506 62 21 N:ris
919 508 34 25 49,
971 507 25 20 52

239 546 44 21 och
307 548 26 20 57
353 547 8 20 i
379 547 103 28 längden
501 548 27 20 A.
550 549 121 26 upptagna
692 547 103 21 ärenden
814 547 122 20 äfvensom
951 545 46 22 till-

239 587 141 21 rättaskaffa
393 588 171 21 ofvanberörda
574 587 104 22 saknade
690 587 142 28 handlingar
843 587 43 21 och
897 587 102 27 koncept

239 627 46 22 fick
308 628 103 27 förfalla,
435 632 54 17 enär
511 628 26 21 L.
558 628 94 21 dämera
671 628 113 28 fullgjort
799 627 132 22 hofrättens
948 627 50 21 der-

238 668 101 21 utinnan
355 668 136 21 meddelade
506 668 154 27 föreskrifter,
677 669 59 20 fann
751 667 134 28 Kejserliga
896 667 101 21 Senaten

237 708 270 21 vicelandskamreraren
530 708 39 21 L:s
593 708 83 21 besvär
696 708 52 21 icke
767 707 123 22 föranleda
905 707 38 21 till
959 711 38 17 än-

240 748 70 27 dring
329 748 8 20 i
356 748 131 21 hofrättens
507 749 172 21 ofvanberörda
695 749 85 27 utslag.
811 748 188 21 Vidkommande

239 787 105 22 deremot
355 788 211 21 advokatfiskalens
578 789 89 27 besvär,
680 789 60 20 fann
751 788 134 29 Kejserliga
896 788 101 21 Senaten

240 827 63 22 hvad
328 828 269 22 vicelandskamreraren
620 829 26 21 L.
671 829 25 21 af
718 829 122 21 hofrätten
865 828 134 21 tillräknats

241 870 84 19 stanna
348 868 83 20 honom
456 869 34 20 till
514 869 56 27 last;
590 869 8 20 i
619 869 115 21 anseende
753 868 97 22 hvartill
866 868 133 27 Kejserliga

241 907 103 22 Senaten
366 909 112 27 pröfvade
500 909 101 28 rättvist,
625 909 53 21 med
701 909 53 21 stöd
778 909 26 21 af
826 909 28 21 de
877 909 54 20 utaf
948 908 51 21 hof-

240 950 78 19 rätten
341 949 130 28 åberopade
494 949 97 28 lagrum,
616 949 67 21 döma
706 949 26 21 L.
756 951 36 19 att
807 949 73 21 varda
895 949 53 21 från
964 948 36 22 sin

240 988 176 22 innehafvande
441 989 326 28 vicelandskamreraretjenst
790 989 83 26 afsatt;
897 989 102 21 derutin-

240 1035 48 14 nan
311 1029 132 21 hofrättens
465 1029 79 29 utslag
566 1029 99 22 sålunda
685 1029 121 26 ändrades,
823 1029 122 21 hvaremot
960 1029 40 21 vid

241 1068 130 22 detsamma
386 1069 8 21 i
410 1069 78 28 öfrigt,
508 1069 56 22 eller
580 1069 78 22 såvidt
673 1070 25 21 L.
716 1070 37 21 för
768 1069 181 22 underlåtenhet
966 1071 34 19 att

241 1109 54 21 med
321 1110 187 28 stämpelpapper
534 1111 63 20 förse
620 1111 116 20 särskilda
759 1109 142 28 handlingar
925 1109 75 22 dömts

242 1151 36 19 att
301 1150 56 21 böta
380 1152 26 19 20
427 1151 64 20 mark
514 1153 61 18 samt
598 1151 75 28 ålagts
697 1152 88 19 ersätta
808 1150 131 21 kostnaden
963 1150 36 21 för

242 1190 161 29 fullgörandet
425 1191 26 20 af
470 1191 39 21 L:s
530 1191 122 21 eftersatta
668 1191 102 27 arbeten,
787 1190 35 21 uti
839 1190 80 21 hvilka
935 1190 64 21 delar

243 1229 52 22 skäl
311 1230 37 21 till
363 1231 95 20 rättelse
474 1231 20 28 ej
512 1231 140 28 förebragts,
668 1231 47 21 fick
732 1230 120 21 förblifva.

313 1351 76 21 Sedan
413 1354 146 25 guvernören
574 1352 8 20 i
598 1352 37 20 W.
658 1351 40 21 län
716 1351 8 21 i
740 1350 128 28 anledning
885 1350 26 21 af
925 1349 78 22 ordfö-

242 1391 103 21 randens
368 1392 8 20 i
400 1391 21 22 S.
445 1392 122 21 kommuns
591 1391 237 22 kommunalstämma
847 1390 31 21 I:s
897 1390 105 29 yrkande

242 1432 100 21 medelst
357 1432 78 29 utslag
451 1432 25 21 af
490 1432 46 21 den
552 1434 11 19 6
581 1432 136 28 September
735 1433 53 20 1892
800 1431 65 28 älagt
876 1431 63 20 förre
951 1430 52 21 ord-

244 1472 116 21 föranden
376 1472 7 20 i
399 1472 71 29 sagda
486 1472 122 21 kommuns
625 1471 225 22 kommunalnämnd
860 1471 21 21 J.
895 1472 34 19 att
941 1471 62 20 inom
