1103 1795
213 199 28 20 10
472 197 27 22 U-
517 196 24 23 B.
561 209 25 3 —
602 197 104 21 XXXIII.

284 263 195 26 Bestämningarna
503 263 109 26 angående
635 262 104 21 Finlands
759 263 73 20 Banks
848 263 121 26 sedelutgif-

213 300 108 26 ningsrätt
337 299 52 20 böra
405 299 63 20 alltsä
480 299 66 27 enligt
557 299 119 20 Utskottets
688 299 54 26 äsigt
754 299 117 20 fastställas
881 299 86 24 sädana,

212 337 32 19 att
268 335 27 20 de
318 335 47 20 icke
389 335 68 20 under
480 336 65 25 nägra
567 335 150 20 förhällanden
744 335 60 20 skola
819 335 34 20 till
869 341 49 14 men
934 335 33 20 för

212 371 90 20 Banken
319 371 40 20 och
375 371 73 20 landet
470 371 44 20 visa
534 371 32 26 sig
580 371 34 20 för
629 371 81 25 tränga.
742 371 32 20 De
790 371 175 26 betänkligheter,

212 407 75 21 hvilka
304 407 89 26 tidigare
410 407 81 20 anförts
507 407 103 25 däremot,
626 408 33 19 att
675 406 41 20 den
727 408 121 25 temporära
860 407 108 25 ökningen

212 444 22 19 af
251 443 146 20 sedelstocken
422 443 84 26 gjordes
533 442 105 21 beroende
661 442 22 20 af
705 442 91 20 särskild
812 443 101 19 anhållan
929 442 39 20 hos

213 479 99 24 Senaten,
337 479 39 19 har
399 478 109 21 Utskottet
528 478 46 20 icke
587 478 84 20 kunnat
686 478 59 19 finna
760 479 135 25 graverande,
912 479 56 19 helst

213 521 85 14 samma
321 514 170 26 betänkligheter
513 514 75 20 kunna
611 514 102 26 åberopas
729 516 58 18 emot
803 514 41 20 den
864 514 21 20 af
900 514 69 20 Bank-

212 550 137 26 fullmäktige
366 549 202 21 rekommenderade
584 551 93 24 utvägen
689 551 33 19 att
732 550 67 20 anlita
810 550 156 20 statskrediten.

213 587 47 19 Den
285 585 167 24 öfveremission,
477 592 46 14 som
546 585 69 20 under
638 586 155 26 exceptionella
816 585 149 20 förhållanden

212 622 74 20 kunde
310 622 88 19 komma
418 623 31 18 att
473 628 38 19 ega
526 628 55 18 rum,
598 622 39 19 har
653 621 59 21 desto
728 622 84 19 mindre
827 622 54 20 varit
897 621 68 26 egnad

213 659 32 18 att
268 657 82 26 ingifva
373 657 109 20 Utskottet
504 657 105 26 farhågor,
634 664 46 13 som
705 657 126 21 densamma
856 657 110 28 själffallet

213 693 88 20 komme
325 695 32 18 att
380 693 109 20 användas
511 695 76 24 ytterst
611 693 67 20 sällan
695 693 40 20 och
751 693 75 20 endast
841 693 69 20 under
925 693 40 20 för-

213 729 124 24 hållanden,
362 729 27 20 då
411 729 125 20 säkerheten
552 729 34 20 för
601 729 194 26 sedelinlösningen
811 729 27 26 på
854 729 53 20 intet
923 730 42 19 sätt

214 765 123 26 därigenom
345 765 123 20 riskerades.
481 764 73 21 Redan
562 765 62 25 länge
633 765 38 20 har
678 765 215 25 bankförvaltningen
903 765 62 20 äfven

213 801 69 20 under
297 801 90 20 kritiska
401 800 55 21 tider
466 801 121 26 uppehållit
596 808 26 13 en
631 801 121 26 betydande
760 801 105 26 marginal
874 801 91 20 emellan

213 837 188 19 sedelemissionen
420 836 39 20 och
476 837 188 24 emissionsrätten,
684 837 23 20 af
722 837 88 20 hvilken
826 837 65 20 sedan
908 837 57 20 1890

213 872 72 26 aldrig
301 872 83 20 mindre
401 874 26 18 än
443 872 31 20 tio
490 873 100 26 miljoner
603 873 61 20 mark
677 873 54 20 varit
742 872 129 26 obegagnad.
888 873 77 19 Därtill

213 908 106 24 kommer,
336 910 31 18 att
388 908 41 20 den
452 908 68 20 ökade
543 908 108 24 emission,
676 915 46 13 som
746 908 68 20 under
830 908 65 20 kriser
919 915 47 19 eger

213 950 56 18 rum,
286 945 65 25 gärna
366 945 70 24 någon
452 944 32 20 tid
500 944 94 20 behålles
611 945 22 19 af
648 944 146 20 allmänheten
810 944 22 20 af
848 944 67 24 orsak,
934 945 32 19 att

214 979 41 20 den
279 979 148 26 ovillkorligen
450 979 102 21 behöfves
575 980 34 20 för
630 980 166 25 omsättningen,
820 980 40 20 och
882 982 32 18 att
930 980 36 20 vid

214 1016 45 19 åter
274 1015 127 20 inträdande
417 1015 97 20 normala
529 1015 151 21 förhållanden
697 1015 96 21 sedlarne
808 1016 8 19 i
832 1016 71 25 regeln
914 1016 51 19 åter-

213 1051 72 20 vända
300 1051 33 20 till
349 1051 88 20 Banken
452 1051 48 20 icke
518 1058 77 19 genom
612 1051 82 20 inlösen
710 1051 50 20 med
776 1051 74 20 metall
866 1053 51 18 utan
934 1058 32 19 ge-

213 1093 52 14 nom
291 1087 109 25 betalning
423 1087 22 19 af
471 1087 99 20 Bankens
594 1093 77 20 genom
695 1087 129 20 emissionen
840 1087 127 26 uppkomna

213 1123 127 26 fordringar.
373 1123 46 20 Och
435 1123 101 26 slutligen
551 1123 39 20 har
605 1123 110 20 Utskottet
730 1123 46 20 icke
792 1123 84 20 kunnat
890 1123 75 20 under-

214 1158 71 21 skatta
318 1159 35 20 det
384 1158 110 27 praktiska
525 1160 140 24 argumentet,
697 1160 32 19 att
756 1159 60 20 tiden
843 1159 33 20 till
905 1161 62 18 nästa

214 1194 103 26 landtdag
343 1194 41 20 blir
407 1194 72 26 längre
502 1196 28 18 än
550 1195 26 19 de
592 1196 96 19 närmast
703 1195 126 26 föregående
845 1195 121 25 landtdags-

213 1230 129 26 perioderna
357 1230 54 20 varit
427 1230 39 20 och
483 1232 31 18 att
535 1231 84 26 hänsyn
635 1231 38 19 bör
688 1232 59 24 tagas
757 1231 35 19 till
802 1230 26 20 de
839 1230 128 21 förändrade

213 1266 159 24 förhållanden,
397 1265 71 20 denna
490 1266 72 26 längre
585 1266 113 20 mellantid
722 1266 42 20 kan
780 1266 67 20 hinna
863 1266 103 20 medföra.

287 1302 29 19 På
332 1301 26 20 de
375 1301 52 25 skäl,
444 1301 153 21 ofvanstående
614 1302 158 25 framställning
786 1301 94 25 innebär,
893 1302 75 20 tvekar

214 1337 111 20 Utskottet
350 1337 62 20 alltså
435 1337 47 20 icke
505 1339 31 18 att
559 1337 39 20 hos
623 1337 119 21 Ständerna
761 1337 33 20 till
810 1337 157 25 godkännande

213 1372 87 21 förorda
319 1372 36 21 det
370 1372 7 20 i
393 1372 86 27 bilagda
491 1372 217 27 författningsförslag
719 1372 103 27 ingående
834 1372 132 27 stadgandet,

213 1410 38 23 att,
277 1415 36 14 om
337 1409 163 20 förhållandena
516 1409 76 20 sådant
608 1409 171 26 oundgängligen
795 1409 92 26 påkalla,
904 1409 63 20 Sena-

213 1446 47 19 tens
285 1445 120 20 Ekonomie
424 1444 159 27 Departement,
600 1445 28 26 på
644 1445 159 25 framställning
818 1445 23 19 af
856 1445 111 20 Bankfull-

213 1481 103 26 mäktige,
342 1481 43 20 kan
408 1481 114 26 medgifva,
547 1483 32 18 att
594 1482 36 19 det
652 1481 84 26 belopp,
752 1480 104 20 hvarmed
872 1481 96 20 bankens

214 1515 71 21 sedlar
316 1516 66 26 enligt
406 1516 160 20 föreskrifterna
596 1517 7 19 i
627 1517 138 25 reglementet
791 1516 22 20 få
836 1516 133 27 öfverskjuta

287 1556 167 18 Bankutskottets
468 1556 128 19 betänkande
609 1556 38 19 N:o
661 1557 16 17 3.
