1103 1795
232 207 14 20 2
465 207 29 22 U.
511 207 26 22 B.
554 220 26 2 —
596 206 172 23 1II-XXXII.

233 275 185 28 donationsgods
441 275 8 23 i
472 275 100 28 Viborgs
596 275 43 22 och
660 276 34 21 S:t
704 275 110 22 Michels
832 275 39 22 län
887 276 36 22 för
939 276 56 21 åren

233 311 150 24 1896—1898,
399 309 97 22 relation
520 317 36 14 om
578 310 166 25 statsskulden,
760 310 234 29 generalhufvudbok

232 344 67 21 öfver
321 344 152 21 statsverkets
496 344 82 21 fonder
600 345 36 21 för
658 345 54 21 åren
730 346 148 26 1895—1897,
894 345 101 22 relation

232 378 67 22 öfver
315 379 86 21 sådana
417 379 40 20 vid
472 379 194 28 länestyrelserna
682 380 8 20 i
706 379 81 22 landet
797 379 131 22 förvaltade
943 379 51 22 fon-

231 413 48 28 der,
287 413 37 21 för
339 413 80 21 hvilka
436 413 146 29 redogörelse
599 413 20 29 ej
636 414 67 28 ingär
718 414 8 21 i
742 414 28 21 de
786 414 118 22 allmänna
912 414 82 21 räken-

231 448 117 27 skaperna
366 448 37 20 för
418 448 55 20 ären
492 449 146 26 1895—1898,
654 448 123 21 berättelse
793 455 35 14 om
846 448 49 21 Elis
911 448 83 21 Holms

230 481 191 29 nödhjälpsfond,
436 481 119 22 äfvensom
578 481 99 22 relation
700 489 37 14 om
760 482 63 21 hvad
846 489 46 14 som
914 482 79 22 blifvit

229 516 119 29 tillgjordt
362 516 8 21 i
386 516 127 28 anledning
528 516 27 21 af
567 516 113 21 Finlands
697 516 111 22 Ständers
826 517 168 22 Statsutskotts

230 550 42 21 vid
295 550 142 29 landtdagen
460 551 25 20 år
506 551 53 23 1897
583 550 83 29 gjorda
689 551 182 28 anmärkningar
886 555 62 18 emot
963 551 29 22 dä

228 582 109 31 afgifven
352 585 98 21 relation
467 592 37 14 om
520 585 152 21 statsverkets
688 585 113 22 tillständ.

299 619 217 22 Finansrelationen
532 619 42 22 har
589 619 26 22 af
629 619 109 29 samtliga
752 619 70 22 stånd
837 620 8 21 i
858 619 107 22 afseende
977 621 14 20 å

229 653 169 22 förberedande
414 653 177 29 handläggning
604 654 140 21 remitterats
756 654 36 21 till
804 654 185 26 Statsutskottet,

228 688 94 21 hvilket
336 689 8 20 i
361 689 104 27 enlighet
481 689 51 20 med
549 689 12 26 $
577 689 45 21 36
614 684 13 37 i
636 688 257 29 landtdagsordningen
901 688 88 29 jämväl

228 723 54 21 haft
297 723 101 28 tillgäng
412 723 37 20 till
465 723 46 20 alla
526 723 152 21 statsverkets
693 722 157 29 räkenskaper
864 722 42 22 och
917 723 72 21 hand-

228 757 84 28 lingar.
339 757 180 22 Statsutskottet
534 757 42 22 har
591 757 36 21 för
639 757 149 28 fullgörande
799 757 26 21 af
834 757 42 21 sitt
885 757 106 28 antydda

228 792 109 28 uppdrag
351 791 49 22 dels
417 792 60 27 tagit
491 791 131 22 kännedom
638 799 37 14 om
693 791 248 29 kapitalräkningarna
952 791 35 22 för

228 825 179 29 iträgavarande
429 826 24 21 är
470 825 72 29 jämte
558 825 76 29 öfriga
649 825 36 22 till
699 826 72 21 saken
788 825 101 22 hörande
905 825 84 22 räken-

228 860 90 29 skaper,
342 860 49 20 dels
415 860 109 21 särskildt
539 861 112 28 granskat
668 861 31 28 pä
714 860 62 21 hvad
791 863 47 18 sätt
854 860 27 21 de
897 859 40 22 vid
952 867 36 14 se-

227 897 68 19 naste
311 895 114 28 landtdag
439 895 37 21 för
490 895 62 21 vissa
568 895 107 21 ändamål
692 894 114 29 beviljade
818 894 81 29 anslag
909 894 80 21 blifvit

227 929 115 22 använda,
373 929 61 22 Lika
456 929 52 21 litet
530 937 48 14 som
602 929 40 21 vid
665 929 101 29 tidigare
788 929 140 28 landtdagar
945 929 44 21 har

226 963 135 22 Utskottets
377 963 145 29 granskning
537 963 90 22 kunnat
642 964 92 21 sträcka
750 963 36 29 sig
800 963 36 22 till
845 963 28 21 de
881 963 106 22 enskilda

226 1001 123 25 posternas
365 997 152 29 verificering,
538 1005 52 14 men
607 998 41 21 har
663 998 123 22 Utskottet
802 997 133 29 öfvertygat
950 998 37 28 sig

226 1039 39 15 om
289 1035 35 19 att
345 1032 217 29 författningsenlig
583 1033 102 21 revision
700 1033 8 20 i
724 1032 85 29 antydt
830 1031 61 29 syfte
907 1032 80 21 blifvit

226 1066 128 22 verkstäld.

298 1101 185 26 Statsutskottet,
508 1108 49 14 som
582 1101 83 21 härvid
692 1104 78 18 ansett
793 1101 37 28 sig
852 1100 55 22 böra
928 1101 59 28 följa

226 1143 90 14 samma
331 1135 162 29 uppställning
508 1135 26 22 af
542 1138 84 24 ämnet,
636 1143 48 14 som
695 1135 123 28 iakttagits
832 1135 7 21 i
849 1135 136 27 relationen,

224 1171 46 28 går
292 1170 89 21 således
404 1172 35 19 att
460 1170 76 21 nedan
559 1170 113 28 redogöra
694 1170 36 21 för
752 1170 129 21 resultaten
901 1169 26 22 af
939 1169 46 22 den

225 1205 154 28 granskning,
403 1204 94 21 hvilken
524 1204 80 22 blifvit
629 1204 76 29 ägnad
728 1205 28 20 de
780 1204 113 21 särskilda
917 1207 68 19 stats-

224 1239 122 22 fonderna.
376 1239 122 22 Utskottet
516 1239 40 21 bör
574 1238 129 22 emellertid
721 1238 145 22 förutskicka
884 1238 45 21 den
945 1245 40 15 an-

224 1273 88 26 mälan,
329 1276 35 18 att
379 1273 128 21 detsamma
528 1273 36 21 för
587 1273 77 21 denna
679 1273 63 28 gång
765 1275 77 18 ansett
857 1272 36 28 sig
915 1272 8 21 i
941 1273 44 20 all-

225 1307 97 22 mänhet
344 1307 51 22 icke
418 1307 56 22 böra
496 1307 56 28 ingå
567 1307 30 28 på
617 1307 255 28 detaljanmärkningar
885 1307 99 21 rörande

224 1342 157 28 bokföringen
404 1341 27 21 af
451 1342 106 20 enskilda
578 1341 229 29 räkenskapsposter,
826 1341 30 21 då
879 1341 44 21 den
945 1348 39 21 ge-

224 1383 56 14 nom
309 1376 63 28 Kejs.
403 1376 165 28 förordningen
592 1375 45 22 den
661 1376 12 21 3
699 1376 45 28 maj
773 1376 61 26 1899,
863 1375 120 29 angående

224 1411 199 28 omorganisation
446 1410 26 21 af
492 1410 151 21 statsverkets
668 1410 78 21 kassa-
772 1409 41 22 och
831 1409 153 30 räkenskaps-

223 1445 110 26 väsende,
353 1445 94 21 afsedda
470 1445 83 20 reform
582 1444 104 21 kommer
712 1447 34 18 att
764 1444 66 21 träda
845 1444 8 21 i
871 1443 112 22 verkstäl-

829 1473 58 26 nnas
914 1478 55 13 Manin

222 1479 78 28 lighet
322 1479 71 22 redan
417 1479 52 21 från
491 1479 43 21 och
555 1479 53 21 med
631 1479 24 21 år
677 1481 60 25 1901,
752 1481 62 19 samt
830 1481 151 26 uppställnin-

295 1560 141 18 Statsutskottets
449 1560 109 17 betänkande
572 1559 34 18 N:o
619 1560 18 17 2.
