1103 1795
209 191 27 20 50
447 190 29 22 U.
492 191 28 21 B.
536 203 28 2 —
579 191 157 20 III-XXXII.

209 257 34 29 lig
266 257 45 22 den
333 261 29 18 än
378 261 32 24 är,
425 257 36 22 för
476 257 187 22 konsekvensens
679 257 61 22 skull
756 258 127 28 lämpligen
899 258 71 21 borde

210 292 7 21 i
232 291 76 22 likhet
328 291 51 22 med
400 292 131 21 kostnaden
546 292 36 22 för
598 292 72 22 andra
685 291 163 29 bevillningar,
864 292 104 22 observe-

209 333 36 14 ras
269 326 74 21 under
365 326 111 21 särskildt
498 327 79 26 konto,
601 327 151 28 hvarigenom
770 327 199 21 nettoinkomsten

210 360 70 21 äfven
296 360 26 21 af
335 360 76 22 denna
428 361 129 28 bevillning
571 361 132 21 framstode.

279 395 70 21 Hvad
365 395 73 28 angår
452 397 110 27 posterna
578 395 132 29 ,påföring"
724 395 44 21 och
779 395 129 29 ,afföring*,
920 402 51 19 ,re-

210 429 130 26 stitution",
357 429 159 25 ,återbetalda
531 429 43 21 och
589 429 182 28 uppdebiterade
787 429 95 26 medel",
899 428 71 27 ,,kon-

210 466 53 18 tant
273 465 86 19 ersatta
369 463 110 28 utgifter"
490 466 61 18 samt
562 463 225 29 ,Revisionsrättens
799 464 163 21 observations-

210 497 89 21 medel"
323 497 73 28 gäller
417 497 8 21 i
448 497 66 29 fråga
534 504 36 14 om
587 497 76 22 denna
678 497 56 21 fond
750 497 98 22 likasom
864 498 7 21 i
887 498 83 21 räken-

209 532 115 28 skaperna
339 532 36 21 för
391 532 73 21 andra
478 531 90 27 fonder,
584 534 35 19 att
629 532 73 21 under
713 532 71 28 sagda
795 532 105 21 rubriker
910 539 57 14 sam-

210 561 116 26 manföras
348 566 91 29 belopp,
462 573 49 14 som
532 566 63 28 gälla
611 566 62 21 olika
688 566 112 21 inkomst-
816 566 42 21 och
874 566 93 29 utgifts-

209 600 72 22 titlar.
309 601 30 20 Sä
355 604 16 19 t.
387 608 33 13 ex.
437 601 68 28 ingår
520 600 7 21 i
542 603 82 26 posten
640 600 111 29 ,afföring
762 601 59 20 Fmk
833 602 83 23 21,532:
926 601 42 21 63"

209 635 36 21 för
268 635 25 21 år
316 636 54 20 1898
387 637 34 19 ett
436 635 83 28 belopp
535 637 59 19 stort
609 635 60 21 Fmk
685 635 83 26 16,953:
785 636 33 23 60,
834 642 48 14 som
899 638 59 18 rätte

209 669 65 28 ligen
297 672 68 25 utgör
388 669 196 28 öfverleverering
600 669 26 21 af
644 669 325 28 stämpelbevillningsmedel,

209 703 43 22 och
277 703 97 22 sålunda
398 703 102 21 minskar
523 703 44 21 den
584 703 100 21 inkomst
701 703 27 21 af
740 703 76 21 denna
833 703 135 28 bevillning,

209 745 49 14 som
275 738 8 21 i
298 738 142 28 räkningens
456 738 70 21 debet
540 737 36 22 för
592 737 139 28 föregående
747 738 25 21 är
787 737 112 28 angifves.
928 738 39 21 Att

209 779 32 14 nu
257 771 8 22 i
281 772 70 29 detalj
369 772 136 21 sönderdela
520 772 66 21 dessa
602 775 77 25 poster
692 772 65 21 torde
768 772 59 21 dock
838 773 26 20 sä
875 772 93 28 mycket

209 806 91 21 mindre
316 814 66 13 anses
398 806 89 29 nödigt,
503 813 49 14 som
565 806 75 29 enligt
650 806 39 21 det
699 814 46 20 nya
759 807 209 27 bokföringssyste-

210 843 47 18 met
273 841 80 28 dylika
369 840 185 29 oegentligheter
569 841 36 20 för
620 840 123 22 framtiden
760 841 163 28 undanrödjas.

279 875 86 21 Likaså
383 875 103 21 kommer
504 875 124 21 framdeles
643 877 34 19 att
692 875 106 28 upphöra
812 875 44 21 den
872 877 92 25 oegent-

209 909 76 28 lighet
307 912 35 18 att
364 909 111 21 inkomst-
498 909 42 21 och
559 909 168 28 utgiftsposter,
744 916 48 14 som
809 909 91 21 komma
915 908 52 21 frän

209 943 57 21 eller
286 943 61 22 föras
370 943 36 22 till
422 943 72 21 andra
508 943 90 26 fonder,
614 943 50 21 icke
680 943 133 21 observeras
830 943 72 21 under
917 943 51 21 sina

209 985 59 21 resp.
276 978 112 21 inkomst-
397 977 55 21 eller
463 977 154 28 utgiftstitlar,
628 979 56 20 utan
695 977 73 21 under
776 977 109 21 rubriken
893 977 75 26 ,leve-

209 1012 80 29 rering
303 1015 63 18 utom
383 1012 80 21 verket
480 1012 55 21 eller
550 1011 144 29 öfverföring
709 1011 51 22 från
777 1011 56 22 eller
848 1011 36 22 till
895 1012 73 21 andra

209 1046 103 21 fonder".
336 1046 211 29 Anslagsposterna
562 1046 36 21 för
614 1045 81 29 bidrag
711 1046 36 21 till
763 1045 86 22 fonden
866 1046 35 21 för
911 1053 56 21 pen-

209 1081 120 28 sionering
344 1081 26 20 af
383 1080 119 21 städernas
517 1080 176 21 folkskollärare
709 1080 43 21 och
768 1080 136 27 lärarinnor,
918 1087 48 15 som

209 1115 5 20 i
231 1115 154 21 förevarande
398 1115 216 28 kapitalräkningar
625 1115 133 20 observeras
768 1115 74 20 under
853 1115 115 28 sistsagda

208 1149 88 25 rubrik,
318 1149 55 22 böra
388 1149 98 21 sålunda
501 1149 123 28 rätteligen
640 1149 44 21 öka
700 1149 167 28 utgiftsposten
883 1149 85 28 ,utgif-

209 1187 35 18 ter
260 1183 37 22 för
311 1183 244 22 folkskoleväsendet".

279 1218 11 21 I
305 1217 130 22 relationen
458 1217 67 28 ingår
541 1217 50 27 (sid.
610 1218 91 25 10—13)
717 1220 34 18 ett
766 1217 163 28 sammandrag
944 1217 26 21 af

208 1252 158 28 räkningarna
382 1251 64 22 öfver
463 1251 317 28 bevillningsmedelsfonden
795 1251 36 21 för
846 1251 54 21 åren
913 1252 54 20 1896

208 1287 93 21 —1898.
324 1286 36 21 Då
375 1286 128 21 emellertid
518 1285 186 29 finansperioden
721 1285 110 21 omfattar
846 1285 55 21 åren
912 1286 55 20 1895

210 1321 91 26 —1897,
316 1320 43 22 och
375 1327 27 14 en
418 1320 134 28 jämförelse
568 1320 86 21 mellan
664 1319 189 28 beräkningarna
864 1319 43 21 och
923 1319 43 21 den

208 1354 139 22 realiserade
366 1354 116 28 budgeten
498 1354 37 21 för
545 1354 76 21 denna
637 1353 79 29 period
734 1353 107 29 erbjuder
856 1360 63 14 mera
933 1354 34 20 in-

209 1396 80 20 tresse,
305 1390 90 27 intages
410 1389 42 22 här
467 1388 102 29 följande
582 1388 218 29 sammanställning
810 1388 36 21 för
856 1388 111 29 perioden

211 1425 54 20 1895
274 1425 83 23 —1897,
375 1423 80 22 därvid
469 1423 73 21 delvis
554 1423 168 22 ofvanstående
733 1423 155 28 påminnelser
899 1422 67 22 beak-

208 1461 55 24 tats,
274 1458 41 21 och
325 1458 36 19 för
369 1458 72 29 öfrigt
450 1458 36 21 för
494 1459 25 20 år
528 1459 54 20 1895
591 1457 233 28 kapitalräkningens
836 1457 43 21 och
891 1459 19 25 ej
922 1457 45 21 den

208 1492 153 22 summariska
377 1492 140 29 räkningens
533 1491 77 22 siffror
625 1492 61 28 lagts
702 1491 36 22 till
754 1492 82 27 grund.

280 1539 144 17 Statsutskottets
437 1539 110 17 betänkande
560 1538 38 17 N:o
610 1539 18 16 2.
