1109 1784
820 194 28 21 45

123 255 75 26 tillägg
217 254 52 21 efter
287 255 29 21 tio
334 255 33 21 års
383 255 103 28 oförvitlig
501 255 112 28 tjenst'till
629 256 63 25 9,120
706 256 59 21 mark
781 255 50 22 eller
847 255 31 21 till

123 288 66 27 högre
205 289 80 26 belopp,
302 290 27 19 än
343 289 56 21 hvad
409 289 161 22 'öfverkassören
585 289 67 22 under
663 289 25 21 de
700 289 41 21 fem
753 289 65 21 första
828 289 50 21 åren

122 322 24 21 af
159 322 32 21 sin
207 323 139 26 tjenstgöring
361 323 38 21 har
415 324 30 20 att
459 323 100 27 uppbära.
587 323 94 21 Emedan
691 330 49 15 man
751 324 66 20 måste
828 324 50 26 utgå

121 356 47 21 från
184 357 131 26 synpunkten
331 357 32 20 att
378 358 105 20 närmaste
499 358 68 26 steget
581 357 33 21 till
628 358 108 21 befordran
752 357 46 22 från
813 357 64 21 förste

122 391 175 26 kassörstjensten
316 391 66 26 gäller
401 391 292 27 öfverkassörsbefattningen,
713 398 48 15 men
780 392 35 20 det
833 391 44 21 icke

121 425 68 26 ligger
204 424 8 21 i
227 424 37 21 den
273 425 145 26 tjenstemans
432 421 94 31 intresse,
538 432 44 15 som
593 426 28 21 tio
633 426 22 21 år
666 426 131 27 oförvitligen
807 426 71 27 tjenst-

121 459 56 26 gjort
191 458 7 21 i
213 458 64 21 förste
293 459 227 29 kassörsbefattningen
536 461 31 20 att
582 460 50 21 söka
648 459 111 22 befordran
770 460 33 21 till
813 460 64 20 öfver-

122 493 78 25 kassör,
221 493 26 21 då
266 493 106 22 skilnaden
392 493 7 21 i
418 493 74 28 sjelfva
509 494 69 26 lönen,
597 493 52 23 efter
666 494 83 21 hvilken
765 493 113 28 pensionen

121 527 109 24 beräknas,
251 528 22 19 är
292 527 23 21 så
333 527 60 27 ringa
411 529 31 20 att
460 524 40 25 deu
516 528 102 28 knappast
632 529 107 26 motväger
754 528 26 21 de
795 528 83 27 utlägg-

116 558 81 29 ningar
211 561 7 21 i
233 561 54 21 form
303 561 22 21 af
338 561 217 29 befordringsafgifter
568 569 29 14 m.
611 569 36 17 m.,
663 568 44 15 som
722 562 155 21 vederbörande

122 595 34 21 vid
176 595 185 30 tjenstebefordran
380 596 21 21 få
419 596 122 25 vidkännas,
561 597 38 20 har
616 596 135 21 Direktionen
771 597 60 21 tänkt
846 597 32 26 sig

120 630 33 21 att
168 636 26 15 en
209 629 98 27 riktigare
325 631 116 26 proportion
457 630 128 22 härutinnan
600 631 66 20 skulle
682 630 67 25 ernås,
765 637 34 14 om
814 631 63 20 lönen

120 664 33 20 för
169 664 231 26 öfverkassörstjensten
415 664 67 25 skulle
496 665 59 26 höjas
565 665 46 20 från
621 665 64 25 6,000
694 664 32 20 till
737 665 64 25 6,600
810 665 66 24 mark,

119 704 52 14 men
185 697 145 21 motsvarande
346 698 73 27 afdrag
434 698 35 21 ske
481 698 12 20 &å
504 698 303 26 missräkningspenningarna,
823 698 50 21 eller

119 733 33 19 att
168 727 107 25 desamma
292 731 65 21 skulle
373 732 45 21 från
434 732 64 27 3,000
508 732 59 26 mark
577 731 108 22 nedsättas
696 732 32 21 till
738 732 64 25 2,400
811 732 70 20 mark..

119 765 83 22 Genom
225 766 68 21 denna
316 766 115 27 anordning
455 766 66 21 skulle
541 766 157 27 ifrågavarande
717 766 112 26 olägenhet
846 766 31 21 af-

119 799 88 29 hjelpas,
223 801 50 20 utan
289 801 32 20 att
336 807 26 15 en
377 800 119 28 förhöjning
512 800 22 22 af
548 800 118 27 aflöningen
681 800 8 20 i
700 800 47 21 dess
759 800 71 21 helhet
842 800 34 21 be-

118 834 77 31 höfde
199 840 38 21 ega
253 841 52 14 rum.

190 868 127 27 Biträdande
336 848 157 42 vexelkasabren
508 869 7 20 i
530 869 99 21 Finlands
645 868 59 24 Bank
719 868 81 21 Fröken
814 868 61 21 Ellen
892 875 2 3 '

120 903 110 21 Dammert
249 903 37 21 har
303 903 8 21 i
331 909 26 15 en
375 903 33 21 till
426 903 134 21 Direktionen
577 901 96 30 ingifven
688 903 59 21 skrift
761 903 115 21 framhållit

120 937 101 21 hurusom
236 937 40 21 den
291 937 23 22 af
326 937 69 21 henne
410 937 114 22 innehafda
539 937 145 27 befattningen
699 937 96 27 ätföljdes
809 937 24 21 af
840 938 36 22 ett

116 971 80 22 arvode
212 971 23 23 af
248 972 63 25 3,000
325 972 67 25 mark,
409 972 71 21 medan
490 965 75 38 öfriga
580 972 34 21 vid
632 969 93 24 Bankens
735 972 74 21 kontor
818 971 58 22 inom

119 1005 74 22 landet
215 1005 95 22 anstälde
328 1005 101 26 kassörer,
448 1006 81 21 utöfver
548 1012 26 15 en
591 1005 102 22 ordinarie
712 1005 35 21 lön
767 1005 32 21 till
818 1005 57 22 detta

116 1039 42 22 och
173 1039 66 32 högre
254 1040 81 27 belopp,
351 1039 54 22 hade
420 1040 32 27 sig
467 1040 84 27 tillagdt
565 1036 268 31 missräkuingspenningar
844 1039 32 21 till

117 1075 76 27 belopp
212 1074 23 22 af
251 1075 66 26 2,000
335 1075 12 20 ä
366 1075 65 25 2,400
447 1073 68 28 mark,
535 1074 114 27 hvarjemte
669 1074 25 21 de
713 1073 86 22 framför
814 1073 61 22 biträ-

116 1109 73 21 dande
204 1108 158 22 vexelkassören
377 1108 54 22 hade
446 1109 93 21 fördelen
554 1109 25 21 af
586 1108 161 27 arvodestillägg
758 1108 52 21 efter
822 1108 54 21 vissa

116 1143 102 27 tjensteär
237 1144 54 21 samt
306 1143 86 27 pension
407 1143 34 21 vid
452 1142 189 29 afskedstagandet.
671 1142 49 22 Med
730 1142 83 28 hänsyn
827 1142 48 21 här-

116 1177 36 21 till
171 1177 38 22 och
227 1177 26 21 dä
271 1178 66 20 under
357 1178 25 20 de
401 1178 58 25 snart
479 1178 152 27 tilländalupna
647 1177 28 21 tio
690 1177 28 27 år,
735 1183 44 15 som
793 1177 82 20 Fröken

119 1212 112 20 Dammert
249 1211 96 24 innehaft
362 1212 33 20 sin
413 1212 124 26 befattning,
558 1212 81 21 arbetet
657 1212 38 20 och
714 1210 83 23 dermed
814 1211 60 29 äfven

115 1246 101 21 ansvaret
231 1246 34 21 vid
281 1246 122 21 densamma
418 1246 103 27 betydligt
536 1246 67 26 ökats,
619 1246 37 20 har
671 1246 81 20 Fröken
765 1245 110 21 Dammert

115 1279 92 21 anhållit
226 1286 34 15 om
279 1280 74 26 åtgärd
372 1280 85 26 derhän,
477 1280 31 20 att
526 1280 68 21 henne
613 1280 66 20 måtte
697 1280 98 26 tilläggas
814 1279 61 21 miss-

112 1314 224 26 *räkningspenningar
350 1314 48 21 med
413 1313 120 27 förslagsvis
549 1314 63 26 1,000
626 1312 59 22 mark
700 1319 35 15 om
749 1313 50 21 året.

189 1347 33 21 Då
239 1348 191 21 vexelkassörernas
449 1348 71 20 arbete
538 1347 7 21 i
564 1347 87 21 Banken
670 1346 8 22 i
695 1347 72 27 sjelfva
782 1347 71 21 verket
867 1347 7 20 i

117 1381 45 29 hög
180 1381 52 27 grad
250 1382 92 26 tilltagit,
362 1382 78 21 hvilket
456 1381 7 21 i
479 1382 67 26 någon
561 1382 49 21 män
625 1381 82 27 belyses
722 1380 62 22 deraf
797 1382 32 20 att
844 1381 31 21 bi-

115 1415 106 21 trädande
243 1415 167 21 vexelkassörens
433 1414 124 28 handkassa,
579 1412 45 24 som
642 1415 32 20 för
692 1415 95 27 omkring
805 1415 33 21 tio
852 1416 22 20 är

115 1449 76 26 sedan,
217 1449 26 21 dä
265 1449 144 27 befattningen
433 1449 122 26 inrättades,
583 1448 94 28 utgjorde
704 1449 79 26 75,000
808 1449 65 25 mark,

115 1483 114 22 efterhand
249 1484 88 27 förhöjts
352 1484 39 20 och
405 1489 88 15 numera
508 1483 84 28 belöper
607 1482 31 27 sig
654 1482 32 22 till
701 1482 92 27 200,000
807 1483 65 26 mark,

116 1520 60 20 samt
191 1519 96 21 ansvaret
302 1518 48 21 med
365 1518 159 27 ifrågavarande
538 1517 124 27 befattning,
673 1516 26 29 pä
709 1518 42 20 sätt
761 1516 24 22 af
791 1517 82 21 Fröken
