1031 1695
230 196 14 21 2
391 195 80 22 Ständ.
487 195 36 23 Sv.
539 208 27 3 —
581 196 70 27 Prop.
666 196 41 22 N:o
721 196 35 22 42.

200 257 62 29 öfrigt
284 259 56 20 velat
361 257 62 22 hafva
438 265 34 14 om
489 257 98 26 komitén,
603 258 46 21 dess
671 259 186 28 sammansättning
872 266 27 14 m.
915 267 29 13 m.

200 291 138 27 föreskrifvet,
354 291 62 23 hafva
431 291 118 23 Ständerna
564 291 18 29 ej
598 293 81 21 kunnat
693 301 26 14 ur
733 295 133 20 testamentet
879 293 26 29 på
916 295 30 20 ett

202 326 190 23 tillfredsställande
407 329 41 20 sätt
462 326 96 23 förklara.

267 361 43 22 Vid
325 361 74 22 sådant
419 361 128 22 förhållande
565 361 63 22 hafva
647 361 116 23 Ständerna
778 363 51 21 trott
843 362 35 23 det
892 361 53 23 både

198 396 107 28 riktigaste
320 396 39 21 och
374 396 52 22 enda
441 396 84 28 möjliga
542 396 127 22 förfarandet
685 404 49 14 vara
749 398 30 21 att
793 398 60 20 ställa
868 397 31 29 sig
914 399 28 20 te-

197 432 111 20 stamentet
322 430 33 21 till
370 430 136 22 efterrättelse
521 431 7 20 i
543 431 42 25 allt,
602 438 44 14 som
661 431 116 28 otvetydigt
792 439 24 14 ur
827 431 115 22 detsamma

197 463 95 30 framgår,
307 465 39 21 och
362 465 35 21 vid
412 465 25 20 de
452 465 91 28 otydliga
566 465 111 28 uttrycken
700 465 73 22 endast
795 465 53 22 fästa
863 466 35 21 det
913 465 29 22 af-

197 499 82 26 seende,
294 507 45 14 som
354 499 135 22 sammanstår
511 499 48 22 med
574 501 143 21 testamentets
732 499 162 29 hufvudsakliga
909 504 33 17 än-

198 533 77 27 damål;
291 533 39 22 och
345 533 26 22 då
385 533 116 23 Ständerna
517 542 24 13 ur
556 535 68 21 denna
641 534 108 29 synpunkt
763 534 108 29 öfvervägt
885 539 58 17 ären-

198 569 40 25 det,
253 568 63 22 hafva
331 568 117 22 Ständerna
463 568 88 22 kommit
566 569 32 22 till
613 568 41 21 den
668 568 58 28 åsigt,
743 570 30 20 att
787 569 35 21 det
837 568 46 22 icke
893 576 50 14 vore

196 604 44 20 mot
253 604 96 21 testators
371 603 105 22 välmenta
498 602 84 30 afsigter
601 603 38 21 och
656 603 93 28 verkliga
763 602 50 29 vilja
828 603 112 26 stridande,

196 645 35 14 om
245 637 80 22 landets
340 637 33 22 till
387 637 98 29 landtdag
499 637 124 22 församlade
638 637 89 22 Ständer
741 637 86 28 ansåges
837 640 105 20 motsvara

197 671 39 22 den
251 671 84 26 komité,
351 679 44 14 som
417 672 53 22 skall
491 671 120 23 handhafva
633 672 38 21 och
686 672 81 22 besluta
783 680 33 13 om
832 665 109 29 testamen-

197 708 40 20 tets
252 706 159 22 verkställande.
441 707 64 21 Huru
520 708 85 21 testator
619 710 26 18 än
662 706 33 22 må
710 706 63 22 hafva
787 707 60 22 tänkt
862 707 31 28 sig
908 706 35 23 det

196 740 95 22 enskilda
306 740 23 22 af
349 741 45 21 dess
416 741 186 28 sammansättning
623 741 39 22 och
680 748 49 14 vare
745 741 31 28 sig
791 743 30 20 att
836 741 108 28 uttrycket

196 774 86 29 «hvarje
296 774 72 23 stånd»
385 774 55 22 afser
454 775 26 21 de
494 774 47 29 fyra
558 775 131 22 riksstånden
705 775 51 21 eller
771 777 30 20 att
815 776 41 25 det,
873 775 68 22 såsom

197 809 117 22 Ständerna
328 809 65 22 hellre
408 809 55 22 hålla
478 809 49 26 före,
544 809 65 28 syftar
624 809 27 28 på
665 809 55 21 olika
743 809 66 28 yrken
831 810 38 21 och
892 817 51 14 sam-

196 843 158 29 hällsställning,
377 843 104 29 uppfylles
503 843 213 28 sammansättningen
737 843 23 22 af
772 844 81 22 landets
867 844 76 29 lagliga

196 877 265 29 representantförsamling
471 878 7 21 i
489 877 72 29 hvarje
576 877 37 22 fall
623 878 26 21 de
664 878 159 28 bestämningar,
839 886 45 14 som
898 879 44 28 tyd-

195 912 39 29 ligt
248 913 76 22 uttalas
338 912 9 21 i
361 913 142 26 testamentet;
518 913 39 20 och
572 912 71 22 kunna
654 912 115 22 Finlander
779 912 90 23 Ständer
883 913 61 22 alltså

196 948 46 21 bäst
256 954 60 15 anses
326 948 73 27 utgöra
410 947 40 21 den
460 947 83 25 komité,
555 949 86 20 testator
655 947 56 21 velat
724 946 64 22 hafva
802 947 75 22 bildad.
900 948 43 22 Nå-

197 989 40 22 gon
252 981 71 22 vidare
338 981 72 28 åtgärd
425 981 31 22 för
471 981 103 22 komiténs
595 981 135 27 tillsättandei
745 989 49 14 vore
812 981 131 30 följaktligen

196 1016 46 22 icke
257 1015 72 29 nödig;
352 1015 39 22 och
409 1015 26 22 då
451 1015 116 22 Ständerna
587 1015 79 29 jemväl
687 1020 35 17 äro
737 1015 8 21 i
760 1015 82 22 tillfälle
864 1018 31 21 att
909 1025 33 13 an-

195 1050 79 29 gående
289 1049 155 29 förvaltningen
466 1050 23 21 af
502 1050 39 21 den
556 1050 173 22 testamenterade
745 1050 128 27 egendomen
888 1053 54 20 samt

194 1093 34 13 om
244 1084 45 22 dess
304 1084 142 25 användande,
458 1084 37 21 allt
509 1083 97 22 eftersom
621 1083 73 22 sådant
708 1084 43 21 kan
765 1083 84 22 komma
851 1079 12 37 i
876 1084 64 28 fråga,

194 1119 82 22 besluta
285 1118 36 22 vid
334 1118 72 28 hvarje
421 1118 104 28 landtdag,
540 1117 93 30 påkallas
647 1117 32 22 för
693 1118 129 21 närvarande
837 1118 47 22 icke
899 1119 42 21 hel-

194 1153 30 22 ler
238 1152 127 22 härutinnan
387 1152 62 28 något
470 1152 123 28 tillgörande
610 1151 32 22 för
660 1152 71 28 längre
745 1151 31 22 tid
792 1156 26 17 än
833 1151 33 22 till
881 1155 59 19 nästa

194 1186 104 29 landtdag,
314 1186 55 22 helst
390 1186 40 21 den
452 1186 123 26 erfarenhet,
592 1193 44 14 som
659 1186 66 21 under
744 1185 58 22 tiden
817 1186 121 27 förvärfvas,

195 1222 37 21 bör
241 1221 71 22 lemna
321 1220 85 28 ledning
416 1220 32 22 för
457 1223 144 20 testamentets
611 1222 54 20 rätta
674 1220 133 28 tillämpning
822 1220 117 23 framdeles.

261 1254 44 22 För
319 1254 41 21 den
375 1257 104 18 närmaste
489 1254 57 21 tiden
557 1253 62 22 hafva
630 1253 117 22 Ständerna
757 1255 68 20 ansett
835 1254 32 28 sig
875 1255 64 27 lämp-

194 1288 62 29 ligast
276 1288 73 22 kunna
371 1287 128 22 öfverlemna
520 1287 87 22 fondens
629 1287 126 29 detaljerade
777 1287 127 31 förvaltning
919 1288 22 24 åt

194 1323 141 23 Direktionen
350 1322 31 23 för
396 1323 102 22 Finlands
513 1322 62 23 Bank
590 1323 38 22 och
644 1323 25 22 de
684 1323 36 21 vid
735 1331 78 14 samma
829 1323 62 22 Bank
906 1332 34 15 an-

194 1358 66 23 stälde
275 1358 131 29 tjenstemän,
417 1360 54 19 samt
484 1357 118 22 kontrollen
612 1357 95 22 deröfver
717 1357 21 23 åt
748 1358 192 23 Bankrevisorerne

194 1393 39 22 och
244 1392 163 23 öfvervakandet
417 1391 23 22 af
447 1392 36 22 det
497 1392 47 22 hela
559 1392 21 22 åt
595 1391 127 23 Ständernas
737 1392 201 31 Bankfullmäktige.

194 1427 78 23 Likaså
287 1426 64 23 hafva
366 1426 116 23 Ständerna
496 1426 71 23 funnit
588 1427 95 29 lämpligt
701 1429 30 20 att
744 1427 194 30 Banktfullmäktige

194 1463 24 22 af
230 1462 154 23 Statskontoret
399 1464 102 27 emottaga
523 1456 157 35 ifrägavarande
694 1461 50 22 fond
759 1464 53 19 samt
827 1463 112 22 verkställa

194 1496 155 30 granskningen
360 1496 23 22 af
390 1496 40 22 den
441 1496 133 30 redovisning
583 1496 58 23 öfver
656 1497 45 21 dess
716 1496 127 30 förvaltning
857 1497 82 28 hittills,

195 1540 44 15 som
255 1532 41 23 kan
311 1531 85 23 komma
411 1534 30 21 att
455 1532 33 22 till
504 1531 193 29 Bankfullmäktige
712 1531 94 30 afgifvas.
