1036 1692
214 166 25 18 94
409 168 26 17 U.
453 168 27 16 B.
498 177 22 2 —
539 168 79 21 P:op
637 168 44 16 N:o
697 168 37 16 40.

252 232 32 20 En
308 232 65 26 äsigt:
396 233 32 19 att
451 232 103 20 Finlands
576 232 107 20 anseende
706 232 39 21 och
760 232 133 21 bevarandet
907 232 23 21 af

184 267 70 20 finska
278 266 80 21 folkets
376 266 87 21 tillvaro
480 272 45 15 som
540 267 75 20 nation
629 266 85 21 fordrar
730 273 26 14 en
772 273 53 20 egen
840 267 89 26 militär;

185 301 39 20 har
247 301 45 20 ofta
308 300 129 21 framhållits
456 306 45 15 som
516 300 125 21 bevekande
657 300 46 21 skäl
720 300 33 21 för
762 301 125 26 denifräga
895 307 35 15 va-

185 335 67 21 rande
275 334 154 27 uppofiringen.
454 346 24 3 —
502 335 41 26 Jag
558 334 119 27 medgifver
692 336 32 19 att
738 334 70 22 finska
823 335 107 21 militären

186 370 61 20 alltid
271 369 40 20 och
333 371 73 18 senast
428 369 38 20 vär
489 369 174 26 gardesbataljon
680 371 55 18 samt
757 369 52 20 våra
830 369 99 27 många
917 365 16 35 i

186 403 64 27 ryska
273 403 73 21 armén
368 403 101 26 tjenande
489 403 116 26 officerare,
621 403 110 20 tillyunnit
747 403 32 26 sig
795 403 137 22 erkännande

186 437 33 22 för
234 438 53 26 godt
302 437 133 27 uppförande
452 437 39 20 och
507 437 111 26 duglighet
633 437 7 20 i
655 437 101 26 tjensten,
772 443 48 15 men
835 439 52 24 tror,
899 439 33 19 att

187 473 31 19 ett
233 471 56 21 folks
305 471 107 20 anseende
428 471 39 20 och
483 477 48 14 dess
547 471 85 20 tillvaro
649 477 45 14 som
702 471 74 21 nation
792 471 71 21 bättre
879 478 52 20 upp-

186 505 113 21 rätthälles
322 505 23 20 af
366 505 48 20 dess
437 505 108 26 sedlighet
561 505 39 21 och
615 505 138 26 rättskänsla,
769 505 49 21 dess
834 505 98 27 bildning

186 540 39 20 och
247 540 89 26 idoghet
356 541 27 19 än
403 545 33 15 om
468 539 117 22 anseendet
601 539 39 21 och
655 539 114 27 respekten
785 540 52 20 bero
854 539 22 21 af
890 540 42 21 till-

186 574 84 26 gängen
285 574 28 26 pä
327 574 95 20 kanoner
438 573 40 21 och
494 573 129 26 bajonetter.
640 586 24 1 —
682 573 40 21 Om
738 574 62 21 dessa
808 573 123 27 fordringar

187 609 40 20 och
241 607 148 27 uppoffringar
403 609 52 24 taga
469 607 144 27 tillgångarna
628 607 27 26 pä
665 608 100 26 andeliga
775 608 39 21 och
823 609 107 20 materiel-

186 643 22 20 la
223 642 83 21 krafter
321 641 23 21 sä
359 641 85 27 mycket
459 642 6 20 i
481 641 98 27 anspräk,
596 643 31 19 att
643 641 37 21 det
695 642 39 20 här
745 642 35 21 vid
788 643 143 25 polarcirkeln

187 683 78 14 annars
287 682 42 20 nog
350 676 146 21 mödosamma
519 675 159 21 kulturarbetet
697 676 124 26 derigenom
843 676 88 21 hindras

188 711 39 20 och
242 711 108 24 förlamas,
366 709 24 21 sä
405 710 33 20 fär
453 709 75 26 frägan
545 715 25 15 en
585 710 7 20 i
607 709 42 26 hög
658 710 53 25 grad
722 710 99 26 allvarlig
830 710 101 26 skepnad.

255 743 31 21 Pä
300 750 28 13 nu
344 743 91 20 anförda
450 743 38 20 skäl
511 743 42 20 kan
566 743 38 26 jag
618 743 47 20 icke
681 743 84 21 ansluta
780 744 43 26 mig
825 739 38 35 till
878 744 54 20 hvar-

186 778 43 21 ken
244 778 42 21 den
309 778 79 26 nädiga
407 778 161 26 propositionen
583 777 53 21 eller
651 778 123 20 Utskottets
794 778 138 21 modifierade

187 812 82 27 förslag
284 812 32 21 till
333 812 173 26 Värnepligtslag
515 812 32 20 för
558 812 97 20 Finland.
685 812 41 26 Jag
735 812 38 21 ber
782 814 32 19 att
822 812 74 21 derom
911 812 21 21 få

188 847 120 21 äterhemta
323 847 39 21 och
378 846 75 22 anföra
468 846 94 27 följande
578 846 55 21 skäl:

255 882 40 20 1:0.
324 881 42 26 Jag
381 887 63 14 anser
460 881 96 21 ohällbar
571 880 33 21 för
619 886 26 15 en
661 882 74 25 sträng
749 881 67 20 kritik
828 881 40 21 den
876 881 57 27 prin-

188 916 32 26 cip
236 922 46 14 som
296 915 68 27 ligger
380 915 34 20 till
429 915 69 26 grund
514 914 33 21 för
563 915 10 27 $
591 916 9 18 1
618 915 40 21 och
673 915 73 21 består
762 915 52 26 deri,
825 916 33 20 att
870 915 62 21 hvar-

185 950 23 26 je
223 950 141 26 medborgare
380 955 76 20 genom
473 949 84 21 absolut
573 949 65 26 tväng
654 949 54 21 skall
723 949 112 21 förbindas
844 950 31 20 att
883 949 49 21 med

188 990 68 20 vapen
272 984 7 20 i
294 984 58 20 hand
367 983 97 21 försvara
482 983 37 21 sitt
535 983 124 26 fosterland,
676 983 27 21 dä
718 990 26 14 en
759 983 120 26 trängande
890 982 43 21 nöd

188 1018 18 26 ej
224 1018 77 20 sådant
315 1017 91 21 fordrar.
437 1017 86 21 Statens
538 1017 59 21 makt
613 1017 60 21 öfver
685 1018 121 20 individens
815 1017 117 26 personlig-

187 1052 38 20 het
240 1052 97 20 Sträcker
352 1052 32 26 sig
398 1051 48 21 icke
461 1052 56 20 ända
533 1051 82 21 derhän
630 1052 33 20 att
678 1051 68 21 denne
762 1051 72 21 kunde
848 1051 85 27 tvingas

187 1086 35 21 till
236 1086 129 26 handlingar
380 1092 45 14 som
441 1086 69 20 strida
523 1087 45 19 mot
583 1086 53 20 hans
651 1086 101 26 religiösa
768 1085 40 21 och
818 1085 116 21 moraliska

188 1120 144 26 öfvertygelse
347 1120 39 20 och
401 1120 73 20 kunna
489 1120 7 20 i
512 1120 83 20 mindre
611 1120 53 26 grad
679 1120 77 20 beröra
770 1120 54 20 hans
840 1121 49 25 eget
903 1119 30 21 fo-

188 1154 108 22 sterlands
311 1154 113 21 intressen.

256 1190 40 19 2:0.
326 1188 289 26 Värnepligtsinstitutionen
640 1188 126 20 förutsätter
792 1188 141 26 ovilkorligen

188 1224 33 19 att
236 1222 37 21 det
287 1222 46 20 folk
348 1228 46 14 som
409 1222 143 20 underkastar
567 1222 33 26 'sig
616 1222 26 20 de
652 1222 147 26 uppoffringar
811 1222 123 20 densamma

187 1256 93 25 kräfver,
296 1255 64 21 ocksä
375 1255 69 21 mäste
458 1255 64 22 hafva
537 1256 130 20 ätminstone
682 1255 71 26 nägon
768 1255 59 21 talan
843 1255 35 21 vid
894 1255 37 21 be-

188 1290 144 21 stämmandet
354 1289 22 21 af
398 1289 26 21 de
447 1289 73 26 frägor
543 1295 45 15 som
607 1289 75 26 afgöra
698 1295 34 14 om
746 1289 49 26 krig
810 1289 53 20 eller
877 1289 56 26 fred,

188 1324 83 21 hvilket
286 1323 69 21 finska
370 1323 68 21 folket
453 1323 47 21 icke
515 1323 46 22 har.

257 1359 40 20 3:0.
327 1358 40 21 Till
390 1357 50 28 följe
464 1358 61 21 deraf
547 1359 32 20 att
599 1358 92 21 Finland
713 1358 67 26 enligt
796 1357 40 21 den
852 1357 78 27 nådiga

188 1393 168 26 propositionen,
372 1393 76 20 endast
463 1392 84 21 komme
562 1394 32 19 att
609 1392 109 27 uppställa
726 1391 207 28 skarpskyttebatal-

186 1427 70 27 joner,
272 1427 73 21 hvilka
360 1427 112 27 sjelffallet
487 1427 18 27 ej
521 1427 73 21 kunna
609 1428 77 25 utgöra
704 1427 66 26 något
784 1426 46 21 helt
845 1426 33 21 för
894 1426 38 27 sig,

189 1463 52 18 utan
256 1461 68 21 mäste
340 1461 111 21 betraktas
467 1461 70 21 säsom
551 1461 154 27 integrerande
721 1461 59 21 delar
796 1460 22 21 af
824 1461 109 26 kejsardö-

189 1497 54 19 mets
259 1497 94 25 trupper,
370 1496 70 21 skulle
456 1496 41 21 den
512 1496 163 27 ifrägavarande
693 1495 167 28 meddorgerliga
875 1494 59 27 skyl-

261 1541 196 23 Värnepligtsutskottets
471 1542 110 17 Betänkande
593 1542 34 18 N:o
641 1543 14 16 1.
