1025 1695
206 133 27 21 28
424 133 22 22 U.
463 132 23 22 B.
504 145 23 3 —
547 132 65 28 Prop.
630 132 38 23 N:o
684 132 38 23 40.

176 197 95 28 stadgar.
301 197 79 21 Tillika
394 198 115 26 uppsättas
519 197 24 21 af
552 197 41 21 den
604 195 136 23 återstående
751 201 99 16 reserven
865 196 7 21 i
883 195 50 22 mån

177 231 23 21 af
213 231 101 22 behofvet
329 231 157 27 depottrupper
501 231 48 21 med
565 231 151 21 bestämmelse
732 230 46 21 dels
793 232 33 19 att
840 230 53 28 fylla
907 230 26 21 de

177 265 81 26 luckor,
275 272 46 14 som
337 265 68 21 under
420 264 238 29 krigsoperationernas
674 265 51 27 lopp
741 263 79 29 uppstå
835 264 8 21 i
858 265 26 20 de
896 263 37 22 ak-

177 300 44 21 tiva
236 301 130 25 truppernas
381 299 67 26 leder,
464 299 46 22 dels
525 301 32 20 att
572 299 60 21 bilda
644 306 42 21 nya
697 301 89 26 trupper
796 299 71 21 såsom
878 300 56 20 stam

177 335 34 20 för
226 333 154 22 landtvärnet”.
411 333 116 22 Dessutom
536 334 68 22 borde
614 334 67 28 enligt
690 333 35 22 det
733 333 132 28 högvördiga
872 332 63 23 Stån-

179 369 48 21 dets
242 369 73 21 beslut
330 369 7 20 i
353 370 96 20 mom:tet
456 369 84 28 intagas
551 371 30 19 ett
591 369 76 28 tillägg
677 369 8 21 i
696 369 36 21 det
743 369 61 28 syfte,
820 370 32 20 att
862 368 73 28 hvarje

178 402 56 28 gång
249 410 42 20 nya
307 403 121 27 bataljoner
442 403 78 25 bildas,
537 403 105 22 Senatens
657 402 111 22 utlåtande
783 403 98 21 deröfver
895 402 41 22 bör

178 437 109 22 infordras
303 436 28 28 på
347 438 43 20 sätt
404 437 8 21 i
427 437 24 27 $$
469 439 25 20 14
510 438 39 21 och
567 438 39 20 122
623 438 94 28 stadgas.

252 471 105 28 Slutligen
383 472 40 20 har
446 474 137 21 Bondeständet
603 470 137 23 återförvisat
760 473 123 24 momentet,
903 471 34 21 för

181 509 32 19 att
236 506 163 22 omformuleras
423 506 89 28 ungefär
535 506 99 22 sålunda:
666 506 55 26 ,Vid
744 506 129 21 inträffande
888 505 49 28 krig

181 540 74 22 ställas
279 541 26 21 de
328 540 72 21 aktiva
422 543 119 25 trupperna
563 540 29 28 på
606 540 92 28 krigsfot
714 541 40 21 och
769 540 119 22 förstärkas
903 540 33 22 till

180 574 120 28 krigsantal
316 574 96 26 sålunda,
429 576 31 20 att
476 575 71 21 dertill
562 575 95 27 behöflig
670 575 35 21 del
721 576 23 20 af
757 582 100 15 reserven
867 575 70 21 inkal-

182 610 32 20 las
229 609 7 21 i
253 609 40 21 den
305 609 91 27 ordning
406 609 11 27 $
430 610 26 20 14
467 609 94 27 stadgar.
584 609 77 21 Tillika
673 610 113 26 uppsättas
796 609 24 21 af
829 610 41 21 den
881 608 56 22 åter-

182 642 89 22 stående
295 650 98 14 reserven
416 644 7 20 i
443 642 49 22 mån
512 644 22 20 af
552 644 100 21 behofvet
667 644 155 28 depottrupper
837 644 49 21 med
902 644 36 21 be-

181 678 122 21 stämmelse
327 680 32 18 att
382 678 45 20 dels
450 678 52 26 fylla
518 678 25 21 de
559 678 81 26 luckor,
657 684 45 15 som
719 678 68 22 under
802 678 136 28 krigsopera-

179 712 111 21 tionernas
313 712 52 28 lopp
389 711 79 28 uppstå
490 712 7 21 i
520 712 26 21 de
569 712 72 21 aktiva
663 714 131 26 truppernas
808 712 67 26 leder,
891 713 47 21 dels

181 746 59 22 bilda
255 754 42 20 nya
312 749 90 25 trupper
416 746 34 22 till
465 748 55 20 stam
536 747 33 21 för
584 747 142 24 landtvärnet,
742 748 40 20 när
798 747 58 21 detta
872 748 67 28 enligt

183 781 11 27 8
215 783 24 19 21
262 781 70 21 kallas
354 781 34 21 till
408 788 74 20 vapen.
512 781 9 21 I
541 781 39 21 sist
599 781 93 21 nämnda
712 781 38 21 fall
768 782 7 20 i
796 781 38 21 akt
855 781 84 29 tages
928 777 15 37 i

183 815 101 22 afseende
306 814 13 22 å
337 815 187 29 kostnadsförslag
539 816 40 21 och
596 815 130 22 dislokation
741 816 55 22 hvad
815 816 24 28 $$
858 817 24 21 i4
898 816 41 22 och

184 851 41 20 122
241 849 98 28 stadga".

252 883 76 22 Såsom
344 883 23 22 af
381 884 36 21 det
432 884 64 21 ofvan
515 883 88 22 stående
618 884 102 28 framgår,
736 883 70 30 åsyfta
821 885 26 21 de
862 885 77 28 gjorda

184 918 213 28 ändringsförslagen
412 918 7 21 i
435 917 119 22 hufvudsak
579 918 46 22 dels
648 925 25 15 en
695 919 144 28 begränsning
854 919 33 22 för
902 926 37 14 an-

185 953 122 22 vändandet
329 952 25 22 af
376 953 41 21 den
437 953 35 21 del
487 953 23 20 af
523 959 106 20 reserven,
645 960 45 15 som
706 954 19 27 ej
742 954 108 21 erfordras
865 955 34 20 för
914 954 26 21 de

185 988 70 21 aktiva
271 990 129 25 truppernas
415 987 172 29 komplettering,
605 987 45 22 dels
665 995 27 14 en
707 987 136 29 bestämning
859 995 34 15 om
902 988 38 22 be-

184 1022 72 22 hofvet
279 1022 24 21 af
317 1022 105 21 Senatens
437 1022 112 22 uttalande
564 1021 111 30 angående
690 1022 147 22 kostnaderna
851 1023 34 22 för
899 1023 41 21 bil-

186 1057 69 22 dande
271 1057 24 21 af
308 1064 43 21 nya
366 1059 96 25 trupper.

254 1092 61 21 Hvad
332 1092 26 20 de
373 1092 8 20 i
396 1092 37 21 det
447 1092 59 21 förra
522 1092 110 22 afseendet
642 1092 77 27 gjorda
730 1092 211 28 ändringsförslagen

186 1125 73 29 angår,
283 1126 24 21 så
323 1126 57 21 afser
394 1126 169 27 Ridderskapets
579 1127 40 21 och
635 1127 80 21 Adelns
731 1127 96 27 yrkande
842 1127 100 21 förvand-

185 1161 46 27 ling
246 1160 23 21 af
283 1160 42 21 den
340 1161 8 20 i
362 1159 62 29 fråga
439 1160 92 22 varande
547 1160 62 22 delen
625 1160 24 22 af
662 1168 100 14 reserven
777 1161 32 21 till
820 1162 120 24 landtvärn,

185 1196 112 21 hvaremot
319 1194 173 22 Presteståndets
514 1194 81 28 åsyftar
614 1196 32 20 att
662 1196 41 20 den
718 1202 83 14 samma
815 1196 7 20 i
838 1196 40 20 och
893 1195 48 21 från

186 1229 289 27 mobiliseringstidpunkten
484 1229 55 21 skall
547 1230 90 26 fungera
645 1229 71 21 såsom
725 1232 55 18 stam
790 1230 34 20 för
834 1230 107 20 landtvär-

184 1265 43 23 net,
236 1263 68 20 under
313 1262 36 21 det
357 1264 31 19 att
396 1262 171 21 Bondeståndets
578 1263 87 27 angifna
675 1263 140 28 formulering
825 1263 38 28 går
874 1262 67 29 derpå

185 1299 30 24 ut,
239 1299 31 19 att
293 1296 41 22 den
357 1295 123 28 disponibla
503 1296 61 22 delen
587 1297 23 20 af
627 1303 106 20 reserven,
752 1297 76 22 endast
843 1297 7 22 i
865 1297 39 22 fall
919 1297 24 22 af

186 1332 147 21 landtvärnets
355 1331 152 28 uppbådande,
522 1331 40 22 bör
577 1331 58 28 tjena
651 1331 71 22 såsom
738 1332 49 22 dess
803 1332 72 26 kader,
892 1339 48 15 men

187 1367 32 21 dit
233 1366 68 22 intills
316 1367 25 20 är
356 1368 32 19 att
402 1365 112 22 betraktas
528 1365 71 23 såsom
610 1373 70 15 reserv
690 1367 34 21 för
734 1366 72 23 aktiva
816 1369 124 26 trupperna.

256 1401 58 21 Enär
337 1399 90 23 sålunda
450 1400 99 27 samtliga
565 1401 62 22 dessa
643 1401 191 29 ändringsförslag,
851 1409 34 14 om
901 1401 40 22 ock

186 1436 33 21 till
239 1436 65 28 syftet
319 1435 238 26 öfverensstämmande,
578 1435 55 22 dock
649 1435 67 22 delvis
732 1436 71 21 afvika
818 1436 46 22 från
879 1437 62 21 hvar-

258 1477 198 22 Värnepligtsutskottets
468 1477 107 16 betänkande
587 1477 36 17 N:o
635 1475 17 18 3.
