1045 1703
108 1131 48 27 Kap.
167 1132 28 19 XI.

228 160 25 20 32
416 162 25 18 U.
457 163 30 23 B.
503 171 23 4 —
543 163 82 22 Prop.
640 161 47 20 N:o
702 163 38 17 40.

200 228 47 19 låtit
268 230 4 21 $
288 228 25 19 82
331 228 98 26 undergå,
446 229 38 18 och
500 228 32 19 för
547 228 84 20 hvilken
647 227 65 20 under
722 227 69 20 denna
804 229 10 22 $
825 226 121 26 redogöres,

200 262 38 19 har
253 268 73 13 senare
342 261 60 20 delen
418 262 23 19 af
454 265 9 22 $
480 263 26 19 80
522 263 110 19 uteslutits.

267 296 14 26 $
299 295 36 21 82.
365 295 70 21 Jämte
453 296 35 20 det
506 296 107 21 Utskottet
630 297 69 19 ansett
713 296 7 19 i
736 295 41 26 hög
793 295 51 26 grad
854 294 92 27 önskligt

201 333 31 17 att
247 331 21 19 åt
283 331 25 19 de
325 331 124 27 uppbådade
465 331 160 27 värnepligtige,
637 330 73 20 hvilka
720 329 149 21 företrädesvis
881 329 67 19 önska

200 365 83 20 inträda
298 366 5 18 i
320 365 72 20 aktiva
405 367 77 25 armén,
494 366 70 19 härtill
576 366 53 20 efter
642 364 207 27 omständigheterna
859 362 88 21 beredes

200 399 90 27 tillfälle,
306 400 22 20 så
344 401 30 18 att
390 400 66 26 öfrige
473 400 123 27 uppbådade
614 400 73 20 endast
702 400 7 18 i
725 399 40 20 den
781 398 48 20 mån
842 398 106 20 användas

201 434 32 19 till
249 434 25 20 de
298 434 72 20 aktiva
388 436 123 24 truppernas
530 434 170 27 komplettering,
724 440 45 14 som
788 434 79 19 antalet
886 433 23 20 af
922 433 26 19 de

201 468 72 20 hvilka
289 468 95 26 frivilligt
404 469 78 19 anmält
498 469 31 26 sig
544 469 56 19 inom
611 468 198 27 lottningsområdet
823 468 48 20 icke
886 467 63 26 fyller

203 502 36 20 det
261 503 134 25 nödvändiga
413 503 106 26 behofvet,
537 503 38 19 har
592 503 107 20 Utskottet
718 502 55 20 dock
793 502 68 20 funnit
876 502 73 26 nödigt

202 537 127 19 underkasta
347 536 62 20 äfven
428 537 60 19 desse
506 538 96 26 lottning.
635 537 41 19 För
694 537 40 19 den
753 536 100 20 händelse
870 536 79 20 antalet

203 571 23 19 af
241 571 77 20 sådana
337 571 67 19 skulle
424 571 114 27 öfverstiga
562 572 39 19 den
621 571 197 27 lottningsområdet
837 570 111 27 åliggande

203 605 131 28 kontingent,
358 606 37 20 bör
418 612 24 14 en
466 612 58 14 norm
545 606 66 20 finnas
631 605 32 20 för
682 606 131 27 afgörandet,
830 612 33 13 om
878 604 72 21 hvilka

203 641 73 19 härvid
295 640 59 20 skola
373 647 39 20 ega
431 641 111 20 företräde.
574 641 30 19 Då
623 641 107 19 dessutom
745 640 66 27 enligt
830 640 120 19 Utskottets

204 675 78 26 förslag
306 675 36 19 vid
366 677 10 21 $
402 675 24 19 18
452 676 6 18 i
473 675 99 19 händelse
588 675 23 19 af
627 675 26 19 de
669 675 71 19 aktiva
756 676 123 24 truppernas
894 673 55 21 brin-

203 708 69 26 gande
291 708 31 20 till
340 708 115 27 krigsantal
479 709 124 26 uttagandet
624 709 56 19 inom
701 715 110 13 reservens
834 708 116 20 årsklasser

204 743 48 19 sker
267 743 53 20 efter
335 743 98 26 lottning,
448 744 22 19 så
486 743 44 20 vidt
544 743 47 20 icke
613 744 34 18 hel
663 742 126 21 åldersklass
805 742 95 26 inkallas,
917 749 33 19 sy-

204 783 37 13 nes
257 777 35 19 det
307 777 129 26 nödvändigt
451 780 31 18 att
497 777 61 20 äfveu
574 778 60 19 desse
647 777 154 26 värnepligtige
813 776 78 20 erhålla
899 777 52 19 hvar

206 811 31 19 sin
251 811 141 19 lottnummer.
424 811 64 20 Detta
505 812 95 19 ändamål
621 812 37 19 har
676 813 60 24 synts
754 811 108 19 Utskottet
880 811 71 19 kunna

206 845 31 19 till
253 845 54 26 godo
326 852 33 12 ses
378 845 74 20 endast
470 852 74 20 genom
564 846 135 20 anordnande
718 846 24 19 af
757 847 76 18 tvenne
848 845 102 26 lottdrag-

206 880 81 25 ningar,
305 880 40 20 den
361 880 67 23 första
444 880 73 20 afsedd
532 880 32 20 för
580 880 25 20 de
623 880 131 27 uppbådade,
770 880 72 20 hvilka
865 880 87 19 företrä-

207 914 69 20 desvis
295 914 66 20 önska
378 914 82 20 inträda
482 914 35 20 vid
542 915 71 19 aktiva
632 917 120 25 trupperna,
769 914 39 20 och
824 915 39 19 den
879 920 73 14 senare

207 948 129 21 omfattande
357 949 98 26 samtliga
472 949 68 26 öfriga
557 950 145 26 uppbädade.
692 944 9 36 ?
716 952 2 2 *

274 983 38 26 1$
332 982 27 21 84
377 983 38 20 har
434 983 108 21 Utskottet
560 985 50 19 trott
630 986 30 17 ett
678 984 74 26 tillägg
770 984 74 26 nödigt
862 983 32 20 för
913 983 40 20 den

208 1017 100 20 händelse
326 1017 69 26 någon
416 1017 34 19 vid
469 1018 117 25 lottningen
605 1018 64 25 droge
686 1018 35 19 två
735 1018 64 19 lotter
814 1018 6 18 i
836 1018 70 19 stället
921 1018 32 19 för

209 1057 32 20 en,
261 1051 40 19 och
319 1057 63 20 synes
400 1051 7 19 i
428 1051 22 20 så
475 1051 37 20 fall
530 1051 39 20 den
588 1052 45 25 lott,
654 1058 44 13 som
717 1051 38 21 bär
770 1051 40 20 den
824 1051 59 27 lägre
895 1058 57 13 num-

211 1092 57 13 mern
283 1085 52 20 böra
349 1085 66 20 blifva
431 1085 39 20 den
485 1086 162 19 bestämmande.

277 1119 41 20 Vid
333 1119 156 26 granskningen
505 1120 22 19 af
540 1119 49 28 kap.
605 1119 33 21 XI
653 1120 37 19 har
705 1119 36 20 det
755 1121 19 25 ej
790 1119 79 20 kunnat
886 1119 68 26 undgå

209 1153 119 20 Utskottets
351 1154 183 25 uppmärksamhet
552 1153 97 20 hurusom
673 1154 40 19 den
739 1153 105 20 enskildes
866 1154 88 19 intresse

210 1187 67 20 skulle
304 1187 69 21 bättre
396 1188 31 19 till
456 1188 55 26 godo
543 1195 32 12 ses
605 1189 6 18 i
641 1187 37 20 fall
708 1187 145 27 fördelningen
876 1187 23 20 af
914 1187 40 20 den

209 1221 67 27 årliga
290 1221 153 27 kontingenten
458 1223 28 24 på
500 1222 26 19 de
541 1222 68 20 skilda
624 1222 114 20 områdena
752 1222 69 19 kunde
837 1222 32 20 för
885 1222 31 25 sig
928 1221 26 26 gå

210 1255 45 19 före
280 1255 124 26 lottningen,
422 1256 48 19 icke
489 1256 68 19 såsom
576 1256 7 19 i
602 1256 39 19 den
656 1255 79 27 nådiga
749 1256 159 25 propositionen
924 1255 30 20 fö-

211 1288 65 20 reslås
295 1288 53 20 efter
366 1288 127 20 densamma.
530 1289 41 19 För
592 1289 40 20 den
655 1289 125 26 uppbådade
801 1289 153 26 värnepligtige

211 1322 67 20 skulle
293 1322 6 20 i
315 1323 23 19 så
353 1322 37 20 fall
405 1323 40 19 den
460 1323 80 26 dragna
555 1329 106 14 nummern
676 1323 101 20 innebära
786 1325 30 18 ett
825 1323 130 20 omedelbart

212 1356 114 27 afgörande
345 1363 34 14 om
397 1357 51 20 hans
468 1357 81 20 inträde
567 1358 7 19 i
590 1358 71 19 aktiva
676 1359 70 19 armén
763 1358 51 20 eller
828 1358 7 19 i
850 1365 104 20 reserven,

211 1391 110 20 hvaremot
335 1391 41 20 den
391 1391 6 20 i
412 1392 157 26 propositionen
583 1392 120 26 föreslagna
713 1393 132 26 procedyren
857 1393 32 20 för
897 1393 56 20 mån-

212 1431 40 21 gen
275 1426 139 27 värnepligtig
436 1426 80 21 medför
539 1428 30 19 ett
590 1427 102 20 ovisshets
715 1427 94 20 tillstånd
831 1434 44 13 som
893 1434 62 13 varar

212 1460 51 19 flera
285 1460 103 21 månader
404 1461 40 19 och
458 1461 87 26 menligt
560 1461 66 20 måste
641 1461 87 20 inverka
743 1462 27 26 på
785 1462 76 26 många
876 1462 79 20 sociala

213 1494 151 21 förhållanden.
394 1494 28 21 Så
445 1495 91 27 önskligt
558 1496 36 20 det
609 1495 70 21 derför
693 1495 54 21 hade
762 1496 55 19 varit
832 1497 31 18 att
878 1495 76 21 fördel-

283 1539 196 24 Värnepligtsutskottets
492 1540 109 18 Betänkande
615 1541 34 17 N:o
663 1541 16 17 1.
