1031 1695
217 122 13 20 8
415 119 22 23 U.
455 119 22 22 B.
493 130 28 4 —
537 118 64 28 Prop.
619 118 38 23 N:o
673 118 36 23 37.

187 185 99 27 gongäng
301 184 32 22 till
348 184 41 22 och
403 184 50 21 med
467 185 54 20 trott
536 190 27 15 en
577 184 138 27 nedsättning
722 184 53 21 böra
782 183 159 28 ifrägakomma.

186 219 11 21 I
219 218 220 22 öfverensstämmelse
461 218 88 22 härmed
571 218 39 21 har
625 218 42 22 den
681 224 29 15 nu
726 218 110 27 utgående
849 218 93 22 kartasi-

186 252 163 28 gillataafgiften
363 252 32 22 för
411 252 112 27 certifikat,
539 252 108 27 frisedlar,
665 253 147 27 certepartier,
827 253 66 22 faste-
901 252 42 23 och

186 287 125 27 skattebref,
328 287 107 22 aktiebref
448 287 109 22 äfvensom
571 287 33 22 för
619 287 148 28 förskrifning,
783 288 104 22 kontrakt
901 288 42 22 och

186 322 105 28 köpebref
304 323 57 21 samt
375 322 121 27 egokartor,
512 322 71 22 hvilka
599 321 84 28 afgifter
697 322 106 28 jemförda
818 322 49 22 med
876 323 67 21 andra

185 357 86 21 länders
278 356 158 28 kartasigillata
443 357 66 21 redan
518 358 36 20 äro
569 362 42 22 nog
620 356 62 28 höga,
692 359 83 20 ansetts
784 357 53 21 böra
844 357 97 22 bibehäl-

185 391 32 21 las
231 391 141 22 oförändrade
386 392 49 20 med
451 392 76 20 endast
542 398 27 14 en
576 391 67 21 sädan
649 391 120 27 jemkning,
779 398 46 14 som
832 392 110 26 betingats

186 425 24 21 af
223 425 26 22 de
264 425 8 22 i
287 425 10 28 $
313 427 12 20 2
342 425 94 22 ofvanför
450 425 121 27 föreslagna
584 425 161 28 bestämningar
765 426 91 22 rörande
875 427 67 20 stäm-

185 460 116 28 pelvärden
323 460 24 22 af
358 460 130 28 pennivalör.
518 460 62 22 Hvad
594 466 103 22 resepass
713 460 104 22 särskildt
832 460 108 27 beträffar,

186 495 66 22 borde
274 495 67 27 enligt
362 495 123 22 Utskottets
501 495 56 27 äsigt
571 495 72 28 nägon
657 501 70 16 annan
746 495 195 28 stämpelpappers-

186 529 60 28 afgift
264 529 34 23 för
312 536 51 21 pass
379 531 28 20 än
421 529 33 22 för
469 530 27 22 de
510 530 8 21 i
533 529 10 29 $
565 532 6 19 4
587 536 64 16 mom.
669 531 12 20 2
697 529 21 29 a)
735 531 127 21 omnämnda
877 537 65 21 expe-

186 565 92 22 ditioner
292 564 48 23 icke
355 564 159 28 ifrägakomma,
530 564 61 23 äfven
607 571 26 16 ur
649 565 40 22 den
706 566 109 27 synpunkt
826 567 33 20 att
869 566 73 21 karta-

186 599 215 28 sigillatainkomsten
421 599 34 23 för
476 599 113 22 framtiden
604 600 47 22 icke
667 600 70 21 mätte
752 602 77 25 utgöra
845 602 32 20 ett
893 601 48 21 skäl

185 634 33 21 för
232 634 160 22 bibehällandet
407 634 22 21 af
443 635 37 21 det
493 635 128 26 otidsenliga
637 635 40 20 och
693 635 68 26 enligt
768 635 119 22 utskottets
897 635 44 21 för-

185 669 105 22 menande
313 668 62 23 äfven
396 668 129 28 fullkomligt
543 669 157 22 ändamälslösa
714 669 146 27 passtvänget,
876 669 63 22 hvar-

184 703 47 21 före
250 703 115 22 Utskottet
380 703 65 22 ocksä
460 705 72 20 ansett
545 703 33 27 sig
592 703 53 22 böra
659 703 8 21 i
683 704 78 21 sädant
778 703 55 28 syfte
849 704 92 21 omredi-

186 743 52 21 gera
259 738 27 21 de
301 743 30 16 nu
345 738 98 26 gällande
457 737 160 23 föreskrifterna
633 744 34 16 om
683 738 258 27 kartasigillata-afgiften

186 772 32 22 för
232 778 59 21 pass.

253 807 39 21 Ett
308 808 65 21 annat
387 807 47 27 slag
449 807 23 21 af
485 807 26 22 de
526 808 68 21 under
608 807 11 29 $
636 810 11 20 5
663 806 175 23 förekommande
854 808 86 27 expedi-

185 842 75 26 tioner,
284 842 53 22 eller
357 842 122 22 fullmakter
498 842 25 22 sä
537 843 35 21 väl
587 843 12 20 å
613 842 83 27 verklig
712 843 67 27 tjenst
795 849 46 15 som
847 838 12 36 ä
883 843 56 26 titel,

184 877 40 21 har
238 877 114 21 Utskottet
363 877 81 27 jemväl
460 879 71 20 ansett
545 883 51 16 vara
611 877 24 22 sä
649 877 54 27 högt
717 877 129 22 beskattade
862 878 78 21 attnä-

185 917 42 20 gon
248 910 121 29 förhöjning
383 912 8 21 i
405 911 245 28 kartasigillataafgiften
665 911 34 22 för
715 912 49 21 dem
780 912 97 27 skäligen
891 913 48 21 icke

184 945 66 22 borde
265 945 138 22 förekomma.
433 946 50 21 Men
491 946 27 22 dä
524 946 113 22 Utskottet
645 947 28 26 pä
681 946 74 21 derom
769 946 61 27 gjord
839 946 100 22 anhällan

180 975 49 37 från
240 975 117 37 Kejserliga
368 975 93 37 Senatens
475 981 106 21 allmänna
588 981 71 21 kansli
666 980 42 22 fått
719 982 109 25 emottaga
836 981 41 21 den
885 988 55 20 upp-

184 1014 89 28 lysning,
290 1016 33 20 att
337 1015 114 22 karterade
465 1015 121 22 fullmakter
600 1015 48 22 icke
663 1015 106 22 utfärdats
779 1016 36 21 vid
830 1017 108 20 senators-

184 1049 157 27 utnämningar,
356 1050 60 21 utom
431 1049 28 22 dä
473 1050 124 26 utnämning
612 1049 59 22 skett
685 1049 68 22 under
761 1049 126 28 fortgäende
894 1051 43 20 tre-

184 1083 111 27 ärsperiod
316 1083 65 22 innan
403 1084 41 21 den
465 1083 121 22 fastställda
601 1084 104 22 terminen
720 1084 34 21 för
769 1084 168 22 senatsledamö-

183 1119 62 20 terna
264 1117 143 28 tilländagätt,
423 1119 8 20 i
445 1118 80 23 hvilket
539 1118 36 22 fall
590 1119 126 22 fullmakten
732 1119 106 22 utfärdats
853 1119 28 27 pä
895 1119 42 22 den

183 1152 33 22 för
240 1152 122 28 Kejserliga
382 1152 104 23 Senatens
509 1153 108 27 utgäende
640 1153 149 28 expeditioner
813 1153 123 22 fastställda

182 1188 69 25 karta,
275 1186 109 22 äfvensom
406 1189 33 20 att
460 1187 76 22 kartan
555 1188 34 21 till
602 1187 283 29 häradshöfdingefullmakt
898 1189 38 21 be-

182 1222 88 21 räknats
291 1221 58 22 blott
371 1221 54 22 efter
441 1223 40 20 den
495 1223 8 20 i
517 1223 25 21 de
557 1223 63 21 flesta
634 1222 37 22 fall
687 1225 80 25 ytterst
781 1223 61 26 ringa
855 1223 80 22 krono-

182 1256 70 25 lönen,
268 1255 39 21 har
322 1255 112 21 Utskottet
448 1255 36 22 vid
498 1255 160 22 föreskrifterna
672 1262 34 15 om
721 1256 134 22 fullmakters
863 1257 72 21 karte-

180 1290 47 26 ring
241 1290 55 20 trott
310 1288 33 28 sig
357 1289 54 21 böra
424 1288 81 23 föreslå
516 1291 35 29 ett
559 1289 156 29 förtydligande
725 1290 92 28 tillägg
809 1284 11 40 i
827 1290 36 22 det
871 1290 61 28 syfte,

183 1326 32 20 att
238 1324 28 21 dä
284 1323 71 27 nägon
376 1322 67 23 första
458 1324 83 28 gängen
555 1326 112 20 utnämnes
683 1325 32 21 till
731 1327 86 20 senator
833 1325 102 27 stämpel-

181 1358 154 28 pappersafgift
353 1358 40 22 bör
407 1358 98 28 erläggas
521 1359 66 27 enligt
600 1360 26 21 de
645 1359 4 22 i
664 1366 62 16 mom.
744 1359 21 28 a)
783 1362 9 19 1
810 1358 124 23 fastställda

181 1393 98 28 grunder,
303 1391 108 24 äfvensom
431 1395 32 20 att
479 1393 96 23 domares
592 1393 62 24 andel
669 1394 8 21 i
692 1394 187 28 tingsgästningen
893 1395 41 22 bör

248 1471 206 24 Bevillningsutskoltets
469 1472 113 19 betänkande
596 1472 37 19 N:o
649 1471 16 20 1.
