1011 1695
260 74 87 23 Ständ.
363 75 39 23 Sv.
421 89 24 2 —
463 76 72 28 Prop.
551 77 47 22 N:o
613 77 35 22 37.
774 78 26 22 51

147 141 80 21 hvilken
242 141 115 28 inteckning
373 142 67 27 blifvit
461 142 112 28 meddelad,
597 143 27 27 af
643 150 25 14 en
689 143 49 21 eller
760 151 73 15 annan

147 176 67 27 orsak,
230 177 115 22 sedermera
359 177 42 22 icke
415 177 90 22 kommer
527 180 30 20 att
580 179 109 27 begagnas,
712 179 118 27 utgifvaren

147 213 25 18 är
188 211 117 27 berättigad
320 213 30 20 att
365 212 70 27 återfå
449 212 39 21 den
504 212 86 27 erlagda
612 212 217 28 kartasigillataafgif-

147 247 39 24 ten,
201 245 89 22 kommer
304 246 33 27 för
351 246 112 27 framtiden
479 249 31 19 att
525 247 119 26 bibehållas,
656 247 62 26 jemte
734 247 33 22 det
781 253 49 16 ena-

146 279 70 21 handa
229 279 85 27 förmån
330 280 133 21 tillerkännes
479 281 127 21 länsökande
620 281 9 20 i
642 280 107 23 Finlands
766 281 64 22 Bank

147 313 37 21 och
198 314 67 21 andra
280 314 107 21 allmänna
402 314 80 27 kassor,
499 315 28 21 dä
542 315 33 21 det
590 314 42 25 län,
648 315 67 22 hvarä
736 315 94 22 skuldse-

147 348 33 21 del
189 348 63 27 jemte
266 349 115 26 inteckning
397 349 68 26 blifvit
479 349 122 27 meddelade,
622 349 114 22 sedermera
761 350 27 27 af
804 357 26 14 en

145 382 49 21 eller
209 390 71 15 annan
296 383 110 27 anledning
422 383 65 22 likväl
500 384 41 21 icke
556 383 94 28 beviljas;
665 384 91 22 börande
778 385 50 21 dock

146 417 140 27 förhållandet
301 418 36 20 vid
350 417 69 28 hvarje
435 418 84 27 tillfälle
540 425 51 15 vara
613 418 106 27 behörigen
741 419 89 27 bestyrkt

146 454 55 19 samt
216 452 85 21 ärendet
316 452 32 21 till
362 452 150 22 vederbörande
530 452 119 22 Guvernörs
672 453 112 27 afgörande
798 453 31 27 öf-

146 486 119 22 verlemnas.

455 527 15 28 $
485 530 31 19 41.

214 562 167 22 Landskontöret
394 563 9 21 i
417 562 70 28 hvarje
502 562 36 21 län
556 568 46 21 eger
625 569 33 15 om
679 562 92 22 kronans
785 564 45 20 rätt

147 596 36 22 och
198 597 62 21 bästa
272 596 130 22 härutinnan
416 596 63 28 hafva
500 603 107 21 noggrann
629 596 36 22 och
679 596 151 27 uppmärksam

145 631 65 26 vård;
225 631 36 21 ock
276 630 79 28 åligger
369 632 93 21 kontoret
475 632 56 27 förty
554 633 30 20 att
606 632 47 26 föra
675 631 101 27 ordentlig
792 638 37 15 an-

147 666 142 27 teckningsbok
303 666 18 26 ej
335 666 80 21 mindre
429 666 48 21 med
489 666 170 21 Landtränteriet
673 665 56 27 öfver
747 665 35 21 der
797 666 32 21 be-

145 700 79 27 fintligt
238 700 117 26 stämpladt
369 707 82 20 papper
473 700 36 22 och
530 700 180 27 stämpelmärken,
734 702 28 19 än
784 700 47 21 med

146 734 230 27 försäljningsmännen
386 735 56 27 öfver
456 735 55 21 hvad
525 735 24 21 de
565 735 33 21 till
613 734 128 28 försäljning
762 734 69 27 utfått

148 769 35 21 och
197 769 47 21 med
258 769 51 27 dem,
320 776 45 14 som
379 770 84 20 sådana
473 770 33 25 på
520 769 66 22 kredit
600 769 91 26 erhållit,
707 771 55 19 samt
775 769 55 21 hvad

147 804 26 26 af
184 803 45 21 dem
243 804 9 20 i
267 804 104 27 betalning
385 804 85 26 influtit,
486 804 72 22 såsom
574 804 34 21 ock
624 805 31 19 att
674 805 104 26 emottaga
794 803 36 22 och

145 838 85 26 förvara
243 838 162 21 vederbörandes
423 838 112 26 aflemnade
550 837 156 27 borgesskrifter
729 838 35 21 och
785 838 43 26 för-

147 871 112 27 bindelser;
280 872 36 21 och
330 871 55 23 skall
407 871 204 22 Landskamreraren
630 878 90 15 ansvara
741 872 34 27 för
790 872 39 21 den

145 906 78 27 förlust
236 907 82 21 kronan
332 907 41 21 kan
388 906 125 27 tillskyndas
529 906 115 27 derigenom
659 907 31 20 att
704 905 125 28 han,
763 901 11 37 i
782 905 47 28 hän-

146 941 54 21 delse
215 941 27 27 af
251 941 160 22 vederbörandes
427 940 143 27 försummelse
592 942 30 19 att
644 939 105 28 betalning
766 941 8 20 i
796 941 32 20 be-

145 976 58 26 hörig
219 976 31 21 tid
265 975 115 27 inleverera,
395 975 127 27 inventering
538 974 94 23 anställa
641 974 49 21 eller
696 975 132 26 redovisning

147 1010 84 27 afgifva,
246 1010 42 21 icke
301 1012 74 25 genast
391 1009 117 28 skriftligen
529 1009 156 27 handräckning
707 1009 39 22 hos
760 1009 68 21 Läne-

145 1044 101 28 styrelsen
261 1045 51 26 sökt,
328 1044 49 21 eller
392 1051 33 14 om
443 1045 42 21 han
508 1044 112 27 anförtrott
639 1043 190 28 försäljningsman

146 1081 66 19 större
226 1079 73 27 belopp
314 1082 35 24 än,
364 1079 65 27 enligt
443 1078 54 22 hvad
510 1078 40 22 här
565 1078 62 27 ofvan
642 1078 99 27 stadgadt
756 1081 31 23 är,
796 1077 34 22 till

147 1114 63 21 denne
225 1114 46 21 bort
285 1114 108 21 utlemnas.
423 1113 17 22 I
450 1114 63 27 öfrigt
528 1112 36 22 och
573 1112 63 28 jemte
654 1112 33 22 det
703 1112 125 22 Landskon-

147 1150 51 20 toret
212 1155 46 21 eger
273 1148 65 22 ställa
352 1149 33 27 sig
399 1148 35 22 till
447 1147 136 29 efterrättelse
590 1147 55 21 hvad
653 1147 177 27 författningarne

143 1182 96 28 påbjuda
261 1190 33 14 om
315 1182 163 28 halfårsförslag
499 1184 56 20 samt
577 1182 164 27 ärsräkningars
765 1181 63 27 afgif-

146 1218 72 27 vande,
234 1218 79 27 åligger
327 1217 203 22 Landskamreraren
544 1216 47 28 föra
603 1216 139 27 förenämnda
750 1215 80 22 anteck-

147 1252 101 27 ningsbok
262 1254 55 19 samt
338 1254 101 25 upprätta
461 1251 44 22 alla
525 1251 121 26 räkningar,
669 1250 102 27 förslager
793 1249 36 22 och

148 1287 142 26 anordningar
304 1286 46 21 med
363 1293 56 14 mera
434 1286 55 26 öfver
508 1285 8 21 i
536 1284 170 22 Landtränteriet
728 1284 102 26 befintligt

147 1320 139 26 kartaförråd.
320 1319 41 21 Och
374 1321 42 24 må,
433 1320 28 19 då
475 1319 79 20 sådant
568 1319 39 20 allt
622 1319 67 24 blifvit
706 1317 122 22 vederbörli-

146 1359 40 22 gen
200 1353 110 27 fullgjordt
324 1356 55 19 samt
392 1353 92 21 kronans
499 1354 43 19 rätt
562 1352 105 26 behörigen
689 1351 89 22 bevakad
792 1351 37 21 och

148 1388 109 27 iakttagen,
274 1388 7 20 i
297 1387 179 23 Landskontorets
499 1386 125 27 årsräkning
646 1386 24 27 få
692 1385 79 27 afföras
793 1385 36 22 två
