1025 1689
274 158 23 23 U.
314 159 23 22 B.
352 170 29 4 —
400 158 64 29 Prop.
482 159 38 23 N:o
536 158 35 23 37.
746 161 27 20 49
797 185 2 2 -

44 223 52 27 ding
114 223 98 28 fullgjort
230 224 57 21 hvad
307 225 7 20 i
329 223 10 29 $
356 226 26 20 32
400 225 95 27 stadgas.
526 225 144 27 Transporten
686 225 22 21 af
722 227 80 26 stämp-

45 257 46 22 ladt
110 264 87 21 papper,
215 264 47 16 som
280 258 23 21 af
321 259 178 27 Häradshöfding
518 259 29 28 på
565 259 72 22 kredit
650 260 151 26 utreqvireras,

44 292 105 27 påkostas
164 293 47 21 icke
227 292 22 22 af
261 293 91 26 kronan,
371 295 53 20 utan
438 293 39 22 bör
492 293 47 27 den,
551 299 45 16 som
603 294 125 26 reqvisition
738 293 63 28 gjort,

46 325 50 28 sjelf
109 327 54 21 eller
178 333 77 20 genom
270 327 79 22 ombud
366 328 28 26 på
406 327 73 23 stället
488 329 77 26 uttaga
575 328 36 22 det
621 328 118 27 stämplade
749 334 53 21 pap-

45 366 40 21 per
99 360 43 22 han
156 361 30 27 på
199 361 72 22 kredit
286 361 98 22 erhåller.

397 423 11 28 $
424 426 34 19 38.

114 469 166 23 Vederbörande
297 470 135 22 embetsverk
447 470 41 22 och
502 470 135 28 tjenstemän,
653 476 47 16 som
715 470 32 22 till
755 470 47 22 sina

47 504 147 26 expeditioner
215 505 100 27 begagna
337 504 86 28 tryckta
444 504 127 28 blanketter,
593 511 50 16 vare
665 505 137 27 berättigade

46 540 38 25 att,
104 538 28 28 på
148 540 98 21 anmälan
260 540 40 21 hos
319 539 139 22 Guvernören
472 540 9 20 i
494 540 66 27 länet,
576 540 101 27 antingen
692 540 47 22 från
753 542 48 20 rän-

45 574 65 22 teriet
125 574 48 22 utfå
188 574 99 27 lämpligt
301 574 79 28 belopp
396 574 24 21 af
432 573 135 29 erforderligt
581 575 117 27 stämpladt
712 580 89 23 papper,

49 608 33 22 för
97 610 33 20 att
144 608 123 22 blanketter
281 609 122 27 påtryckas,
420 608 53 22 eller
488 609 40 22 ock
543 609 21 22 få
579 609 46 21 sina
634 609 123 22 blanketter
764 615 36 21 ge-

46 649 51 19 nom
122 643 150 22 Guvernörens
295 643 85 27 försorg
401 644 33 20 till
455 644 263 27 Kartasigillatakontoret
732 643 69 23 öfver-

46 678 78 26 sända,
148 677 33 22 för
203 680 33 19 att
255 678 113 22 derstädes
385 678 103 28 stämplas
503 678 41 22 och
559 679 72 21 säsom
645 684 69 16 annan
728 678 73 22 karta-

43 712 175 27 sigillataremiss
241 712 32 22 till
296 713 174 21 Landskontoret
492 712 136 27 ätersändas;
650 712 109 22 hvarefter
775 713 27 21 de

44 747 94 21 sålunda
161 748 121 26 stämplade
304 747 152 22 blanketterna
478 748 33 21 till
525 747 104 22 ränteriet
644 747 101 22 aflemnas
762 748 40 21 och

48 781 120 27 derstädes,
189 782 44 22 lika
250 782 50 22 med
314 784 65 20 annat
394 782 117 28 stämpladt
525 788 87 21 papper,
628 782 117 22 behandlas
761 782 40 22 och

48 816 116 27 redovisas,
182 818 56 20 samt
253 816 54 22 efter
323 816 67 22 behof
403 816 33 22 till
450 816 160 23 vederbörande
625 816 99 28 utgifvas.

397 879 11 27 8
425 882 33 19 39.

117 920 34 21 Då
167 920 68 26 karta,
257 920 78 21 ämnad
354 920 32 21 till
405 920 122 26 expedition
543 919 40 21 hos
599 920 135 21 embetsverk
749 920 53 21 eller

48 954 135 27 tjensteman,
203 961 77 20 genom
299 954 148 27 misskrifning
464 953 124 27 förderfvas,
604 953 35 22 mä
654 953 41 22 slik
709 954 69 26 karta,
793 954 8 21 i

46 988 38 22 fall
100 988 149 28 expeditionen
263 989 48 21 icke
324 988 68 22 finnes
407 994 51 15 vara
472 987 167 27 underskrifven,
647 988 40 22 hos
697 987 104 28 Länesty-

48 1023 76 27 relsen,
148 1023 29 27 pä
199 1023 41 22 den
262 1023 33 22 för
318 1023 152 27 expeditionen
492 1023 112 26 ansvarige
618 1023 182 26 tjenstemannens

48 1058 99 21 anmälan
169 1057 40 22 och
231 1058 49 21 med
298 1057 54 22 hans
368 1057 100 27 reversal,
486 1055 89 30 utbytas
589 1058 57 21 emot
660 1059 48 26 nytt
720 1059 81 25 stämp-

47 1092 47 22 ladt
111 1098 83 22 papper
213 1091 23 23 af
252 1093 44 20 lika
311 1091 72 22 värde.
413 1092 51 21 Men
480 1094 23 19 är
519 1091 147 28 expeditionen
680 1091 67 22 redan
762 1098 39 15 un-

50 1126 139 28 derskrifven,
213 1127 123 22 ankommer
358 1127 38 22 det
416 1127 29 27 pä
464 1124 112 25 Senatens
588 1120 214 39 Ekonomiedeparte-

48 1163 60 20 ment
123 1163 38 24 att,
178 1161 55 22 efter
247 1161 131 22 hemställan
393 1161 23 21 af
429 1161 170 27 Länestyrelsen,
615 1161 6 21 i
629 1161 73 28 hvarje
709 1157 37 37 fall
756 1163 46 19 när-

49 1202 58 15 mare
122 1195 75 28 pröfva
212 1195 40 23 och
267 1195 109 26 förordna,
394 1195 104 22 huruvida
512 1195 124 22 restitution
651 1195 51 22 eller
718 1194 84 23 afskrif-

50 1230 52 27 ning
117 1230 23 21 af
153 1230 182 27 stämpelafgiften
349 1230 33 21 för
399 1230 26 21 de
441 1229 121 22 misskrifna
575 1230 102 21 kartorna
686 1229 40 22 bör
735 1229 67 22 bevil-

48 1265 41 28 jas,
112 1264 111 23 äfvensom
238 1265 94 21 Senaten
350 1264 72 22 tillhör
437 1265 32 20 att
483 1263 106 28 medgifva
603 1264 76 27 utbyte
694 1263 22 22 af
728 1263 75 22 kartor

43 1293 42 27 "till
100 1298 82 23 sådana
198 1299 152 27 expeditioner,
366 1298 33 22 för
413 1298 73 22 hvilka
500 1297 118 28 afgifterne,
633 1299 8 21 i
656 1298 106 22 anseende
770 1297 32 22 till

50 1333 113 26 fattigdom
182 1333 51 21 eller
255 1339 70 15 annan
347 1333 51 26 laga
412 1332 70 26 orsak,
499 1332 18 27 ej
531 1331 82 22 kunnat
627 1331 39 22 hos
682 1331 120 27 sakägaren

52 1367 63 22 utfås.

401 1394 10 28 $
428 1396 33 20 40.

120 1434 117 24 Förefaller
251 1435 146 27 misskrifning
410 1434 37 22 vid
462 1434 74 22 kartas
545 1435 139 22 användande
692 1434 24 23 af
720 1434 86 23 enskild

47 1477 84 27 person
146 1471 53 22 eller
213 1470 39 23 har
266 1471 71 27 någon
353 1470 23 22 af
388 1470 120 28 uppenbart
523 1470 88 28 misstag
621 1470 108 28 begagnat
735 1469 68 28 högre

120 1506 206 32 Bevdlningsutskottets
341 1506 168 26 betänkande
478 1492 30 50 No
520 1507 17 24 1.
562 1492 11 50 —
722 1512 12 20 4
