1042 1695
217 147 26 20 14
401 146 28 19 U.
442 146 31 18 B.
487 156 22 3 —
522 146 81 23 Prop.
616 146 46 18 N:o
675 146 40 18 38,

186 210 110 27 undergätt
318 209 126 29 afbarkning,
469 211 22 20 sä
513 211 120 27 tillskyndas
656 211 33 21 väl
707 210 152 28 virkesegarene
875 208 53 23 deri-

187 251 75 21 genom
285 245 67 28 någon
375 245 95 26 kostnad;
502 252 47 15 men
580 245 25 22 dä
633 245 34 22 det
690 246 65 27 gäller
776 245 44 22 icke
843 245 87 22 allenast

188 281 37 26 att,
250 281 67 21 såsom
340 287 47 21 nyss
410 281 104 25 nämndes,
536 281 75 22 bevara
629 281 116 21 fiskerierna
762 281 7 20 i
787 281 79 21 landets
883 281 46 21 vat-

186 315 92 28 tendrag,
301 316 49 21 utan
367 316 58 21 äfven
442 316 31 21 att
488 316 126 21 förekomma
629 316 124 21 farledernas
769 316 162 27 uppgrundning

187 352 38 20 och
245 351 64 21 befria
327 351 156 28 strandegarene
498 351 45 22 frän
560 352 24 21 de
600 351 77 26 skador,
694 351 69 21 hvilka
779 351 151 22 ästadkommas

187 387 117 27 derigenom
321 387 31 21 att
367 387 50 21 bark
432 387 75 21 samlar
522 387 32 28 sig
569 386 27 28 pä
607 389 63 24 ängar
681 387 37 20 och
728 385 138 22 betesmarker
876 387 55 20 samt

187 422 103 21 derstädes
306 421 82 21 hindrar
404 423 126 26 gräsväxten,
548 425 22 18 är
586 422 34 20 det
635 422 72 27 nödigt
723 422 31 20 att
769 421 162 28 skogsindustrin

187 456 132 22 underkastas
336 457 88 27 antydda
440 457 68 27 utgift.
541 457 40 21 Det
597 457 31 21 uti
643 456 103 28 ingressen
757 457 129 25 omnämnda,
899 456 32 22 till

187 492 163 21 Bondeständets
375 492 101 27 protokoll
498 492 79 28 afgifna
599 492 102 28 skriftliga
723 492 104 28 yttrandet
842 492 89 21 innefat-

186 528 33 20 tar
238 527 170 27 hufvudsakligen
430 528 29 20 ett
474 527 68 22 försök
558 528 31 20 att
605 527 128 28 ådagalägga
749 527 34 21 det
798 528 97 26 flottning
911 527 22 21 af

186 563 44 21 icke
253 562 109 22 afbarkadt
384 562 56 22 virke
462 562 17 28 ej
496 562 105 22 medförde
617 562 64 28 några
696 569 57 15 mera
768 562 104 22 kännbara
888 563 43 21 olä-

188 598 97 28 genheter
301 598 37 21 och
354 598 31 21 att
400 598 122 27 stadgandet
539 604 33 15 om
588 598 274 28 afbarkningsskyldigheten
878 598 55 28 förty

188 633 115 28 onödigtvis
319 633 82 21 komme
418 633 30 21 att
464 633 81 28 tillfoga
560 633 56 21 såväl
631 634 25 20 de
672 633 89 22 enskilde
771 633 159 28 virkesegarene,

188 675 44 15 som
254 669 70 21 landet
344 668 8 22 i
368 668 30 22 sin
413 669 75 25 helhet,
506 676 25 14 en
545 668 34 22 till
593 669 103 21 millioner
711 668 58 22 mark
785 668 76 28 årligen
878 675 53 21 upp-

189 704 77 28 gående
282 704 83 26 förlust;
382 710 47 15 men
446 704 65 21 denna
527 704 52 27 åsigt
595 704 40 21 kan
651 704 106 22 Utskottet
771 704 114 28 ingalunda
899 704 32 20 bi-

188 739 64 27 träda,
270 740 50 21 utan
336 739 58 21 torde
409 740 150 28 afbarkningen
575 740 24 20 af
611 739 162 28 flottningsvirke
788 740 89 21 tvärtom
888 740 43 20 till-

188 775 77 27 skynda
288 775 58 21 äfven
369 775 141 27 virkesegaren
533 775 22 21 så
578 776 56 21 stora
648 775 94 25 fördelar,
759 776 31 20 att
806 775 127 21 desamma
919 771 17 36 i

189 811 35 21 det
246 810 103 22 närmaste
372 813 95 25 uppväga
490 810 24 21 de
537 810 47 22 med
606 810 85 22 barkens
713 810 108 28 aftagande
837 810 96 22 förenade

188 846 141 21 kostnaderna.
360 846 72 27 Enligt
454 846 54 21 hvad
530 846 106 21 Utskottet
651 846 107 26 inhemtat,
775 846 38 21 har
827 846 105 27 nämligen

190 888 25 14 en
238 881 22 21 af
280 881 80 21 landets
381 881 111 21 förnämste
508 881 200 27 trävaruexportörer
723 881 65 28 yttrat
804 881 38 22 den
858 881 26 27 på
900 887 32 15 er-

189 917 93 20 farenhet
298 916 104 28 grundade
418 917 89 27 mening,
525 917 32 20 att
572 916 85 21 barkadt
672 917 55 21 virke
741 916 78 22 lemnar
830 923 25 15 en
866 917 67 21 bättre

190 958 53 20 vara,
268 951 54 22 visar
344 951 80 28 ringare
446 952 129 27 benägenhet
590 952 31 21 att
636 952 65 21 under
715 952 122 27 flottningen
853 952 78 27 sjunka,

191 989 22 19 är
236 987 78 21 mindre
337 987 65 21 utsatt
425 987 31 21 för
472 987 30 21 att
518 987 67 21 fastna
600 987 34 22 vid
649 987 69 21 stenar
733 987 38 22 och
787 987 63 22 andra
866 987 67 28 dylika

190 1022 72 21 hinder
282 1022 6 21 i
309 1022 165 28 flottningsleden
497 1023 54 20 samt
574 1022 59 21 äfven
648 1023 8 20 i
671 1022 112 22 allmänhet
799 1022 64 21 vållar
878 1023 54 21 min-

191 1058 35 21 dre
249 1057 219 27 skadeståndsanspråk
490 1058 45 21 från
559 1058 166 27 strandegarenes
746 1058 49 27 sida,
815 1061 25 19 än
856 1058 78 22 virke
922 1053 15 37 i

190 1092 122 22 oafbarkadt
327 1093 98 21 tillstånd,
442 1093 82 21 hvartill
531 1093 118 27 ytterligare
657 1093 92 21 kommer
759 1094 31 20 att
801 1093 34 21 det
846 1094 87 20 barkade

190 1128 66 21 virket
271 1130 22 19 är
308 1128 74 21 lättare
398 1128 38 21 och
451 1129 45 20 dess
510 1129 104 26 transport
629 1128 45 21 från
685 1128 75 28 skogen
772 1129 32 20 till
815 1129 118 21 vattendra-

192 1164 35 26 get
242 1163 78 21 derföre
335 1163 99 27 billigare.
451 1175 28 3 —
494 1163 36 21 Uti
540 1163 153 28 ifrågavarande
704 1164 93 20 moment
808 1164 21 21 af
839 1164 11 26 $
862 1165 13 19 4
886 1164 47 20 ville

191 1198 106 21 Utskottet
311 1198 63 21 likväl
388 1198 82 21 förorda
484 1198 62 21 sådan
563 1198 92 28 ändring,
667 1199 30 20 att
708 1201 101 25 guvernör
820 1199 50 27 egde
878 1199 55 27 jem-

192 1234 32 18 väl
244 1232 26 26 på
291 1233 85 20 särskild
391 1234 117 25 ansökning,
527 1233 111 20 oberoende
653 1234 23 18 af
690 1234 89 26 utslaget
795 1240 34 13 om
844 1234 89 20 flottleds

192 1267 108 25 ordnande,
325 1267 51 20 efter
399 1266 200 27 omständigheterna
614 1266 67 21 tillåta
696 1267 96 27 flottning
808 1268 22 20 af
842 1268 44 20 icke
902 1268 31 20 af-

192 1301 85 22 barkadt
299 1301 61 27 virke,
385 1301 53 22 samt
462 1301 30 22 att
514 1301 111 22 tillåtelsen
643 1302 7 21 i
665 1301 69 28 hvarje
750 1302 37 22 fall
802 1302 61 22 borde
879 1303 55 27 gälla

192 1337 50 21 visst
264 1337 45 28 slag
331 1337 23 21 af
374 1337 55 21 virke
448 1338 37 21 och
500 1337 113 28 medgifvas
630 1337 71 22 endast
716 1338 27 21 då
757 1338 121 28 flottningen
894 1339 40 21 kan

192 1373 118 21 verkställas
332 1373 27 27 på
381 1373 94 21 bestämd
497 1373 80 22 kortare
597 1373 36 26 tid,
654 1374 84 21 emedan
754 1374 54 21 virke
824 1374 23 21 af
860 1381 25 15 en
901 1375 33 21 del

192 1409 91 27 trädslag
301 1415 74 21 genom
390 1409 96 28 flottning
501 1409 8 20 i
524 1409 119 22 oafbarkadt
658 1409 93 22 tillstånd
766 1410 79 21 medför
857 1411 76 26 jemfö-

192 1444 82 21 relsevis
289 1444 59 27 ringa
366 1451 53 19 men,
436 1445 37 20 och
489 1444 24 21 de
529 1445 102 27 billigaste
647 1445 203 26 skogsprodukterna,
867 1446 66 21 såsom

192 1479 103 21 brännved
318 1479 36 22 och
378 1479 70 27 dylikt,
465 1479 100 28 svårligen
581 1480 69 21 kunna
665 1480 49 21 bära
729 1480 111 22 kostnaden
856 1481 31 21 för
903 1481 30 21 af-

239 1528 134 19 Sammansatta
388 1529 50 24 Lag-
454 1529 32 18 och
501 1528 180 20 Ekonomiutskottets
697 1529 112 20 betänkande
823 1530 37 18 N:o
875 1529 18 20 8.
