1045 1686
396 150 51 23 N:o
463 149 44 25 879.

104 274 1 3 |
120 255 167 27 Donationsbref
305 255 52 21 eller
376 254 118 22 resolution
510 254 13 21 &
536 252 114 27 förläning,
666 247 64 21 efter-

148 289 42 26 gift
206 289 12 19 å
233 289 35 20 lån
285 288 39 21 och
339 287 124 26 understöd,
479 293 44 15 som
539 286 22 21 af
570 286 107 21 allmänna
687 291 42 14 me-

148 322 34 21 del
205 322 96 27 beviljas,
325 323 39 20 när
386 321 78 28 gåfvan
488 321 7 21 i
517 320 66 21 värde
602 319 128 26 öfverstiger

147 357 42 20 200
204 356 67 26 mark,
288 356 91 21 skrifves
394 356 13 20 å
422 355 117 27 stämpladt
553 361 81 20 papper
648 354 34 20 till
698 354 32 20 ett

147 390 77 26 belopp
239 389 23 22 af
275 390 48 27 fyra
337 392 95 24 procent.

119 423 236 28 Fartygsförpassning,
371 429 23 16 se
409 430 57 20 pass.

103 479 1 9 |
119 457 111 27 Fastebref
250 457 92 21 skrifves
363 458 28 26 pä
413 457 116 27 stämpladt
550 463 80 20 papper
651 455 33 21 för
699 456 32 20 ett

147 491 182 28 egendomsvärde
345 491 22 21 af
380 491 35 21 till
430 491 39 21 och
484 491 49 21 med
547 491 42 21 200
603 490 61 21 mark

147 525 125 22 derutöfver
293 526 28 20 10
343 526 64 26 penni
430 525 33 22 för
484 525 74 27 hvarje
578 525 40 21 100
632 524 62 21 mark
708 523 24 22 af

102 568 1 15 |
147 559 197 27 —egendomsvärdet.

174 594 108 20 Domaren
298 595 24 19 är
337 593 86 27 skyldig
438 595 32 20 att
484 594 8 20 i
506 593 75 27 hvarje
595 592 45 26 fall,
649 592 27 21 dä
685 592 45 26 lag-

146 628 44 21 fart
212 633 33 15 om
268 628 105 21 afslutadt
391 628 42 26 köp
455 628 14 21 &
483 627 43 21 fast
541 627 103 27 egendom
659 626 72 22 blifvit

146 662 112 21 fulländad
273 662 40 20 och
329 661 70 27 öfriga
412 662 7 20 i
435 662 35 26 lag
485 662 104 26 stadgade
604 660 69 22 vilkor
681 660 49 21 full-

101 704 2 14 i
146 696 82 27 gjorda,
252 696 51 20 derä
327 695 87 21 utfärda
435 695 110 25 fastebref,
564 694 68 22 ehvad
652 694 78 22 sådant

146 730 90 26 begäres
252 729 52 21 eller
319 730 26 26 ej.

118 762 109 29 Folkpass,
243 769 23 15 se
281 769 56 20 pass.

117 796 93 29 Fribref,
226 803 23 15 se
264 797 171 21 helfrihetsbref.

117 830 153 28 Friherrebref,
286 837 23 15 se
324 831 87 27 diplom.

118 864 96 21 Frisedel
228 864 34 22 till
277 871 74 14 varors
367 865 96 26 lossning
478 865 39 20 och
532 865 94 26 lastning
724 885 4 4 .

118 898 115 27 Fullmakt,
260 899 170 26 konstitutorial,
457 899 151 25 förordnande,
630 899 99 21 kallelse-

101 945 2 10 i
146 933 40 21 och
201 933 186 27 antagningsbref,
395 933 200 26 protokollsutdrag
604 933 49 21 med
663 939 66 20 mera,

101 956 2 41 |
145 967 140 26 hvarigenom
301 967 89 26 embete,
407 967 66 26 tjenst
488 967 53 21 eller
555 967 122 26 befattning
693 967 36 20 be-

101 998 2 25 |
128 994 11 38 =
146 1002 68 20 sättes
234 1001 40 21 och
294 1000 125 27 bortgifves,
435 1001 53 20 eller
503 1001 39 21 ock
557 1001 115 26 värdighet
687 1000 43 21 för-

145 1040 75 20 unnas,
243 1034 49 22 med
316 1034 112 27 undantag
450 1034 23 21 af
494 1035 54 26 dem,
571 1041 45 14 som
634 1035 7 20 i
661 1035 71 23 denna

101 1075 1 7 |
145 1067 127 28 förordning
287 1067 69 22 finnas
372 1067 103 22 särskildt
491 1069 137 20 omnämnda:

100 1114 2 3 |
116 1105 27 21 a)
158 1101 13 21 å
185 1102 84 25 verklig
288 1101 67 27 tjenst
373 1102 53 27 med
441 1101 108 22 bestämdt
564 1102 65 26 årligt
643 1103 87 22 lönean-

145 1136 47 26 slag
206 1136 28 26 på
248 1136 53 20 stat:

145 1170 33 20 1:0
194 1169 12 20 å
224 1169 96 25 militär-,
336 1169 75 26 civilt-,
428 1169 159 22 ecklesiastikt-
602 1170 40 20 och
650 1170 80 21 skollä-

184 1203 150 25 rare-embete,
350 1203 74 26 tjenst,
440 1203 69 26 syssla
523 1203 53 21 eller
591 1203 139 28 beställning,

186 1243 45 14 som
253 1236 23 21 af
295 1237 60 20 Hans
375 1236 122 27 Kejserliga
511 1237 102 27 Majestät
628 1237 52 22 eller
695 1244 35 15 ve-

101 1283 1 7 |
186 1270 134 21 derbörande
339 1271 127 26 myndighet
486 1271 109 26 tillsättes,
610 1270 93 22 skrifves
719 1271 12 21 &

100 1300 2 18 |
185 1304 116 25 stämpladt
325 1310 87 20 papper,
436 1304 121 21 beräknadt
579 1304 55 21 efter
652 1305 12 20 4
679 1311 49 19 pro-

185 1339 47 19 cent
253 1337 23 21 af
289 1337 117 26 penninge-
422 1338 39 21 och
476 1338 28 20 12
518 1339 91 25 procent
623 1337 24 21 af
660 1337 69 22 indelt

100 1379 1 6 |
184 1371 36 21 lön
236 1371 33 20 för
284 1371 53 26 äret,
353 1370 33 21 för
402 1371 47 26 den,
464 1371 88 21 hvilken
567 1371 69 21 första
644 1371 84 27 gängen

184 1405 109 21 tillträder
307 1405 68 27 tjenst
389 1405 48 21 med
452 1405 36 21 lön
503 1406 28 26 pä
545 1405 101 26 kronans,
658 1405 71 27 nägon

185 1439 68 27 stads
269 1440 52 21 eller
344 1439 79 22 allmän
445 1440 132 27 inrättnings
600 1441 50 21 stat.
680 1440 50 21 Men

184 1474 38 22 vid
244 1474 117 23 befordran
384 1473 34 23 till
441 1480 70 17 annan
534 1474 68 28 tjenst
623 1474 122 27 beräknas
734 1469 13 38 |

789 149 27 20 11
