<?xml version="1.0" encoding="UTF-8"?>
<alto xmlns="http://www.loc.gov/standards/alto/ns-v3#" xmlns:xlink="http://www.w3.org/1999/xlink" xmlns:xsi="http://www.w3.org/2001/XMLSchema-instance" xsi:schemaLocation="http://www.loc.gov/standards/alto/ns-v3# http://www.loc.gov/alto/v3/alto-3-0.xsd">
	<Description>
		<MeasurementUnit>pixel</MeasurementUnit>
		<sourceImageInformation>
			<fileName>/tmp/tess_cypp5n1j_input.PNG</fileName>
		</sourceImageInformation>
		<OCRProcessing ID="OCR_0">
			<ocrProcessingStep>
				<processingSoftware>
					<softwareName>tesseract 5.3.4</softwareName>
				</processingSoftware>
			</ocrProcessingStep>
		</OCRProcessing>
	</Description>
	<Layout>
		<Page WIDTH="1031" HEIGHT="1698" PHYSICAL_IMG_NR="0" ID="page_0">
			<PrintSpace HPOS="0" VPOS="0" WIDTH="1031" HEIGHT="1698">
				<GraphicalElement ID="cblock_0" HPOS="188" VPOS="198" WIDTH="16" HEIGHT="1242"></GraphicalElement >
				<ComposedBlock ID="cblock_1" HPOS="214" VPOS="124" WIDTH="494" HEIGHT="29">
					<TextBlock ID="block_0" HPOS="214" VPOS="124" WIDTH="494" HEIGHT="29">
						<TextLine ID="line_0" HPOS="214" VPOS="124" WIDTH="494" HEIGHT="29">
							<String ID="string_0" HPOS="214" VPOS="128" WIDTH="25" HEIGHT="21" WC="0.96" CONTENT="32"/><SP WIDTH="176" VPOS="128" HPOS="239"/>
							<String ID="string_1" HPOS="415" VPOS="126" WIDTH="22" HEIGHT="23" WC="0.91" CONTENT="U."/><SP WIDTH="18" VPOS="126" HPOS="437"/>
							<String ID="string_2" HPOS="455" VPOS="126" WIDTH="22" HEIGHT="22" WC="0.88" CONTENT="B."/><SP WIDTH="15" VPOS="126" HPOS="477"/>
							<String ID="string_3" HPOS="492" VPOS="138" WIDTH="28" HEIGHT="3" WC="0.90" CONTENT="—"/><SP WIDTH="17" VPOS="138" HPOS="520"/>
							<String ID="string_4" HPOS="537" VPOS="126" WIDTH="64" HEIGHT="27" WC="0.96" CONTENT="Prop."/><SP WIDTH="18" VPOS="126" HPOS="601"/>
							<String ID="string_5" HPOS="619" VPOS="125" WIDTH="38" HEIGHT="22" WC="0.96" CONTENT="N:o"/><SP WIDTH="15" VPOS="125" HPOS="657"/>
							<String ID="string_6" HPOS="672" VPOS="124" WIDTH="36" HEIGHT="23" WC="0.96" CONTENT="37."/>
						</TextLine>
					</TextBlock>
				</ComposedBlock>
				<ComposedBlock ID="cblock_2" HPOS="206" VPOS="252" WIDTH="622" HEIGHT="1029">
					<TextBlock ID="block_1" HPOS="233" VPOS="252" WIDTH="585" HEIGHT="99">
						<TextLine ID="line_1" HPOS="233" VPOS="252" WIDTH="583" HEIGHT="30">
							<String ID="string_7" HPOS="233" VPOS="258" WIDTH="33" HEIGHT="20" WC="0.90" CONTENT="3:0"/><SP WIDTH="17" VPOS="258" HPOS="266"/>
							<String ID="string_8" HPOS="283" VPOS="261" WIDTH="34" HEIGHT="16" WC="0.96" CONTENT="om"/><SP WIDTH="14" VPOS="261" HPOS="317"/>
							<String ID="string_9" HPOS="331" VPOS="255" WIDTH="64" HEIGHT="27" WC="0.95" CONTENT="bolag"/><SP WIDTH="15" VPOS="255" HPOS="395"/>
							<String ID="string_10" HPOS="410" VPOS="254" WIDTH="8" HEIGHT="22" WC="0.95" CONTENT="i"/><SP WIDTH="7" VPOS="254" HPOS="418"/>
							<String ID="string_11" HPOS="425" VPOS="254" WIDTH="84" HEIGHT="27" WC="0.95" CONTENT="handel,"/><SP WIDTH="11" VPOS="254" HPOS="509"/>
							<String ID="string_12" HPOS="520" VPOS="254" WIDTH="76" HEIGHT="28" WC="0.93" CONTENT="fartyg,"/><SP WIDTH="8" VPOS="254" HPOS="596"/>
							<String ID="string_13" HPOS="604" VPOS="252" WIDTH="142" HEIGHT="27" WC="0.92" CONTENT="manufaktur,"/><SP WIDTH="8" VPOS="252" HPOS="746"/>
							<String ID="string_14" HPOS="754" VPOS="252" WIDTH="62" HEIGHT="27" WC="0.96" CONTENT="bruk,"/>
						</TextLine>
						<TextLine ID="line_2" HPOS="261" VPOS="287" WIDTH="557" HEIGHT="28">
							<String ID="string_15" HPOS="261" VPOS="290" WIDTH="69" HEIGHT="22" WC="0.96" CONTENT="fabrik"/><SP WIDTH="23" VPOS="290" HPOS="330"/>
							<String ID="string_16" HPOS="353" VPOS="289" WIDTH="52" HEIGHT="22" WC="0.96" CONTENT="eller"/><SP WIDTH="15" VPOS="289" HPOS="405"/>
							<String ID="string_17" HPOS="420" VPOS="295" WIDTH="69" HEIGHT="15" WC="0.96" CONTENT="annan"/><SP WIDTH="16" VPOS="295" HPOS="489"/>
							<String ID="string_18" HPOS="505" VPOS="289" WIDTH="68" HEIGHT="21" WC="0.96" CONTENT="sådan"/><SP WIDTH="14" VPOS="289" HPOS="573"/>
							<String ID="string_19" HPOS="587" VPOS="288" WIDTH="87" HEIGHT="27" WC="0.93" CONTENT="rörelse,"/><SP WIDTH="16" VPOS="288" HPOS="674"/>
							<String ID="string_20" HPOS="690" VPOS="287" WIDTH="128" HEIGHT="27" WC="0.91" CONTENT="handtering"/>
						</TextLine>
						<TextLine ID="line_3" HPOS="263" VPOS="323" WIDTH="336" HEIGHT="28">
							<String ID="string_21" HPOS="263" VPOS="324" WIDTH="51" HEIGHT="22" WC="0.96" CONTENT="eller"/><SP WIDTH="14" VPOS="324" HPOS="314"/>
							<String ID="string_22" HPOS="328" VPOS="324" WIDTH="81" HEIGHT="27" WC="0.95" CONTENT="näring,"/><SP WIDTH="16" VPOS="324" HPOS="409"/>
							<String ID="string_23" HPOS="425" VPOS="323" WIDTH="33" HEIGHT="22" WC="0.96" CONTENT="för"/><SP WIDTH="14" VPOS="323" HPOS="458"/>
							<String ID="string_24" HPOS="472" VPOS="324" WIDTH="73" HEIGHT="27" WC="0.96" CONTENT="hvarje"/><SP WIDTH="16" VPOS="324" HPOS="545"/>
							<String ID="string_25" HPOS="561" VPOS="323" WIDTH="38" HEIGHT="21" WC="0.96" CONTENT="ark"/>
						</TextLine>
					</TextBlock>
					<TextBlock ID="block_2" HPOS="235" VPOS="334" WIDTH="585" HEIGHT="155">
						<TextLine ID="line_4" HPOS="235" VPOS="334" WIDTH="583" HEIGHT="55">
							<String ID="string_26" HPOS="235" VPOS="361" WIDTH="34" HEIGHT="20" WC="0.92" CONTENT="4:0"/><SP WIDTH="16" VPOS="361" HPOS="269"/>
							<String ID="string_27" HPOS="285" VPOS="358" WIDTH="42" HEIGHT="22" WC="0.96" CONTENT="alla"/><SP WIDTH="16" VPOS="358" HPOS="327"/>
							<String ID="string_28" HPOS="343" VPOS="358" WIDTH="68" HEIGHT="28" WC="0.96" CONTENT="öfriga"/><SP WIDTH="16" VPOS="358" HPOS="411"/>
							<String ID="string_29" HPOS="427" VPOS="358" WIDTH="90" HEIGHT="22" WC="0.96" CONTENT="emellan"/><SP WIDTH="16" VPOS="358" HPOS="517"/>
							<String ID="string_30" HPOS="533" VPOS="357" WIDTH="97" HEIGHT="22" WC="0.96" CONTENT="enskilda"/><SP WIDTH="7" VPOS="357" HPOS="630"/>
							<String ID="string_31" HPOS="637" VPOS="339" WIDTH="103" HEIGHT="50" WC="0.95" CONTENT="personer"/><SP WIDTH="2" VPOS="339" HPOS="740"/>
							<String ID="string_32" HPOS="742" VPOS="334" WIDTH="76" HEIGHT="55" WC="0.25" CONTENT="skrift-"/>
						</TextLine>
						<TextLine ID="line_5" HPOS="261" VPOS="390" WIDTH="559" HEIGHT="30">
							<String ID="string_33" HPOS="261" VPOS="393" WIDTH="58" HEIGHT="27" WC="0.91" CONTENT="ligen"/><SP WIDTH="15" VPOS="393" HPOS="319"/>
							<String ID="string_34" HPOS="334" VPOS="393" WIDTH="129" HEIGHT="27" WC="0.91" CONTENT="upprättade"/><SP WIDTH="19" VPOS="393" HPOS="463"/>
							<String ID="string_35" HPOS="482" VPOS="384" WIDTH="225" HEIGHT="30" WC="0.75" CONTENT="öfverenskommelser"/><SP WIDTH="15" VPOS="384" HPOS="707"/>
							<String ID="string_36" HPOS="722" VPOS="391" WIDTH="41" HEIGHT="22" WC="0.93" CONTENT="och"/><SP WIDTH="14" VPOS="391" HPOS="763"/>
							<String ID="string_37" HPOS="777" VPOS="390" WIDTH="43" HEIGHT="22" WC="0.92" CONTENT="för-"/>
						</TextLine>
						<TextLine ID="line_6" HPOS="262" VPOS="426" WIDTH="558" HEIGHT="28">
							<String ID="string_38" HPOS="262" VPOS="427" WIDTH="115" HEIGHT="27" WC="0.92" CONTENT="bindelser,"/><SP WIDTH="15" VPOS="427" HPOS="377"/>
							<String ID="string_39" HPOS="392" VPOS="427" WIDTH="72" HEIGHT="22" WC="0.90" CONTENT="hvilka"/><SP WIDTH="14" VPOS="427" HPOS="464"/>
							<String ID="string_40" HPOS="478" VPOS="427" WIDTH="48" HEIGHT="22" WC="0.92" CONTENT="icke"/><SP WIDTH="15" VPOS="427" HPOS="526"/>
							<String ID="string_41" HPOS="541" VPOS="427" WIDTH="72" HEIGHT="21" WC="0.96" CONTENT="kunna"/><SP WIDTH="14" VPOS="427" HPOS="613"/>
							<String ID="string_42" HPOS="627" VPOS="426" WIDTH="68" HEIGHT="22" WC="0.93" CONTENT="under"/><SP WIDTH="8" VPOS="426" HPOS="695"/>
							<String ID="string_43" HPOS="703" VPOS="426" WIDTH="117" HEIGHT="27" WC="0.92" CONTENT="ofvanupp-"/>
						</TextLine>
						<TextLine ID="line_7" HPOS="263" VPOS="461" WIDTH="487" HEIGHT="28">
							<String ID="string_44" HPOS="263" VPOS="464" WIDTH="66" HEIGHT="25" WC="0.92" CONTENT="tagna"/><SP WIDTH="14" VPOS="464" HPOS="329"/>
							<String ID="string_45" HPOS="343" VPOS="462" WIDTH="98" HEIGHT="22" WC="0.93" CONTENT="rubriker"/><SP WIDTH="14" VPOS="462" HPOS="441"/>
							<String ID="string_46" HPOS="455" VPOS="461" WIDTH="106" HEIGHT="27" WC="0.93" CONTENT="hänföras,"/><SP WIDTH="16" VPOS="461" HPOS="561"/>
							<String ID="string_47" HPOS="577" VPOS="461" WIDTH="33" HEIGHT="22" WC="0.93" CONTENT="för"/><SP WIDTH="13" VPOS="461" HPOS="610"/>
							<String ID="string_48" HPOS="623" VPOS="461" WIDTH="73" HEIGHT="27" WC="0.93" CONTENT="hvarje"/><SP WIDTH="15" VPOS="461" HPOS="696"/>
							<String ID="string_49" HPOS="711" VPOS="461" WIDTH="39" HEIGHT="21" WC="0.96" CONTENT="ark"/>
						</TextLine>
					</TextBlock>
					<TextBlock ID="block_3" HPOS="206" VPOS="494" WIDTH="617" HEIGHT="305">
						<TextLine ID="line_8" HPOS="206" VPOS="494" WIDTH="615" HEIGHT="29">
							<String ID="string_50" HPOS="206" VPOS="496" WIDTH="61" HEIGHT="27" WC="0.92" CONTENT="Köpe"/><SP WIDTH="15" VPOS="496" HPOS="267"/>
							<String ID="string_51" HPOS="282" VPOS="496" WIDTH="53" HEIGHT="22" WC="0.93" CONTENT="eller"/><SP WIDTH="14" VPOS="496" HPOS="335"/>
							<String ID="string_52" HPOS="349" VPOS="496" WIDTH="58" HEIGHT="22" WC="0.93" CONTENT="salu-"/><SP WIDTH="15" VPOS="496" HPOS="407"/>
							<String ID="string_53" HPOS="422" VPOS="498" WIDTH="56" HEIGHT="20" WC="0.93" CONTENT="samt"/><SP WIDTH="13" VPOS="498" HPOS="478"/>
							<String ID="string_54" HPOS="491" VPOS="496" WIDTH="73" HEIGHT="27" WC="0.84" CONTENT="gäfvo-"/><SP WIDTH="16" VPOS="496" HPOS="564"/>
							<String ID="string_55" HPOS="580" VPOS="496" WIDTH="40" HEIGHT="21" WC="0.93" CONTENT="och"/><SP WIDTH="15" VPOS="496" HPOS="620"/>
							<String ID="string_56" HPOS="635" VPOS="495" WIDTH="106" HEIGHT="28" WC="0.84" CONTENT="bytesbref"/><SP WIDTH="11" VPOS="495" HPOS="741"/>
							<String ID="string_57" HPOS="752" VPOS="495" WIDTH="13" HEIGHT="21" WC="0.90" CONTENT="å"/><SP WIDTH="14" VPOS="495" HPOS="765"/>
							<String ID="string_58" HPOS="779" VPOS="494" WIDTH="42" HEIGHT="22" WC="0.96" CONTENT="fast"/>
						</TextLine>
						<TextLine ID="line_9" HPOS="237" VPOS="530" WIDTH="583" HEIGHT="28">
							<String ID="string_59" HPOS="237" VPOS="530" WIDTH="106" HEIGHT="28" WC="0.96" CONTENT="egendom"/><SP WIDTH="22" VPOS="530" HPOS="343"/>
							<String ID="string_60" HPOS="365" VPOS="530" WIDTH="8" HEIGHT="22" WC="0.96" CONTENT="i"/><SP WIDTH="22" VPOS="530" HPOS="373"/>
							<String ID="string_61" HPOS="395" VPOS="531" WIDTH="49" HEIGHT="21" WC="0.96" CONTENT="stad"/><SP WIDTH="23" VPOS="531" HPOS="444"/>
							<String ID="string_62" HPOS="467" VPOS="530" WIDTH="52" HEIGHT="22" WC="0.96" CONTENT="eller"/><SP WIDTH="14" VPOS="530" HPOS="519"/>
							<String ID="string_63" HPOS="533" VPOS="530" WIDTH="29" HEIGHT="28" WC="0.96" CONTENT="pä"/><SP WIDTH="14" VPOS="530" HPOS="562"/>
							<String ID="string_64" HPOS="576" VPOS="530" WIDTH="79" HEIGHT="26" WC="0.96" CONTENT="landet,"/><SP WIDTH="15" VPOS="530" HPOS="655"/>
							<String ID="string_65" HPOS="670" VPOS="530" WIDTH="61" HEIGHT="26" WC="0.93" CONTENT="bruk,"/><SP WIDTH="16" VPOS="530" HPOS="731"/>
							<String ID="string_66" HPOS="747" VPOS="536" WIDTH="73" HEIGHT="15" WC="0.92" CONTENT="manu-"/>
						</TextLine>
						<TextLine ID="line_10" HPOS="235" VPOS="564" WIDTH="585" HEIGHT="27">
							<String ID="string_67" HPOS="235" VPOS="564" WIDTH="79" HEIGHT="25" WC="0.92" CONTENT="faktur,"/><SP WIDTH="15" VPOS="564" HPOS="314"/>
							<String ID="string_68" HPOS="329" VPOS="564" WIDTH="76" HEIGHT="27" WC="0.92" CONTENT="fabrik,"/><SP WIDTH="16" VPOS="564" HPOS="405"/>
							<String ID="string_69" HPOS="421" VPOS="565" WIDTH="50" HEIGHT="22" WC="0.95" CONTENT="med"/><SP WIDTH="14" VPOS="565" HPOS="471"/>
							<String ID="string_70" HPOS="485" VPOS="564" WIDTH="52" HEIGHT="22" WC="0.96" CONTENT="flera"/><SP WIDTH="13" VPOS="564" HPOS="537"/>
							<String ID="string_71" HPOS="550" VPOS="564" WIDTH="53" HEIGHT="22" WC="0.96" CONTENT="verk"/><SP WIDTH="15" VPOS="564" HPOS="603"/>
							<String ID="string_72" HPOS="618" VPOS="564" WIDTH="40" HEIGHT="22" WC="0.93" CONTENT="och"/><SP WIDTH="14" VPOS="564" HPOS="658"/>
							<String ID="string_73" HPOS="672" VPOS="564" WIDTH="148" HEIGHT="27" WC="0.92" CONTENT="inrättningar,"/>
						</TextLine>
						<TextLine ID="line_11" HPOS="235" VPOS="599" WIDTH="587" HEIGHT="27">
							<String ID="string_74" HPOS="235" VPOS="606" WIDTH="47" HEIGHT="15" WC="0.95" CONTENT="som"/><SP WIDTH="22" VPOS="606" HPOS="282"/>
							<String ID="string_75" HPOS="304" VPOS="599" WIDTH="131" HEIGHT="27" WC="0.93" CONTENT="fastigheten"/><SP WIDTH="19" VPOS="599" HPOS="435"/>
							<String ID="string_76" HPOS="454" VPOS="599" WIDTH="74" HEIGHT="27" WC="0.92" CONTENT="ätfölja"/><SP WIDTH="15" VPOS="599" HPOS="528"/>
							<String ID="string_77" HPOS="543" VPOS="601" WIDTH="56" HEIGHT="19" WC="0.96" CONTENT="samt"/><SP WIDTH="15" VPOS="601" HPOS="599"/>
							<String ID="string_78" HPOS="614" VPOS="599" WIDTH="67" HEIGHT="21" WC="0.93" CONTENT="under"/><SP WIDTH="13" VPOS="599" HPOS="681"/>
							<String ID="string_79" HPOS="694" VPOS="599" WIDTH="128" HEIGHT="27" WC="0.92" CONTENT="äganderätt"/>
						</TextLine>
						<TextLine ID="line_12" HPOS="235" VPOS="633" WIDTH="587" HEIGHT="28">
							<String ID="string_80" HPOS="235" VPOS="633" WIDTH="101" HEIGHT="28" WC="0.92" CONTENT="föryttras"/><SP WIDTH="23" VPOS="633" HPOS="336"/>
							<String ID="string_81" HPOS="359" VPOS="633" WIDTH="40" HEIGHT="22" WC="0.96" CONTENT="och"/><SP WIDTH="22" VPOS="633" HPOS="399"/>
							<String ID="string_82" HPOS="421" VPOS="634" WIDTH="36" HEIGHT="21" WC="0.96" CONTENT="vid"/><SP WIDTH="22" VPOS="634" HPOS="457"/>
							<String ID="string_83" HPOS="479" VPOS="634" WIDTH="92" HEIGHT="21" WC="0.93" CONTENT="domstol"/><SP WIDTH="21" VPOS="634" HPOS="571"/>
							<String ID="string_84" HPOS="592" VPOS="633" WIDTH="120" HEIGHT="27" WC="0.88" CONTENT="uppbjudas"/><SP WIDTH="23" VPOS="633" HPOS="712"/>
							<String ID="string_85" HPOS="735" VPOS="633" WIDTH="41" HEIGHT="22" WC="0.93" CONTENT="och"/><SP WIDTH="14" VPOS="633" HPOS="776"/>
							<String ID="string_86" HPOS="790" VPOS="634" WIDTH="32" HEIGHT="20" WC="0.92" CONTENT="in-"/>
						</TextLine>
						<TextLine ID="line_13" HPOS="236" VPOS="667" WIDTH="586" HEIGHT="29">
							<String ID="string_87" HPOS="236" VPOS="668" WIDTH="97" HEIGHT="26" WC="0.96" CONTENT="tecknas,"/><SP WIDTH="24" VPOS="668" HPOS="333"/>
							<String ID="string_88" HPOS="357" VPOS="667" WIDTH="108" HEIGHT="23" WC="0.91" CONTENT="äfvensom"/><SP WIDTH="22" VPOS="667" HPOS="465"/>
							<String ID="string_89" HPOS="487" VPOS="668" WIDTH="14" HEIGHT="21" WC="0.91" CONTENT="å"/><SP WIDTH="22" VPOS="668" HPOS="501"/>
							<String ID="string_90" HPOS="523" VPOS="668" WIDTH="66" HEIGHT="27" WC="0.96" CONTENT="skepp"/><SP WIDTH="16" VPOS="668" HPOS="589"/>
							<String ID="string_91" HPOS="605" VPOS="667" WIDTH="41" HEIGHT="22" WC="0.93" CONTENT="och"/><SP WIDTH="15" VPOS="667" HPOS="646"/>
							<String ID="string_92" HPOS="661" VPOS="667" WIDTH="76" HEIGHT="29" WC="0.95" CONTENT="fartyg,"/><SP WIDTH="15" VPOS="667" HPOS="737"/>
							<String ID="string_93" HPOS="752" VPOS="668" WIDTH="70" HEIGHT="22" WC="0.95" CONTENT="fabrik"/>
						</TextLine>
						<TextLine ID="line_14" HPOS="237" VPOS="702" WIDTH="585" HEIGHT="28">
							<String ID="string_94" HPOS="237" VPOS="702" WIDTH="40" HEIGHT="22" WC="0.96" CONTENT="och"/><SP WIDTH="14" VPOS="702" HPOS="277"/>
							<String ID="string_95" HPOS="291" VPOS="708" WIDTH="71" HEIGHT="16" WC="0.96" CONTENT="annan"/><SP WIDTH="14" VPOS="708" HPOS="362"/>
							<String ID="string_96" HPOS="376" VPOS="702" WIDTH="124" HEIGHT="27" WC="0.95" CONTENT="inrättning,"/><SP WIDTH="15" VPOS="702" HPOS="500"/>
							<String ID="string_97" HPOS="515" VPOS="708" WIDTH="46" HEIGHT="16" WC="0.96" CONTENT="som"/><SP WIDTH="15" VPOS="708" HPOS="561"/>
							<String ID="string_98" HPOS="576" VPOS="702" WIDTH="19" HEIGHT="28" WC="0.96" CONTENT="ej"/><SP WIDTH="16" VPOS="702" HPOS="595"/>
							<String ID="string_99" HPOS="611" VPOS="702" WIDTH="24" HEIGHT="21" WC="0.96" CONTENT="af"/><SP WIDTH="11" VPOS="702" HPOS="635"/>
							<String ID="string_100" HPOS="646" VPOS="702" WIDTH="104" HEIGHT="28" WC="0.93" CONTENT="fastighet"/><SP WIDTH="10" VPOS="702" HPOS="750"/>
							<String ID="string_101" HPOS="760" VPOS="703" WIDTH="62" HEIGHT="21" WC="0.91" CONTENT="åtföl-"/>
						</TextLine>
						<TextLine ID="line_15" HPOS="234" VPOS="736" WIDTH="589" HEIGHT="28">
							<String ID="string_102" HPOS="234" VPOS="737" WIDTH="41" HEIGHT="27" WC="0.92" CONTENT="jes,"/><SP WIDTH="16" VPOS="737" HPOS="275"/>
							<String ID="string_103" HPOS="291" VPOS="736" WIDTH="68" HEIGHT="23" WC="0.96" CONTENT="förses"/><SP WIDTH="16" VPOS="736" HPOS="359"/>
							<String ID="string_104" HPOS="375" VPOS="737" WIDTH="49" HEIGHT="21" WC="0.93" CONTENT="med"/><SP WIDTH="15" VPOS="737" HPOS="424"/>
							<String ID="string_105" HPOS="439" VPOS="737" WIDTH="173" HEIGHT="27" WC="0.92" CONTENT="stämpelpapper"/><SP WIDTH="14" VPOS="737" HPOS="612"/>
							<String ID="string_106" HPOS="626" VPOS="736" WIDTH="7" HEIGHT="22" WC="0.96" CONTENT="i"/><SP WIDTH="15" VPOS="736" HPOS="633"/>
							<String ID="string_107" HPOS="648" VPOS="736" WIDTH="133" HEIGHT="24" WC="0.96" CONTENT="förhållande"/><SP WIDTH="9" VPOS="736" HPOS="781"/>
							<String ID="string_108" HPOS="790" VPOS="738" WIDTH="33" HEIGHT="21" WC="0.96" CONTENT="till"/>
						</TextLine>
						<TextLine ID="line_16" HPOS="238" VPOS="772" WIDTH="338" HEIGHT="27">
							<String ID="string_109" HPOS="238" VPOS="772" WIDTH="143" HEIGHT="27" WC="0.91" CONTENT="egendomens"/><SP WIDTH="15" VPOS="772" HPOS="381"/>
							<String ID="string_110" HPOS="396" VPOS="772" WIDTH="65" HEIGHT="22" WC="0.96" CONTENT="värde"/><SP WIDTH="16" VPOS="772" HPOS="461"/>
							<String ID="string_111" HPOS="477" VPOS="772" WIDTH="99" HEIGHT="22" WC="0.96" CONTENT="sålunda:"/>
						</TextLine>
					</TextBlock>
					<TextBlock ID="block_4" HPOS="215" VPOS="806" WIDTH="613" HEIGHT="475">
						<TextLine ID="line_17" HPOS="266" VPOS="806" WIDTH="556" HEIGHT="28">
							<String ID="string_112" HPOS="266" VPOS="806" WIDTH="33" HEIGHT="22" WC="0.96" CONTENT="till"/><SP WIDTH="15" VPOS="806" HPOS="299"/>
							<String ID="string_113" HPOS="314" VPOS="806" WIDTH="41" HEIGHT="22" WC="0.96" CONTENT="och"/><SP WIDTH="14" VPOS="806" HPOS="355"/>
							<String ID="string_114" HPOS="369" VPOS="806" WIDTH="50" HEIGHT="22" WC="0.96" CONTENT="med"/><SP WIDTH="16" VPOS="806" HPOS="419"/>
							<String ID="string_115" HPOS="435" VPOS="808" WIDTH="40" HEIGHT="20" WC="0.96" CONTENT="100"/><SP WIDTH="16" VPOS="808" HPOS="475"/>
							<String ID="string_116" HPOS="491" VPOS="806" WIDTH="48" HEIGHT="28" WC="0.1" CONTENT="Sy"/><SP WIDTH="65" VPOS="806" HPOS="539"/>
							<String ID="string_117" HPOS="604" VPOS="824" WIDTH="5" HEIGHT="4" WC="0.51" CONTENT="4"/><SP WIDTH="209" VPOS="824" HPOS="609"/>
							<String ID="string_118" HPOS="818" VPOS="824" WIDTH="4" HEIGHT="4" WC="0.35" CONTENT="s"/>
						</TextLine>
						<TextLine ID="line_18" HPOS="267" VPOS="819" WIDTH="556" HEIGHT="55">
							<String ID="string_119" HPOS="267" VPOS="842" WIDTH="56" HEIGHT="21" WC="0.93" CONTENT="samt"/><SP WIDTH="16" VPOS="842" HPOS="323"/>
							<String ID="string_120" HPOS="339" VPOS="840" WIDTH="122" HEIGHT="23" WC="0.93" CONTENT="derutöfver"/><SP WIDTH="14" VPOS="840" HPOS="461"/>
							<String ID="string_121" HPOS="475" VPOS="840" WIDTH="34" HEIGHT="23" WC="0.93" CONTENT="för"/><SP WIDTH="14" VPOS="840" HPOS="509"/>
							<String ID="string_122" HPOS="523" VPOS="841" WIDTH="73" HEIGHT="28" WC="0.92" CONTENT="hvarje"/><SP WIDTH="11" VPOS="841" HPOS="596"/>
							<String ID="string_123" HPOS="607" VPOS="819" WIDTH="56" HEIGHT="55" WC="0.89" CONTENT="fulla"/><SP WIDTH="11" VPOS="819" HPOS="663"/>
							<String ID="string_124" HPOS="674" VPOS="823" WIDTH="46" HEIGHT="41" WC="0.96" CONTENT="100"/><SP WIDTH="13" VPOS="823" HPOS="720"/>
							<String ID="string_125" HPOS="733" VPOS="824" WIDTH="61" HEIGHT="40" WC="0.95" CONTENT="mark"/><SP WIDTH="24" VPOS="824" HPOS="794"/>
							<String ID="string_126" HPOS="818" VPOS="858" WIDTH="5" HEIGHT="5" WC="0.48" CONTENT="s"/>
						</TextLine>
						<TextLine ID="line_19" HPOS="267" VPOS="875" WIDTH="558" HEIGHT="28">
							<String ID="string_127" HPOS="267" VPOS="876" WIDTH="35" HEIGHT="21" WC="0.96" CONTENT="Då"/><SP WIDTH="23" VPOS="876" HPOS="302"/>
							<String ID="string_128" HPOS="325" VPOS="876" WIDTH="104" HEIGHT="27" WC="0.95" CONTENT="egendom"/><SP WIDTH="22" VPOS="876" HPOS="429"/>
							<String ID="string_129" HPOS="451" VPOS="875" WIDTH="23" HEIGHT="22" WC="0.95" CONTENT="af"/><SP WIDTH="21" VPOS="875" HPOS="474"/>
							<String ID="string_130" HPOS="495" VPOS="876" WIDTH="41" HEIGHT="22" WC="0.96" CONTENT="den"/><SP WIDTH="19" VPOS="876" HPOS="536"/>
							<String ID="string_131" HPOS="555" VPOS="875" WIDTH="153" HEIGHT="28" WC="0.95" CONTENT="beskaffenhet,"/><SP WIDTH="17" VPOS="875" HPOS="708"/>
							<String ID="string_132" HPOS="725" VPOS="883" WIDTH="46" HEIGHT="16" WC="0.96" CONTENT="som"/><SP WIDTH="14" VPOS="883" HPOS="771"/>
							<String ID="string_133" HPOS="785" VPOS="877" WIDTH="40" HEIGHT="22" WC="0.96" CONTENT="här"/>
						</TextLine>
						<TextLine ID="line_20" HPOS="238" VPOS="909" WIDTH="586" HEIGHT="29">
							<String ID="string_134" HPOS="238" VPOS="910" WIDTH="69" HEIGHT="21" WC="0.96" CONTENT="finnes"/><SP WIDTH="24" VPOS="910" HPOS="307"/>
							<String ID="string_135" HPOS="331" VPOS="911" WIDTH="119" HEIGHT="26" WC="0.96" CONTENT="omnämnd,"/><SP WIDTH="23" VPOS="911" HPOS="450"/>
							<String ID="string_136" HPOS="473" VPOS="909" WIDTH="96" HEIGHT="29" WC="0.96" CONTENT="frivilligt"/><SP WIDTH="21" VPOS="909" HPOS="569"/>
							<String ID="string_137" HPOS="590" VPOS="911" WIDTH="52" HEIGHT="21" WC="0.93" CONTENT="eller"/><SP WIDTH="15" VPOS="911" HPOS="642"/>
							<String ID="string_138" HPOS="657" VPOS="911" WIDTH="109" HEIGHT="22" WC="0.92" CONTENT="exekutivt"/><SP WIDTH="14" VPOS="911" HPOS="766"/>
							<String ID="string_139" HPOS="780" VPOS="918" WIDTH="44" HEIGHT="15" WC="0.91" CONTENT="me-"/>
						</TextLine>
						<TextLine ID="line_21" HPOS="240" VPOS="944" WIDTH="586" HEIGHT="29">
							<String ID="string_140" HPOS="240" VPOS="945" WIDTH="56" HEIGHT="22" WC="0.90" CONTENT="delst"/><SP WIDTH="23" VPOS="945" HPOS="296"/>
							<String ID="string_141" HPOS="319" VPOS="944" WIDTH="88" HEIGHT="22" WC="0.92" CONTENT="auktion"/><SP WIDTH="16" VPOS="944" HPOS="407"/>
							<String ID="string_142" HPOS="423" VPOS="944" WIDTH="105" HEIGHT="28" WC="0.91" CONTENT="försäljes,"/><SP WIDTH="16" VPOS="944" HPOS="528"/>
							<String ID="string_143" HPOS="544" VPOS="951" WIDTH="51" HEIGHT="16" WC="0.96" CONTENT="vare"/><SP WIDTH="16" VPOS="951" HPOS="595"/>
							<String ID="string_144" HPOS="611" VPOS="945" WIDTH="33" HEIGHT="27" WC="0.95" CONTENT="sig"/><SP WIDTH="15" VPOS="945" HPOS="644"/>
							<String ID="string_145" HPOS="659" VPOS="951" WIDTH="77" HEIGHT="22" WC="0.92" CONTENT="genom"/><SP WIDTH="15" VPOS="951" HPOS="736"/>
							<String ID="string_146" HPOS="751" VPOS="945" WIDTH="75" HEIGHT="23" WC="0.91" CONTENT="offent-"/>
						</TextLine>
						<TextLine ID="line_22" HPOS="239" VPOS="979" WIDTH="587" HEIGHT="28">
							<String ID="string_147" HPOS="239" VPOS="979" WIDTH="30" HEIGHT="27" WC="0.96" CONTENT="lig"/><SP WIDTH="24" VPOS="979" HPOS="269"/>
							<String ID="string_148" HPOS="293" VPOS="979" WIDTH="124" HEIGHT="28" WC="0.96" CONTENT="myndighet"/><SP WIDTH="22" VPOS="979" HPOS="417"/>
							<String ID="string_149" HPOS="439" VPOS="979" WIDTH="51" HEIGHT="22" WC="0.95" CONTENT="eller"/><SP WIDTH="15" VPOS="979" HPOS="490"/>
							<String ID="string_150" HPOS="505" VPOS="979" WIDTH="7" HEIGHT="21" WC="0.96" CONTENT="i"/><SP WIDTH="15" VPOS="979" HPOS="512"/>
							<String ID="string_151" HPOS="527" VPOS="979" WIDTH="84" HEIGHT="22" WC="0.96" CONTENT="enskild"/><SP WIDTH="13" VPOS="979" HPOS="611"/>
							<String ID="string_152" HPOS="624" VPOS="982" WIDTH="46" HEIGHT="25" WC="0.96" CONTENT="väg,"/><SP WIDTH="17" VPOS="982" HPOS="670"/>
							<String ID="string_153" HPOS="687" VPOS="980" WIDTH="55" HEIGHT="21" WC="0.93" CONTENT="skall"/><SP WIDTH="15" VPOS="980" HPOS="742"/>
							<String ID="string_154" HPOS="757" VPOS="981" WIDTH="69" HEIGHT="21" WC="0.91" CONTENT="antin-"/>
						</TextLine>
						<TextLine ID="line_23" HPOS="240" VPOS="1014" WIDTH="586" HEIGHT="29">
							<String ID="string_155" HPOS="240" VPOS="1021" WIDTH="42" HEIGHT="20" WC="0.93" CONTENT="gen"/><SP WIDTH="15" VPOS="1021" HPOS="282"/>
							<String ID="string_156" HPOS="297" VPOS="1014" WIDTH="96" HEIGHT="22" WC="0.92" CONTENT="salubref"/><SP WIDTH="13" VPOS="1014" HPOS="393"/>
							<String ID="string_157" HPOS="406" VPOS="1014" WIDTH="52" HEIGHT="22" WC="0.93" CONTENT="eller"/><SP WIDTH="13" VPOS="1014" HPOS="458"/>
							<String ID="string_158" HPOS="471" VPOS="1015" WIDTH="202" HEIGHT="27" WC="0.92" CONTENT="protokollsutdrag,"/><SP WIDTH="9" VPOS="1015" HPOS="673"/>
							<String ID="string_159" HPOS="682" VPOS="1015" WIDTH="89" HEIGHT="28" WC="0.92" CONTENT="belagdt"/><SP WIDTH="7" VPOS="1015" HPOS="771"/>
							<String ID="string_160" HPOS="778" VPOS="1016" WIDTH="48" HEIGHT="21" WC="0.96" CONTENT="med"/>
						</TextLine>
						<TextLine ID="line_24" HPOS="240" VPOS="1048" WIDTH="587" HEIGHT="30">
							<String ID="string_161" HPOS="240" VPOS="1049" WIDTH="63" HEIGHT="21" WC="0.96" CONTENT="karta"/><SP WIDTH="20" VPOS="1049" HPOS="303"/>
							<String ID="string_162" HPOS="323" VPOS="1049" WIDTH="33" HEIGHT="21" WC="0.96" CONTENT="till"/><SP WIDTH="23" VPOS="1049" HPOS="356"/>
							<String ID="string_163" HPOS="379" VPOS="1048" WIDTH="62" HEIGHT="23" WC="0.93" CONTENT="ofvan"/><SP WIDTH="25" VPOS="1048" HPOS="441"/>
							<String ID="string_164" HPOS="466" VPOS="1049" WIDTH="103" HEIGHT="27" WC="0.91" CONTENT="stadgadt"/><SP WIDTH="15" VPOS="1049" HPOS="569"/>
							<String ID="string_165" HPOS="584" VPOS="1049" WIDTH="85" HEIGHT="28" WC="0.95" CONTENT="belopp,"/><SP WIDTH="16" VPOS="1049" HPOS="669"/>
							<String ID="string_166" HPOS="685" VPOS="1050" WIDTH="32" HEIGHT="21" WC="0.96" CONTENT="till"/><SP WIDTH="15" VPOS="1050" HPOS="717"/>
							<String ID="string_167" HPOS="732" VPOS="1050" WIDTH="95" HEIGHT="28" WC="0.96" CONTENT="köparen"/>
						</TextLine>
						<TextLine ID="line_25" HPOS="241" VPOS="1083" WIDTH="586" HEIGHT="28">
							<String ID="string_168" HPOS="241" VPOS="1083" WIDTH="104" HEIGHT="22" WC="0.95" CONTENT="utfärdas."/><SP WIDTH="30" VPOS="1083" HPOS="345"/>
							<String ID="string_169" HPOS="375" VPOS="1083" WIDTH="83" HEIGHT="22" WC="0.93" CONTENT="Kartan"/><SP WIDTH="19" VPOS="1083" HPOS="458"/>
							<String ID="string_170" HPOS="477" VPOS="1084" WIDTH="71" HEIGHT="21" WC="0.91" CONTENT="dertill"/><SP WIDTH="14" VPOS="1084" HPOS="548"/>
							<String ID="string_171" HPOS="562" VPOS="1084" WIDTH="65" HEIGHT="27" WC="0.96" CONTENT="utgår"/><SP WIDTH="14" VPOS="1084" HPOS="627"/>
							<String ID="string_172" HPOS="641" VPOS="1084" WIDTH="23" HEIGHT="22" WC="0.93" CONTENT="af"/><SP WIDTH="12" VPOS="1084" HPOS="664"/>
							<String ID="string_173" HPOS="676" VPOS="1085" WIDTH="151" HEIGHT="22" WC="0.91" CONTENT="auktionsskil-"/>
						</TextLine>
						<TextLine ID="line_26" HPOS="240" VPOS="1118" WIDTH="586" HEIGHT="28">
							<String ID="string_174" HPOS="240" VPOS="1118" WIDTH="79" HEIGHT="27" WC="0.96" CONTENT="lingen,"/><SP WIDTH="17" VPOS="1118" HPOS="319"/>
							<String ID="string_175" HPOS="336" VPOS="1118" WIDTH="25" HEIGHT="21" WC="0.96" CONTENT="så"/><SP WIDTH="14" VPOS="1118" HPOS="361"/>
							<String ID="string_176" HPOS="375" VPOS="1118" WIDTH="46" HEIGHT="21" WC="0.96" CONTENT="vidt"/><SP WIDTH="16" VPOS="1118" HPOS="421"/>
							<String ID="string_177" HPOS="437" VPOS="1118" WIDTH="132" HEIGHT="22" WC="0.96" CONTENT="annorlunda"/><SP WIDTH="15" VPOS="1118" HPOS="569"/>
							<String ID="string_178" HPOS="584" VPOS="1119" WIDTH="18" HEIGHT="27" WC="0.96" CONTENT="ej"/><SP WIDTH="16" VPOS="1119" HPOS="602"/>
							<String ID="string_179" HPOS="618" VPOS="1118" WIDTH="69" HEIGHT="23" WC="0.96" CONTENT="blifvit"/><SP WIDTH="6" VPOS="1118" HPOS="687"/>
							<String ID="string_180" HPOS="693" VPOS="1119" WIDTH="133" HEIGHT="23" WC="0.95" CONTENT="förbehållet."/>
						</TextLine>
						<TextLine ID="line_27" HPOS="269" VPOS="1153" WIDTH="559" HEIGHT="28">
							<String ID="string_181" HPOS="269" VPOS="1153" WIDTH="68" HEIGHT="21" WC="0.96" CONTENT="Innan"/><SP WIDTH="22" VPOS="1153" HPOS="337"/>
							<String ID="string_182" HPOS="359" VPOS="1153" WIDTH="91" HEIGHT="22" WC="0.93" CONTENT="sålunda"/><SP WIDTH="21" VPOS="1153" HPOS="450"/>
							<String ID="string_183" HPOS="471" VPOS="1153" WIDTH="110" HEIGHT="22" WC="0.92" CONTENT="karteradt"/><SP WIDTH="22" VPOS="1153" HPOS="581"/>
							<String ID="string_184" HPOS="603" VPOS="1153" WIDTH="97" HEIGHT="22" WC="0.92" CONTENT="salubref"/><SP WIDTH="13" VPOS="1153" HPOS="700"/>
							<String ID="string_185" HPOS="713" VPOS="1154" WIDTH="51" HEIGHT="22" WC="0.93" CONTENT="eller"/><SP WIDTH="14" VPOS="1154" HPOS="764"/>
							<String ID="string_186" HPOS="778" VPOS="1161" WIDTH="50" HEIGHT="20" WC="0.91" CONTENT="pro-"/>
						</TextLine>
						<TextLine ID="line_28" HPOS="242" VPOS="1187" WIDTH="586" HEIGHT="29">
							<String ID="string_187" HPOS="242" VPOS="1187" WIDTH="159" HEIGHT="27" WC="0.92" CONTENT="tokollsutdrag"/><SP WIDTH="21" VPOS="1187" HPOS="401"/>
							<String ID="string_188" HPOS="422" VPOS="1187" WIDTH="107" HEIGHT="28" WC="0.92" CONTENT="uppvisas,"/><SP WIDTH="20" VPOS="1187" HPOS="529"/>
							<String ID="string_189" HPOS="549" VPOS="1187" WIDTH="34" HEIGHT="22" WC="0.96" CONTENT="får"/><SP WIDTH="13" VPOS="1187" HPOS="583"/>
							<String ID="string_190" HPOS="596" VPOS="1187" WIDTH="78" HEIGHT="28" WC="0.91" CONTENT="lagfart"/><SP WIDTH="16" VPOS="1187" HPOS="674"/>
							<String ID="string_191" HPOS="690" VPOS="1188" WIDTH="12" HEIGHT="21" WC="0.91" CONTENT="å"/><SP WIDTH="14" VPOS="1188" HPOS="702"/>
							<String ID="string_192" HPOS="716" VPOS="1188" WIDTH="44" HEIGHT="22" WC="0.96" CONTENT="fast"/><SP WIDTH="15" VPOS="1188" HPOS="760"/>
							<String ID="string_193" HPOS="775" VPOS="1190" WIDTH="53" HEIGHT="26" WC="0.96" CONTENT="gods"/>
						</TextLine>
						<TextLine ID="line_29" HPOS="243" VPOS="1221" WIDTH="533" HEIGHT="29">
							<String ID="string_194" HPOS="243" VPOS="1227" WIDTH="46" HEIGHT="15" WC="0.93" CONTENT="som"/><SP WIDTH="16" VPOS="1227" HPOS="289"/>
							<String ID="string_195" HPOS="305" VPOS="1221" WIDTH="132" HEIGHT="22" WC="0.89" CONTENT="auktionsvis"/><SP WIDTH="15" VPOS="1221" HPOS="437"/>
							<String ID="string_196" HPOS="452" VPOS="1221" WIDTH="69" HEIGHT="22" WC="0.93" CONTENT="blifvit"/><SP WIDTH="12" VPOS="1221" HPOS="521"/>
							<String ID="string_197" HPOS="533" VPOS="1221" WIDTH="97" HEIGHT="28" WC="0.91" CONTENT="försåldt,"/><SP WIDTH="17" VPOS="1221" HPOS="630"/>
							<String ID="string_198" HPOS="647" VPOS="1223" WIDTH="17" HEIGHT="27" WC="0.96" CONTENT="ej"/><SP WIDTH="17" VPOS="1223" HPOS="664"/>
							<String ID="string_199" HPOS="681" VPOS="1223" WIDTH="95" HEIGHT="27" WC="0.96" CONTENT="beviljas."/>
						</TextLine>
						<TextLine ID="line_30" HPOS="215" VPOS="1254" WIDTH="265" HEIGHT="27">
							<String ID="string_200" HPOS="215" VPOS="1254" WIDTH="99" HEIGHT="27" WC="0.92" CONTENT="Lottbref,"/><SP WIDTH="17" VPOS="1254" HPOS="314"/>
							<String ID="string_201" HPOS="331" VPOS="1260" WIDTH="24" HEIGHT="16" WC="0.93" CONTENT="se"/><SP WIDTH="15" VPOS="1260" HPOS="355"/>
							<String ID="string_202" HPOS="370" VPOS="1254" WIDTH="110" HEIGHT="22" WC="0.88" CONTENT="aktiebref."/>
						</TextLine>
					</TextBlock>
				</ComposedBlock>
				<ComposedBlock ID="cblock_3" HPOS="215" VPOS="1288" WIDTH="624" HEIGHT="29">
					<TextBlock ID="block_5" HPOS="215" VPOS="1288" WIDTH="624" HEIGHT="29">
						<TextLine ID="line_31" HPOS="215" VPOS="1288" WIDTH="624" HEIGHT="29">
							<String ID="string_203" HPOS="215" VPOS="1288" WIDTH="206" HEIGHT="27" WC="0.92" CONTENT="Morgongåfvobref,"/><SP WIDTH="18" VPOS="1288" HPOS="421"/>
							<String ID="string_204" HPOS="439" VPOS="1289" WIDTH="28" HEIGHT="21" WC="0.95" CONTENT="dä"/><SP WIDTH="13" VPOS="1289" HPOS="467"/>
							<String ID="string_205" HPOS="480" VPOS="1289" WIDTH="43" HEIGHT="21" WC="0.96" CONTENT="viss"/><SP WIDTH="16" VPOS="1289" HPOS="523"/>
							<String ID="string_206" HPOS="539" VPOS="1295" WIDTH="82" HEIGHT="16" WC="0.96" CONTENT="summa"/><SP WIDTH="14" VPOS="1295" HPOS="621"/>
							<String ID="string_207" HPOS="635" VPOS="1290" WIDTH="8" HEIGHT="21" WC="0.96" CONTENT="i"/><SP WIDTH="13" VPOS="1290" HPOS="643"/>
							<String ID="string_208" HPOS="656" VPOS="1291" WIDTH="118" HEIGHT="26" WC="0.93" CONTENT="penningar"/><SP WIDTH="8" VPOS="1291" HPOS="774"/>
							<String ID="string_209" HPOS="782" VPOS="1291" WIDTH="57" HEIGHT="21" WC="0.92" CONTENT="der-"/><SP WIDTH="-6" VPOS="1291" HPOS="839"/>
							<String ID="string_210" HPOS="833" VPOS="1284" WIDTH="11" HEIGHT="37" WC="0.95" CONTENT="|"/>
						</TextLine>
					</TextBlock>
				</ComposedBlock>
				<ComposedBlock ID="cblock_4" HPOS="217" VPOS="1322" WIDTH="613" HEIGHT="134">
					<TextBlock ID="block_6" HPOS="243" VPOS="1322" WIDTH="587" HEIGHT="60">
						<TextLine ID="line_32" HPOS="243" VPOS="1322" WIDTH="587" HEIGHT="60">
							<String ID="string_211" HPOS="243" VPOS="1323" WIDTH="33" HEIGHT="22" WC="0.92" CONTENT="uti"/><SP WIDTH="21" VPOS="1323" HPOS="276"/>
							<String ID="string_212" HPOS="297" VPOS="1322" WIDTH="98" HEIGHT="28" WC="0.91" CONTENT="utfästes,"/><SP WIDTH="22" VPOS="1322" HPOS="395"/>
							<String ID="string_213" HPOS="417" VPOS="1323" WIDTH="97" HEIGHT="22" WC="0.93" CONTENT="karteras"/><SP WIDTH="14" VPOS="1323" HPOS="514"/>
							<String ID="string_214" HPOS="528" VPOS="1324" WIDTH="44" HEIGHT="22" WC="0.96" CONTENT="lika"/><SP WIDTH="14" VPOS="1324" HPOS="572"/>
							<String ID="string_215" HPOS="586" VPOS="1324" WIDTH="49" HEIGHT="22" WC="0.96" CONTENT="med"/><SP WIDTH="15" VPOS="1324" HPOS="635"/>
							<String ID="string_216" HPOS="650" VPOS="1324" WIDTH="115" HEIGHT="58" WC="0.47" CONTENT="="/><SP WIDTH="16" VPOS="1324" HPOS="765"/>
							<String ID="string_217" HPOS="781" VPOS="1332" WIDTH="49" HEIGHT="16" WC="0.96" CONTENT="men"/>
						</TextLine>
						<TextLine ID="line_33" HPOS="244" VPOS="1357" WIDTH="159" HEIGHT="24">
							<String ID="string_218" HPOS="244" VPOS="1358" WIDTH="7" HEIGHT="21" WC="0.96" CONTENT="i"/><SP WIDTH="15" VPOS="1358" HPOS="251"/>
							<String ID="string_219" HPOS="266" VPOS="1359" WIDTH="66" HEIGHT="21" WC="0.96" CONTENT="annat"/><SP WIDTH="13" VPOS="1359" HPOS="332"/>
							<String ID="string_220" HPOS="345" VPOS="1357" WIDTH="58" HEIGHT="24" WC="0.88" CONTENT="fall"/><SP WIDTH="-10" VPOS="1357" HPOS="403"/>
							<String ID="string_221" HPOS="393" VPOS="1353" WIDTH="14" HEIGHT="36" WC="0.91" CONTENT="."/>
						</TextLine>
					</TextBlock>
					<TextBlock ID="block_7" HPOS="217" VPOS="1377" WIDTH="469" HEIGHT="45">
						<TextLine ID="line_34" HPOS="217" VPOS="1377" WIDTH="469" HEIGHT="45">
							<String ID="string_222" HPOS="217" VPOS="1393" WIDTH="106" HEIGHT="28" WC="0.91" CONTENT="Pantbref"/><SP WIDTH="11" VPOS="1393" HPOS="323"/>
							<String ID="string_223" HPOS="334" VPOS="1393" WIDTH="97" HEIGHT="22" WC="0.93" CONTENT="karteras"/><SP WIDTH="17" VPOS="1393" HPOS="431"/>
							<String ID="string_224" HPOS="448" VPOS="1394" WIDTH="43" HEIGHT="22" WC="0.96" CONTENT="lika"/><SP WIDTH="15" VPOS="1394" HPOS="491"/>
							<String ID="string_225" HPOS="506" VPOS="1377" WIDTH="49" HEIGHT="40" WC="0.93" CONTENT="med"/><SP WIDTH="14" VPOS="1377" HPOS="555"/>
							<String ID="string_226" HPOS="569" VPOS="1377" WIDTH="117" HEIGHT="45" WC="0.55" CONTENT="köpebref."/>
						</TextLine>
					</TextBlock>
					<TextBlock ID="block_8" HPOS="217" VPOS="1427" WIDTH="278" HEIGHT="29">
						<TextLine ID="line_35" HPOS="217" VPOS="1427" WIDTH="278" HEIGHT="29">
							<String ID="string_227" HPOS="217" VPOS="1427" WIDTH="83" HEIGHT="28" WC="0.90" CONTENT="Revers,"/><SP WIDTH="17" VPOS="1427" HPOS="300"/>
							<String ID="string_228" HPOS="317" VPOS="1435" WIDTH="24" HEIGHT="15" WC="0.93" CONTENT="se"/><SP WIDTH="13" VPOS="1435" HPOS="341"/>
							<String ID="string_229" HPOS="354" VPOS="1428" WIDTH="141" HEIGHT="28" WC="0.87" CONTENT="förskrifning."/>
						</TextLine>
					</TextBlock>
				</ComposedBlock>
				<ComposedBlock ID="cblock_5" HPOS="268" VPOS="1471" WIDTH="416" HEIGHT="24">
					<TextBlock ID="block_9" HPOS="268" VPOS="1471" WIDTH="416" HEIGHT="24">
						<TextLine ID="line_36" HPOS="268" VPOS="1471" WIDTH="416" HEIGHT="24">
							<String ID="string_230" HPOS="268" VPOS="1471" WIDTH="205" HEIGHT="24" WC="0.91" CONTENT="Bevillningsutskottets"/><SP WIDTH="15" VPOS="1471" HPOS="473"/>
							<String ID="string_231" HPOS="488" VPOS="1473" WIDTH="113" HEIGHT="19" WC="0.96" CONTENT="betänkande"/><SP WIDTH="14" VPOS="1473" HPOS="601"/>
							<String ID="string_232" HPOS="615" VPOS="1473" WIDTH="38" HEIGHT="20" WC="0.95" CONTENT="N:o"/><SP WIDTH="15" VPOS="1473" HPOS="653"/>
							<String ID="string_233" HPOS="668" VPOS="1472" WIDTH="16" HEIGHT="20" WC="0.92" CONTENT="1."/>
						</TextLine>
					</TextBlock>
				</ComposedBlock>
				<GraphicalElement ID="cblock_6" HPOS="825" VPOS="194" WIDTH="18" HEIGHT="1269"></GraphicalElement >
				<GraphicalElement ID="cblock_7" HPOS="183" VPOS="187" WIDTH="754" HEIGHT="10"></GraphicalElement >
				<ComposedBlock ID="cblock_8" HPOS="866" VPOS="804" WIDTH="72" HEIGHT="55">
					<TextBlock ID="block_10" HPOS="866" VPOS="804" WIDTH="72" HEIGHT="55">
						<TextLine ID="line_37" HPOS="866" VPOS="804" WIDTH="72" HEIGHT="20">
							<String ID="string_234" HPOS="866" VPOS="812" WIDTH="21" HEIGHT="4" WC="0.91" CONTENT="—"/><SP WIDTH="14" VPOS="812" HPOS="887"/>
							<String ID="string_235" HPOS="901" VPOS="800" WIDTH="37" HEIGHT="35" WC="0.93" CONTENT="150"/>
						</TextLine>
						<TextLine ID="line_38" HPOS="869" VPOS="838" WIDTH="69" HEIGHT="21">
							<String ID="string_236" HPOS="869" VPOS="847" WIDTH="17" HEIGHT="4" WC="0.92" CONTENT="—"/><SP WIDTH="15" VPOS="847" HPOS="886"/>
							<String ID="string_237" HPOS="901" VPOS="838" WIDTH="37" HEIGHT="21" WC="0.90" CONTENT="150"/>
						</TextLine>
					</TextBlock>
				</ComposedBlock>
				<GraphicalElement ID="cblock_9" HPOS="901" VPOS="262" WIDTH="16" HEIGHT="1201"></GraphicalElement >
				<GraphicalElement ID="cblock_10" HPOS="935" VPOS="193" WIDTH="17" HEIGHT="1262"></GraphicalElement >
			</PrintSpace>
		</Page>
	</Layout>
</alto>
