<?xml version="1.0" encoding="UTF-8"?>
<alto xmlns="http://www.loc.gov/standards/alto/ns-v3#" xmlns:xlink="http://www.w3.org/1999/xlink" xmlns:xsi="http://www.w3.org/2001/XMLSchema-instance" xsi:schemaLocation="http://www.loc.gov/standards/alto/ns-v3# http://www.loc.gov/alto/v3/alto-3-0.xsd">
	<Description>
		<MeasurementUnit>pixel</MeasurementUnit>
		<sourceImageInformation>
			<fileName>/tmp/tess_j9u6e8tm_input.PNG</fileName>
		</sourceImageInformation>
		<OCRProcessing ID="OCR_0">
			<ocrProcessingStep>
				<processingSoftware>
					<softwareName>tesseract 5.3.4</softwareName>
				</processingSoftware>
			</ocrProcessingStep>
		</OCRProcessing>
	</Description>
	<Layout>
		<Page WIDTH="1025" HEIGHT="1700" PHYSICAL_IMG_NR="0" ID="page_0">
			<PrintSpace HPOS="0" VPOS="0" WIDTH="1025" HEIGHT="1700">
				<ComposedBlock ID="cblock_0" HPOS="216" VPOS="116" WIDTH="535" HEIGHT="29">
					<TextBlock ID="block_0" HPOS="216" VPOS="116" WIDTH="535" HEIGHT="29">
						<TextLine ID="line_0" HPOS="216" VPOS="116" WIDTH="535" HEIGHT="29">
							<String ID="string_0" HPOS="216" VPOS="119" WIDTH="26" HEIGHT="21" WC="0.96" CONTENT="10"/><SP WIDTH="124" VPOS="119" HPOS="242"/>
							<String ID="string_1" HPOS="366" VPOS="117" WIDTH="86" HEIGHT="23" WC="0.92" CONTENT="Ständ."/><SP WIDTH="16" VPOS="117" HPOS="452"/>
							<String ID="string_2" HPOS="468" VPOS="118" WIDTH="41" HEIGHT="25" WC="0.93" CONTENT="Sv."/><SP WIDTH="14" VPOS="118" HPOS="509"/>
							<String ID="string_3" HPOS="523" VPOS="131" WIDTH="29" HEIGHT="3" WC="0.93" CONTENT="—"/><SP WIDTH="14" VPOS="131" HPOS="552"/>
							<String ID="string_4" HPOS="566" VPOS="117" WIDTH="74" HEIGHT="28" WC="0.96" CONTENT="Prop."/><SP WIDTH="16" VPOS="117" HPOS="640"/>
							<String ID="string_5" HPOS="656" VPOS="116" WIDTH="46" HEIGHT="23" WC="0.96" CONTENT="N:o"/><SP WIDTH="15" VPOS="116" HPOS="702"/>
							<String ID="string_6" HPOS="717" VPOS="117" WIDTH="34" HEIGHT="23" WC="0.96" CONTENT="37."/>
						</TextLine>
					</TextBlock>
				</ComposedBlock>
				<ComposedBlock ID="cblock_1" HPOS="185" VPOS="319" WIDTH="754" HEIGHT="65">
					<TextBlock ID="block_1" HPOS="185" VPOS="319" WIDTH="754" HEIGHT="65">
						<TextLine ID="line_1" HPOS="252" VPOS="319" WIDTH="687" HEIGHT="29">
							<String ID="string_7" HPOS="252" VPOS="321" WIDTH="50" HEIGHT="21" WC="0.96" CONTENT="Den"/><SP WIDTH="16" VPOS="321" HPOS="302"/>
							<String ID="string_8" HPOS="318" VPOS="320" WIDTH="23" HEIGHT="21" WC="0.93" CONTENT="af"/><SP WIDTH="14" VPOS="320" HPOS="341"/>
							<String ID="string_9" HPOS="355" VPOS="320" WIDTH="124" HEIGHT="22" WC="0.92" CONTENT="Ständerna"/><SP WIDTH="15" VPOS="320" HPOS="479"/>
							<String ID="string_10" HPOS="494" VPOS="320" WIDTH="91" HEIGHT="22" WC="0.92" CONTENT="sälunda"/><SP WIDTH="15" VPOS="320" HPOS="585"/>
							<String ID="string_11" HPOS="600" VPOS="322" WIDTH="96" HEIGHT="26" WC="0.92" CONTENT="antagna"/><SP WIDTH="10" VPOS="322" HPOS="696"/>
							<String ID="string_12" HPOS="706" VPOS="319" WIDTH="148" HEIGHT="28" WC="0.92" CONTENT="förordning"/><SP WIDTH="-11" VPOS="319" HPOS="854"/>
							<String ID="string_13" HPOS="843" VPOS="315" WIDTH="13" HEIGHT="38" WC="0.93" CONTENT="i"/><SP WIDTH="9" VPOS="315" HPOS="856"/>
							<String ID="string_14" HPOS="865" VPOS="320" WIDTH="74" HEIGHT="21" WC="0.92" CONTENT="ämnet"/>
						</TextLine>
						<TextLine ID="line_2" HPOS="185" VPOS="355" WIDTH="287" HEIGHT="29">
							<String ID="string_15" HPOS="185" VPOS="357" WIDTH="24" HEIGHT="20" WC="0.88" CONTENT="är"/><SP WIDTH="16" VPOS="357" HPOS="209"/>
							<String ID="string_16" HPOS="225" VPOS="355" WIDTH="24" HEIGHT="21" WC="0.96" CONTENT="af"/><SP WIDTH="12" VPOS="355" HPOS="249"/>
							<String ID="string_17" HPOS="261" VPOS="355" WIDTH="99" HEIGHT="29" WC="0.92" CONTENT="följande"/><SP WIDTH="16" VPOS="355" HPOS="360"/>
							<String ID="string_18" HPOS="376" VPOS="355" WIDTH="96" HEIGHT="29" WC="0.92" CONTENT="lydelse:"/>
						</TextLine>
					</TextBlock>
				</ComposedBlock>
				<ComposedBlock ID="cblock_2" HPOS="219" VPOS="416" WIDTH="686" HEIGHT="76">
					<TextBlock ID="block_2" HPOS="219" VPOS="416" WIDTH="686" HEIGHT="76">
						<TextLine ID="line_3" HPOS="219" VPOS="416" WIDTH="686" HEIGHT="36">
							<String ID="string_19" HPOS="219" VPOS="418" WIDTH="113" HEIGHT="34" WC="0.91" CONTENT="Förnyad"/><SP WIDTH="18" VPOS="418" HPOS="332"/>
							<String ID="string_20" HPOS="350" VPOS="418" WIDTH="146" HEIGHT="34" WC="0.92" CONTENT="förordning"/><SP WIDTH="26" VPOS="418" HPOS="496"/>
							<String ID="string_21" HPOS="522" VPOS="416" WIDTH="131" HEIGHT="36" WC="0.93" CONTENT="angäende"/><SP WIDTH="18" VPOS="416" HPOS="653"/>
							<String ID="string_22" HPOS="671" VPOS="417" WIDTH="234" HEIGHT="34" WC="0.92" CONTENT="stämpelpappers-"/>
						</TextLine>
						<TextLine ID="line_4" HPOS="302" VPOS="458" WIDTH="529" HEIGHT="34">
							<String ID="string_23" HPOS="302" VPOS="459" WIDTH="108" HEIGHT="33" WC="0.89" CONTENT="afgiften"/><SP WIDTH="20" VPOS="459" HPOS="410"/>
							<String ID="string_24" HPOS="430" VPOS="459" WIDTH="6" HEIGHT="26" WC="0.93" CONTENT="i"/><SP WIDTH="19" VPOS="459" HPOS="436"/>
							<String ID="string_25" HPOS="455" VPOS="458" WIDTH="249" HEIGHT="28" WC="0.91" CONTENT="Storfurstendömet"/><SP WIDTH="19" VPOS="458" HPOS="704"/>
							<String ID="string_26" HPOS="723" VPOS="458" WIDTH="108" HEIGHT="27" WC="0.96" CONTENT="Finland."/>
						</TextLine>
					</TextBlock>
				</ComposedBlock>
				<ComposedBlock ID="cblock_3" HPOS="455" VPOS="522" WIDTH="283" HEIGHT="76">
					<TextBlock ID="block_3" HPOS="455" VPOS="522" WIDTH="283" HEIGHT="76">
						<TextLine ID="line_5" HPOS="542" VPOS="522" WIDTH="108" HEIGHT="26">
							<String ID="string_27" HPOS="542" VPOS="522" WIDTH="11" HEIGHT="21" WC="0.96" CONTENT="1"/><SP WIDTH="26" VPOS="522" HPOS="553"/>
							<String ID="string_28" HPOS="579" VPOS="522" WIDTH="71" HEIGHT="26" WC="0.96" CONTENT="Kap."/>
						</TextLine>
						<TextLine ID="line_6" HPOS="455" VPOS="578" WIDTH="283" HEIGHT="20">
							<String ID="string_29" HPOS="455" VPOS="579" WIDTH="117" HEIGHT="19" WC="0.93" CONTENT="Allmänna"/><SP WIDTH="17" VPOS="579" HPOS="572"/>
							<String ID="string_30" HPOS="589" VPOS="578" WIDTH="149" HEIGHT="20" WC="0.91" CONTENT="föreskrifter."/>
						</TextLine>
					</TextBlock>
				</ComposedBlock>
				<ComposedBlock ID="cblock_4" HPOS="249" VPOS="632" WIDTH="694" HEIGHT="316">
					<TextBlock ID="block_4" HPOS="569" VPOS="632" WIDTH="50" HEIGHT="28">
						<TextLine ID="line_7" HPOS="569" VPOS="632" WIDTH="50" HEIGHT="28">
							<String ID="string_31" HPOS="569" VPOS="632" WIDTH="50" HEIGHT="28" WC="0.77" CONTENT="$1."/>
						</TextLine>
					</TextBlock>
					<TextBlock ID="block_5" HPOS="249" VPOS="676" WIDTH="694" HEIGHT="272">
						<TextLine ID="line_8" HPOS="321" VPOS="676" WIDTH="619" HEIGHT="29">
							<String ID="string_32" HPOS="321" VPOS="678" WIDTH="50" HEIGHT="22" WC="0.89" CONTENT="Alla"/><SP WIDTH="21" VPOS="678" HPOS="371"/>
							<String ID="string_33" HPOS="392" VPOS="678" WIDTH="133" HEIGHT="27" WC="0.93" CONTENT="handlingar,"/><SP WIDTH="24" VPOS="678" HPOS="525"/>
							<String ID="string_34" HPOS="549" VPOS="685" WIDTH="45" HEIGHT="15" WC="0.96" CONTENT="som"/><SP WIDTH="23" VPOS="685" HPOS="594"/>
							<String ID="string_35" HPOS="617" VPOS="677" WIDTH="26" HEIGHT="28" WC="0.93" CONTENT="af"/><SP WIDTH="18" VPOS="677" HPOS="643"/>
							<String ID="string_36" HPOS="661" VPOS="677" WIDTH="81" HEIGHT="23" WC="0.93" CONTENT="landets"/><SP WIDTH="20" VPOS="677" HPOS="742"/>
							<String ID="string_37" HPOS="762" VPOS="676" WIDTH="122" HEIGHT="29" WC="0.68" CONTENT="domstolär,"/><SP WIDTH="15" VPOS="676" HPOS="884"/>
							<String ID="string_38" HPOS="899" VPOS="685" WIDTH="41" HEIGHT="15" WC="0.93" CONTENT="em-"/>
						</TextLine>
						<TextLine ID="line_9" HPOS="253" VPOS="712" WIDTH="688" HEIGHT="29">
							<String ID="string_39" HPOS="253" VPOS="713" WIDTH="91" HEIGHT="22" WC="0.89" CONTENT="betsverk"/><SP WIDTH="16" VPOS="713" HPOS="344"/>
							<String ID="string_40" HPOS="360" VPOS="713" WIDTH="36" HEIGHT="21" WC="0.96" CONTENT="och"/><SP WIDTH="9" VPOS="713" HPOS="396"/>
							<String ID="string_41" HPOS="405" VPOS="713" WIDTH="142" HEIGHT="28" WC="0.93" CONTENT="myndigheter"/><SP WIDTH="10" VPOS="713" HPOS="547"/>
							<String ID="string_42" HPOS="557" VPOS="713" WIDTH="106" HEIGHT="27" WC="0.92" CONTENT="utfärdas,"/><SP WIDTH="16" VPOS="713" HPOS="663"/>
							<String ID="string_43" HPOS="679" VPOS="712" WIDTH="58" HEIGHT="22" WC="0.96" CONTENT="skola"/><SP WIDTH="7" VPOS="712" HPOS="737"/>
							<String ID="string_44" HPOS="744" VPOS="720" WIDTH="52" HEIGHT="14" WC="0.93" CONTENT="vara"/><SP WIDTH="8" VPOS="720" HPOS="796"/>
							<String ID="string_45" HPOS="804" VPOS="713" WIDTH="14" HEIGHT="21" WC="0.92" CONTENT="ä"/><SP WIDTH="7" VPOS="713" HPOS="818"/>
							<String ID="string_46" HPOS="825" VPOS="712" WIDTH="116" HEIGHT="28" WC="0.88" CONTENT="stämpladt"/>
						</TextLine>
						<TextLine ID="line_10" HPOS="249" VPOS="747" WIDTH="691" HEIGHT="28">
							<String ID="string_47" HPOS="249" VPOS="754" WIDTH="82" HEIGHT="21" WC="0.93" CONTENT="papper"/><SP WIDTH="14" VPOS="754" HPOS="331"/>
							<String ID="string_48" HPOS="345" VPOS="748" WIDTH="107" HEIGHT="27" WC="0.84" CONTENT="affattade,"/><SP WIDTH="17" VPOS="748" HPOS="452"/>
							<String ID="string_49" HPOS="469" VPOS="750" WIDTH="55" HEIGHT="20" WC="0.96" CONTENT="samt"/><SP WIDTH="15" VPOS="750" HPOS="524"/>
							<String ID="string_50" HPOS="539" VPOS="748" WIDTH="40" HEIGHT="22" WC="0.93" CONTENT="alla"/><SP WIDTH="15" VPOS="748" HPOS="579"/>
							<String ID="string_51" HPOS="594" VPOS="748" WIDTH="81" HEIGHT="27" WC="0.93" CONTENT="inlagor"/><SP WIDTH="8" VPOS="748" HPOS="675"/>
							<String ID="string_52" HPOS="683" VPOS="748" WIDTH="37" HEIGHT="21" WC="0.96" CONTENT="och"/><SP WIDTH="10" VPOS="748" HPOS="720"/>
							<String ID="string_53" HPOS="730" VPOS="747" WIDTH="68" HEIGHT="23" WC="0.93" CONTENT="andra"/><SP WIDTH="9" VPOS="747" HPOS="798"/>
							<String ID="string_54" HPOS="807" VPOS="747" WIDTH="133" HEIGHT="28" WC="0.94" CONTENT="handlingar,"/>
						</TextLine>
						<TextLine ID="line_11" HPOS="253" VPOS="782" WIDTH="688" HEIGHT="28">
							<String ID="string_55" HPOS="253" VPOS="790" WIDTH="45" HEIGHT="14" WC="0.93" CONTENT="som"/><SP WIDTH="15" VPOS="790" HPOS="298"/>
							<String ID="string_56" HPOS="313" VPOS="782" WIDTH="32" HEIGHT="22" WC="0.93" CONTENT="till"/><SP WIDTH="15" VPOS="782" HPOS="345"/>
							<String ID="string_57" HPOS="360" VPOS="782" WIDTH="92" HEIGHT="22" WC="0.91" CONTENT="bemälde"/><SP WIDTH="14" VPOS="782" HPOS="452"/>
							<String ID="string_58" HPOS="466" VPOS="782" WIDTH="141" HEIGHT="28" WC="0.93" CONTENT="myndigheter"/><SP WIDTH="14" VPOS="782" HPOS="607"/>
							<String ID="string_59" HPOS="621" VPOS="782" WIDTH="98" HEIGHT="28" WC="0.92" CONTENT="ingifvas,"/><SP WIDTH="17" VPOS="782" HPOS="719"/>
							<String ID="string_60" HPOS="736" VPOS="789" WIDTH="51" HEIGHT="15" WC="0.96" CONTENT="vara"/><SP WIDTH="16" VPOS="789" HPOS="787"/>
							<String ID="string_61" HPOS="803" VPOS="782" WIDTH="99" HEIGHT="28" WC="0.96" CONTENT="antingen"/><SP WIDTH="6" VPOS="782" HPOS="902"/>
							<String ID="string_62" HPOS="908" VPOS="783" WIDTH="33" HEIGHT="26" WC="0.96" CONTENT="pä"/>
						</TextLine>
						<TextLine ID="line_12" HPOS="252" VPOS="816" WIDTH="690" HEIGHT="28">
							<String ID="string_63" HPOS="252" VPOS="817" WIDTH="49" HEIGHT="22" WC="0.88" CONTENT="slikt"/><SP WIDTH="18" VPOS="817" HPOS="301"/>
							<String ID="string_64" HPOS="319" VPOS="824" WIDTH="83" HEIGHT="20" WC="0.89" CONTENT="papper"/><SP WIDTH="21" VPOS="824" HPOS="402"/>
							<String ID="string_65" HPOS="423" VPOS="817" WIDTH="82" HEIGHT="27" WC="0.92" CONTENT="skrifna"/><SP WIDTH="22" VPOS="817" HPOS="505"/>
							<String ID="string_66" HPOS="527" VPOS="818" WIDTH="48" HEIGHT="22" WC="0.82" CONTENT="eller"/><SP WIDTH="20" VPOS="818" HPOS="575"/>
							<String ID="string_67" HPOS="595" VPOS="817" WIDTH="48" HEIGHT="21" WC="0.93" CONTENT="med"/><SP WIDTH="21" VPOS="817" HPOS="643"/>
							<String ID="string_68" HPOS="664" VPOS="816" WIDTH="117" HEIGHT="28" WC="0.92" CONTENT="stämpladt"/><SP WIDTH="16" VPOS="816" HPOS="781"/>
							<String ID="string_69" HPOS="797" VPOS="824" WIDTH="83" HEIGHT="20" WC="0.92" CONTENT="papper"/><SP WIDTH="15" VPOS="824" HPOS="880"/>
							<String ID="string_70" HPOS="895" VPOS="817" WIDTH="47" HEIGHT="22" WC="0.96" CONTENT="eller"/>
						</TextLine>
						<TextLine ID="line_13" HPOS="252" VPOS="851" WIDTH="688" HEIGHT="28">
							<String ID="string_71" HPOS="252" VPOS="852" WIDTH="175" HEIGHT="26" WC="0.92" CONTENT="stämpelmärken"/><SP WIDTH="15" VPOS="852" HPOS="427"/>
							<String ID="string_72" HPOS="442" VPOS="852" WIDTH="98" HEIGHT="27" WC="0.95" CONTENT="belagda;"/><SP WIDTH="16" VPOS="852" HPOS="540"/>
							<String ID="string_73" HPOS="556" VPOS="852" WIDTH="36" HEIGHT="22" WC="0.95" CONTENT="allt"/><SP WIDTH="15" VPOS="852" HPOS="592"/>
							<String ID="string_74" HPOS="607" VPOS="852" WIDTH="32" HEIGHT="21" WC="0.96" CONTENT="till"/><SP WIDTH="15" VPOS="852" HPOS="639"/>
							<String ID="string_75" HPOS="654" VPOS="851" WIDTH="34" HEIGHT="22" WC="0.93" CONTENT="det"/><SP WIDTH="15" VPOS="851" HPOS="688"/>
							<String ID="string_76" HPOS="703" VPOS="852" WIDTH="78" HEIGHT="26" WC="0.96" CONTENT="belopp,"/><SP WIDTH="13" VPOS="852" HPOS="781"/>
							<String ID="string_77" HPOS="794" VPOS="852" WIDTH="32" HEIGHT="26" WC="0.96" CONTENT="pä"/><SP WIDTH="15" VPOS="852" HPOS="826"/>
							<String ID="string_78" HPOS="841" VPOS="852" WIDTH="35" HEIGHT="21" WC="0.93" CONTENT="det"/><SP WIDTH="14" VPOS="852" HPOS="876"/>
							<String ID="string_79" HPOS="890" VPOS="853" WIDTH="50" HEIGHT="26" WC="0.95" CONTENT="sätt,"/>
						</TextLine>
						<TextLine ID="line_14" HPOS="252" VPOS="886" WIDTH="691" HEIGHT="28">
							<String ID="string_80" HPOS="252" VPOS="886" WIDTH="47" HEIGHT="23" WC="0.95" CONTENT="med"/><SP WIDTH="14" VPOS="886" HPOS="299"/>
							<String ID="string_81" HPOS="313" VPOS="887" WIDTH="25" HEIGHT="21" WC="0.93" CONTENT="de"/><SP WIDTH="22" VPOS="887" HPOS="338"/>
							<String ID="string_82" HPOS="360" VPOS="887" WIDTH="110" HEIGHT="27" WC="0.95" CONTENT="undantag"/><SP WIDTH="23" VPOS="887" HPOS="470"/>
							<String ID="string_83" HPOS="493" VPOS="887" WIDTH="37" HEIGHT="21" WC="0.96" CONTENT="och"/><SP WIDTH="21" VPOS="887" HPOS="530"/>
							<String ID="string_84" HPOS="551" VPOS="886" WIDTH="36" HEIGHT="22" WC="0.96" CONTENT="vid"/><SP WIDTH="22" VPOS="886" HPOS="587"/>
							<String ID="string_85" HPOS="609" VPOS="886" WIDTH="34" HEIGHT="22" WC="0.93" CONTENT="det"/><SP WIDTH="21" VPOS="886" HPOS="643"/>
							<String ID="string_86" HPOS="664" VPOS="886" WIDTH="96" HEIGHT="28" WC="0.92" CONTENT="äfventyr"/><SP WIDTH="15" VPOS="886" HPOS="760"/>
							<String ID="string_87" HPOS="775" VPOS="886" WIDTH="40" HEIGHT="22" WC="0.93" CONTENT="här"/><SP WIDTH="14" VPOS="886" HPOS="815"/>
							<String ID="string_88" HPOS="829" VPOS="886" WIDTH="114" HEIGHT="28" WC="0.67" CONTENT="nedanföre"/>
						</TextLine>
						<TextLine ID="line_15" HPOS="252" VPOS="922" WIDTH="94" HEIGHT="26">
							<String ID="string_89" HPOS="252" VPOS="922" WIDTH="94" HEIGHT="26" WC="0.90" CONTENT="stadgas."/>
						</TextLine>
					</TextBlock>
				</ComposedBlock>
				<ComposedBlock ID="cblock_5" HPOS="571" VPOS="978" WIDTH="51" HEIGHT="28">
					<TextBlock ID="block_6" HPOS="571" VPOS="978" WIDTH="51" HEIGHT="28">
						<TextLine ID="line_16" HPOS="571" VPOS="978" WIDTH="51" HEIGHT="28">
							<String ID="string_90" HPOS="571" VPOS="978" WIDTH="16" HEIGHT="28" WC="0.88" CONTENT="$"/><SP WIDTH="14" VPOS="978" HPOS="587"/>
							<String ID="string_91" HPOS="601" VPOS="980" WIDTH="21" HEIGHT="19" WC="0.77" CONTENT="2."/>
						</TextLine>
					</TextBlock>
				</ComposedBlock>
				<ComposedBlock ID="cblock_6" HPOS="252" VPOS="1024" WIDTH="691" HEIGHT="302">
					<TextBlock ID="block_7" HPOS="252" VPOS="1024" WIDTH="691" HEIGHT="200">
						<TextLine ID="line_17" HPOS="323" VPOS="1024" WIDTH="619" HEIGHT="28">
							<String ID="string_92" HPOS="323" VPOS="1024" WIDTH="122" HEIGHT="28" WC="0.88" CONTENT="Stämpladt"/><SP WIDTH="11" VPOS="1024" HPOS="445"/>
							<String ID="string_93" HPOS="456" VPOS="1031" WIDTH="82" HEIGHT="21" WC="0.92" CONTENT="papper"/><SP WIDTH="15" VPOS="1031" HPOS="538"/>
							<String ID="string_94" HPOS="553" VPOS="1024" WIDTH="52" HEIGHT="22" WC="0.96" CONTENT="skall"/><SP WIDTH="14" VPOS="1024" HPOS="605"/>
							<String ID="string_95" HPOS="619" VPOS="1024" WIDTH="72" HEIGHT="27" WC="0.96" CONTENT="finnas"/><SP WIDTH="16" VPOS="1024" HPOS="691"/>
							<String ID="string_96" HPOS="707" VPOS="1027" WIDTH="31" HEIGHT="19" WC="0.91" CONTENT="att"/><SP WIDTH="11" VPOS="1027" HPOS="738"/>
							<String ID="string_97" HPOS="749" VPOS="1025" WIDTH="59" HEIGHT="27" WC="0.91" CONTENT="tillgä"/><SP WIDTH="11" VPOS="1025" HPOS="808"/>
							<String ID="string_98" HPOS="819" VPOS="1025" WIDTH="26" HEIGHT="27" WC="0.96" CONTENT="af"/><SP WIDTH="5" VPOS="1025" HPOS="845"/>
							<String ID="string_99" HPOS="850" VPOS="1024" WIDTH="92" HEIGHT="28" WC="0.84" CONTENT="följande"/>
						</TextLine>
						<TextLine ID="line_18" HPOS="252" VPOS="1059" WIDTH="689" HEIGHT="28">
							<String ID="string_100" HPOS="252" VPOS="1059" WIDTH="86" HEIGHT="27" WC="0.96" CONTENT="värden,"/><SP WIDTH="16" VPOS="1059" HPOS="338"/>
							<String ID="string_101" HPOS="354" VPOS="1059" WIDTH="118" HEIGHT="27" WC="0.93" CONTENT="nämligen:"/><SP WIDTH="15" VPOS="1059" HPOS="472"/>
							<String ID="string_102" HPOS="487" VPOS="1060" WIDTH="14" HEIGHT="21" WC="0.86" CONTENT="&amp;"/><SP WIDTH="15" VPOS="1060" HPOS="501"/>
							<String ID="string_103" HPOS="516" VPOS="1060" WIDTH="100" HEIGHT="27" WC="0.88" CONTENT="tjugufem"/><SP WIDTH="16" VPOS="1060" HPOS="616"/>
							<String ID="string_104" HPOS="632" VPOS="1060" WIDTH="36" HEIGHT="20" WC="0.93" CONTENT="och"/><SP WIDTH="17" VPOS="1060" HPOS="668"/>
							<String ID="string_105" HPOS="685" VPOS="1059" WIDTH="72" HEIGHT="28" WC="0.93" CONTENT="femtio"/><SP WIDTH="17" VPOS="1059" HPOS="757"/>
							<String ID="string_106" HPOS="774" VPOS="1060" WIDTH="67" HEIGHT="26" WC="0.96" CONTENT="penni"/><SP WIDTH="16" VPOS="1060" HPOS="841"/>
							<String ID="string_107" HPOS="857" VPOS="1062" WIDTH="55" HEIGHT="20" WC="0.93" CONTENT="samt"/><SP WIDTH="15" VPOS="1062" HPOS="912"/>
							<String ID="string_108" HPOS="927" VPOS="1060" WIDTH="14" HEIGHT="21" WC="0.82" CONTENT="&amp;"/>
						</TextLine>
						<TextLine ID="line_19" HPOS="253" VPOS="1094" WIDTH="688" HEIGHT="27">
							<String ID="string_109" HPOS="253" VPOS="1102" WIDTH="26" HEIGHT="14" WC="0.96" CONTENT="en"/><SP WIDTH="14" VPOS="1102" HPOS="279"/>
							<String ID="string_110" HPOS="293" VPOS="1094" WIDTH="65" HEIGHT="26" WC="0.96" CONTENT="mark,"/><SP WIDTH="16" VPOS="1094" HPOS="358"/>
							<String ID="string_111" HPOS="374" VPOS="1101" WIDTH="25" HEIGHT="14" WC="0.96" CONTENT="en"/><SP WIDTH="14" VPOS="1101" HPOS="399"/>
							<String ID="string_112" HPOS="413" VPOS="1094" WIDTH="59" HEIGHT="21" WC="0.93" CONTENT="mark"/><SP WIDTH="14" VPOS="1094" HPOS="472"/>
							<String ID="string_113" HPOS="486" VPOS="1094" WIDTH="71" HEIGHT="26" WC="0.88" CONTENT="femtio"/><SP WIDTH="12" VPOS="1094" HPOS="557"/>
							<String ID="string_114" HPOS="569" VPOS="1094" WIDTH="71" HEIGHT="26" WC="0.93" CONTENT="penni,"/><SP WIDTH="16" VPOS="1094" HPOS="640"/>
							<String ID="string_115" HPOS="656" VPOS="1095" WIDTH="42" HEIGHT="26" WC="0.93" CONTENT="tvä,"/><SP WIDTH="17" VPOS="1095" HPOS="698"/>
							<String ID="string_116" HPOS="715" VPOS="1096" WIDTH="36" HEIGHT="25" WC="0.93" CONTENT="tre,"/><SP WIDTH="17" VPOS="1096" HPOS="751"/>
							<String ID="string_117" HPOS="768" VPOS="1094" WIDTH="55" HEIGHT="27" WC="0.92" CONTENT="fyra,"/><SP WIDTH="15" VPOS="1094" HPOS="823"/>
							<String ID="string_118" HPOS="838" VPOS="1094" WIDTH="48" HEIGHT="27" WC="0.96" CONTENT="fem,"/><SP WIDTH="12" VPOS="1094" HPOS="886"/>
							<String ID="string_119" HPOS="898" VPOS="1100" WIDTH="43" HEIGHT="20" WC="0.95" CONTENT="sex,"/>
						</TextLine>
						<TextLine ID="line_20" HPOS="253" VPOS="1128" WIDTH="688" HEIGHT="28">
							<String ID="string_120" HPOS="253" VPOS="1129" WIDTH="41" HEIGHT="27" WC="0.85" CONTENT="sju,"/><SP WIDTH="15" VPOS="1129" HPOS="294"/>
							<String ID="string_121" HPOS="309" VPOS="1129" WIDTH="51" HEIGHT="26" WC="0.92" CONTENT="åtta,"/><SP WIDTH="25" VPOS="1129" HPOS="360"/>
							<String ID="string_122" HPOS="385" VPOS="1129" WIDTH="34" HEIGHT="26" WC="0.93" CONTENT="tio,"/><SP WIDTH="19" VPOS="1129" HPOS="419"/>
							<String ID="string_123" HPOS="438" VPOS="1128" WIDTH="85" HEIGHT="27" WC="0.93" CONTENT="femton,"/><SP WIDTH="17" VPOS="1128" HPOS="523"/>
							<String ID="string_124" HPOS="540" VPOS="1128" WIDTH="64" HEIGHT="27" WC="0.88" CONTENT="tjugu,"/><SP WIDTH="24" VPOS="1128" HPOS="604"/>
							<String ID="string_125" HPOS="628" VPOS="1128" WIDTH="106" HEIGHT="28" WC="0.73" CONTENT="tiugufem,"/><SP WIDTH="24" VPOS="1128" HPOS="734"/>
							<String ID="string_126" HPOS="758" VPOS="1128" WIDTH="75" HEIGHT="27" WC="0.83" CONTENT="trettio,"/><SP WIDTH="22" VPOS="1128" HPOS="833"/>
							<String ID="string_127" HPOS="855" VPOS="1128" WIDTH="86" HEIGHT="28" WC="0.92" CONTENT="fyratio,"/>
						</TextLine>
						<TextLine ID="line_21" HPOS="255" VPOS="1163" WIDTH="688" HEIGHT="27">
							<String ID="string_128" HPOS="255" VPOS="1164" WIDTH="78" HEIGHT="26" WC="0.96" CONTENT="femtio,"/><SP WIDTH="17" VPOS="1164" HPOS="333"/>
							<String ID="string_129" HPOS="350" VPOS="1164" WIDTH="73" HEIGHT="25" WC="0.93" CONTENT="sextio,"/><SP WIDTH="24" VPOS="1164" HPOS="423"/>
							<String ID="string_130" HPOS="447" VPOS="1164" WIDTH="81" HEIGHT="25" WC="0.81" CONTENT="ättatio,"/><SP WIDTH="17" VPOS="1164" HPOS="528"/>
							<String ID="string_131" HPOS="545" VPOS="1163" WIDTH="116" HEIGHT="27" WC="0.88" CONTENT="etthundra,"/><SP WIDTH="23" VPOS="1163" HPOS="661"/>
							<String ID="string_132" HPOS="684" VPOS="1163" WIDTH="189" HEIGHT="27" WC="0.91" CONTENT="etthundrafemtio,"/><SP WIDTH="24" VPOS="1163" HPOS="873"/>
							<String ID="string_133" HPOS="897" VPOS="1163" WIDTH="46" HEIGHT="22" WC="0.88" CONTENT="tvä-"/>
						</TextLine>
						<TextLine ID="line_22" HPOS="253" VPOS="1197" WIDTH="360" HEIGHT="27">
							<String ID="string_134" HPOS="253" VPOS="1197" WIDTH="84" HEIGHT="22" WC="0.89" CONTENT="hundra"/><SP WIDTH="15" VPOS="1197" HPOS="337"/>
							<String ID="string_135" HPOS="352" VPOS="1197" WIDTH="36" HEIGHT="22" WC="0.91" CONTENT="och"/><SP WIDTH="21" VPOS="1197" HPOS="388"/>
							<String ID="string_136" HPOS="409" VPOS="1197" WIDTH="125" HEIGHT="27" WC="0.91" CONTENT="femhundra"/><SP WIDTH="13" VPOS="1197" HPOS="534"/>
							<String ID="string_137" HPOS="547" VPOS="1197" WIDTH="66" HEIGHT="22" WC="0.96" CONTENT="mark."/>
						</TextLine>
					</TextBlock>
					<TextBlock ID="block_8" HPOS="253" VPOS="1231" WIDTH="689" HEIGHT="95">
						<TextLine ID="line_23" HPOS="359" VPOS="1231" WIDTH="582" HEIGHT="27">
							<String ID="string_138" HPOS="359" VPOS="1231" WIDTH="110" HEIGHT="22" WC="0.96" CONTENT="enahanda"/><SP WIDTH="20" VPOS="1231" HPOS="469"/>
							<String ID="string_139" HPOS="489" VPOS="1232" WIDTH="80" HEIGHT="21" WC="0.94" CONTENT="valörer"/><SP WIDTH="21" VPOS="1232" HPOS="569"/>
							<String ID="string_140" HPOS="590" VPOS="1233" WIDTH="55" HEIGHT="19" WC="0.95" CONTENT="samt"/><SP WIDTH="22" VPOS="1233" HPOS="645"/>
							<String ID="string_141" HPOS="667" VPOS="1232" WIDTH="106" HEIGHT="20" WC="0.93" CONTENT="dessutom"/><SP WIDTH="18" VPOS="1232" HPOS="773"/>
							<String ID="string_142" HPOS="791" VPOS="1233" WIDTH="14" HEIGHT="20" WC="0.89" CONTENT="å"/><SP WIDTH="19" VPOS="1233" HPOS="805"/>
							<String ID="string_143" HPOS="824" VPOS="1232" WIDTH="34" HEIGHT="25" WC="0.93" CONTENT="tio,"/><SP WIDTH="25" VPOS="1232" HPOS="858"/>
							<String ID="string_144" HPOS="883" VPOS="1232" WIDTH="58" HEIGHT="26" WC="0.89" CONTENT="tjugu"/>
						</TextLine>
						<TextLine ID="line_24" HPOS="255" VPOS="1264" WIDTH="687" HEIGHT="28">
							<String ID="string_145" HPOS="255" VPOS="1265" WIDTH="36" HEIGHT="21" WC="0.93" CONTENT="och"/><SP WIDTH="14" VPOS="1265" HPOS="291"/>
							<String ID="string_146" HPOS="305" VPOS="1265" WIDTH="80" HEIGHT="27" WC="0.92" CONTENT="fyratio"/><SP WIDTH="11" VPOS="1265" HPOS="385"/>
							<String ID="string_147" HPOS="396" VPOS="1265" WIDTH="78" HEIGHT="26" WC="0.93" CONTENT="pennis"/><SP WIDTH="14" VPOS="1265" HPOS="474"/>
							<String ID="string_148" HPOS="488" VPOS="1265" WIDTH="79" HEIGHT="21" WC="0.92" CONTENT="värden"/><SP WIDTH="14" VPOS="1265" HPOS="567"/>
							<String ID="string_149" HPOS="581" VPOS="1264" WIDTH="59" HEIGHT="22" WC="0.93" CONTENT="skola"/><SP WIDTH="15" VPOS="1264" HPOS="640"/>
							<String ID="string_150" HPOS="655" VPOS="1265" WIDTH="175" HEIGHT="27" WC="0.91" CONTENT="stämpelmärken"/><SP WIDTH="16" VPOS="1265" HPOS="830"/>
							<String ID="string_151" HPOS="846" VPOS="1265" WIDTH="96" HEIGHT="27" WC="0.91" CONTENT="derjemte"/>
						</TextLine>
						<TextLine ID="line_25" HPOS="253" VPOS="1298" WIDTH="305" HEIGHT="28">
							<String ID="string_152" HPOS="253" VPOS="1306" WIDTH="52" HEIGHT="15" WC="0.96" CONTENT="vara"/><SP WIDTH="15" VPOS="1306" HPOS="305"/>
							<String ID="string_153" HPOS="320" VPOS="1298" WIDTH="88" HEIGHT="23" WC="0.93" CONTENT="allmänt"/><SP WIDTH="15" VPOS="1298" HPOS="408"/>
							<String ID="string_154" HPOS="423" VPOS="1298" WIDTH="135" HEIGHT="28" WC="0.90" CONTENT="tillgängliga."/>
						</TextLine>
					</TextBlock>
				</ComposedBlock>
				<ComposedBlock ID="cblock_7" HPOS="253" VPOS="1356" WIDTH="688" HEIGHT="110">
					<TextBlock ID="block_9" HPOS="253" VPOS="1356" WIDTH="688" HEIGHT="110">
						<TextLine ID="line_26" HPOS="571" VPOS="1356" WIDTH="53" HEIGHT="28">
							<String ID="string_155" HPOS="571" VPOS="1356" WIDTH="16" HEIGHT="28" WC="0.88" CONTENT="$"/><SP WIDTH="17" VPOS="1356" HPOS="587"/>
							<String ID="string_156" HPOS="604" VPOS="1358" WIDTH="20" HEIGHT="20" WC="0.96" CONTENT="3."/>
						</TextLine>
						<TextLine ID="line_27" HPOS="323" VPOS="1402" WIDTH="618" HEIGHT="29">
							<String ID="string_157" HPOS="323" VPOS="1402" WIDTH="35" HEIGHT="22" WC="0.95" CONTENT="På"/><SP WIDTH="14" VPOS="1402" HPOS="358"/>
							<String ID="string_158" HPOS="372" VPOS="1402" WIDTH="70" HEIGHT="28" WC="0.94" CONTENT="hvarje"/><SP WIDTH="15" VPOS="1402" HPOS="442"/>
							<String ID="string_159" HPOS="457" VPOS="1402" WIDTH="37" HEIGHT="22" WC="0.93" CONTENT="ark"/><SP WIDTH="15" VPOS="1402" HPOS="494"/>
							<String ID="string_160" HPOS="509" VPOS="1403" WIDTH="115" HEIGHT="26" WC="0.92" CONTENT="stämpladt"/><SP WIDTH="11" VPOS="1403" HPOS="624"/>
							<String ID="string_161" HPOS="635" VPOS="1410" WIDTH="82" HEIGHT="20" WC="0.96" CONTENT="papper"/><SP WIDTH="15" VPOS="1410" HPOS="717"/>
							<String ID="string_162" HPOS="732" VPOS="1404" WIDTH="114" HEIGHT="27" WC="0.93" CONTENT="anbringas"/><SP WIDTH="19" VPOS="1404" HPOS="846"/>
							<String ID="string_163" HPOS="865" VPOS="1404" WIDTH="14" HEIGHT="21" WC="0.91" CONTENT="å"/><SP WIDTH="14" VPOS="1404" HPOS="879"/>
							<String ID="string_164" HPOS="893" VPOS="1404" WIDTH="48" HEIGHT="22" WC="0.95" CONTENT="dess"/>
						</TextLine>
						<TextLine ID="line_28" HPOS="253" VPOS="1437" WIDTH="688" HEIGHT="29">
							<String ID="string_165" HPOS="253" VPOS="1437" WIDTH="70" HEIGHT="28" WC="0.96" CONTENT="första"/><SP WIDTH="14" VPOS="1437" HPOS="323"/>
							<String ID="string_166" HPOS="337" VPOS="1437" WIDTH="49" HEIGHT="22" WC="0.96" CONTENT="sida"/><SP WIDTH="15" VPOS="1437" HPOS="386"/>
							<String ID="string_167" HPOS="401" VPOS="1445" WIDTH="25" HEIGHT="14" WC="0.95" CONTENT="en"/><SP WIDTH="16" VPOS="1445" HPOS="426"/>
							<String ID="string_168" HPOS="442" VPOS="1437" WIDTH="65" HEIGHT="28" WC="0.95" CONTENT="tryckt"/><SP WIDTH="15" VPOS="1437" HPOS="507"/>
							<String ID="string_169" HPOS="522" VPOS="1438" WIDTH="94" HEIGHT="27" WC="0.96" CONTENT="stämpel,"/><SP WIDTH="23" VPOS="1438" HPOS="616"/>
							<String ID="string_170" HPOS="639" VPOS="1438" WIDTH="62" HEIGHT="22" WC="0.94" CONTENT="hvars"/><SP WIDTH="21" VPOS="1438" HPOS="701"/>
							<String ID="string_171" HPOS="722" VPOS="1439" WIDTH="50" HEIGHT="27" WC="0.96" CONTENT="färg"/><SP WIDTH="22" VPOS="1439" HPOS="772"/>
							<String ID="string_172" HPOS="794" VPOS="1439" WIDTH="33" HEIGHT="27" WC="0.96" CONTENT="för"/><SP WIDTH="14" VPOS="1439" HPOS="827"/>
							<String ID="string_173" HPOS="841" VPOS="1438" WIDTH="100" HEIGHT="23" WC="0.96" CONTENT="kartorna"/>
						</TextLine>
					</TextBlock>
				</ComposedBlock>
			</PrintSpace>
		</Page>
	</Layout>
</alto>
