<?xml version="1.0" encoding="UTF-8"?>
<alto xmlns="http://www.loc.gov/standards/alto/ns-v3#" xmlns:xlink="http://www.w3.org/1999/xlink" xmlns:xsi="http://www.w3.org/2001/XMLSchema-instance" xsi:schemaLocation="http://www.loc.gov/standards/alto/ns-v3# http://www.loc.gov/alto/v3/alto-3-0.xsd">
	<Description>
		<MeasurementUnit>pixel</MeasurementUnit>
		<sourceImageInformation>
			<fileName>/tmp/tess_uc1im4u5_input.PNG</fileName>
		</sourceImageInformation>
		<OCRProcessing ID="OCR_0">
			<ocrProcessingStep>
				<processingSoftware>
					<softwareName>tesseract 5.3.4</softwareName>
				</processingSoftware>
			</ocrProcessingStep>
		</OCRProcessing>
	</Description>
	<Layout>
		<Page WIDTH="1025" HEIGHT="1689" PHYSICAL_IMG_NR="0" ID="page_0">
			<PrintSpace HPOS="0" VPOS="0" WIDTH="1025" HEIGHT="1689">
				<ComposedBlock ID="cblock_0" HPOS="213" VPOS="122" WIDTH="500" HEIGHT="29">
					<TextBlock ID="block_0" HPOS="213" VPOS="122" WIDTH="500" HEIGHT="29">
						<TextLine ID="line_0" HPOS="213" VPOS="122" WIDTH="500" HEIGHT="29">
							<String ID="string_0" HPOS="213" VPOS="126" WIDTH="28" HEIGHT="19" WC="0.96" CONTENT="48"/><SP WIDTH="178" VPOS="126" HPOS="241"/>
							<String ID="string_1" HPOS="419" VPOS="123" WIDTH="21" HEIGHT="23" WC="0.88" CONTENT="U."/><SP WIDTH="18" VPOS="123" HPOS="440"/>
							<String ID="string_2" HPOS="458" VPOS="123" WIDTH="21" HEIGHT="22" WC="0.91" CONTENT="B."/><SP WIDTH="17" VPOS="123" HPOS="479"/>
							<String ID="string_3" HPOS="496" VPOS="135" WIDTH="27" HEIGHT="3" WC="0.93" CONTENT="—"/><SP WIDTH="17" VPOS="135" HPOS="523"/>
							<String ID="string_4" HPOS="540" VPOS="122" WIDTH="65" HEIGHT="29" WC="0.95" CONTENT="Prop."/><SP WIDTH="17" VPOS="122" HPOS="605"/>
							<String ID="string_5" HPOS="622" VPOS="123" WIDTH="39" HEIGHT="22" WC="0.94" CONTENT="N:o"/><SP WIDTH="15" VPOS="123" HPOS="661"/>
							<String ID="string_6" HPOS="676" VPOS="122" WIDTH="37" HEIGHT="23" WC="0.96" CONTENT="37."/>
						</TextLine>
					</TextBlock>
				</ComposedBlock>
				<ComposedBlock ID="cblock_1" HPOS="183" VPOS="186" WIDTH="760" HEIGHT="303">
					<TextBlock ID="block_1" HPOS="183" VPOS="186" WIDTH="760" HEIGHT="303">
						<TextLine ID="line_1" HPOS="183" VPOS="186" WIDTH="760" HEIGHT="29">
							<String ID="string_7" HPOS="183" VPOS="188" WIDTH="71" HEIGHT="22" WC="0.92" CONTENT="blifvit"/><SP WIDTH="14" VPOS="188" HPOS="254"/>
							<String ID="string_8" HPOS="268" VPOS="187" WIDTH="97" HEIGHT="27" WC="0.91" CONTENT="försåldt,"/><SP WIDTH="16" VPOS="187" HPOS="365"/>
							<String ID="string_9" HPOS="381" VPOS="187" WIDTH="83" HEIGHT="27" WC="0.93" CONTENT="bifogas"/><SP WIDTH="15" VPOS="187" HPOS="464"/>
							<String ID="string_10" HPOS="479" VPOS="187" WIDTH="240" HEIGHT="28" WC="0.91" CONTENT="försäljningsmannens"/><SP WIDTH="8" VPOS="187" HPOS="719"/>
							<String ID="string_11" HPOS="727" VPOS="187" WIDTH="142" HEIGHT="27" WC="0.96" CONTENT="redovisning,"/><SP WIDTH="13" VPOS="187" HPOS="869"/>
							<String ID="string_12" HPOS="882" VPOS="186" WIDTH="61" HEIGHT="22" WC="0.96" CONTENT="deraf"/>
						</TextLine>
						<TextLine ID="line_2" HPOS="185" VPOS="221" WIDTH="756" HEIGHT="28">
							<String ID="string_13" HPOS="185" VPOS="224" WIDTH="83" HEIGHT="19" WC="0.96" CONTENT="tvänne"/><SP WIDTH="20" VPOS="224" HPOS="268"/>
							<String ID="string_14" HPOS="288" VPOS="221" WIDTH="113" HEIGHT="28" WC="0.96" CONTENT="exemplar,"/><SP WIDTH="24" VPOS="221" HPOS="401"/>
							<String ID="string_15" HPOS="425" VPOS="222" WIDTH="38" HEIGHT="21" WC="0.96" CONTENT="det"/><SP WIDTH="22" VPOS="222" HPOS="463"/>
							<String ID="string_16" HPOS="485" VPOS="228" WIDTH="41" HEIGHT="15" WC="0.96" CONTENT="ena"/><SP WIDTH="14" VPOS="228" HPOS="526"/>
							<String ID="string_17" HPOS="540" VPOS="221" WIDTH="32" HEIGHT="22" WC="0.96" CONTENT="för"/><SP WIDTH="16" VPOS="221" HPOS="572"/>
							<String ID="string_18" HPOS="588" VPOS="223" WIDTH="32" HEIGHT="19" WC="0.96" CONTENT="att"/><SP WIDTH="20" VPOS="223" HPOS="620"/>
							<String ID="string_19" HPOS="640" VPOS="221" WIDTH="1" HEIGHT="21" WC="0.93" CONTENT="i"/><SP WIDTH="15" VPOS="221" HPOS="641"/>
							<String ID="string_20" HPOS="656" VPOS="221" WIDTH="175" HEIGHT="22" WC="0.92" CONTENT="Landskontoret"/><SP WIDTH="14" VPOS="221" HPOS="831"/>
							<String ID="string_21" HPOS="845" VPOS="221" WIDTH="96" HEIGHT="21" WC="0.96" CONTENT="förvaras"/>
						</TextLine>
						<TextLine ID="line_3" HPOS="185" VPOS="254" WIDTH="756" HEIGHT="29">
							<String ID="string_22" HPOS="185" VPOS="257" WIDTH="43" HEIGHT="21" WC="0.96" CONTENT="och"/><SP WIDTH="15" VPOS="257" HPOS="228"/>
							<String ID="string_23" HPOS="243" VPOS="257" WIDTH="37" HEIGHT="21" WC="0.96" CONTENT="det"/><SP WIDTH="16" VPOS="257" HPOS="280"/>
							<String ID="string_24" HPOS="296" VPOS="256" WIDTH="68" HEIGHT="21" WC="0.96" CONTENT="andra"/><SP WIDTH="14" VPOS="256" HPOS="364"/>
							<String ID="string_25" HPOS="378" VPOS="257" WIDTH="32" HEIGHT="20" WC="0.96" CONTENT="att"/><SP WIDTH="14" VPOS="257" HPOS="410"/>
							<String ID="string_26" HPOS="424" VPOS="255" WIDTH="86" HEIGHT="28" WC="0.93" CONTENT="bifogas"/><SP WIDTH="16" VPOS="255" HPOS="510"/>
							<String ID="string_27" HPOS="526" VPOS="255" WIDTH="184" HEIGHT="22" WC="0.92" CONTENT="Landskontorets"/><SP WIDTH="15" VPOS="255" HPOS="710"/>
							<String ID="string_28" HPOS="725" VPOS="255" WIDTH="91" HEIGHT="26" WC="0.96" CONTENT="räkning"/><SP WIDTH="8" VPOS="255" HPOS="816"/>
							<String ID="string_29" HPOS="824" VPOS="254" WIDTH="59" HEIGHT="23" WC="0.93" CONTENT="öfver"/><SP WIDTH="9" VPOS="254" HPOS="883"/>
							<String ID="string_30" HPOS="892" VPOS="255" WIDTH="49" HEIGHT="21" WC="0.91" CONTENT="kar-"/>
						</TextLine>
						<TextLine ID="line_4" HPOS="186" VPOS="289" WIDTH="756" HEIGHT="28">
							<String ID="string_31" HPOS="186" VPOS="291" WIDTH="210" HEIGHT="26" WC="0.91" CONTENT="tasigillatamedlen,"/><SP WIDTH="17" VPOS="291" HPOS="396"/>
							<String ID="string_32" HPOS="413" VPOS="291" WIDTH="66" HEIGHT="21" WC="0.96" CONTENT="innan"/><SP WIDTH="19" VPOS="291" HPOS="479"/>
							<String ID="string_33" HPOS="498" VPOS="291" WIDTH="41" HEIGHT="21" WC="0.96" CONTENT="den"/><SP WIDTH="17" VPOS="291" HPOS="539"/>
							<String ID="string_34" HPOS="556" VPOS="292" WIDTH="25" HEIGHT="19" WC="0.96" CONTENT="15"/><SP WIDTH="9" VPOS="292" HPOS="581"/>
							<String ID="string_35" HPOS="590" VPOS="289" WIDTH="121" HEIGHT="28" WC="0.96" CONTENT="påföljande"/><SP WIDTH="8" VPOS="289" HPOS="711"/>
							<String ID="string_36" HPOS="719" VPOS="290" WIDTH="44" HEIGHT="21" WC="0.95" CONTENT="Juli"/><SP WIDTH="8" VPOS="290" HPOS="763"/>
							<String ID="string_37" HPOS="771" VPOS="290" WIDTH="40" HEIGHT="21" WC="0.96" CONTENT="och"/><SP WIDTH="9" VPOS="290" HPOS="811"/>
							<String ID="string_38" HPOS="820" VPOS="292" WIDTH="26" HEIGHT="19" WC="0.96" CONTENT="15"/><SP WIDTH="8" VPOS="292" HPOS="846"/>
							<String ID="string_39" HPOS="854" VPOS="289" WIDTH="88" HEIGHT="22" WC="0.96" CONTENT="Januari"/>
						</TextLine>
						<TextLine ID="line_5" HPOS="186" VPOS="323" WIDTH="756" HEIGHT="27">
							<String ID="string_40" HPOS="186" VPOS="325" WIDTH="34" HEIGHT="22" WC="0.93" CONTENT="till"/><SP WIDTH="15" VPOS="325" HPOS="220"/>
							<String ID="string_41" HPOS="235" VPOS="325" WIDTH="173" HEIGHT="22" WC="0.92" CONTENT="Landskontoret"/><SP WIDTH="13" VPOS="325" HPOS="408"/>
							<String ID="string_42" HPOS="421" VPOS="325" WIDTH="107" HEIGHT="22" WC="0.92" CONTENT="afsändas."/><SP WIDTH="30" VPOS="325" HPOS="528"/>
							<String ID="string_43" HPOS="558" VPOS="325" WIDTH="10" HEIGHT="21" WC="0.84" CONTENT="I"/><SP WIDTH="16" VPOS="325" HPOS="568"/>
							<String ID="string_44" HPOS="584" VPOS="331" WIDTH="70" HEIGHT="14" WC="0.96" CONTENT="annan"/><SP WIDTH="14" VPOS="331" HPOS="654"/>
							<String ID="string_45" HPOS="668" VPOS="324" WIDTH="111" HEIGHT="26" WC="0.96" CONTENT="händelse,"/><SP WIDTH="12" VPOS="324" HPOS="779"/>
							<String ID="string_46" HPOS="791" VPOS="324" WIDTH="52" HEIGHT="21" WC="0.96" CONTENT="eller"/><SP WIDTH="9" VPOS="324" HPOS="843"/>
							<String ID="string_47" HPOS="852" VPOS="323" WIDTH="38" HEIGHT="22" WC="0.93" CONTENT="der"/><SP WIDTH="9" VPOS="323" HPOS="890"/>
							<String ID="string_48" HPOS="899" VPOS="323" WIDTH="43" HEIGHT="22" WC="0.92" CONTENT="för-"/>
						</TextLine>
						<TextLine ID="line_6" HPOS="187" VPOS="357" WIDTH="756" HEIGHT="30">
							<String ID="string_49" HPOS="187" VPOS="359" WIDTH="155" HEIGHT="28" WC="0.91" CONTENT="säljningsman"/><SP WIDTH="21" VPOS="359" HPOS="342"/>
							<String ID="string_50" HPOS="363" VPOS="359" WIDTH="120" HEIGHT="22" WC="0.92" CONTENT="uraktläter"/><SP WIDTH="22" VPOS="359" HPOS="483"/>
							<String ID="string_51" HPOS="505" VPOS="361" WIDTH="33" HEIGHT="20" WC="0.96" CONTENT="att"/><SP WIDTH="15" VPOS="361" HPOS="538"/>
							<String ID="string_52" HPOS="553" VPOS="359" WIDTH="101" HEIGHT="26" WC="0.93" CONTENT="antingen"/><SP WIDTH="15" VPOS="359" HPOS="654"/>
							<String ID="string_53" HPOS="669" VPOS="358" WIDTH="134" HEIGHT="27" WC="0.92" CONTENT="inventering"/><SP WIDTH="14" VPOS="358" HPOS="803"/>
							<String ID="string_54" HPOS="817" VPOS="358" WIDTH="81" HEIGHT="27" WC="0.92" CONTENT="begära"/><SP WIDTH="15" VPOS="358" HPOS="898"/>
							<String ID="string_55" HPOS="913" VPOS="357" WIDTH="30" HEIGHT="22" WC="0.93" CONTENT="el-"/>
						</TextLine>
						<TextLine ID="line_7" HPOS="187" VPOS="392" WIDTH="756" HEIGHT="27">
							<String ID="string_56" HPOS="187" VPOS="393" WIDTH="33" HEIGHT="22" WC="0.95" CONTENT="ler"/><SP WIDTH="13" VPOS="393" HPOS="220"/>
							<String ID="string_57" HPOS="233" VPOS="395" WIDTH="33" HEIGHT="20" WC="0.96" CONTENT="att"/><SP WIDTH="14" VPOS="395" HPOS="266"/>
							<String ID="string_58" HPOS="280" VPOS="394" WIDTH="57" HEIGHT="21" WC="0.93" CONTENT="inom"/><SP WIDTH="15" VPOS="394" HPOS="337"/>
							<String ID="string_59" HPOS="352" VPOS="395" WIDTH="69" HEIGHT="20" WC="0.96" CONTENT="utsatt"/><SP WIDTH="15" VPOS="395" HPOS="421"/>
							<String ID="string_60" HPOS="436" VPOS="393" WIDTH="32" HEIGHT="22" WC="0.96" CONTENT="tid"/><SP WIDTH="14" VPOS="393" HPOS="468"/>
							<String ID="string_61" HPOS="482" VPOS="393" WIDTH="138" HEIGHT="26" WC="0.93" CONTENT="redovisning"/><SP WIDTH="16" VPOS="393" HPOS="620"/>
							<String ID="string_62" HPOS="636" VPOS="392" WIDTH="96" HEIGHT="26" WC="0.96" CONTENT="insända,"/><SP WIDTH="17" VPOS="392" HPOS="732"/>
							<String ID="string_63" HPOS="749" VPOS="392" WIDTH="55" HEIGHT="22" WC="0.93" CONTENT="skall"/><SP WIDTH="16" VPOS="392" HPOS="804"/>
							<String ID="string_64" HPOS="820" VPOS="392" WIDTH="77" HEIGHT="21" WC="0.91" CONTENT="sådant"/><SP WIDTH="9" VPOS="392" HPOS="897"/>
							<String ID="string_65" HPOS="906" VPOS="399" WIDTH="37" HEIGHT="14" WC="0.91" CONTENT="an-"/>
						</TextLine>
						<TextLine ID="line_8" HPOS="187" VPOS="426" WIDTH="756" HEIGHT="28">
							<String ID="string_66" HPOS="187" VPOS="433" WIDTH="36" HEIGHT="16" WC="0.92" CONTENT="ses"/><SP WIDTH="23" VPOS="433" HPOS="223"/>
							<String ID="string_67" HPOS="246" VPOS="428" WIDTH="72" HEIGHT="21" WC="0.92" CONTENT="säsom"/><SP WIDTH="22" VPOS="428" HPOS="318"/>
							<String ID="string_68" HPOS="340" VPOS="427" WIDTH="56" HEIGHT="22" WC="0.96" CONTENT="hade"/><SP WIDTH="17" VPOS="427" HPOS="396"/>
							<String ID="string_69" HPOS="413" VPOS="428" WIDTH="43" HEIGHT="21" WC="0.93" CONTENT="han"/><SP WIDTH="15" VPOS="428" HPOS="456"/>
							<String ID="string_70" HPOS="471" VPOS="427" WIDTH="75" HEIGHT="22" WC="0.92" CONTENT="försält"/><SP WIDTH="15" VPOS="427" HPOS="546"/>
							<String ID="string_71" HPOS="561" VPOS="427" WIDTH="39" HEIGHT="21" WC="0.96" CONTENT="allt"/><SP WIDTH="15" VPOS="427" HPOS="600"/>
							<String ID="string_72" HPOS="615" VPOS="427" WIDTH="37" HEIGHT="21" WC="0.93" CONTENT="det"/><SP WIDTH="15" VPOS="427" HPOS="652"/>
							<String ID="string_73" HPOS="667" VPOS="427" WIDTH="120" HEIGHT="27" WC="0.92" CONTENT="stämplade"/><SP WIDTH="16" VPOS="427" HPOS="787"/>
							<String ID="string_74" HPOS="803" VPOS="433" WIDTH="82" HEIGHT="20" WC="0.93" CONTENT="papper"/><SP WIDTH="14" VPOS="433" HPOS="885"/>
							<String ID="string_75" HPOS="899" VPOS="426" WIDTH="44" HEIGHT="21" WC="0.96" CONTENT="han"/>
						</TextLine>
						<TextLine ID="line_9" HPOS="189" VPOS="461" WIDTH="676" HEIGHT="28">
							<String ID="string_76" HPOS="189" VPOS="462" WIDTH="119" HEIGHT="27" WC="0.92" CONTENT="emottagit,"/><SP WIDTH="17" VPOS="462" HPOS="308"/>
							<String ID="string_77" HPOS="325" VPOS="464" WIDTH="56" HEIGHT="19" WC="0.96" CONTENT="samt"/><SP WIDTH="14" VPOS="464" HPOS="381"/>
							<String ID="string_78" HPOS="395" VPOS="462" WIDTH="111" HEIGHT="26" WC="0.93" CONTENT="betalning"/><SP WIDTH="16" VPOS="462" HPOS="506"/>
							<String ID="string_79" HPOS="522" VPOS="461" WIDTH="84" HEIGHT="22" WC="0.92" CONTENT="derföre"/><SP WIDTH="15" VPOS="461" HPOS="606"/>
							<String ID="string_80" HPOS="621" VPOS="461" WIDTH="39" HEIGHT="22" WC="0.94" CONTENT="hos"/><SP WIDTH="15" VPOS="461" HPOS="660"/>
							<String ID="string_81" HPOS="675" VPOS="461" WIDTH="80" HEIGHT="22" WC="0.93" CONTENT="honom"/><SP WIDTH="14" VPOS="461" HPOS="755"/>
							<String ID="string_82" HPOS="769" VPOS="461" WIDTH="96" HEIGHT="22" WC="0.92" CONTENT="utsökas."/>
						</TextLine>
					</TextBlock>
				</ComposedBlock>
				<ComposedBlock ID="cblock_2" HPOS="189" VPOS="513" WIDTH="760" HEIGHT="653">
					<TextBlock ID="block_2" HPOS="540" VPOS="513" WIDTH="60" HEIGHT="27">
						<TextLine ID="line_10" HPOS="540" VPOS="513" WIDTH="60" HEIGHT="27">
							<String ID="string_83" HPOS="540" VPOS="513" WIDTH="11" HEIGHT="27" WC="0.87" CONTENT="8"/><SP WIDTH="16" VPOS="513" HPOS="551"/>
							<String ID="string_84" HPOS="567" VPOS="515" WIDTH="33" HEIGHT="19" WC="0.87" CONTENT="36."/>
						</TextLine>
					</TextBlock>
					<TextBlock ID="block_3" HPOS="189" VPOS="552" WIDTH="757" HEIGHT="266">
						<TextLine ID="line_11" HPOS="258" VPOS="552" WIDTH="687" HEIGHT="29">
							<String ID="string_85" HPOS="258" VPOS="554" WIDTH="40" HEIGHT="21" WC="0.93" CONTENT="Till"/><SP WIDTH="23" VPOS="554" HPOS="298"/>
							<String ID="string_86" HPOS="321" VPOS="553" WIDTH="253" HEIGHT="28" WC="0.92" CONTENT="Registratorskontoren"/><SP WIDTH="23" VPOS="553" HPOS="574"/>
							<String ID="string_87" HPOS="597" VPOS="553" WIDTH="35" HEIGHT="22" WC="0.93" CONTENT="vid"/><SP WIDTH="23" VPOS="553" HPOS="632"/>
							<String ID="string_88" HPOS="655" VPOS="553" WIDTH="105" HEIGHT="22" WC="0.92" CONTENT="Senatens"/><SP WIDTH="22" VPOS="553" HPOS="760"/>
							<String ID="string_89" HPOS="782" VPOS="553" WIDTH="99" HEIGHT="21" WC="0.92" CONTENT="Justitie-"/><SP WIDTH="23" VPOS="553" HPOS="881"/>
							<String ID="string_90" HPOS="904" VPOS="552" WIDTH="41" HEIGHT="22" WC="0.96" CONTENT="och"/>
						</TextLine>
						<TextLine ID="line_12" HPOS="189" VPOS="587" WIDTH="755" HEIGHT="28">
							<String ID="string_91" HPOS="189" VPOS="588" WIDTH="270" HEIGHT="27" WC="0.92" CONTENT="Ekonomiedepartement"/><SP WIDTH="14" VPOS="588" HPOS="459"/>
							<String ID="string_92" HPOS="473" VPOS="588" WIDTH="56" HEIGHT="21" WC="0.93" CONTENT="skall"/><SP WIDTH="16" VPOS="588" HPOS="529"/>
							<String ID="string_93" HPOS="545" VPOS="587" WIDTH="119" HEIGHT="28" WC="0.93" CONTENT="framdeles,"/><SP WIDTH="16" VPOS="587" HPOS="664"/>
							<String ID="string_94" HPOS="680" VPOS="588" WIDTH="91" HEIGHT="21" WC="0.91" CONTENT="likasom"/><SP WIDTH="15" VPOS="588" HPOS="771"/>
							<String ID="string_95" HPOS="786" VPOS="587" WIDTH="91" HEIGHT="26" WC="0.92" CONTENT="härtills,"/><SP WIDTH="14" VPOS="587" HPOS="877"/>
							<String ID="string_96" HPOS="891" VPOS="587" WIDTH="53" HEIGHT="21" WC="0.92" CONTENT="ifrän"/>
						</TextLine>
						<TextLine ID="line_13" HPOS="190" VPOS="621" WIDTH="754" HEIGHT="29">
							<String ID="string_97" HPOS="190" VPOS="623" WIDTH="175" HEIGHT="22" WC="0.92" CONTENT="Landskontoret"/><SP WIDTH="18" VPOS="623" HPOS="365"/>
							<String ID="string_98" HPOS="383" VPOS="623" WIDTH="7" HEIGHT="22" WC="0.93" CONTENT="i"/><SP WIDTH="18" VPOS="623" HPOS="390"/>
							<String ID="string_99" HPOS="408" VPOS="623" WIDTH="60" HEIGHT="22" WC="0.92" CONTENT="länet"/><SP WIDTH="14" VPOS="623" HPOS="468"/>
							<String ID="string_100" HPOS="482" VPOS="623" WIDTH="106" HEIGHT="21" WC="0.92" CONTENT="utlemnas"/><SP WIDTH="16" VPOS="623" HPOS="588"/>
							<String ID="string_101" HPOS="604" VPOS="622" WIDTH="118" HEIGHT="28" WC="0.92" CONTENT="stämpladt"/><SP WIDTH="14" VPOS="622" HPOS="722"/>
							<String ID="string_102" HPOS="736" VPOS="629" WIDTH="82" HEIGHT="21" WC="0.92" CONTENT="papper"/><SP WIDTH="14" VPOS="629" HPOS="818"/>
							<String ID="string_103" HPOS="832" VPOS="621" WIDTH="29" HEIGHT="28" WC="0.93" CONTENT="pä"/><SP WIDTH="14" VPOS="621" HPOS="861"/>
							<String ID="string_104" HPOS="875" VPOS="622" WIDTH="69" HEIGHT="27" WC="0.91" CONTENT="regvi-"/>
						</TextLine>
						<TextLine ID="line_14" HPOS="190" VPOS="656" WIDTH="755" HEIGHT="29">
							<String ID="string_105" HPOS="190" VPOS="658" WIDTH="66" HEIGHT="21" WC="0.93" CONTENT="sition"/><SP WIDTH="18" VPOS="658" HPOS="256"/>
							<String ID="string_106" HPOS="274" VPOS="657" WIDTH="24" HEIGHT="22" WC="0.96" CONTENT="af"/><SP WIDTH="16" VPOS="657" HPOS="298"/>
							<String ID="string_107" HPOS="314" VPOS="658" WIDTH="161" HEIGHT="21" WC="0.93" CONTENT="vederbörande"/><SP WIDTH="20" VPOS="658" HPOS="475"/>
							<String ID="string_108" HPOS="495" VPOS="657" WIDTH="141" HEIGHT="28" WC="0.92" CONTENT="Registrator,"/><SP WIDTH="20" VPOS="657" HPOS="636"/>
							<String ID="string_109" HPOS="656" VPOS="657" WIDTH="87" HEIGHT="22" WC="0.92" CONTENT="hvilken"/><SP WIDTH="20" VPOS="657" HPOS="743"/>
							<String ID="string_110" HPOS="763" VPOS="657" WIDTH="36" HEIGHT="21" WC="0.93" CONTENT="det"/><SP WIDTH="16" VPOS="657" HPOS="799"/>
							<String ID="string_111" HPOS="815" VPOS="656" WIDTH="82" HEIGHT="28" WC="0.92" CONTENT="äligger"/><SP WIDTH="16" VPOS="656" HPOS="897"/>
							<String ID="string_112" HPOS="913" VPOS="658" WIDTH="32" HEIGHT="20" WC="0.96" CONTENT="att"/>
						</TextLine>
						<TextLine ID="line_15" HPOS="191" VPOS="691" WIDTH="754" HEIGHT="29">
							<String ID="string_113" HPOS="191" VPOS="693" WIDTH="73" HEIGHT="27" WC="0.96" CONTENT="hvarje"/><SP WIDTH="24" VPOS="693" HPOS="264"/>
							<String ID="string_114" HPOS="288" VPOS="693" WIDTH="30" HEIGHT="26" WC="0.86" CONTENT="är,"/><SP WIDTH="16" VPOS="693" HPOS="318"/>
							<String ID="string_115" HPOS="334" VPOS="693" WIDTH="28" HEIGHT="27" WC="0.96" CONTENT="pä"/><SP WIDTH="15" VPOS="693" HPOS="362"/>
							<String ID="string_116" HPOS="377" VPOS="694" WIDTH="45" HEIGHT="20" WC="0.93" CONTENT="sätt"/><SP WIDTH="15" VPOS="694" HPOS="422"/>
							<String ID="string_117" HPOS="437" VPOS="692" WIDTH="74" HEIGHT="22" WC="0.96" CONTENT="derom"/><SP WIDTH="15" VPOS="692" HPOS="511"/>
							<String ID="string_118" HPOS="526" VPOS="692" WIDTH="105" HEIGHT="21" WC="0.96" CONTENT="särskildt"/><SP WIDTH="13" VPOS="692" HPOS="631"/>
							<String ID="string_119" HPOS="644" VPOS="694" WIDTH="24" HEIGHT="19" WC="0.93" CONTENT="är"/><SP WIDTH="14" VPOS="694" HPOS="668"/>
							<String ID="string_120" HPOS="682" VPOS="691" WIDTH="132" HEIGHT="27" WC="0.92" CONTENT="förordnadt,"/><SP WIDTH="17" VPOS="691" HPOS="814"/>
							<String ID="string_121" HPOS="831" VPOS="691" WIDTH="32" HEIGHT="22" WC="0.93" CONTENT="till"/><SP WIDTH="14" VPOS="691" HPOS="863"/>
							<String ID="string_122" HPOS="877" VPOS="691" WIDTH="68" HEIGHT="22" WC="0.93" CONTENT="Läne-"/>
						</TextLine>
						<TextLine ID="line_16" HPOS="190" VPOS="726" WIDTH="756" HEIGHT="29">
							<String ID="string_123" HPOS="190" VPOS="727" WIDTH="110" HEIGHT="28" WC="0.92" CONTENT="styrelsen"/><SP WIDTH="16" VPOS="727" HPOS="300"/>
							<String ID="string_124" HPOS="316" VPOS="727" WIDTH="79" HEIGHT="27" WC="0.92" CONTENT="afgifva"/><SP WIDTH="14" VPOS="727" HPOS="395"/>
							<String ID="string_125" HPOS="409" VPOS="727" WIDTH="66" HEIGHT="26" WC="0.93" CONTENT="ligvid"/><SP WIDTH="15" VPOS="727" HPOS="475"/>
							<String ID="string_126" HPOS="490" VPOS="727" WIDTH="34" HEIGHT="22" WC="0.96" CONTENT="för"/><SP WIDTH="14" VPOS="727" HPOS="524"/>
							<String ID="string_127" HPOS="538" VPOS="727" WIDTH="37" HEIGHT="21" WC="0.93" CONTENT="det"/><SP WIDTH="15" VPOS="727" HPOS="575"/>
							<String ID="string_128" HPOS="590" VPOS="727" WIDTH="120" HEIGHT="27" WC="0.92" CONTENT="stämplade"/><SP WIDTH="15" VPOS="727" HPOS="710"/>
							<String ID="string_129" HPOS="725" VPOS="732" WIDTH="82" HEIGHT="22" WC="0.92" CONTENT="papper"/><SP WIDTH="13" VPOS="732" HPOS="807"/>
							<String ID="string_130" HPOS="820" VPOS="726" WIDTH="43" HEIGHT="21" WC="0.96" CONTENT="han"/><SP WIDTH="15" VPOS="726" HPOS="863"/>
							<String ID="string_131" HPOS="878" VPOS="726" WIDTH="68" HEIGHT="21" WC="0.96" CONTENT="under"/>
						</TextLine>
						<TextLine ID="line_17" HPOS="190" VPOS="761" WIDTH="756" HEIGHT="28">
							<String ID="string_132" HPOS="190" VPOS="762" WIDTH="76" HEIGHT="27" WC="0.93" CONTENT="loppet"/><SP WIDTH="20" VPOS="762" HPOS="266"/>
							<String ID="string_133" HPOS="286" VPOS="761" WIDTH="23" HEIGHT="22" WC="0.96" CONTENT="af"/><SP WIDTH="19" VPOS="761" HPOS="309"/>
							<String ID="string_134" HPOS="328" VPOS="761" WIDTH="37" HEIGHT="23" WC="0.92" CONTENT="det"/><SP WIDTH="18" VPOS="761" HPOS="365"/>
							<String ID="string_135" HPOS="383" VPOS="761" WIDTH="193" HEIGHT="28" WC="0.92" CONTENT="nästförutgängna"/><SP WIDTH="20" VPOS="761" HPOS="576"/>
							<String ID="string_136" HPOS="596" VPOS="761" WIDTH="46" HEIGHT="22" WC="0.92" CONTENT="äret"/><SP WIDTH="19" VPOS="761" HPOS="642"/>
							<String ID="string_137" HPOS="661" VPOS="763" WIDTH="58" HEIGHT="20" WC="0.93" CONTENT="emot"/><SP WIDTH="19" VPOS="763" HPOS="719"/>
							<String ID="string_138" HPOS="738" VPOS="761" WIDTH="68" HEIGHT="22" WC="0.92" CONTENT="sädan"/><SP WIDTH="15" VPOS="761" HPOS="806"/>
							<String ID="string_139" HPOS="821" VPOS="761" WIDTH="125" HEIGHT="26" WC="0.91" CONTENT="regvisition"/>
						</TextLine>
						<TextLine ID="line_18" HPOS="191" VPOS="797" WIDTH="91" HEIGHT="21">
							<String ID="string_140" HPOS="191" VPOS="797" WIDTH="91" HEIGHT="21" WC="0.92" CONTENT="erhällit."/>
						</TextLine>
					</TextBlock>
					<TextBlock ID="block_4" HPOS="191" VPOS="829" WIDTH="756" HEIGHT="196">
						<TextLine ID="line_19" HPOS="260" VPOS="829" WIDTH="685" HEIGHT="29">
							<String ID="string_141" HPOS="260" VPOS="831" WIDTH="42" HEIGHT="21" WC="0.93" CONTENT="Vid"/><SP WIDTH="20" VPOS="831" HPOS="302"/>
							<String ID="string_142" HPOS="322" VPOS="831" WIDTH="167" HEIGHT="27" WC="0.92" CONTENT="Länestyrelsen"/><SP WIDTH="16" VPOS="831" HPOS="489"/>
							<String ID="string_143" HPOS="505" VPOS="831" WIDTH="6" HEIGHT="20" WC="0.93" CONTENT="i"/><SP WIDTH="15" VPOS="831" HPOS="511"/>
							<String ID="string_144" HPOS="526" VPOS="830" WIDTH="89" HEIGHT="27" WC="0.92" CONTENT="Wiborg"/><SP WIDTH="15" VPOS="830" HPOS="615"/>
							<String ID="string_145" HPOS="630" VPOS="831" WIDTH="51" HEIGHT="25" WC="0.93" CONTENT="äger"/><SP WIDTH="15" VPOS="831" HPOS="681"/>
							<String ID="string_146" HPOS="696" VPOS="829" WIDTH="211" HEIGHT="22" WC="0.90" CONTENT="kanslibokhällaren"/><SP WIDTH="14" VPOS="829" HPOS="907"/>
							<String ID="string_147" HPOS="921" VPOS="829" WIDTH="24" HEIGHT="22" WC="0.89" CONTENT="li-"/>
						</TextLine>
						<TextLine ID="line_20" HPOS="191" VPOS="864" WIDTH="756" HEIGHT="28">
							<String ID="string_148" HPOS="191" VPOS="865" WIDTH="96" HEIGHT="26" WC="0.92" CONTENT="kaledes,"/><SP WIDTH="16" VPOS="865" HPOS="287"/>
							<String ID="string_149" HPOS="303" VPOS="867" WIDTH="58" HEIGHT="20" WC="0.93" CONTENT="emot"/><SP WIDTH="9" VPOS="867" HPOS="361"/>
							<String ID="string_150" HPOS="370" VPOS="864" WIDTH="271" HEIGHT="28" WC="0.92" CONTENT="redovisningsskyldighet"/><SP WIDTH="9" VPOS="864" HPOS="641"/>
							<String ID="string_151" HPOS="650" VPOS="864" WIDTH="34" HEIGHT="21" WC="0.93" CONTENT="för"/><SP WIDTH="9" VPOS="864" HPOS="684"/>
							<String ID="string_152" HPOS="693" VPOS="864" WIDTH="134" HEIGHT="27" WC="0.93" CONTENT="kalenderär,"/><SP WIDTH="12" VPOS="864" HPOS="827"/>
							<String ID="string_153" HPOS="839" VPOS="864" WIDTH="28" HEIGHT="27" WC="0.93" CONTENT="pä"/><SP WIDTH="8" VPOS="864" HPOS="867"/>
							<String ID="string_154" HPOS="875" VPOS="864" WIDTH="72" HEIGHT="21" WC="0.92" CONTENT="skrift-"/>
						</TextLine>
						<TextLine ID="line_21" HPOS="191" VPOS="898" WIDTH="756" HEIGHT="29">
							<String ID="string_155" HPOS="191" VPOS="899" WIDTH="31" HEIGHT="28" WC="0.93" CONTENT="lig"/><SP WIDTH="20" VPOS="899" HPOS="222"/>
							<String ID="string_156" HPOS="242" VPOS="899" WIDTH="22" HEIGHT="22" WC="0.93" CONTENT="af"/><SP WIDTH="19" VPOS="899" HPOS="264"/>
							<String ID="string_157" HPOS="283" VPOS="899" WIDTH="105" HEIGHT="22" WC="0.92" CONTENT="ordinarie"/><SP WIDTH="19" VPOS="899" HPOS="388"/>
							<String ID="string_158" HPOS="407" VPOS="899" WIDTH="223" HEIGHT="22" WC="0.91" CONTENT="Landssekreteraren"/><SP WIDTH="20" VPOS="899" HPOS="630"/>
							<String ID="string_159" HPOS="650" VPOS="899" WIDTH="101" HEIGHT="26" WC="0.92" CONTENT="godkänd"/><SP WIDTH="14" VPOS="899" HPOS="751"/>
							<String ID="string_160" HPOS="765" VPOS="899" WIDTH="126" HEIGHT="26" WC="0.91" CONTENT="regvisition"/><SP WIDTH="16" VPOS="899" HPOS="891"/>
							<String ID="string_161" HPOS="907" VPOS="898" WIDTH="40" HEIGHT="21" WC="0.96" CONTENT="och"/>
						</TextLine>
						<TextLine ID="line_22" HPOS="192" VPOS="933" WIDTH="755" HEIGHT="27">
							<String ID="string_162" HPOS="192" VPOS="933" WIDTH="56" HEIGHT="23" WC="0.93" CONTENT="efter"/><SP WIDTH="18" VPOS="933" HPOS="248"/>
							<String ID="string_163" HPOS="266" VPOS="934" WIDTH="185" HEIGHT="22" WC="0.91" CONTENT="Landskontorets"/><SP WIDTH="20" VPOS="934" HPOS="451"/>
							<String ID="string_164" HPOS="471" VPOS="933" WIDTH="119" HEIGHT="27" WC="0.91" CONTENT="anordning"/><SP WIDTH="15" VPOS="933" HPOS="590"/>
							<String ID="string_165" HPOS="605" VPOS="933" WIDTH="46" HEIGHT="22" WC="0.92" CONTENT="frän"/><SP WIDTH="15" VPOS="933" HPOS="651"/>
							<String ID="string_166" HPOS="666" VPOS="933" WIDTH="176" HEIGHT="22" WC="0.91" CONTENT="Landtränteriet"/><SP WIDTH="14" VPOS="933" HPOS="842"/>
							<String ID="string_167" HPOS="856" VPOS="933" WIDTH="29" HEIGHT="27" WC="0.93" CONTENT="pä"/><SP WIDTH="14" VPOS="933" HPOS="885"/>
							<String ID="string_168" HPOS="899" VPOS="933" WIDTH="48" HEIGHT="21" WC="0.92" CONTENT="kre-"/>
						</TextLine>
						<TextLine ID="line_23" HPOS="194" VPOS="967" WIDTH="753" HEIGHT="28">
							<String ID="string_169" HPOS="194" VPOS="969" WIDTH="31" HEIGHT="21" WC="0.93" CONTENT="dit"/><SP WIDTH="18" VPOS="969" HPOS="225"/>
							<String ID="string_170" HPOS="243" VPOS="969" WIDTH="139" HEIGHT="21" WC="0.92" CONTENT="utbekomma"/><SP WIDTH="20" VPOS="969" HPOS="382"/>
							<String ID="string_171" HPOS="402" VPOS="968" WIDTH="37" HEIGHT="21" WC="0.93" CONTENT="det"/><SP WIDTH="18" VPOS="968" HPOS="439"/>
							<String ID="string_172" HPOS="457" VPOS="968" WIDTH="175" HEIGHT="27" WC="0.92" CONTENT="stämpelpapper"/><SP WIDTH="17" VPOS="968" HPOS="632"/>
							<String ID="string_173" HPOS="649" VPOS="967" WIDTH="41" HEIGHT="22" WC="0.96" CONTENT="och"/><SP WIDTH="21" VPOS="967" HPOS="690"/>
							<String ID="string_174" HPOS="711" VPOS="967" WIDTH="26" HEIGHT="22" WC="0.93" CONTENT="de"/><SP WIDTH="16" VPOS="967" HPOS="737"/>
							<String ID="string_175" HPOS="753" VPOS="967" WIDTH="119" HEIGHT="27" WC="0.91" CONTENT="stämplade"/><SP WIDTH="15" VPOS="967" HPOS="872"/>
							<String ID="string_176" HPOS="887" VPOS="967" WIDTH="60" HEIGHT="22" WC="0.92" CONTENT="blan-"/>
						</TextLine>
						<TextLine ID="line_24" HPOS="192" VPOS="1001" WIDTH="493" HEIGHT="24">
							<String ID="string_177" HPOS="192" VPOS="1003" WIDTH="74" HEIGHT="22" WC="0.92" CONTENT="ketter"/><SP WIDTH="15" VPOS="1003" HPOS="266"/>
							<String ID="string_178" HPOS="281" VPOS="1009" WIDTH="46" HEIGHT="15" WC="0.96" CONTENT="som"/><SP WIDTH="15" VPOS="1009" HPOS="327"/>
							<String ID="string_179" HPOS="342" VPOS="1003" WIDTH="36" HEIGHT="21" WC="0.93" CONTENT="vid"/><SP WIDTH="13" VPOS="1003" HPOS="378"/>
							<String ID="string_180" HPOS="391" VPOS="1002" WIDTH="165" HEIGHT="22" WC="0.92" CONTENT="Landskansliet"/><SP WIDTH="16" VPOS="1002" HPOS="556"/>
							<String ID="string_181" HPOS="572" VPOS="1001" WIDTH="113" HEIGHT="22" WC="0.92" CONTENT="erfordras."/>
						</TextLine>
					</TextBlock>
					<TextBlock ID="block_5" HPOS="194" VPOS="1036" WIDTH="755" HEIGHT="130">
						<TextLine ID="line_25" HPOS="262" VPOS="1036" WIDTH="686" HEIGHT="28">
							<String ID="string_182" HPOS="262" VPOS="1037" WIDTH="118" HEIGHT="21" WC="0.91" CONTENT="Enahanda"/><SP WIDTH="14" VPOS="1037" HPOS="380"/>
							<String ID="string_183" HPOS="394" VPOS="1037" WIDTH="105" HEIGHT="26" WC="0.92" CONTENT="rättighet"/><SP WIDTH="15" VPOS="1037" HPOS="499"/>
							<String ID="string_184" HPOS="514" VPOS="1038" WIDTH="32" HEIGHT="19" WC="0.96" CONTENT="att"/><SP WIDTH="16" VPOS="1038" HPOS="546"/>
							<String ID="string_185" HPOS="562" VPOS="1038" WIDTH="58" HEIGHT="19" WC="0.93" CONTENT="emot"/><SP WIDTH="16" VPOS="1038" HPOS="620"/>
							<String ID="string_186" HPOS="636" VPOS="1036" WIDTH="53" HEIGHT="26" WC="0.92" CONTENT="ärlig"/><SP WIDTH="14" VPOS="1036" HPOS="689"/>
							<String ID="string_187" HPOS="703" VPOS="1036" WIDTH="245" HEIGHT="28" WC="0.91" CONTENT="redovisningsskyldig-"/>
						</TextLine>
						<TextLine ID="line_26" HPOS="194" VPOS="1066" WIDTH="753" HEIGHT="32">
							<String ID="string_188" HPOS="194" VPOS="1072" WIDTH="38" HEIGHT="20" WC="0.96" CONTENT="het"/><SP WIDTH="18" VPOS="1072" HPOS="232"/>
							<String ID="string_189" HPOS="250" VPOS="1072" WIDTH="29" HEIGHT="26" WC="0.92" CONTENT="pä"/><SP WIDTH="17" VPOS="1072" HPOS="279"/>
							<String ID="string_190" HPOS="296" VPOS="1071" WIDTH="71" HEIGHT="21" WC="0.92" CONTENT="kredit"/><SP WIDTH="19" VPOS="1071" HPOS="367"/>
							<String ID="string_191" HPOS="386" VPOS="1066" WIDTH="81" HEIGHT="26" WC="0.91" CONTENT="erhälla"/><SP WIDTH="18" VPOS="1066" HPOS="467"/>
							<String ID="string_192" HPOS="485" VPOS="1070" WIDTH="119" HEIGHT="27" WC="0.92" CONTENT="stämplade"/><SP WIDTH="14" VPOS="1070" HPOS="604"/>
							<String ID="string_193" HPOS="618" VPOS="1070" WIDTH="124" HEIGHT="22" WC="0.92" CONTENT="blanketter"/><SP WIDTH="15" VPOS="1070" HPOS="742"/>
							<String ID="string_194" HPOS="757" VPOS="1070" WIDTH="40" HEIGHT="22" WC="0.96" CONTENT="och"/><SP WIDTH="15" VPOS="1070" HPOS="797"/>
							<String ID="string_195" HPOS="812" VPOS="1070" WIDTH="33" HEIGHT="21" WC="0.93" CONTENT="till"/><SP WIDTH="16" VPOS="1070" HPOS="845"/>
							<String ID="string_196" HPOS="861" VPOS="1070" WIDTH="86" HEIGHT="27" WC="0.92" CONTENT="expedi-"/>
						</TextLine>
						<TextLine ID="line_27" HPOS="195" VPOS="1104" WIDTH="754" HEIGHT="28">
							<String ID="string_197" HPOS="195" VPOS="1106" WIDTH="69" HEIGHT="21" WC="0.91" CONTENT="tioner"/><SP WIDTH="17" VPOS="1106" HPOS="264"/>
							<String ID="string_198" HPOS="281" VPOS="1105" WIDTH="135" HEIGHT="27" WC="0.90" CONTENT="erforderligt"/><SP WIDTH="15" VPOS="1105" HPOS="416"/>
							<String ID="string_199" HPOS="431" VPOS="1105" WIDTH="174" HEIGHT="27" WC="0.92" CONTENT="stämpelpapper"/><SP WIDTH="15" VPOS="1105" HPOS="605"/>
							<String ID="string_200" HPOS="620" VPOS="1104" WIDTH="83" HEIGHT="27" WC="0.91" CONTENT="ätnjuta"/><SP WIDTH="11" VPOS="1104" HPOS="703"/>
							<String ID="string_201" HPOS="714" VPOS="1104" WIDTH="235" HEIGHT="22" WC="0.91" CONTENT="Landssekreterarene"/>
						</TextLine>
						<TextLine ID="line_28" HPOS="194" VPOS="1138" WIDTH="752" HEIGHT="28">
							<String ID="string_202" HPOS="194" VPOS="1143" WIDTH="8" HEIGHT="21" WC="0.96" CONTENT="i"/><SP WIDTH="23" VPOS="1143" HPOS="202"/>
							<String ID="string_203" HPOS="225" VPOS="1140" WIDTH="27" HEIGHT="21" WC="0.93" CONTENT="de"/><SP WIDTH="22" VPOS="1140" HPOS="252"/>
							<String ID="string_204" HPOS="274" VPOS="1139" WIDTH="69" HEIGHT="27" WC="0.95" CONTENT="öfriga"/><SP WIDTH="24" VPOS="1139" HPOS="343"/>
							<String ID="string_205" HPOS="367" VPOS="1139" WIDTH="64" HEIGHT="21" WC="0.95" CONTENT="länen"/><SP WIDTH="15" VPOS="1139" HPOS="431"/>
							<String ID="string_206" HPOS="446" VPOS="1138" WIDTH="107" HEIGHT="22" WC="0.95" CONTENT="äfvensom"/><SP WIDTH="15" VPOS="1138" HPOS="553"/>
							<String ID="string_207" HPOS="568" VPOS="1138" WIDTH="161" HEIGHT="22" WC="0.93" CONTENT="vederbörande"/><SP WIDTH="16" VPOS="1138" HPOS="729"/>
							<String ID="string_208" HPOS="745" VPOS="1138" WIDTH="201" HEIGHT="22" WC="0.92" CONTENT="Landskamrerare."/>
						</TextLine>
					</TextBlock>
				</ComposedBlock>
				<ComposedBlock ID="cblock_3" HPOS="195" VPOS="1184" WIDTH="756" HEIGHT="314">
					<TextBlock ID="block_6" HPOS="546" VPOS="1184" WIDTH="60" HEIGHT="27">
						<TextLine ID="line_29" HPOS="546" VPOS="1184" WIDTH="60" HEIGHT="27">
							<String ID="string_209" HPOS="546" VPOS="1184" WIDTH="10" HEIGHT="27" WC="0.92" CONTENT="$"/><SP WIDTH="17" VPOS="1184" HPOS="556"/>
							<String ID="string_210" HPOS="573" VPOS="1186" WIDTH="33" HEIGHT="19" WC="0.95" CONTENT="37."/>
						</TextLine>
					</TextBlock>
					<TextBlock ID="block_7" HPOS="195" VPOS="1220" WIDTH="756" HEIGHT="240">
						<TextLine ID="line_30" HPOS="264" VPOS="1220" WIDTH="686" HEIGHT="31">
							<String ID="string_211" HPOS="264" VPOS="1220" WIDTH="110" HEIGHT="26" WC="0.91" CONTENT="Åstundar"/><SP WIDTH="18" VPOS="1220" HPOS="374"/>
							<String ID="string_212" HPOS="392" VPOS="1225" WIDTH="175" HEIGHT="25" WC="0.91" CONTENT="Häradshöfding"/><SP WIDTH="20" VPOS="1225" HPOS="567"/>
							<String ID="string_213" HPOS="587" VPOS="1226" WIDTH="33" HEIGHT="19" WC="0.96" CONTENT="att"/><SP WIDTH="20" VPOS="1226" HPOS="620"/>
							<String ID="string_214" HPOS="640" VPOS="1224" WIDTH="33" HEIGHT="21" WC="0.96" CONTENT="för"/><SP WIDTH="19" VPOS="1224" HPOS="673"/>
							<String ID="string_215" HPOS="692" VPOS="1224" WIDTH="27" HEIGHT="22" WC="0.96" CONTENT="de"/><SP WIDTH="16" VPOS="1224" HPOS="719"/>
							<String ID="string_216" HPOS="735" VPOS="1224" WIDTH="152" HEIGHT="27" WC="0.95" CONTENT="expeditioner,"/><SP WIDTH="17" VPOS="1224" HPOS="887"/>
							<String ID="string_217" HPOS="904" VPOS="1230" WIDTH="46" HEIGHT="15" WC="0.96" CONTENT="som"/>
						</TextLine>
						<TextLine ID="line_31" HPOS="195" VPOS="1257" WIDTH="755" HEIGHT="28">
							<String ID="string_218" HPOS="195" VPOS="1259" WIDTH="24" HEIGHT="21" WC="0.96" CONTENT="af"/><SP WIDTH="16" VPOS="1259" HPOS="219"/>
							<String ID="string_219" HPOS="235" VPOS="1259" WIDTH="80" HEIGHT="21" WC="0.95" CONTENT="honom"/><SP WIDTH="18" VPOS="1259" HPOS="315"/>
							<String ID="string_220" HPOS="333" VPOS="1258" WIDTH="105" HEIGHT="27" WC="0.93" CONTENT="utfärdas,"/><SP WIDTH="19" VPOS="1258" HPOS="438"/>
							<String ID="string_221" HPOS="457" VPOS="1258" WIDTH="46" HEIGHT="22" WC="0.91" CONTENT="utfå"/><SP WIDTH="19" VPOS="1258" HPOS="503"/>
							<String ID="string_222" HPOS="522" VPOS="1258" WIDTH="117" HEIGHT="26" WC="0.91" CONTENT="stämpladt"/><SP WIDTH="19" VPOS="1258" HPOS="639"/>
							<String ID="string_223" HPOS="658" VPOS="1264" WIDTH="82" HEIGHT="21" WC="0.96" CONTENT="papper"/><SP WIDTH="19" VPOS="1264" HPOS="740"/>
							<String ID="string_224" HPOS="759" VPOS="1258" WIDTH="28" HEIGHT="27" WC="0.96" CONTENT="på"/><SP WIDTH="15" VPOS="1258" HPOS="787"/>
							<String ID="string_225" HPOS="802" VPOS="1258" WIDTH="77" HEIGHT="26" WC="0.95" CONTENT="kredit,"/><SP WIDTH="16" VPOS="1258" HPOS="879"/>
							<String ID="string_226" HPOS="895" VPOS="1257" WIDTH="55" HEIGHT="21" WC="0.95" CONTENT="skall"/>
						</TextLine>
						<TextLine ID="line_32" HPOS="196" VPOS="1292" WIDTH="755" HEIGHT="27">
							<String ID="string_227" HPOS="196" VPOS="1294" WIDTH="43" HEIGHT="21" WC="0.95" CONTENT="han"/><SP WIDTH="19" VPOS="1294" HPOS="239"/>
							<String ID="string_228" HPOS="258" VPOS="1294" WIDTH="74" HEIGHT="21" WC="0.96" CONTENT="derom"/><SP WIDTH="19" VPOS="1294" HPOS="332"/>
							<String ID="string_229" HPOS="351" VPOS="1293" WIDTH="84" HEIGHT="21" WC="0.96" CONTENT="anmäla"/><SP WIDTH="18" VPOS="1293" HPOS="435"/>
							<String ID="string_230" HPOS="453" VPOS="1293" WIDTH="40" HEIGHT="21" WC="0.93" CONTENT="hos"/><SP WIDTH="18" VPOS="1293" HPOS="493"/>
							<String ID="string_231" HPOS="511" VPOS="1292" WIDTH="165" HEIGHT="27" WC="0.90" CONTENT="Länestyrelsen"/><SP WIDTH="22" VPOS="1292" HPOS="676"/>
							<String ID="string_232" HPOS="698" VPOS="1292" WIDTH="46" HEIGHT="26" WC="0.96" CONTENT="och,"/><SP WIDTH="17" VPOS="1292" HPOS="744"/>
							<String ID="string_233" HPOS="761" VPOS="1292" WIDTH="57" HEIGHT="26" WC="0.96" CONTENT="uppå"/><SP WIDTH="15" VPOS="1292" HPOS="818"/>
							<String ID="string_234" HPOS="833" VPOS="1292" WIDTH="118" HEIGHT="26" WC="0.96" CONTENT="anordning"/>
						</TextLine>
						<TextLine ID="line_33" HPOS="196" VPOS="1326" WIDTH="754" HEIGHT="28">
							<String ID="string_235" HPOS="196" VPOS="1328" WIDTH="24" HEIGHT="22" WC="0.91" CONTENT="af"/><SP WIDTH="12" VPOS="1328" HPOS="220"/>
							<String ID="string_236" HPOS="232" VPOS="1328" WIDTH="179" HEIGHT="26" WC="0.91" CONTENT="Landskontoret,"/><SP WIDTH="16" VPOS="1328" HPOS="411"/>
							<String ID="string_237" HPOS="427" VPOS="1326" WIDTH="48" HEIGHT="22" WC="0.93" CONTENT="från"/><SP WIDTH="14" VPOS="1326" HPOS="475"/>
							<String ID="string_238" HPOS="489" VPOS="1326" WIDTH="174" HEIGHT="23" WC="0.91" CONTENT="Landtränteriet"/><SP WIDTH="15" VPOS="1326" HPOS="663"/>
							<String ID="string_239" HPOS="678" VPOS="1326" WIDTH="81" HEIGHT="21" WC="0.96" CONTENT="erhålla"/><SP WIDTH="15" VPOS="1326" HPOS="759"/>
							<String ID="string_240" HPOS="774" VPOS="1326" WIDTH="101" HEIGHT="27" WC="0.93" CONTENT="lämpliga"/><SP WIDTH="11" VPOS="1326" HPOS="875"/>
							<String ID="string_241" HPOS="886" VPOS="1332" WIDTH="64" HEIGHT="21" WC="0.91" CONTENT="qvan-"/>
						</TextLine>
						<TextLine ID="line_34" HPOS="197" VPOS="1360" WIDTH="754" HEIGHT="30">
							<String ID="string_242" HPOS="197" VPOS="1364" WIDTH="80" HEIGHT="26" WC="0.91" CONTENT="titeter,"/><SP WIDTH="17" VPOS="1364" HPOS="277"/>
							<String ID="string_243" HPOS="294" VPOS="1364" WIDTH="58" HEIGHT="20" WC="0.96" CONTENT="emot"/><SP WIDTH="15" VPOS="1364" HPOS="352"/>
							<String ID="string_244" HPOS="367" VPOS="1362" WIDTH="96" HEIGHT="27" WC="0.96" CONTENT="skriftlig"/><SP WIDTH="15" VPOS="1362" HPOS="463"/>
							<String ID="string_245" HPOS="478" VPOS="1361" WIDTH="130" HEIGHT="23" WC="0.96" CONTENT="förbindelse"/><SP WIDTH="15" VPOS="1361" HPOS="608"/>
							<String ID="string_246" HPOS="623" VPOS="1363" WIDTH="32" HEIGHT="19" WC="0.96" CONTENT="att"/><SP WIDTH="13" VPOS="1363" HPOS="655"/>
							<String ID="string_247" HPOS="668" VPOS="1361" WIDTH="111" HEIGHT="27" WC="0.96" CONTENT="betalning"/><SP WIDTH="15" VPOS="1361" HPOS="779"/>
							<String ID="string_248" HPOS="794" VPOS="1360" WIDTH="33" HEIGHT="22" WC="0.96" CONTENT="för"/><SP WIDTH="15" VPOS="1360" HPOS="827"/>
							<String ID="string_249" HPOS="842" VPOS="1361" WIDTH="109" HEIGHT="22" WC="0.96" CONTENT="desamma"/>
						</TextLine>
						<TextLine ID="line_35" HPOS="197" VPOS="1396" WIDTH="753" HEIGHT="28">
							<String ID="string_250" HPOS="197" VPOS="1398" WIDTH="65" HEIGHT="21" WC="0.95" CONTENT="innan"/><SP WIDTH="19" VPOS="1398" HPOS="262"/>
							<String ID="string_251" HPOS="281" VPOS="1398" WIDTH="41" HEIGHT="21" WC="0.96" CONTENT="den"/><SP WIDTH="23" VPOS="1398" HPOS="322"/>
							<String ID="string_252" HPOS="345" VPOS="1399" WIDTH="26" HEIGHT="20" WC="0.96" CONTENT="31"/><SP WIDTH="21" VPOS="1399" HPOS="371"/>
							<String ID="string_253" HPOS="392" VPOS="1397" WIDTH="119" HEIGHT="22" WC="0.96" CONTENT="December"/><SP WIDTH="18" VPOS="1397" HPOS="511"/>
							<String ID="string_254" HPOS="529" VPOS="1396" WIDTH="73" HEIGHT="28" WC="0.96" CONTENT="hvarje"/><SP WIDTH="21" VPOS="1396" HPOS="602"/>
							<String ID="string_255" HPOS="623" VPOS="1396" WIDTH="23" HEIGHT="21" WC="0.96" CONTENT="år"/><SP WIDTH="18" VPOS="1396" HPOS="646"/>
							<String ID="string_256" HPOS="664" VPOS="1396" WIDTH="99" HEIGHT="27" WC="0.96" CONTENT="erlägga;"/><SP WIDTH="22" VPOS="1396" HPOS="763"/>
							<String ID="string_257" HPOS="785" VPOS="1396" WIDTH="55" HEIGHT="22" WC="0.96" CONTENT="dock"/><SP WIDTH="14" VPOS="1396" HPOS="840"/>
							<String ID="string_258" HPOS="854" VPOS="1396" WIDTH="35" HEIGHT="21" WC="0.96" CONTENT="må"/><SP WIDTH="15" VPOS="1396" HPOS="889"/>
							<String ID="string_259" HPOS="904" VPOS="1397" WIDTH="46" HEIGHT="26" WC="0.96" CONTENT="nytt"/>
						</TextLine>
						<TextLine ID="line_36" HPOS="197" VPOS="1430" WIDTH="753" HEIGHT="30">
							<String ID="string_260" HPOS="197" VPOS="1432" WIDTH="94" HEIGHT="22" WC="0.96" CONTENT="förskott"/><SP WIDTH="22" VPOS="1432" HPOS="291"/>
							<String ID="string_261" HPOS="313" VPOS="1432" WIDTH="23" HEIGHT="22" WC="0.93" CONTENT="af"/><SP WIDTH="17" VPOS="1432" HPOS="336"/>
							<String ID="string_262" HPOS="353" VPOS="1432" WIDTH="117" HEIGHT="28" WC="0.92" CONTENT="stämpladt"/><SP WIDTH="19" VPOS="1432" HPOS="470"/>
							<String ID="string_263" HPOS="489" VPOS="1438" WIDTH="81" HEIGHT="21" WC="0.96" CONTENT="papper"/><SP WIDTH="23" VPOS="1438" HPOS="570"/>
							<String ID="string_264" HPOS="593" VPOS="1431" WIDTH="17" HEIGHT="28" WC="0.96" CONTENT="ej"/><SP WIDTH="17" VPOS="1431" HPOS="610"/>
							<String ID="string_265" HPOS="627" VPOS="1431" WIDTH="96" HEIGHT="28" WC="0.96" CONTENT="beviljas,"/><SP WIDTH="16" VPOS="1431" HPOS="723"/>
							<String ID="string_266" HPOS="739" VPOS="1431" WIDTH="64" HEIGHT="22" WC="0.93" CONTENT="innan"/><SP WIDTH="15" VPOS="1431" HPOS="803"/>
							<String ID="string_267" HPOS="818" VPOS="1430" WIDTH="132" HEIGHT="23" WC="0.92" CONTENT="Häradshöf-"/>
						</TextLine>
					</TextBlock>
					<TextBlock ID="block_8" HPOS="265" VPOS="1472" WIDTH="423" HEIGHT="26">
						<TextLine ID="line_37" HPOS="265" VPOS="1472" WIDTH="423" HEIGHT="26">
							<String ID="string_268" HPOS="265" VPOS="1476" WIDTH="208" HEIGHT="22" WC="0.90" CONTENT="Bevillningsutskottets"/><SP WIDTH="15" VPOS="1476" HPOS="473"/>
							<String ID="string_269" HPOS="488" VPOS="1474" WIDTH="114" HEIGHT="18" WC="0.96" CONTENT="betänkande"/><SP WIDTH="14" VPOS="1474" HPOS="602"/>
							<String ID="string_270" HPOS="616" VPOS="1474" WIDTH="36" HEIGHT="18" WC="0.96" CONTENT="N:o"/><SP WIDTH="16" VPOS="1474" HPOS="652"/>
							<String ID="string_271" HPOS="668" VPOS="1472" WIDTH="20" HEIGHT="21" WC="0.96" CONTENT="1."/>
						</TextLine>
					</TextBlock>
				</ComposedBlock>
			</PrintSpace>
		</Page>
	</Layout>
</alto>
