1042 1689
414 114 54 22 N:o
484 113 49 23 39.
623 133 5 4 «
816 115 12 20 9

451 183 11 26 S
480 185 32 19 10.

175 223 123 26 Pensioner,
316 229 45 14 som
378 223 135 20 direktionen
532 224 51 25 äger
598 223 127 25 utanordna,
742 222 93 21 fördelas
851 223 7 20 i

103 258 33 20 tre
152 257 90 26 klasser,
259 257 150 20 motsvarande
426 257 26 20 de
468 257 32 20 uti
516 256 10 27 $
543 257 12 20 4
571 256 112 21 bestämda
693 256 165 27 pensionsafgif-

104 293 67 24 terna,
188 293 56 18 samt
259 290 81 27 uppgä:

131 325 35 21 för
181 325 138 26 sjökaptener
334 325 33 20 till
386 341 1 4 .
419 341 4 4 .
454 341 5 4 .
490 341 4 4 .
526 340 4 5 .
561 340 4 5 .
596 339 4 4 .
631 325 42 20 390
687 324 68 26 mark,

132 359 34 22 för
181 359 204 27 kotferdiskeppare,
400 361 96 25 styrmän
507 359 39 21 och
557 365 43 15 ma-

180 394 103 21 skinister
298 394 34 21 till
357 409 1 5 .
386 410 5 5 .
422 409 5 4 .
457 409 5 6 .
493 410 4 5 .
528 409 5 5 .
563 409 4 5 .
599 409 4 5 .
633 394 42 20 260
719 410 12 9 ,,

132 428 34 21 för
182 428 66 26 öfrigt
263 428 79 26 sjöfolk
358 428 39 21 och
413 428 72 20 eldare
501 428 32 20 till
561 444 4 4 .
595 444 4 4 .
632 428 39 20 130
717 444 11 9 >,
766 426 89 27 årligen.

450 485 11 27 $
480 486 32 19 11.

177 527 17 19 1.
224 525 54 26 Den,
295 532 45 14 som
356 526 7 20 i
379 526 65 20 minst
460 526 62 26 tjugu
537 525 36 21 ärs
589 525 32 21 tid
637 525 72 21 variti
721 525 139 27 sjömanshus

102 560 119 21 inskrifven
238 561 56 19 samt
310 560 106 20 derunder
432 560 39 20 och
487 559 132 21 fortfarande
630 559 79 26 jemväl
721 559 93 21 derefter
825 565 32 15 er-

102 595 47 27 lagt
162 594 92 27 -afgifter
273 594 32 21 till
326 594 181 27 pensionskassan
526 594 33 21 för
575 594 76 20 inalles
667 594 104 26 tjugufem
788 594 29 25 är,
834 595 24 19 är

103 629 55 22 efter
177 628 102 28 uppnådd
298 628 118 22 femtiofem
435 629 35 20 års
490 628 59 22 ålder
567 628 121 27 berättigad
703 628 33 21 till
751 628 40 22 full
807 634 50 22 pen-

105 664 47 22 sion
168 663 34 22 för
213 664 33 20 sin
256 663 138 21 äterstäende
405 663 70 21 lifstid
485 664 7 20 i
504 664 39 20 den
555 663 64 26 klass,
632 663 41 20 han
684 665 73 19 senast
767 663 90 21 tillhört.

175 699 19 21 2.
225 698 39 26 De,
288 704 45 15 som
358 698 68 21 under
448 698 26 21 de
497 700 32 19 tre
552 700 108 19 närmaste
684 698 51 21 åren
751 698 54 20 efter
821 698 36 20 det

103 734 59 20 detta
178 733 130 26 reglemente
324 732 58 21 trädt
398 732 7 21 i
420 732 99 26 gällande
536 732 63 25 kraft,
617 732 68 20 önska
704 732 65 20 vinna
784 732 73 21 delak-

104 768 69 26 tighet
188 768 7 20 i
211 767 79 21 kassan
307 767 39 21 och
362 767 137 21 derförinnan
515 767 57 27 gjort
588 767 100 26 sjötjenst
703 767 6 20 i
725 767 66 20 minst
806 766 51 21 fem-

103 804 37 19 ton
156 802 35 21 ärs
207 802 38 25 tid,
261 802 62 26 njuta
338 802 112 20 enahanda
464 801 90 26 förmän,
571 801 90 21 säframt
676 801 25 21 de
718 800 93 22 derefter
825 800 32 21 ät-

102 837 108 20 minstone
232 836 7 20 i
263 836 29 20 tio
316 836 24 20 är
363 837 37 19 äro
416 836 6 20 i
439 836 134 26 sjömanshus
593 835 106 21 inskrifna
715 835 38 21 och
769 835 88 27 erlägga

102 870 197 28 pensionsafgifter,
324 870 61 20 äfven
410 876 34 14 om
466 870 40 20 den
529 870 38 26 tid,
588 869 121 21 hvarunder
725 870 26 20 de
767 869 90 21 sälunda

102 905 57 21 varit
173 904 7 21 i
196 904 80 21 kassan
292 904 114 26 dclaktige,
423 904 46 21 icke
486 904 81 26 uppgär
583 904 33 20 till
632 904 104 25 tjugufem
753 903 32 26 är;
803 903 54 21 dock

102 939 109 21 utbetalas
227 938 6 21 i
250 938 60 21 detta
325 937 37 21 fall
379 938 77 20 endast
470 937 46 21 half
530 937 89 27 pension
639 937 55 21 intill
711 937 49 21 dess
776 937 79 21 kassan

102 979 77 21 genom
202 973 140 26 inbesparing
364 972 23 21 af
408 973 67 20 andra
497 972 82 21 hälften
601 971 72 21 blifvit
691 972 116 27 godtgjord
823 971 33 21 för

103 1007 56 22 hvad
175 1007 7 21 i
198 1007 219 26 pensionsafgifterna
432 1006 34 21 för
482 1006 103 27 tjugufem
601 1006 24 20 är
641 1006 85 21 brister.

174 1043 20 19 3.
224 1041 46 20 Har
286 1041 76 26 nägon,
378 1041 64 20 innan
458 1041 42 20 han
515 1040 91 27 uppnätt
619 1040 116 21 femtiofem
744 1041 35 20 ärs
791 1040 66 26 älder,

103 1075 66 22 redan
192 1075 92 21 inbetalt
306 1075 105 26 tjugufom
434 1075 34 20 års
484 1075 197 26 pensionsafgifter,
698 1081 51 15 vare
763 1075 48 21 från
827 1075 30 20 vi-

104 1111 51 20 dare
170 1109 134 26 inbetalning
320 1109 107 20 frikallad.

175 1145 18 20 4.
225 1143 79 27 Skiljer
327 1144 33 26 sig
382 1143 71 26 någon
475 1143 47 21 från
538 1144 135 26 sjömanshus
689 1143 45 22 förr
750 1146 26 19 än
793 1143 42 22 han
849 1144 8 20 i

102 1179 63 26 tjugu
188 1178 24 20 är
234 1178 34 20 till
283 1178 79 20 kassan
378 1178 91 21 inbetalt
484 1177 195 27 pensionsafgifter,
695 1177 63 22 hafve
773 1177 34 22 för
823 1177 33 27 sig

101 1213 65 26 ingen
182 1214 45 19 rätt
242 1213 32 20 till
290 1212 96 27 pension,
403 1212 90 21 såframt
508 1213 41 20 han
566 1212 18 27 ej
602 1213 57 20 inom
677 1214 32 19 tre
728 1212 24 21 år
763 1211 94 22 derefter

103 1247 78 20 varder
203 1247 32 20 uti
260 1247 134 26 sjömanshus
416 1247 53 26 ånyo
486 1246 117 21 inskrifven
620 1247 38 20 och
674 1247 6 20 i
697 1246 66 27 öfrigt
777 1246 80 27 fullgör

103 1281 57 21 hvad
176 1281 63 20 ofvan
255 1281 7 20 i
278 1287 62 14 mom.
359 1282 7 19 1
385 1281 23 20 af
422 1281 69 20 denna
507 1281 10 27 $
534 1283 68 24 säges.
633 1276 44 25 Äro
692 1281 47 20 före
754 1287 103 14 mannens

102 1315 43 21 död
162 1315 30 20 tio
208 1315 35 20 ärs
260 1315 87 26 afgifter
362 1315 33 20 till
411 1315 78 20 kassan
506 1315 116 25 inbetalda,
638 1317 39 24 äge
687 1315 54 20 hans
752 1315 55 20 enka
818 1315 39 20 och

102 1349 54 20 barn
175 1350 44 19 rätt
234 1349 33 20 till
283 1349 96 26 pension.

176 1383 19 20 5.
226 1382 84 21 Varder
325 1382 70 27 någon
411 1383 28 26 pä
454 1382 69 27 grund
539 1382 22 21 af
579 1383 12 20 2
608 1388 62 15 mom.
689 1383 24 20 17
730 1382 11 27 8
757 1382 7 21 i
779 1382 80 27 nådiga

105 1417 153 26 förordningen
274 1424 34 14 om
324 1417 135 27 sjömanshus
475 1418 6 19 i
497 1417 96 25 Finland,
611 1417 70 26 gifven
697 1417 40 21 den
754 1418 27 20 30
797 1416 61 27 April

105 1453 62 25 1874,
192 1452 95 21 derifrän
310 1452 92 26 lagligen
419 1452 70 26 skiljd,
506 1451 61 22 hafve
584 1451 59 22 såväl
658 1451 34 21 för
708 1452 38 26 sig,
764 1457 45 15 som
825 1451 34 21 för

745 1492 10 17 2
