1039 1695
402 153 53 23 N:o
474 152 51 25 39.
810 155 13 20 3

93 223 80 21 kassan
188 223 34 20 för
238 223 103 26 sjömän",
358 224 56 19 samt
428 223 116 26 yttranden
559 223 60 20 öfver
630 222 67 26 sagda
707 222 82 27 förslag
800 223 48 20 blif-

93 257 32 21 vit
139 257 126 21 infordrade
280 257 40 21 och
335 257 81 26 afgifna
431 256 23 21 af
468 257 162 21 vederbörande
639 256 209 27 sjömanshusdirek-

95 291 71 21 tioner
190 292 55 20 samt
268 291 156 27 skeppsredare
444 291 39 21 och
499 290 228 27 skeppsbefälhafvare
741 291 8 20 i
764 291 84 21 landets

93 325 109 28 sjöstäder
218 326 109 21 äfvensom
343 325 277 26 Generaltulldirektionen,
636 325 39 20 har
690 325 61 21 Hans
762 325 86 27 Kejser-

91 360 48 27 liga
153 360 103 27 Majestät
272 361 6 20 i
294 359 152 27 hufvudsaklig
462 359 223 22 öfverensstämmelse
701 359 87 22 dermed
799 359 50 21 låtit

95 397 98 25 uppgöra
208 395 150 27 efterföljande
372 395 82 26 förslag
469 395 7 21 i
492 396 77 25 ämnet,
585 394 116 27 nemligen:

96 434 38 21 1:o.
165 434 89 28 Förslag
273 435 32 20 till
320 434 124 29 förordning
462 442 32 13 om
513 436 38 19 den
567 434 113 28 lästafgift,
697 441 42 13 som
755 434 54 20 skall
823 434 27 28 af

167 468 79 22 landets
261 469 146 27 skeppsredare
422 469 34 21 till
469 468 155 28 sjömanshusen
639 469 104 27 erläggas;

93 503 44 21 2:0.
167 504 89 27 Förslag
271 504 33 20 till
317 504 123 28 förordning
455 511 32 13 om
502 504 37 20 den
555 502 109 29 lästafgift,
683 510 42 14 som
741 503 26 27 af
778 503 68 28 främ-

167 539 73 20 mande
255 538 73 28 fartyg
348 537 54 22 skall
419 538 33 21 till
466 538 155 28 sjömanshusen
635 538 10 20 i
659 538 69 20 landet
743 538 104 27 erläggas;

167 574 56 20 samt

91 606 44 22 3:0.
167 607 89 27 Förslag
271 607 33 20 till
317 606 117 28 reglemente
447 606 35 28 för
498 614 24 14 en
537 607 78 21 allmän
628 606 175 28 pensionsanstalt
815 607 34 20 till

165 640 85 30 förmån
270 641 36 27 för
328 641 144 29 befälhafvare
494 642 38 20 och
553 645 65 17 annat
640 641 76 29 sjöfolk
731 640 31 29 pä
779 640 67 27 finska

167 676 161 28 handelsfartyg.

167 716 40 21 Om
222 717 67 25 jemte
308 716 36 22 det
363 717 93 21 berörda
474 716 82 27 förslag
574 716 89 21 härmed
678 717 33 20 till
728 716 120 22 Ständerna

92 751 151 25 öfverlemnas,
260 751 39 20 har
309 751 61 21 Hans
380 751 122 26 Kejserliga
512 750 109 28 Majestät,
633 751 56 20 hvad
699 750 149 22 förstnämnda

94 785 82 27 förslag
192 785 72 26 angår,
282 786 66 20 sedan
363 785 61 21 Hans
439 784 108 28 Majestät,
563 785 28 27 på
607 786 44 20 sätt
665 785 63 21 ofvan
745 786 24 20 är
783 785 64 21 fram-

94 820 74 25 hållet,
184 820 8 20 i
208 820 24 20 så
246 819 68 21 måtto
326 819 78 21 bifallit
420 820 41 20 den
472 819 22 21 af
504 819 121 21 Ständerna
635 820 35 20 vid
681 822 85 18 senaste
777 820 70 20 landt-

93 854 44 27 dag
157 853 80 22 äskade
257 853 123 28 förhöjning
395 854 7 20 i
418 853 127 22 förberörda
561 854 131 26 statsanslag
707 853 48 22 från
772 855 76 25 10,000

94 889 34 21 till
143 889 79 26 40,000
236 889 68 25 mark,
320 890 33 19 att
369 888 108 27 sistsagda
492 888 77 27 belopp
586 888 56 27 finge
658 888 125 21 oafkortädt
798 888 50 21 årli-

92 929 44 21 gen
152 923 7 21 i
174 923 31 21 tio
222 923 34 21 ärs
272 923 32 21 tid
320 923 33 20 till
367 923 165 26 ifrägavarande
547 922 168 27 pensionskassa
730 923 58 26 utgä,
799 923 49 20 med

95 958 76 26 nädigt
186 957 52 21 löfte
254 959 32 20 att
302 957 62 21 äfven
380 957 128 27 sedermera,
525 964 33 14 om
575 957 60 21 Hans
654 957 103 27 Majestät
773 957 23 21 sä
811 959 37 19 nö-

94 993 48 26 digt
157 992 94 27 pröfvar,
267 993 79 26 bevilja
361 992 66 26 nägot
442 993 83 20 mindre
540 992 77 26 bidrag
632 986 23 26 af
673 992 126 21 statsmedel
815 991 33 21 till

93 1027 94 21 nämnde
202 1026 76 21 kassas
295 1027 73 20 vidare
383 1026 117 27 förkofran,
516 1027 7 20 i
539 1026 67 21 näder
624 1027 57 20 velat
697 1027 33 20 till
747 1026 101 21 Ständer-

95 1067 39 15 nas
150 1062 122 26 antagande
287 1061 115 27 hänskjuta
418 1061 103 27 förslaget
538 1067 33 15 om
582 1061 138 21 merberörde
730 1060 118 28 lästafgifts

95 1096 120 26 utgörande
230 1096 23 20 af
266 1096 84 20 landets
362 1096 156 26 skeppsredare
529 1096 33 21 till
573 1096 160 21 vederbörande
745 1096 103 26 sjömans-

93 1131 48 25 hus,
157 1130 34 21 för
207 1132 32 19 att
255 1130 94 21 derifrän
368 1130 128 26 sedermera,
515 1130 28 27 pä
559 1132 43 19 sätt
617 1131 96 25 punkten
729 1130 11 20 &
755 1136 63 15 mom.
837 1131 9 19 1

94 1165 11 27 8
122 1166 13 19 4
150 1165 6 20 i
172 1164 141 22 förenämnda
328 1164 130 26 reglemente
474 1164 125 25 innehåller,
612 1165 182 26 pensionskassan
805 1164 43 21 till-

94 1199 153 27 godokomma;
264 1199 93 21 hvarhos
372 1199 61 21 Hans
449 1200 122 26 Kejserliga
586 1199 109 27 Majestät,
715 1199 134 21 beträffande

95 1234 26 20 de
137 1234 70 26 öfriga
222 1234 36 21 två
272 1234 116 26 förslagen,
404 1234 84 20 hvilkas
503 1234 128 21 utfärdande
647 1234 13 20 å
675 1234 61 20 Hans
747 1234 103 26 Majestät

94 1268 71 20 allena
181 1268 130 25 ankommer,
328 1268 57 21 velat
396 1268 59 21 öfver
466 1268 48 21 dem
524 1268 95 21 inhemta
630 1268 131 21 Ständernas
772 1268 77 21 under-

93 1301 81 27 dåniga
189 1302 107 26 yttrande.

165 1335 33 20 De
210 1335 91 20 sålunda
313 1335 127 20 utarbetade
453 1335 109 25 förslagen
571 1336 37 19 äro
619 1335 23 20 af
652 1335 94 26 följande
757 1335 91 25 lydelse:

97 1386 46 21 1:o.
177 1385 110 27 Förslag
315 1386 43 21 till
375 1385 167 33 förordning
567 1391 38 15 om
631 1385 47 21 den
703 1385 147 27 lästafgift,

171 1426 53 15 som
247 1420 68 21 skall
338 1420 27 21 af
385 1420 105 21 landets
516 1419 195 28 skeppsredare
734 1419 44 22 till

299 1455 201 27 sjömanshusen
524 1455 130 26 erläggas.

169 1501 51 22 Med
238 1501 91 27 ändring
348 1501 22 22 af
387 1501 56 21 hvad
461 1501 108 22 härintills
588 1501 57 21 varit
664 1500 139 23 föreskrifvet
818 1507 35 16 om
