1025 1698
215 153 28 21 64
374 153 80 23 Ständ.
469 154 38 22 Sv.
523 166 27 3 —
565 154 71 26 Prop.
651 154 41 21 N:o
706 154 38 21 40.

253 220 46 20 icke
313 220 43 21 kan
371 222 9 19 i
395 222 63 26 tjenst
476 224 99 24 antagas,
591 222 52 20 eller
658 228 33 14 om
705 222 47 24 den,
768 227 45 14 som
823 220 108 26 förfallo-

253 254 42 20 löst
305 254 59 27 från
378 255 106 27 uppbådet
499 255 116 27 uteblifvit,
625 255 44 20 icke
684 257 102 25 ertappas
799 254 52 21 eller
858 254 73 27 finnes

253 295 53 13 vara
322 289 34 20 till
371 290 135 26 anställning
522 290 36 20 vid
573 290 25 20 de
613 289 73 21 aktiva
702 291 119 25 trupperna
836 288 95 27 oduglig.

559 347 16 27 $
589 347 34 19 80.

320 380 56 26 Den,
394 386 44 14 som
452 381 8 19 i
471 380 62 27 följd
551 380 30 26 af
596 382 86 25 uttagen
706 380 46 20 lott:
764 381 26 19 är
804 379 128 27 förpligtad

253 414 35 20 till
303 414 57 20 aktiv
376 414 149 28 tjenstgöring,
540 421 46 13 men
597 414 48 20 står
655 414 69 20 under
733 413 136 27 ransakning
880 413 52 20 eller

253 448 67 20 tilltal
331 448 42 26 för
386 448 75 28 gröfre
477 448 62 25 brott,
557 448 114 27 besigtigas
684 448 38 20 och
732 448 104 20 anställes
846 448 9 20 i
866 448 66 26 tjenst

252 482 130 21 omedelbart
400 482 54 27 efter
473 483 35 20 det
523 483 8 20 i
545 482 67 21 saken
629 482 121 21 meddeladt
769 482 72 27 utslag
856 482 76 20 vunnit

253 516 50 27 laga
318 516 67 27 kraft,
400 517 26 20 sä
436 516 74 27 framt
525 516 44 21 han
583 516 46 20 icke
645 516 73 26 blifvit
733 516 35 20 till
781 522 80 14 ansvar
868 516 63 30 fäld;

251 551 9 19 i
275 552 69 19 annat
361 550 48 27 fall
426 550 48 21 sker
492 550 120 28 besigtning
633 550 36 20 och
688 551 127 27 antagning,
830 551 25 20 sä
870 552 62 19 snart

253 584 43 20 han
319 585 78 20 utstått
417 584 39 21 sitt
476 584 77 27 straff;
575 584 52 21 dock
645 585 41 25 må,
702 585 32 26 på
753 586 44 19 sätt
816 584 115 27 ofvanföre

251 618 107 27 stadgats,
373 618 47 26 den,
436 625 43 14 som
496 618 73 27 blifvit
587 619 64 20 dömd
661 618 41 27 för
716 619 78 27 nesligt
810 618 61 26 brott,
887 618 44 21 icke

253 653 6 19 i
274 652 127 28 krigstjenst
416 655 113 26 mottagas.

561 705 15 26 $
590 705 34 20 81.

320 738 38 25 De,
374 738 73 21 hvilka
465 738 106 21 inkallats
585 739 9 19 i
610 739 63 26 tjenst
689 739 8 19 i
712 738 72 21 stället
794 738 41 27 för
850 739 9 20 i
868 739 63 26 före-

251 773 83 27 gående
348 773 30 27 $$
392 773 28 20 79
436 772 35 21 och
488 774 29 19 80
533 772 126 21 omnämnde
670 779 113 20 personer,
794 775 38 18 äro
844 772 87 21 berätti-

250 807 56 28 gade
324 809 33 18 att
373 807 7 20 i
394 809 87 18 motsatt
503 807 94 27 ordning
617 807 35 20 till
671 807 64 20 deras
753 807 155 28 nummerföljd
923 808 8 19 i

251 841 108 21 lottlistan
381 840 67 28 blifva
469 841 134 28 entledigade
627 840 131 22 omedelbart
777 841 56 27 efter
852 841 35 21 det
905 842 26 20 de

251 876 74 20 dertill
335 875 139 27 förpligtade
489 876 75 27 sjelfve
581 876 102 20 inträdt
672 871 12 36 i
694 876 70 27 tjenst.
792 875 34 21 De
836 876 95 21 sålunda

251 910 134 27 entledigade
400 910 120 26 inskrifvas
535 910 36 20 vid
585 916 103 15 reserven.

561 962 15 26 $
590 962 34 20 82.

318 995 50 21 Har
383 996 71 28 någon
466 996 73 27 blifvit
544 995 57 27 från
612 995 192 28 uppbådslängden
815 996 114 27 uteglömd,

251 1030 38 20 och
304 1030 31 26 af
345 1030 71 21 sådan
431 1030 118 28 anledning
565 1029 45 21 icke
621 1030 32 26 pä
664 1030 150 27 föreskrifven
829 1031 33 20 tid
877 1038 52 20 upp-

251 1064 72 21 bådad
341 1064 35 20 till
396 1064 99 28 lottning,
510 1064 58 21 skall
583 1064 50 26 han,
649 1064 52 27 ifall
715 1064 111 28 misstaget
840 1067 90 25 upptäc-

249 1098 36 20 kes
300 1099 70 19 innan
384 1098 44 20 han
442 1099 94 26 uppnått
551 1099 96 27 tjugusju
663 1099 37 19 års
711 1099 67 25 ålder,
788 1098 96 22 inkallas
895 1100 35 20 till

249 1132 145 24 förstskeende
418 1132 99 28 lottning,
539 1132 35 21 och
594 1139 33 13 om
645 1132 44 20 han
710 1132 93 28 befinnes
824 1133 106 27 vapenför

250 1166 48 20 deri
319 1166 87 27 deltaga
428 1166 48 20 med
498 1166 42 21 den
560 1166 138 25 åldersklass,
718 1173 44 14 som
782 1167 75 20 dertill
873 1174 56 20 upp-

251 1200 82 20 bådats.

317 1233 49 27 Lag
388 1240 82 13 samma
492 1241 50 12 vare
560 1240 33 13 om
611 1234 46 24 den,
673 1241 44 13 som
732 1235 59 25 från
807 1235 73 19 landet
895 1237 34 17 ut-

245 1267 84 27 flyttat,
348 1267 68 20 innan
434 1266 44 20 han
496 1267 8 19 i
523 1267 94 27 lottning
639 1267 97 27 deltagit,
751 1274 47 14 men
816 1268 113 20 återvändt

245 1300 83 26 förrän
344 1300 43 21 han
403 1300 93 27 uppnått
511 1301 99 27 tjugusju
624 1301 37 21 års
676 1301 67 21 ålder.

557 1351 14 28 $
585 1353 34 19 83.

321 1387 126 27 Utländing,
465 1393 44 14 som
529 1386 36 21 till
582 1386 74 21 landet
677 1387 97 27 inflyttat
794 1387 38 21 och
851 1388 77 21 vunnit

243 1421 61 29 finsk
326 1421 184 28 medborgarerätt
533 1421 54 26 efter
606 1420 35 21 det
659 1421 42 21 han
716 1421 48 28 fylt
782 1423 97 27 tjugutvå
895 1423 32 26 år,

249 1464 47 13 men
311 1457 69 20 innan
395 1455 44 21 han
454 1455 93 28 uppnått
563 1455 97 28 tjugusju
675 1456 37 20 års
728 1456 68 25 ålder,
812 1457 115 27 inskrifves

249 1492 35 21 vid
299 1497 96 15 reserven
410 1490 8 21 i
432 1490 40 21 den
488 1489 59 22 klass
561 1489 44 21 han
620 1489 54 27 efter
690 1490 76 21 åldern
782 1491 81 21 tillhör.
