1039 1700
225 172 13 21 8
412 172 29 22 U.
457 171 28 23 B.
499 184 29 4 —
543 172 73 28 Prop.
632 171 45 23 N:o
692 171 35 23 39.

197 228 81 34 sjelfve
290 234 87 27 lifnära;
395 233 21 29 c)
436 234 66 22 enkor
520 235 39 21 och
576 235 53 21 barn
648 234 55 22 efter
722 234 88 27 sjömän,
829 240 45 15 som
892 233 58 21 varit

197 263 100 33 delegare
311 269 8 21 i
333 269 84 27 kassan,
433 270 106 26 nemligen
555 269 94 26 sålunda,
665 270 32 20 att
710 268 75 28 familj,
800 268 115 22 bestående
926 268 26 21 af

196 303 37 22 två
251 298 54 27 eller
323 302 54 23 flere
396 302 143 28 medlemmar,
560 303 92 22 erhåller
666 303 35 22 hel
715 303 95 27 pension,
827 302 39 22 och
880 302 68 28 familj

197 338 116 22 bestående
331 337 24 22 af
371 338 55 21 blott
445 344 26 16 en
489 338 91 22 medlem
598 338 36 21 två
651 337 117 27 tredjedels
782 337 96 27 pension,
894 338 57 20 samt

198 374 31 20 att
247 373 170 27 pensionsrätten
437 372 33 22 för
484 373 53 21 barn
551 372 83 28 upphör
649 372 36 22 vid
700 372 26 22 18
742 372 35 22 års
792 372 66 21 ålder.
869 384 27 3 —
907 372 43 21 Till

198 408 26 20 de
247 408 68 20 under
333 404 62 24 mom.
415 407 23 27 b)
458 408 38 22 och
515 408 20 27 c)
562 408 125 20 omnämnde
712 407 182 27 pensionstagare,
916 406 37 21 för

196 442 73 21 hvilka
287 442 28 22 25
333 442 35 21 års
388 441 86 28 afgifter
493 444 55 20 ännu
563 442 18 27 ej
597 441 71 22 blifvit
683 442 94 26 erlagda,
792 441 106 21 utbetalas
914 447 36 15 en-

197 476 48 21 dast
271 476 72 22 halfva
364 476 101 28 beloppet
487 476 23 22 af
532 477 47 21 dem
601 476 161 22 tillkommande
780 476 96 27 pension,
894 474 56 23 intill

198 511 48 21 dess
265 517 77 22 genom
360 509 114 30 besparing
493 511 22 21 af
532 512 67 20 andra
617 511 82 21 hälften
718 512 26 20 de
759 509 110 23 bristande
884 510 67 22 årsaf-

197 545 93 27 gifterna
304 545 71 22 blifvit
388 546 73 27 fyllda.
491 546 79 21 Likaså
584 546 116 27 berättigas
712 546 88 27 sjömän,
812 552 44 14 som
866 546 86 20 inträda

198 580 7 20 i
220 578 90 23 kassans
325 581 129 26 gemenskap
469 581 68 21 under
552 581 25 20 de
593 582 33 20 tre
641 581 68 20 första
724 580 51 21 åren
792 580 54 21 efter
861 580 49 21 dess
920 580 32 21 in-

198 615 95 26 rättning
316 614 39 21 och
374 615 136 21 derförinnan
529 615 56 26 gjort
604 615 99 26 sjötjenst
717 615 7 20 i
740 614 26 21 15
782 614 29 27 år,
827 616 32 20 att
873 615 37 20 vid
924 614 29 21 55

198 649 35 20 års
255 649 61 21 ålder
334 649 66 22 blifva
418 649 153 27 pensionerade
590 651 44 20 mot
654 649 128 27 erläggande
802 649 22 22 af
841 649 111 22 enahanda

197 683 188 27 fyllnadsafgifter,
400 684 25 21 så
439 684 65 21 framt
519 684 26 21 de
561 684 27 21 då
602 684 7 21 i
625 684 64 21 minst
705 684 27 21 10
747 683 24 21 år
786 684 55 21 varit
852 684 100 27 delegare

198 718 7 21 i
220 717 89 27 kassan;

266 752 36 21 4:0
323 753 89 21 kassans
426 753 117 21 inkomster
557 755 88 25 utgöras
661 753 22 20 af
696 752 194 28 pensionsafgifter,
900 753 52 21 läst-

199 787 92 26 afgifter,
308 793 26 16 en
349 787 54 27 årlig
417 787 83 22 kollekt
515 789 54 19 samt
585 789 31 20 ett
626 787 65 27 årligt
701 788 131 26 statsanslag
842 787 24 21 af
874 787 78 26 40,000

199 821 61 22 mark
274 822 69 21 under
358 822 26 21 de
399 821 67 22 första
480 822 30 21 tio
525 822 58 21 åren.
613 822 56 21 Dess
683 821 89 28 utgifter
787 824 37 19 äro
839 822 115 27 pensioner

200 856 39 21 och
258 855 140 28 förvaltnings
417 856 97 22 kostnad.
548 856 164 27 Sammanlagda
726 856 102 27 beloppet
842 856 23 21 af
878 856 76 21 lästaf-

199 890 92 27 gifterna
306 891 39 21 och
360 891 115 26 kollekten,
491 892 49 21 med
548 891 75 26 afdrag
639 890 23 21 af
674 890 142 28 förvaltnings
826 891 127 26 kostnaden,

198 925 126 27 uppskattas
339 925 34 22 till
387 925 79 26 50,000
480 926 61 21 mark
556 932 34 15 om
605 925 54 26 året;

267 960 34 21 5:0
321 960 70 21 såsom
417 960 136 21 medelvärde
568 959 23 22 af
605 960 40 21 den
660 961 62 20 ränta
737 966 46 15 som
798 966 75 21 genom
889 960 64 27 inköp

200 994 23 21 af
239 995 142 26 obligationer
399 994 53 21 eller
470 995 96 26 utlåning
582 996 24 19 är
620 995 33 20 att
668 994 96 27 påräkna
779 995 13 21 å
806 995 89 21 kassans
911 995 43 21 till-

200 1029 87 28 gångar,
303 1031 88 25 antages
405 1029 41 26 4!/2
460 1031 94 26 procent.

267 1064 80 21 Vidare
362 1063 40 22 har
417 1064 40 21 den
472 1064 85 26 komité,
574 1070 45 15 som
634 1064 101 27 uppgjort
749 1064 81 27 förslag
840 1064 34 21 till
885 1065 70 26 regle-

199 1099 82 20 mentet
294 1098 9 21 i
317 1098 67 27 fråga,
399 1098 34 21 till
448 1099 127 27 upplysning
591 1098 74 22 dervid
680 1098 46 21 haft
741 1100 31 19 att
782 1098 62 27 tillgå
853 1098 48 22 från
912 1099 45 27 sjö-

199 1133 130 21 manshusen
346 1133 90 21 insända
454 1133 159 27 förteckningar
631 1133 60 22 öfver
705 1133 8 21 i
729 1133 48 22 dem
792 1133 104 22 inskrifne
912 1133 42 27 sjö-

199 1169 60 19 mäns
282 1167 58 21 antal
362 1167 39 21 och
423 1168 110 26 dödlighet
555 1169 55 19 samt
629 1168 62 21 deras
711 1168 39 21 och
769 1168 62 21 deras
850 1168 107 27 familjers

200 1202 151 26 pensionering
369 1208 27 15 m.
415 1208 28 15 m.
461 1202 68 21 under
547 1202 112 21 decenniet
685 1202 148 26 1863—1874,
854 1199 56 24 samt
928 1208 26 15 en

200 1236 48 20 från
263 1236 119 20 statistiska
396 1236 67 26 byrån
477 1236 113 20 meddelad
600 1236 59 20 tablå
669 1236 60 20 öfver
747 1236 26 20 de
784 1236 68 20 under
862 1237 24 19 år
898 1236 55 20 1873

199 1269 104 21 inskrifne
323 1268 135 26 sjömännens
473 1269 120 26 fördelning
609 1269 54 21 efter
679 1269 69 25 ålder;
763 1269 113 21 utvisande
891 1269 66 21 först-

200 1303 92 22 nämnda
302 1302 163 28 förteckningar,
477 1303 65 21 bland
552 1304 70 25 annat,
633 1304 32 20 att
674 1303 69 21 under
753 1303 66 27 sagda
830 1303 126 22 decennium

199 1339 8 20 i
222 1335 101 24 medeltal
343 1337 63 27 5,936
425 1338 82 26 sjömän
521 1337 23 21 af
558 1338 43 21 alla
615 1338 83 21 klasser
707 1338 74 21 varit
777 1331 11 38 i
793 1338 163 27 sjömanshusen

199 1372 110 26 inskrifne,
324 1372 118 28 hvarjemte
457 1372 94 21 komitén
566 1372 104 22 beräknat
685 1372 137 27 dödligheten
837 1373 65 21 bland
913 1373 42 27 sjö-

200 1410 49 19 män
267 1407 34 21 till
319 1407 14 21 2
350 1409 93 25 procent,
463 1406 62 22 deraf
541 1407 82 21 hälften
641 1407 59 27 gifte.
733 1407 51 22 Men
806 1408 27 21 då
853 1408 36 21 det
906 1408 48 21 icke

200 1442 81 22 kunnat
299 1444 95 25 antagas,
413 1443 32 20 att
464 1441 98 28 samtliga
581 1442 33 21 för
629 1442 132 21 närvarande
772 1443 7 20 i
791 1442 163 27 sjömanshusen

201 1476 103 22 inskrifne
323 1476 81 27 sjömän
423 1476 68 21 skulle
511 1476 56 26 vilja,
584 1476 70 21 såsom
669 1476 133 26 förpligtade
818 1478 31 20 att
863 1476 94 21 inbetala

270 1522 168 17 Ekonomiutskotiets
450 1522 103 17 betänkande
566 1522 34 17 N:o
613 1523 28 16 13.
