1700 1856
657 237 27 19 U.
701 239 30 17 B.
744 249 21 3 —
778 240 82 22 Prop.
872 240 46 18 N:o
931 241 39 18 44.
1127 242 25 20 59

450 305 125 27 innehåller,
594 306 71 21 kunde
681 307 24 21 af
717 307 83 22 landets
816 308 113 28 högloflige
945 309 91 21 Ständer
1051 309 129 22 oförändrad

449 342 96 24 antagas.

506 373 135 28 Helsingfors
657 375 39 21 den
713 377 11 19 7
739 375 120 22 November
876 377 59 20 1877.

962 422 28 21 A.
1001 422 90 23 Wrede.

506 477 34 21 Då
564 478 20 21 vi
601 478 47 21 icke
663 478 94 28 bidragit
771 479 32 21 till
819 479 25 21 de
860 479 23 22 af
896 481 150 27 Lagutskottet
1060 481 122 28 föreslagna

448 511 153 28 förändringar
623 512 5 20 i
649 513 39 20 den
707 513 79 28 nådiga
800 515 167 26 propositionen,
985 515 72 22 hvilka
1071 516 88 21 beröras
1174 517 8 20 i

448 546 99 21 Friherre
564 546 87 22 Wredes
667 547 152 22 ofvanstäende
833 549 138 26 reservation,
988 552 51 19 utan
1053 550 7 21 i
1069 550 63 22 dessa
1146 551 35 21 de-

448 580 33 21 lar
502 580 58 27 gifva
581 581 108 22 företräde
711 583 22 20 ät
751 582 188 29 bestämningarne
953 583 7 21 i
975 584 169 27 propositionen,
1160 585 22 20 få

448 614 26 25 vi,
498 614 48 21 med
568 615 133 22 omfattande
724 617 7 20 i
746 617 122 21 hutvudsak
883 617 24 22 af
919 617 26 21 de
961 617 46 21 skäl
1022 619 159 21 reservationen

447 649 125 26 innehåller,
587 649 86 22 biträda
688 651 25 20 de
729 651 45 21 deri
789 651 134 22 framställda
938 652 116 27 yrkanden.

532 701 90 22 Robert
633 701 168 29 Montgomery.
934 703 26 22 F.
977 703 120 23 Forsman.

697 736 26 23 G.
738 743 44 16 von
797 738 130 22 Rehausen.

505 827 36 21 Uti
566 827 95 28 följande
677 828 58 21 delar
749 828 34 21 får
795 829 37 27 jag
846 829 122 27 ödmjukast
983 836 108 14 reservera
1105 829 44 21 min
1165 830 16 20 i-

448 862 46 21 från
510 862 137 26 pluraliteten
663 863 7 20 i
684 863 151 27 Lagutskottet
849 864 123 27 skiljaktiga
986 864 143 27 uppfattning.

506 896 69 22 Sedan
594 904 50 14 man
658 904 89 14 numera
761 899 71 19 ansett
850 898 31 27 sig
897 898 53 21 böra
965 898 54 20 offra
1034 898 41 20 den
1091 897 53 27 gärd
1160 898 22 20 åt

448 931 41 21 den
514 931 101 27 religiösa
637 931 97 26 friheten,
753 933 32 20 att
799 939 56 19 man,
871 932 33 21 till
919 932 40 21 och
975 932 48 21 med
1039 932 41 21 den
1095 932 86 21 histori-

448 966 38 21 ska
511 966 148 27 utvecklingen
684 966 7 20 i
712 966 81 28 förväg,
818 966 55 21 velat
891 966 6 21 i
916 966 73 21 landet
1004 966 89 27 inbjuda
1109 966 73 21 hvilka

449 1007 45 15 som
512 1000 56 21 helst
582 999 101 28 religiösa
699 1000 190 25 denominationer,
903 1000 80 27 egnade
999 1002 31 19 att
1045 1000 86 27 splittra
1146 1000 36 20 det

448 1035 70 21 finska
536 1034 67 21 folket
623 1034 7 20 i
646 1034 101 27 möjligen
761 1034 79 22 tallösa
854 1035 48 20 från
916 1034 122 22 hvarandra
1053 1034 128 22 afsöndrade

448 1068 102 28 religiösa
570 1075 100 21 grupper,
689 1068 66 22 borde
775 1075 49 14 man
840 1068 128 21 åtminstone
984 1069 17 27 ej
1017 1068 119 22 försumma
1150 1070 32 19 att

449 1103 48 20 med
520 1102 82 28 hänsyn
624 1102 33 21 till
678 1102 39 21 den
736 1103 121 27 aggressiva
873 1105 39 23 art,
928 1109 46 14 som
989 1102 7 20 i
1011 1103 116 27 synnerhet
1141 1102 40 21 den

450 1136 221 22 romersk-katholska
685 1136 81 28 kyrkan
783 1137 60 21 alltid
858 1137 120 27 ädagalagt,
995 1136 110 28 uppställa
1119 1136 62 22 säda-

449 1178 29 14 na
492 1171 167 26 bestämmelser,
679 1173 31 19 att
725 1173 31 19 ett
770 1171 92 21 indirekt
877 1171 177 27 proselytmakeri
1069 1171 48 21 frän
1132 1171 48 21 dess

452 1205 47 22 sida
514 1206 18 26 ej
548 1204 55 28 finge
618 1206 129 20 åtminstone
762 1205 123 28 offentligen
901 1205 114 22 bedrifvas.
1044 1205 49 21 Men
1110 1206 71 20 såsom

451 1240 77 21 sådant
542 1239 97 21 kommer
653 1240 173 27 ovedersägligen
842 1240 25 21 de
881 1240 29 27 på
923 1246 113 14 massorna
1046 1240 135 26 imponeran-

450 1274 27 20 de
503 1273 114 21 katholska
640 1274 177 26 processionerna
838 1274 48 20 med
908 1274 97 20 hostians
1025 1273 157 27 kringbärande

450 1315 28 13 m.
494 1315 27 13 m.
537 1309 32 20 att
583 1314 58 15 vara.
673 1308 40 27 Jag
728 1308 33 20 får
777 1308 84 21 derföre
875 1308 33 21 till
924 1309 9 19 1
951 1308 10 26 8
977 1308 7 20 i
998 1307 184 27 författningsför-

451 1342 76 28 slaget,
543 1342 111 28 angående
667 1342 122 21 bekännare
804 1342 23 21 af
840 1342 133 21 främmande
987 1342 81 20 kristen
1083 1341 98 25 troslära,

451 1376 109 22 vördsamt
575 1376 80 22 föreslä
669 1376 94 28 följande
778 1376 83 28 tillägg:

508 1411 55 21 Dock
586 1416 49 16 vare
657 1412 92 24 religiösa
765 1413 139 23 processioner
921 1413 54 17 utom
991 1411 34 19 vid
1039 1410 143 25 degrafningar

451 1443 118 29 förbjudna.

509 1478 37 20 Uti
570 1477 36 21 det
629 1477 24 21 af
665 1477 151 27 Lagutskottet
830 1475 135 23 framställda
979 1476 100 27 speciella
1094 1475 87 28 förslag,

454 1512 151 22 innehållande
626 1512 191 21 bestämmelserna
834 1513 7 20 i
856 1513 23 27 $$
896 1512 32 25 16,
945 1512 24 20 17
985 1510 41 22 och
1043 1511 24 20 18
1083 1510 8 21 i
1104 1510 79 29 nådiga

453 1547 110 27 förslaget,
579 1546 122 28 uppräknas
719 1546 106 21 särskilda
833 1547 66 27 högre
913 1545 104 26 embeten,
1031 1545 82 21 hvilkas
1124 1545 59 21 inne-

453 1581 87 22 hafvare
563 1581 18 28 ej
603 1581 22 21 få
649 1588 50 14 vara
717 1581 122 21 dissenters.
883 1580 68 21 Bland
971 1579 62 22 dessa
1052 1579 129 22 embetsmän

520 1622 139 22 Lagutskottets
672 1621 116 19 betänkande
800 1621 33 18 N:o
847 1623 26 16 14.
