1042 1695
420 160 54 22 N:o
491 159 54 23 40.
813 159 12 21 9

103 228 100 26 gällande
218 228 66 27 lagar,
300 229 112 21 hvaremot
428 229 32 25 de,
477 235 44 15 som
537 229 53 21 höra
605 228 33 21 till
654 234 106 20 reserven,
773 228 33 21 stå
817 234 38 15 un-

103 262 39 21 der
164 262 79 21 allmän
265 263 35 26 lag
323 262 39 22 och
384 263 74 21 dömas
481 263 24 21 af
517 263 49 21 civil
581 262 100 26 domstol,
697 264 59 19 utom
771 262 43 21 för:
830 262 24 26 a)

103 296 152 27 uteblifvande,
271 296 90 22 oaktadt
375 297 119 26 inkallelse,
509 296 48 22 från
572 296 60 22 aktiv
647 296 144 27 tjenstgöring
801 296 53 21 eller

102 330 164 27 öfningsmöten,
283 330 22 28 &)
320 331 60 21 brott
395 331 39 22 och
448 331 121 26 förseelser,
585 330 113 28 begångna
711 330 68 22 under
790 330 64 21 dessa

102 366 79 24 möten,
201 366 39 20 och
258 366 21 26 c)
294 365 115 21 förseelser
427 368 46 18 mot
488 365 125 27 disciplinen
629 364 109 22 äfvensom
754 364 99 22 subordi-

102 399 146 21 nationsbrott
263 400 69 20 under
347 400 35 21 det
398 400 26 20 de
442 400 54 21 bära
512 400 99 26 uniform,
627 399 7 21 i
649 399 73 21 hvilka
737 399 37 21 fall
790 398 62 22 desse

102 439 104 21 personer
220 434 50 27 lyda
285 434 69 21 under
366 433 112 27 krigsrätt.

447 491 11 27 8
474 492 34 20 22.

174 525 138 27 Anställning
326 525 36 21 vid
377 531 100 16 reserven
493 527 63 25 utgör
571 525 20 26 ej
606 525 76 21 hinder
697 525 34 21 för
746 525 84 21 inträde
845 525 7 21 i

102 559 49 22 civil
174 561 65 20 stats-
258 560 52 21 eller
329 559 196 28 kommunaltjenst,
549 559 18 27 ej
591 559 67 22 heller
673 559 34 21 för
723 559 93 21 idkande
831 559 24 22 af

101 593 59 28 yrke,
184 595 48 20 med
255 594 139 27 iakttagande
416 595 22 20 af
455 594 56 21 hvad
526 594 79 21 allmän
621 595 34 26 lag
670 594 111 27 påbjuder.
811 593 41 22 Be-

100 628 89 22 fordran
212 629 6 20 i
242 629 116 26 civiltjenst
373 629 119 26 berättigar
508 629 53 20 dock
577 629 52 25 icke,
645 629 37 20 vid
697 628 132 22 återinträde
844 629 8 20 i

100 665 130 26 truppernas
252 663 66 26 leder,
341 664 33 21 till
390 664 66 26 högre
471 669 52 20 rang
539 663 52 22 eller
606 669 70 15 annan
691 663 54 26 grad
760 665 26 19 än
803 663 48 26 den,

101 705 46 14 som
170 698 36 21 vid
228 704 100 15 reserven
346 698 93 21 anställd
457 698 105 21 innehade
578 698 35 21 vid
629 698 160 26 entledigandet
804 697 48 22 från

102 733 60 20 aktiv
177 733 133 26 krigstjenst.

446 761 12 27 $
474 762 33 20 23.

173 801 41 22 Vid
229 808 100 14 reserven
344 801 99 26 anställd,
460 807 46 15 som
520 801 68 21 under
603 800 69 27 krigs-
683 800 52 22 eller
745 800 104 22 mötestid

98 836 48 21 från
166 836 49 21 civil
234 838 64 19 stats-
317 836 53 21 eller
385 836 189 27 kommunaltjenst
589 836 92 20 inkallas
697 836 7 19 i
719 837 131 25 truppernas

100 870 66 26 leder,
182 870 118 22 bibehålles
317 871 35 20 vid
368 871 33 20 sin
416 870 62 21 civila
493 870 120 26 befattning
629 869 39 22 och
683 871 24 19 är
720 869 79 28 jemväl
814 869 37 21 be-

100 905 95 26 rättigad
211 906 33 19 att
258 905 153 27 tillgodonjuta
426 905 26 20 de
471 905 48 21 med
537 905 124 21 densamma
675 904 102 21 förenade
793 904 58 21 löne-

100 939 108 22 förmåner
230 939 55 22 efter
308 939 74 27 afdrag
405 939 23 21 af
449 939 37 22 det
501 940 84 26 belopp,
609 945 45 15 som
670 939 67 27 enligt
752 938 99 27 gällande

100 974 153 26 författningar
268 974 130 21 tillkommer
414 974 99 21 vikarier.

405 1058 79 23 Kap.
505 1059 44 17 IV.

358 1105 47 21 Om
420 1105 177 22 landtvärnet.

445 1157 11 27 $
472 1158 34 19 24.

170 1197 155 26 Värnepligtig,
342 1202 44 15 som
403 1197 119 20 inskrifvits
537 1197 36 20 vid
592 1196 142 26 landtvärnet,
751 1195 100 27 gvarstär

98 1231 36 20 vid
150 1231 119 21 detsamma
283 1231 56 20 intill
355 1231 67 26 fyllda
436 1231 78 27 fyratio
530 1231 30 21 är.
585 1231 61 21 Dock
657 1233 24 18 är
691 1231 38 20 det
738 1235 109 22 personer,

98 1271 47 15 som
160 1265 92 27 uppnätt
268 1265 65 26 sagde
349 1265 65 26 älder,
430 1265 47 21 icke
488 1265 121 21 förmenadt
619 1267 33 19 att
661 1265 134 21 fortfarande
805 1264 44 22 för-

98 1299 66 21 blifva
180 1299 105 21 inskrifne
300 1299 36 21 vid
351 1299 143 21 landtvärnet.

444 1355 10 26 $
471 1356 33 19 25.

168 1393 126 28 Utländing,
318 1400 45 15 som
386 1394 33 21 till
442 1394 73 21 landet
536 1393 95 28 inflyttat
649 1393 40 22 och
703 1393 76 21 vunnit
794 1393 57 21 finsk

96 1429 174 27 medborgarrätt
286 1428 54 22 efter
356 1429 36 21 det
406 1429 42 20 han
464 1429 48 26 fyllt
526 1429 100 28 tjugutvä
641 1429 30 26 är,
687 1427 115 22 inskrifves
812 1428 37 21 vid

96 1464 137 21 landtvärnet
248 1463 7 21 i
272 1463 40 22 den
328 1464 64 26 klass,
409 1463 87 22 hvartill
511 1464 41 21 han
569 1463 54 22 efter
639 1463 32 21 sin
682 1463 61 21 älder
752 1462 46 28 hör,
810 1463 42 21 och

94 1498 102 28 gvarstär
212 1499 38 20 der
265 1498 33 22 till
313 1498 67 28 fyllda
395 1498 78 28 fyratio
490 1498 29 22 år.
