1025 1700
206 167 13 19 4
402 163 26 19 U.
441 164 27 17 B.
480 173 23 3 —
515 164 77 21 Prop.
606 164 43 17 N:o
661 162 41 19 41.

177 228 24 20 af
214 228 65 26 ryska
294 229 88 24 trupper
397 227 7 20 i
420 227 72 20 landet
508 226 64 22 alltså
582 226 6 20 i
600 227 150 21 motsvarande
762 227 52 26 grad
825 227 103 21 minskas.

176 262 45 21 När
243 261 91 21 Finland
357 261 93 21 omsider
472 261 47 21 åter
541 261 78 21 ordnar
642 261 38 20 sitt
698 261 175 21 militärväsende
888 261 39 21 och

176 296 83 22 ikläder
275 296 32 26 sig
322 296 78 26 nödiga
416 295 147 27 uppoffringar
577 294 44 27 ,för
637 295 84 21 landets
736 295 84 21 försvar
835 296 40 20 och
888 295 39 21 all-

177 333 76 19 männa
269 330 129 27 ordningens
414 330 166 25 bibehållande",
597 330 69 20 skulle
681 330 36 20 det
735 331 53 19 utan
806 329 75 22 tvifvel
891 329 37 21 be-

176 365 52 21 reda
242 366 101 24 nationen
359 371 25 15 en
400 365 82 25 verklig
498 364 196 26 tillfredsställelse,
710 370 34 15 om
760 364 123 26 derigenom
899 364 26 20 de

175 400 96 27 utgifter,
294 399 174 27 Kejsaredömets
490 398 163 27 militärbudget
674 399 67 21 redan
766 398 72 22 alltför
863 399 63 26 länge

175 435 113 21 härstädes
303 434 43 21 fått
360 434 33 21 för
409 440 80 15 samma
500 433 97 21 ändamål
609 433 124 23 vidkännas,
745 433 69 21 blefve
824 433 101 21 väsendt-

174 470 58 26 ligen
253 469 131 21 reducerade
406 474 75 20 genom
504 468 157 26 förminskning
683 468 23 21 af
728 468 36 21 det
781 468 58 21 antal
860 468 65 26 ryska

175 506 89 25 trupper
280 510 45 14 som
341 510 29 14 nu
385 503 7 20 i
408 502 89 22 Finland
512 502 144 21 underhällas.

246 539 10 20 I
275 538 67 21 sädan
358 538 108 25 händelse,
482 538 40 20 och
537 537 27 21 dä
581 538 108 20 dessutom
705 536 27 29 pä
747 536 52 22 flera
815 539 58 19 orter
888 537 37 20 be-

174 573 93 27 tydande
289 572 204 27 kasernbyggnader
517 571 70 21 blifvit
601 571 113 27 uppförda,
730 568 43 25 läte
790 571 32 26 sig
838 571 86 22 nästbe-

172 608 72 21 mälda
259 609 101 25 truppers
375 607 108 26 placering
498 606 109 21 sannolikt
622 607 78 20 ordnas
717 607 51 20 utan
783 606 108 21 anlitande
903 605 23 22 af

173 642 152 27 ingvartering.

191 677 2 3 *
244 677 51 20 Men
313 677 7 20 i
339 676 73 27 hvarje
431 675 37 21 fall
484 675 130 22 framställer
629 675 37 21 det
681 675 33 26 sig
730 675 70 21 såsom
817 681 26 15 en
858 676 65 20 rätts-

173 712 61 27 fråga
248 711 23 21 af
285 711 47 21 icke
348 711 60 26 ringa
425 711 50 26 vigt,
492 710 106 21 huruvida
612 710 84 21 landets
711 710 107 26 invånare,
842 711 39 20 när
897 710 26 21 de

173 747 58 26 gifva
245 747 48 20 sina
308 748 63 19 söner
386 745 33 21 till
435 745 127 26 krigstjenst
577 745 39 20 och
632 745 80 20 medels
733 745 83 20 skatter
830 745 91 26 bidraga

171 781 34 21 till
221 783 129 24 truppernas
365 779 119 26 underhåll,
498 779 61 21 hvari
569 779 140 26 fullständiga
719 779 204 27 kasernbyggnader

171 815 49 22 från
238 815 77 27 början
329 814 146 26 inberäknats,
492 813 123 22 derutöfver
630 813 35 22 må
680 813 72 21 kunna
767 813 82 21 kännas
865 813 57 27 skyl-

172 851 50 26 diga
243 851 33 19 att
297 849 89 27 upplåta
404 849 52 20 eller
474 849 91 20 bekosta
584 849 85 26 ständig
685 848 77 21 bostad
778 848 22 21 ät
816 848 25 21 de
857 848 66 26 ryska

150 896 2 2 -
171 886 96 25 trupper,
284 890 45 15 som
345 883 24 21 af
382 890 25 14 en
424 883 51 21 eller
491 889 69 15 annan
576 883 64 20 orsak
655 883 7 20 i
677 883 74 20 landet
766 882 115 27 förläggas.

239 918 113 21 Utskottet
374 918 38 20 har
435 918 47 20 icke
497 917 82 21 kunnat
594 917 85 21 komma
695 917 33 21 till
743 923 70 15 annan
828 917 93 27 öfverty-

170 953 59 27 gelse
244 953 81 25 härom,
342 953 27 20 än
384 954 32 18 att
431 952 93 21 berörda
538 951 61 26 fråga
614 951 69 21 måste
698 952 102 20 besvaras
815 951 104 21 nekande.

170 987 113 22 Utskottet
305 989 47 18 tror
374 988 38 24 att,
431 986 3 21 i
451 987 39 20 och
512 986 49 21 med
581 986 118 21 detsamma
714 988 71 19 staten
801 986 58 27 gjort
873 986 47 21 sina

169 1022 126 26 rättmätiga
310 1021 50 22 kraf
373 1021 28 27 på
416 1021 209 21 försvarsväsendets
642 1021 109 20 ordnande
766 1020 106 27 gällande,
884 1021 37 20 det

168 1057 70 20 måste
254 1056 71 21 såsom
341 1061 26 16 en
382 1055 87 26 rättslig
483 1055 160 26 nödvändighet
659 1055 111 26 erkännas,
787 1057 32 19 att
834 1055 85 26 inqvar-

169 1091 165 24 teringstungan
356 1090 7 20 i
378 1089 92 21 fredstid
486 1089 39 21 bör
541 1089 104 21 återföras
662 1089 32 21 till
710 1089 56 21 hvad
782 1089 86 21 dermed
883 1095 36 15 ur-

169 1125 139 26 sprungligen
323 1123 118 27 förafsetts,
458 1124 106 26 nämligen
579 1125 33 19 att
622 1123 79 21 bereda
711 1123 78 21 bostad
799 1123 23 21 åt
832 1129 86 21 genom-

168 1159 93 26 tågande
279 1160 90 25 trupper
388 1158 52 21 eller
456 1158 22 20 åt
492 1158 81 21 militär
589 1164 45 14 som
649 1157 34 22 för
698 1158 70 26 någon
783 1158 87 20 kortare
885 1158 33 20 tid

168 1192 138 27 tillfälligtvis
322 1193 43 20 blir
380 1192 28 26 på
423 1198 26 15 en
465 1194 33 19 ort
514 1192 139 26 stationerad,
664 1194 15 19 t.
691 1198 31 15 ex.
734 1192 33 21 för
778 1192 139 26 lägermöten.

238 1227 11 20 I
272 1226 94 26 enlighet
388 1226 90 21 härmed
499 1226 82 21 tillåter
595 1226 113 21 Utskottet
730 1227 33 25 sig
785 1226 88 21 förorda.
891 1232 26 15 en

168 1260 133 26 underdånig
325 1260 158 25 framställning
512 1260 33 20 till
574 1260 60 20 Hans
662 1260 122 26 Kejserliga
808 1259 109 27 Majestät.

167 1294 78 20 Derest
265 1293 40 21 den
324 1299 70 15 vunne
409 1293 75 27 nådigt
499 1293 161 27 godkännande,
677 1294 69 21 skulle
762 1294 76 20 sådant
853 1293 64 21 hafva

166 1328 35 21 till
216 1328 87 28 påföljd,
319 1328 66 21 bland
400 1329 70 25 annat,
487 1330 32 19 att
535 1328 40 21 den
590 1327 128 28 utgiftspost
732 1328 48 21 från
794 1328 123 22 militiefon-

168 1364 47 26 den,
233 1369 45 15 som
293 1362 107 22 föranledt
408 1362 113 22 Utskottet
535 1363 33 21 till
582 1362 135 22 förestående
727 1363 106 27 yttrande,
846 1363 70 22 skulle

167 1398 103 27 upphöra.

238 1433 22 27 2)
277 1432 46 24 Den
339 1432 67 22 andra
420 1433 174 25 utgiftssumman
605 1433 6 20 i
623 1433 167 27 propositionen,
802 1434 113 26 2,000,000

166 1468 67 26 mark,
251 1468 68 26 gäller
337 1467 66 21 redan
419 1467 99 21 beslutna
533 1468 39 21 och
587 1468 33 20 till
636 1474 25 14 en
677 1468 34 21 del
726 1468 116 27 påbörjade
859 1470 56 19 samt

238 1507 197 23 Värnepligtsutskottets
448 1508 105 17 betänkande
565 1508 34 17 N:o
611 1508 17 17 2.
