1034 1692
273 136 27 18 U.
316 136 30 18 B.
362 148 25 4 —
403 138 82 22 Prop.
500 138 46 18 N:o
561 140 36 16 36.

337 405 204 27 Bankutskottets
560 407 154 26 betänkande
733 416 40 18 n:o
787 408 15 25 3

268 445 9 26 i
296 445 130 35 anledning
444 447 27 25 af
484 447 62 25 Hans
568 447 139 34 Kejserliga
728 448 74 33 Maje-

268 488 63 23 stäts
363 486 88 33 nådiga
480 487 167 33 proposition,
678 488 125 33 angående

269 525 104 34 ändring
397 526 27 25 af
442 526 88 34 nädiga
554 527 176 34 förordningen
757 527 46 26 den

268 565 31 27 13
320 565 67 34 April
414 566 58 25 1874
500 575 39 16 om
564 567 127 25 valörerna
713 569 14 24 ä
747 567 55 26 Fin-

268 605 70 26 lands
356 606 76 25 banks
451 606 134 34 sedelmynt
602 615 32 17 m.
653 615 31 18 m.

133 679 76 22 Denna
224 679 78 27 nädiga
317 681 140 26 proposition,
468 687 46 15 som
529 681 23 21 af
565 681 100 27 samtliga
679 681 47 27 fyra
741 681 63 21 ständ

66 714 72 21 blifvit
159 714 130 27 hänskjuten
308 714 34 21 till
360 715 180 21 Bankutskottets
555 715 137 27 behandling,
707 715 40 21 har
761 715 43 21 för-

67 748 83 22 anledts
174 748 22 21 af
210 748 121 27 Kejserliga
346 748 152 27 förordningen
521 749 41 21 den
579 751 27 19 30
624 749 96 22 Oktober
742 749 61 26 1876,

66 783 138 27 hvarigenom
218 783 60 21 Hans
293 783 121 27 Kejserliga
428 783 107 27 Majestät,
551 784 48 21 med
614 784 90 27 ändring
715 783 23 22 af
747 783 57 22 stad-

66 818 80 26 gandet
160 818 7 20 i
182 817 78 27 nädiga
275 817 153 27 förordningen
450 818 41 21 den
510 819 26 20 13
556 818 61 26 April
636 818 54 21 1874
705 820 33 19 att
752 818 52 21 ban-

64 851 54 21 kens
133 850 71 22 sedlar
219 851 53 21 böra
295 858 50 14 vara
367 852 153 21 underskrifna
535 852 22 21 af
571 858 26 14 en
612 852 96 21 direktör
723 851 40 22 och
778 858 26 15 en

65 892 70 14 annan
150 886 128 26 tjensteman
294 885 7 21 i
317 885 91 27 banken,
424 886 118 26 berättigat
559 886 198 26 Bankfullmäktige
773 886 32 20 att

64 919 34 22 för
119 919 194 22 underskrifvande
336 919 24 21 af
379 920 72 21 sedlar
465 920 13 20 å
493 919 41 22 fem
550 920 39 21 och
604 920 30 21 tio
650 920 71 21 marks
744 920 60 21 valör

65 954 54 21 efter
140 954 67 21 behof
228 955 78 25 antaga
328 954 39 21 och
389 953 101 22 förordna
509 954 63 21 äfven
587 956 59 19 utom
661 954 85 21 banken
762 954 43 21 stä-

65 989 53 21 ende
133 994 108 22 personer,
259 988 48 22 med
322 988 122 28 skyldighet
466 988 34 22 för
519 989 144 27 Fullmäktige
681 990 32 20 att
728 995 76 21 genom

65 1022 130 27 kungörelse
209 1023 7 20 i
230 1023 86 21 landets
333 1022 91 22 officiela
439 1023 108 27 tidningar
562 1023 77 26 bringa
661 1023 33 21 till
716 1023 88 21 allmän-

65 1058 76 20 hetens
162 1057 127 26 kännedom,
312 1057 22 21 ät
356 1057 73 21 hvilka
451 1063 102 21 personer
575 1058 32 20 ett
629 1057 76 21 sädant
722 1057 82 21 förord-

65 1092 70 20 nande
157 1091 130 27 meddelats;
311 1092 39 20 och
372 1092 69 21 skulle
463 1092 147 21 förstnämnda
625 1091 125 27 förordning
765 1098 39 20 ega

66 1126 107 27 giltighet,
195 1126 107 21 intilldess
326 1126 70 21 denna
417 1125 61 27 fråga
500 1126 67 26 enligt
585 1126 22 20 11
629 1125 12 27 $
659 1126 7 20 i
683 1125 119 27 Kejserliga

66 1160 154 26 förordningen
234 1160 42 21 den
290 1160 13 20 9
318 1160 118 20 December
451 1160 62 26 1867,
529 1159 109 27 angäende
649 1159 104 27 styrelsen
764 1159 39 21 och

67 1194 159 27 förvaltningen
240 1194 22 21 af
276 1194 102 22 Finlands
392 1194 64 26 bank,
471 1194 72 22 kunde
557 1194 85 21 komma
659 1193 68 22 under
742 1193 62 21 Stän-

68 1228 77 21 dernas
160 1228 162 27 öfverläggning
336 1228 41 22 och
391 1228 78 21 beslut.

134 1262 41 22 Till
190 1262 54 27 följd
258 1262 24 22 af
295 1262 41 22 den
350 1262 68 22 under
433 1264 73 20 senast
520 1262 103 22 förflutna
636 1262 78 22 femärs
728 1262 75 27 period

68 1296 113 22 inträffade
196 1296 109 28 betydliga
319 1296 113 22 tillvexten
446 1296 23 22 af
481 1296 97 22 bankens
593 1295 128 28 utelöpande
735 1296 69 21 sedel-

69 1332 60 20 stock
142 1332 40 20 har
199 1330 201 21 underskrifvandet
411 1330 23 21 af
442 1336 42 20 nya
494 1330 78 26 sedlar,
584 1329 83 22 hvilket
685 1330 35 21 vid
735 1331 69 20 större

69 1364 65 22 behof
148 1366 24 19 är
186 1370 26 15 en
227 1364 55 20 både
297 1363 136 27 betungande
445 1364 40 20 och
493 1363 130 21 tidsödande
633 1363 170 27 sysselsättning,

69 1398 50 21 icke
131 1398 62 21 alltid
208 1397 137 22 medhunnits
360 1396 24 22 af
396 1397 103 22 Finlands
513 1398 69 20 banks
595 1398 106 21 ordinarie
712 1397 92 21 embets-

70 1433 39 21 och
123 1432 133 27 tjenstemän,
271 1433 52 21 utan
344 1431 64 22 hafva
429 1431 149 28 Fullmäktige,
593 1431 71 22 såsom
685 1431 23 22 af
728 1432 11 27 $
755 1432 26 20 13
796 1431 7 21 i

70 1467 62 22 deras
147 1466 34 22 till
195 1466 167 22 Bankutskottet
376 1466 82 27 afgifna
472 1464 117 23 berättelse
603 1466 112 26 inhemtas,
725 1465 33 22 tid
773 1465 30 22 ef-

136 1511 139 18 Bankutskottets
287 1512 103 17 betänkande
403 1511 33 18 N:o
448 1509 28 20 3.
