1025 1689
241 143 26 20 10
524 141 53 22 N:o
592 141 52 23 38.

564 210 10 27 8
586 211 24 24 9.

284 251 19 20 1.
332 250 85 21 Flottas
441 250 111 27 samtidigt
573 250 7 21 i
601 251 31 20 ett
647 250 129 27 vattendrag
791 249 52 22 flera
858 249 107 27 tillhörigt

211 285 67 26 virke,
302 285 56 20 skall
381 291 26 14 en
429 284 53 21 hvar
498 285 22 20 af
534 284 46 21 dem
596 285 45 20 läta
656 284 118 22 verkställa
789 284 129 27 flottningen
935 283 30 27 sä,

211 321 33 19 att
258 319 44 21 han
317 319 123 26 derigenom
456 319 46 21 icke
518 319 160 21 åstadkommer
692 319 34 20 för
741 325 70 15 annan
826 318 139 28 virkesägare

211 354 77 20 hinder
306 353 53 21 eller
376 353 121 27 olägenhet,
514 360 45 15 som
574 353 98 27 skäligen
685 354 42 20 kan
742 354 112 21 undvikas.
886 353 79 21 Urakt-

211 388 54 21 lätes
282 387 77 22 sädant
375 388 38 21 och
429 388 64 20 timar
509 388 67 21 skada
588 387 53 21 eller
651 387 107 27 uppehäll,
769 393 51 16 vare
831 387 40 22 den
883 387 81 21 virkes-

211 423 71 26 ägare,
298 421 86 22 hvilken
400 421 77 22 sädant
492 421 71 27 vällat,
579 421 85 27 skyldig
679 423 33 20 att
727 421 48 22 dem
791 422 112 26 godtgöra.

283 457 19 20 2.
332 456 43 21 För
394 456 26 20 de
439 457 145 26 ersättningar
602 456 39 20 och
656 455 96 27 utgifter,
772 462 46 15 som
833 455 24 22 af
869 455 95 21 flottnin-

211 497 40 20 gen
267 489 98 27 härflyta,
381 497 50 14 vare
448 490 37 21 det
499 489 89 22 flottade
603 489 71 22 virket
688 491 7 20 i
711 490 73 27 hvarje
795 490 37 21 fall
843 490 121 27 underpant

211 525 33 20 till
260 525 139 26 erforderligt
417 525 89 26 belopp;
526 524 103 21 skolande
648 524 178 27 flottningsvirke,
843 531 52 19 som,
911 526 53 19 utan

211 561 33 19 att
262 565 52 16 vara
332 559 93 21 samladt
440 559 7 21 i
462 558 61 21 flotta
542 559 51 21 eller
608 559 57 20 inom
680 559 104 26 bommar,
800 559 122 26 gvarligger
937 559 27 26 pä

212 594 52 20 eller
282 594 36 21 vid
338 592 74 22 strand
427 594 7 20 i
449 599 60 15 mera
527 595 26 19 än
569 593 46 21 åtta
630 593 113 21 månaders
759 593 38 26 tid,
813 599 63 15 anses
893 593 70 21 såsom

212 627 127 28 öfvergifvet
361 628 39 21 och
423 628 87 21 tillfalla
529 627 137 27 jordägaren,
691 628 92 21 änskönt
806 627 119 22 detsamma
940 629 24 19 är

210 663 49 20 med
274 662 231 27 igenkänningsmärke
520 662 89 21 försedt.

557 725 11 27 $
586 726 32 20 10.

282 766 48 21 Den
345 766 7 21 i
368 765 11 27 $
401 767 6 19 3
424 766 128 21 omnämnda
574 766 120 26 ersättning
718 766 55 21 skall
788 765 127 21 förmannen
929 765 34 20 för

210 800 241 27 flottningsmanskapet
465 801 28 26 pä
503 800 115 21 anfordran
630 800 93 27 erlägga.
743 800 78 21 Kunna
831 800 133 26 sakägarene

211 841 35 15 om
268 835 101 26 beloppet
392 834 61 21 deraf
473 835 47 21 icke
540 835 84 26 sämjas,
641 835 55 20 skall
713 834 148 27 ersättningen
876 833 87 28 pröfvas

210 869 40 21 och
264 869 131 21 bestämmas
411 869 23 20 af
447 869 54 26 gode
516 870 55 25 män,
587 869 73 21 hvilka
674 869 69 27 väljas
758 869 23 20 af
794 869 105 20 hvardera
914 874 49 21 par-

210 905 36 20 ten
262 903 52 22 eller
330 903 23 21 af
367 904 40 20 den
423 909 45 20 ene,
485 910 33 14 om
534 903 40 21 den
590 903 66 24 andre
671 903 24 20 af
705 903 48 21 dem
761 903 151 26 undandrager
923 903 39 26 sig,

209 938 34 21 till
258 938 46 21 lika
319 938 58 21 antal
392 937 24 21 af
429 943 26 15 en
469 938 29 26 pä
512 938 106 21 hvardera
633 939 68 24 sidan,
717 938 108 21 hvarefter
841 937 62 21 desse
913 939 49 19 utse

211 979 24 14 en
252 972 75 27 tredje.
357 973 47 20 Den
420 973 119 26 ersättning
554 973 55 25 gode
620 975 90 18 männen
721 973 100 25 bestämt,
833 972 54 21 skall
895 972 68 27 jemte

210 1007 90 21 arvodet
322 1006 34 21 för
379 1007 62 20 deras
463 1007 131 26 förrättning
614 1009 59 19 strax
693 1007 108 21 utbetalas
821 1007 52 20 eller
889 1007 72 20 säker-

210 1041 76 21 ställas
304 1041 49 21 med
371 1043 53 25 pant
442 1041 52 21 eller
512 1042 87 26 borgen,
616 1042 51 21 eller
682 1041 69 27 gänge
767 1042 62 20 deras
845 1041 73 26 utslag
933 1041 29 21 el-

207 1076 45 26 jest
270 1075 34 21 till
322 1076 128 25 utmätning.
481 1076 46 20 Den
543 1076 87 21 dermed
645 1076 116 26 missnöjde
777 1082 50 15 vare
842 1076 120 20 emellertid

210 1110 101 27 obetaget
329 1111 33 19 att
379 1110 36 20 vid
434 1110 92 21 domstol
542 1116 33 16 om
591 1110 234 27 ersättningsbeloppet
840 1110 72 26 tvista,
929 1110 33 20 sä-

209 1144 66 21 framt
289 1144 42 21 han
347 1144 33 21 sin
395 1145 58 20 talan
469 1145 6 20 i
492 1144 64 22 saken
572 1145 80 21 bevara
666 1146 44 25 vill,
726 1145 7 20 i
749 1145 49 21 stad
812 1145 58 21 inom
881 1151 26 14 en
917 1144 44 21 mä-

209 1179 42 20 nad
267 1179 39 21 och
320 1178 29 26 pä
364 1179 73 21 landet
451 1179 36 20 vid
503 1180 35 20 det
553 1179 89 27 lagtima
656 1179 133 27 häradsting,
806 1186 45 14 som
867 1179 37 20 tvä
919 1179 43 21 mä-

208 1212 68 21 nader
292 1212 54 21 efter
362 1213 36 21 det
413 1213 67 26 sagda
495 1214 71 25 utslag
581 1213 71 21 blifvit
667 1214 92 26 afsagdt,
775 1214 56 20 först
845 1213 92 22 infaller.

554 1274 12 27 8
584 1275 31 20 11.

282 1310 16 20 1.
329 1308 137 22 Missbrukar
481 1308 70 28 nägon
567 1309 23 21 af
603 1308 240 29 flottningsmanskapet
858 1311 103 27 rättighe-

208 1344 36 20 ten
260 1344 32 20 att
306 1343 91 22 beträda
413 1344 127 21 stränderna
554 1344 57 21 invid
628 1343 89 28 flottled,
735 1345 52 21 eller
802 1347 38 25 gör
854 1346 67 22 skada
932 1347 29 21 el-

208 1378 32 21 ler
256 1378 76 27 ohägn,
349 1378 52 21 eller
416 1378 108 22 bedrifver
540 1381 65 19 annat
620 1378 56 28 ofog,
693 1386 50 15 vare
759 1380 41 20 den
811 1380 98 28 skyldige
919 1381 43 21 för-

207 1412 66 22 fallen
288 1414 38 26 att,
343 1414 59 20 utom
419 1420 76 15 ansvar
511 1413 34 21 för
560 1414 93 22 äverkan
664 1414 52 22 eller
727 1421 70 15 annan
808 1415 154 23 öfverträdelse

207 1448 68 26 enligt
296 1448 42 27 lag,
363 1448 51 21 böta
429 1448 56 22 efter
500 1449 212 27 omständigheterna
727 1450 48 21 frän
790 1450 62 27 tjugu
867 1451 33 21 till
916 1452 45 20 tvä-

205 1482 86 21 hundra
313 1483 67 21 mark.
410 1482 139 22 Försummar
571 1484 89 26 förman,
680 1490 46 16 som
742 1484 100 28 flottning
856 1485 58 21 inom
931 1486 32 20 di-
