1034 1692
211 168 24 19 82
388 169 25 17 v.
430 169 20 16 B.
477 177 23 3 —
522 168 83 21 Prop,
622 167 45 17 N:o
683 168 40 15 40.

181 238 37 19 das
233 237 60 25 intyg
309 234 60 20 öfver
384 232 100 27 fullgjord
499 232 124 27 värnepligt.
653 232 46 19 Den
715 232 85 19 hvilken
814 232 31 27 på
855 231 71 28 grund

181 271 24 20 af
218 270 93 21 erhållen
325 269 83 25 blessyr
423 267 68 21 blifvit
508 274 23 12 ur
547 267 123 26 krigstjenst
685 267 129 26 entledigad,
831 267 41 19 kan
889 267 39 19 lik-

181 305 61 26 väl,
235 299 12 36 i
258 304 36 19 fall
309 303 41 19 han
367 302 73 20 sådant
456 301 83 26 önskar,
556 300 132 26 öfverflyttas
705 300 31 19 till
753 307 105 13 reserven.

476 371 9 22 $
502 369 45 20 105.
567 369 68 25 (111.)

248 412 10 19 I
274 411 57 20 aktiv
347 411 63 25 tjenst
426 409 92 20 varande
533 408 124 20 underbefäl
673 408 40 19 och
724 409 100 26 manskap
838 415 44 13 som
893 415 35 13 un-

181 447 37 20 der
232 445 97 26 utöfning
345 444 22 19 af
380 444 31 19 sin
427 444 63 25 tjenst
505 445 49 17 utan
571 445 47 24 eget
639 442 131 20 förvållande
786 442 69 20 blifvit
871 442 54 21 oför-

180 483 77 24 mögne
272 481 31 18 att
317 479 99 18 fortsätta
431 477 128 26 densamma,
568 477 108 19 äfvensom
686 476 122 21 underbefäl
818 477 40 19 och
869 483 56 13 man-

181 515 52 26 skap
248 513 36 20 vid
299 519 105 18 reserven,
415 511 72 20 hvilka
502 511 65 20 under
583 511 155 26 öfningsmöten
748 511 82 19 erhållit
840 511 87 26 kropps-

180 549 45 26 lyte
240 547 40 21 och
294 546 71 21 blifvit
380 546 30 19 till
427 545 71 20 arbete
515 545 123 26 oförmögne
655 547 48 16 utan
720 547 30 17 att
766 545 74 26 sjelfve
851 545 74 19 sådant

180 582 64 21 hafva
268 580 72 26 vållat,
362 579 63 20 undfå
450 579 112 20 understöd
579 586 23 12 ur
624 579 234 26 kiigsmanshuskassan
874 579 54 20 efter

182 616 89 21 särskild
286 615 104 26 pröfning.
913 625 5 4 N

478 683 9 22 $
505 681 45 19 106.
567 680 68 25 (112.)

250 723 89 20 Hustrar
355 724 51 17 samt
424 720 113 27 omyndiga
553 721 39 19 och
609 720 117 26 oförsörjda
741 720 51 20 barn
812 721 32 18 till
858 727 71 20 perso-

179 765 38 13 mer
231 758 7 19 i
254 757 58 20 aktiv
328 756 69 26 tjenst,
422 755 108 19 äfvensom
552 754 31 20 till
598 753 53 26 dem,
666 745 73 28 hvilka
754 753 66 21 under
834 754 90 27 krigstid

181 792 46 20 frän
249 796 98 15 reserven
370 789 90 19 inkallas
484 788 32 20 till
533 789 57 19 aktiv
606 788 146 26 tjenstgöring,
768 788 79 20 erhälla
862 788 65 20 under

182 826 68 20 denna
265 824 37 26 tid,
318 824 68 19 derest
410 823 25 19 de
452 823 64 19 sakna
536 822 67 20 medel
621 822 32 20 för
668 822 35 19 sitt
719 822 118 26 uppehälle,
853 822 74 20 under-

181 860 48 20 stöd
244 859 23 20 af
280 858 25 20 de
321 858 66 19 stads-
404 857 50 20 eller
469 856 192 24 landskommuner,
676 856 6 19 i
698 856 72 20 hvilka
786 856 24 20 de
823 860 37 16 äro
871 864 56 12 man-

179 892 128 22 talsskrifne.
339 890 97 22 Sålunda
457 890 65 28 gifret
546 890 108 20 und.rstöd
670 891 37 19 äro
722 890 106 28 familjefä
839 894 52 18 ierne
906 892 19 27 ej

178 927 89 28 pliytige
283 928 30 18 att
328 924 116 28 återgälda.

249 960 39 21 Om
302 959 130 27 försörjning
447 957 27 29 af
486 958 86 20 hustrur
587 960 52 18 samt
655 958 112 28 omyndiga
783 958 36 20 och
827 958 98 28 oförsörj-

181 994 28 20 da
225 993 51 21 barn
291 992 34 21 till
337 999 109 21 personnr,
462 998 42 14 som
519 994 71 25 stupat
606 991 48 21 eller
676 991 118 28 försvunnit
809 992 8 20 i
832 992 54 28 krig,
902 992 26 21 el-

179 1028 30 21 ler
227 1027 43 21 dött
287 1026 33 21 till
335 1025 55 29 följd
406 1026 28 27 aj
447 1025 105 28 blessyrer,
567 1025 54 20 skall
635 1025 99 21 särskildt
749 1026 91 28 stadgas.

466 1088 32 26 jk
505 1095 38 17 ap.
559 1090 76 17 XVAI

298 1135 32 19 Om
345 1134 71 20 besvär
431 1140 7 14 i
454 1134 89 20 ärenden
559 1133 87 20 rörande
662 1133 150 26 värnepligten.

478 1182 8 22 $
504 1180 46 19 107.
566 1180 69 24 (113.)

248 1220 36 20 Uti
294 1219 170 26 uppbädsnämds
475 1220 74 24 ätgärd
561 1220 6 18 i
580 1219 208 25 värnepligtsärende
796 1219 32 19 fär
838 1220 88 25 ändring

181 1254 62 20 sökas
259 1260 76 20 genom
351 1252 105 27 skriftliga
471 1252 32 19 till
517 1252 159 20 vederbörande
684 1252 113 20 länenämd
807 1252 76 20 ställda
894 1253 34 19 be-

181 1291 54 23 svär,
250 1287 72 20 hvilka
344 1286 51 20 böra
415 1287 102 18 inlemnas
535 1286 32 19 till
583 1286 39 19 den
639 1285 165 27 uppbädsnämäd,
819 1287 63 19 hvars
897 1287 30 19 ät-

181 1321 51 28 gärd
255 1321 141 25 öfverklagas,
418 1320 57 20 inom
494 1321 72 19 trettio
582 1320 65 26 dagar
662 1320 54 19 ifrån
732 1320 39 20 den
788 1321 40 26 dag
844 1321 83 26 uppbåd

181 1355 113 28 försiggätt
315 1355 7 19 i
348 1355 35 19 det
405 1354 195 27 lottningsomräde,
616 1355 84 19 hvartill
723 1355 145 20 besvärauden
882 1355 45 27 hör,

181 1391 58 26 eller,
255 1396 34 14 om
299 1389 103 20 besvären
414 1389 54 26 angä
478 1389 77 26 klagan
567 1389 59 20 öfver
636 1389 121 20 inkallande
768 1390 5 19 i
789 1390 58 19 aktiv
858 1391 70 29 tjenst,

181 1425 46 20 från
243 1424 40 20 den
305 1424 42 26 dag
369 1423 198 26 uppbädsnämdens
583 1423 134 27 förteckning
733 1423 59 21 öfver
808 1424 25 20 de
849 1425 31 19 till
892 1425 35 20 ak-

180 1460 31 19 tiv
235 1460 64 26 tjenst
321 1458 87 19 utsedde
424 1458 70 19 blifvit
508 1458 30 19 uti
554 1458 83 26 kyrkan
656 1459 65 19 andra
736 1459 83 27 gången
834 1460 94 26 uppläst;

181 1493 40 20 och
237 1493 80 26 åligger
333 1492 35 20 det
384 1492 103 26 sistsagde
504 1492 77 20 nämni
597 1495 29 18 at
643 1493 21 20 åt
680 1492 138 21 besvärancen
832 1493 97 28 häröfver

252 1538 196 22 Värnepligtsutskottets
462 1538 111 17 Betänkande
586 1538 34 18 N:o
635 1539 15 17 1.
