1045 1692
216 153 12 21 6
403 152 28 24 U.
446 152 27 24 B.
488 168 27 2 —
530 154 74 28 Prop.
620 154 44 22 N:o
680 154 36 22 44.

355 217 71 26 ganda
444 216 75 22 tillätes
537 217 19 27 ej
573 218 10 20 i
600 216 74 22 landet.
707 216 39 22 Att
764 217 36 21 vid
814 219 65 19 annat
893 217 43 21 till-

357 250 57 26 fälle,
431 251 28 21 än
473 250 128 28 begrafning,
617 250 90 22 anställa
717 250 92 28 offentlig
818 251 118 26 procession

357 285 15 19 å
389 285 46 26 väg,
452 287 55 24 gata,
527 286 45 25 torg
590 284 48 22 eller
653 291 71 14 annan
737 287 57 18 utom
808 284 65 27 kyrka
889 284 48 22 eller

357 318 119 27 kyrkogärd
493 319 85 27 belägen
591 319 65 27 plats,
672 326 48 15 vare
734 319 134 26 främmande
883 321 53 20 tros-

357 352 117 22 bekännare
489 353 36 21 ock
539 354 109 27 förbjudet.

381 393 13 21 2
410 399 61 16 mom.
500 393 74 28 Enligt
589 394 149 21 betänkandet.

541 440 45 27 78.

290 479 131 28 Ridderskapet
432 480 38 21 och
481 479 54 21 Adeln
545 479 64 22 hafva
623 480 7 20 i
646 480 72 21 stället
728 479 33 22 för
778 480 5 20 1
796 485 63 15 mom.
875 479 7 21 i
898 480 12 21 7
926 479 12 28 $

185 515 64 26 gillat
270 514 150 21 motsvarande
438 520 61 15 mom.
518 515 7 20 i
544 515 41 20 den
603 514 78 26 nådiga
703 513 166 27 propositionen,
888 519 49 15 men

185 549 36 21 för
236 549 65 26 öfrigt
315 549 58 20 emot
388 549 12 20 7
417 548 11 27 $
444 548 18 27 ej
479 548 56 27 gjort
549 547 70 27 någon
635 547 145 27 anmärkning.

290 587 134 22 Presteständet
445 588 39 21 har
503 588 32 21 för
555 589 10 20 1
585 594 63 15 mom.
664 588 7 21 i
688 589 11 20 7
716 588 11 27 &
743 588 82 26 antagit
844 587 94 26 följande

188 623 92 27 lydelse:
303 622 54 27 ,Vill
376 623 92 20 medlem
486 622 23 21 af
527 622 242 27 evangelisk-lutherska
788 622 88 27 kyrkan,
893 628 45 15 som

187 657 92 26 uppnått
293 657 92 26 tjuguett
401 657 35 21 års
451 657 60 21 ålder
526 657 38 21 och
580 656 87 27 ätnjutit
680 657 67 20 sådan
758 657 181 26 religionsunder-

189 691 89 27 visning,
299 697 45 15 som
359 691 8 21 i
382 691 41 21 den
442 691 242 26 evangelisk-lutherska
703 691 82 27 kyrkan
802 692 32 20 uti
849 691 91 21 Finland

189 725 35 22 till
241 725 149 22 konfirmation
410 725 113 26 erfordras,
542 732 25 14 ur
585 726 68 21 henne
672 725 67 26 träda,
755 725 56 27 gifve
827 725 33 22 sin
875 725 66 27 afsigt

190 760 136 26 personligen
336 760 39 21 hos
385 760 164 26 församlingens
559 759 133 28 kyrkoherde
705 760 110 21 tillkänna.
842 759 39 22 Om
891 759 49 26 han,

189 793 90 22 oaktadt
297 794 23 21 af
337 794 156 27 kyrkoherden,
511 795 28 25 på
557 795 43 20 sätt
616 794 24 27 $$
656 795 12 20 6
685 794 39 21 och
739 795 28 20 90
781 795 8 20 i
803 794 137 27 Kyrkolagen

191 827 134 27 föreskrifva,
349 828 49 27 (sic)
420 828 133 21 framhärdar
571 829 8 20 i
598 828 32 20 sin
654 828 65 27 afsigt
738 830 31 19 att
786 828 47 21 från
853 829 41 20 den
909 829 31 19 lu-

190 862 88 21 therska
299 861 92 28 kyrkans
416 862 127 27 gemenskap
567 863 32 25 sig
622 862 69 27 skilja,
713 862 87 22 inställe
817 863 39 26 sig,
875 862 66 22 sedan

191 896 65 21 minst
270 896 36 22 två
321 896 101 22 månader
438 897 54 21 efter
507 896 155 22 ofvannämnda
676 896 205 27 tillkännagifvande
896 896 44 21 för-

190 930 63 27 flutit,
269 930 38 22 hos
322 931 149 27 kyrkoherden
487 931 38 21 och
540 931 73 27 förnye
629 931 33 21 sin
676 931 105 25 anmälan,
797 932 48 20 med
856 931 84 27 uppgift

190 971 35 15 om
242 966 40 20 den
296 967 33 19 tro
345 965 41 21 han
406 966 115 20 omfattat".
555 965 24 21 O.
595 972 16 14 s.
627 972 19 14 v.
662 966 66 26 enligt
744 966 40 21 den
799 965 78 26 nådiga
891 971 50 21 pro-

190 999 127 26 positionen.
333 1011 27 3 —
375 993 29 27 Åt
419 1000 13 20 2
446 1006 62 14 mom.
523 1000 8 20 i
547 1000 11 20 7
575 1000 11 27 $
601 1000 39 20 har
655 999 160 21 Presteständet
829 999 62 27 gifvit
901 998 40 22 föl-

186 1033 68 27 jande
273 1033 93 21 ändrade
384 1034 90 26 lydelse:
508 1034 40 26 ,Så
563 1034 62 26 länge
640 1034 113 26 utredning
768 1034 47 21 icke
834 1034 105 26 företetts,

189 1068 35 20 att
239 1068 40 21 den
294 1068 33 20 till
344 1068 115 26 öfvergång
475 1068 96 22 anmälde
586 1068 80 21 inträdt
676 1068 7 21 i
694 1069 64 20 annat
772 1068 78 21 kristet
864 1067 78 27 kyrko-

189 1101 108 27 samfund,
317 1102 55 20 skall
390 1102 42 21 han
451 1102 70 21 såsom
538 1102 94 21 hörande
648 1102 33 21 till
697 1101 245 27 evangelisk-lutherska

191 1135 82 27 kyrkan
288 1136 80 21 anses."
597 1153 2 2 .

294 1175 153 28 Borgareständet
461 1176 38 22 har
514 1177 94 26 godkänt
624 1176 11 20 7
652 1176 11 27 &
679 1176 66 26 enligt
759 1175 149 21 betänkandet.

260 1210 32 22 Pä
310 1210 53 26 skäl,
383 1211 72 21 hvilka
473 1210 110 22 Utskottet
596 1211 8 20 i
619 1210 37 22 det
673 1210 130 26 föregäende
818 1210 123 25 framhällit,

190 1244 93 21 föresläs
298 1245 118 20 vördsamt:

432 1279 29 19 att
474 1278 96 26 samtliga
585 1278 95 20 Ständen
694 1277 63 21 måtte
767 1276 83 26 besluta,
862 1278 31 19 att
904 1277 14 20 7
928 1276 16 28 $

363 1312 53 21 skall
431 1312 48 28 lyda
493 1312 101 21 sålunda:

437 1346 40 22 Vill
486 1346 87 23 medlem
581 1346 27 27 af
614 1345 231 28 evangelisk-lutherska
857 1346 86 27 kyrkan,

363 1388 45 14 som
423 1382 91 26 uppnått
528 1381 86 28 tjuguett
628 1382 37 20 års
681 1381 60 21 ålder
755 1381 37 21 och
807 1380 87 28 åtnjutit
906 1381 37 21 så-

365 1416 42 22 dan
414 1415 253 28 religionsundervisning,
674 1422 45 14 som
727 1415 57 21 inom
791 1421 80 15 samma
879 1414 65 28 kyrka

363 1451 9 21 i
387 1451 94 21 Finland
495 1451 32 21 till
544 1450 148 26 konfirmation
707 1450 115 26 erfordras,
837 1457 27 13 ur
879 1450 65 21 henne

260 1492 71 21 Bihang
342 1491 28 17 till
382 1492 124 21 Lagutskottets
518 1491 103 18 betänkande
633 1490 35 18 N:o
682 1491 27 18 14.
