1025 1698
207 116 28 20 40
423 114 23 24 U.
462 114 23 22 B.
503 126 23 4 —
546 113 64 28 Prop.
629 113 38 23 N:o
683 113 38 23 40.

177 180 44 20 slut
240 180 58 20 velat
320 179 65 21 hafva
408 179 67 21 redan
491 186 35 19 nu,
541 181 53 19 utan
611 178 30 20 all
658 180 101 18 närmare
782 177 149 21 förberedelse

175 213 112 28 vidtagen.

248 248 108 28 Slutligen
380 248 62 20 torde
461 249 36 20 det
512 248 82 21 tillåtas
617 246 114 22 Utskottet
753 246 122 26 framhålla,
899 248 32 19 att

176 282 126 21 Utskottets
318 282 23 22 af
355 282 26 22 de
397 285 33 18 tre
449 282 67 21 andra
539 282 97 21 Stånden
659 281 116 27 godkända
798 281 83 28 förslag
896 282 35 20 rö-

176 317 68 21 rande
268 317 201 27 vakansafgifterna
491 317 48 21 icke
561 316 93 21 innebär
674 315 37 21 det
729 322 84 14 samma
834 322 47 14 som
897 317 34 19 att

175 351 98 21 förklara
288 351 49 21 dem
354 351 33 21 för
403 358 26 14 en
446 351 86 27 ständig
551 351 67 26 skatt;
642 352 23 26 ty
680 350 37 20 det
733 350 61 21 heter
816 350 115 28 uttryckli-

175 392 43 21 gen
234 387 31 20 att
280 386 26 21 de
322 386 63 20 skola
400 387 110 19 tillsvidare
525 387 95 26 utgöras,
636 385 84 21 således
736 385 33 20 till
785 384 49 22 dess
850 392 27 14 en
893 392 37 14 an-

176 427 44 14 nan
236 420 104 28 landtdag
357 420 136 21 annorlunda
509 420 103 21 besluter.

247 454 51 22 Med
322 455 47 21 stöd
385 455 21 21 af
422 455 37 21 det
478 454 90 22 anförda
591 455 66 26 vågar
673 454 114 22 Utskottet
809 454 123 22 framställa

176 489 33 21 till
224 489 166 22 Bondeständet
406 490 42 21 åen
465 490 136 20 vördsamma
616 489 103 21 anhållan

382 526 32 20 att
428 524 160 22 Bondeständet
606 524 46 21 ville
666 524 73 26 förena
754 524 33 27 sig
801 524 9 20 i
824 524 25 21 de
864 524 68 27 öfriga

316 558 107 23 Ständens
439 559 66 22 beslut
522 560 76 26 derom,
620 561 31 20 att
670 559 25 21 de
713 559 52 27 frän
783 559 92 21 rusthäll
895 559 36 21 och

314 596 59 20 rotar
386 594 34 27 för
435 594 132 22 närvarande
580 594 104 27 utgående
698 594 165 27 vakansafgifter
873 594 60 21 skola

314 628 43 22 tills
371 629 71 21 vidare
457 629 101 27 erläggas.

248 662 86 21 Derhos
346 663 33 21 får
390 662 120 27 Utskottet,
525 662 138 28 åberopande
674 662 39 21 sitt
723 662 40 22 här
774 663 64 20 ofvan
849 662 84 28 afgifna

176 697 102 27 yttrande
295 697 33 21 till
345 698 47 21 stöd
403 698 34 21 för
447 698 7 20 i
466 697 60 29 fråga
538 698 94 20 varande
642 697 148 27 stadgandens
801 696 132 29 afskiljande

176 731 48 21 från
240 732 11 27 8
268 732 12 20 2
296 732 7 21 i
318 732 167 28 författningen,
502 735 55 18 samt
573 732 27 20 dä
611 732 36 21 det
662 732 65 21 äfven
743 732 56 28 eljes
815 733 69 20 måste
895 739 38 15 an-

177 773 35 15 ses
222 767 133 28 lämpligast,
367 769 32 19 att
409 768 48 20 icke
469 768 6 20 i
487 767 199 29 värnepligtslagen
699 767 99 21 meddela
809 769 31 19 ett
851 767 82 21 skatte-

177 802 78 27 päbud,
272 802 83 21 hvilket
367 802 103 28 möjligen
482 803 67 21 redan
560 808 61 16 snart
633 802 93 21 behöfde
736 802 122 26 förändras,
870 802 63 21 vörd-

177 839 57 18 samt
249 836 39 22 hos
304 837 102 27 samtliga
422 837 94 22 Ständen
534 837 116 22 hemställa
665 837 92 22 hurvida
773 837 48 21 icke
837 837 96 21 beslutet

176 871 114 28 angående
309 871 203 28 vakansafgifterna
532 871 67 22 borde
615 872 7 21 i
639 872 41 21 den
702 871 151 29 underdäniga
873 879 59 14 svar.

178 906 130 21 skrifvelsen
323 907 52 27 ingå
391 908 98 19 närmast
505 907 55 20 efter
576 907 113 27 lagtexten
702 909 56 18 samt
769 908 49 20 med
829 907 103 21 afseende

178 941 12 20 ä
206 941 59 20 detta
281 941 146 28 särskiljande
443 941 24 21 af
481 941 83 28 frägan,
581 941 83 21 erhälla
680 941 96 28 följande
792 942 93 26 lydelse:

386 978 30 19 att
433 975 125 28 Ständerna,
577 977 47 20 med
645 977 150 26 föranledande
814 977 27 27 af
854 977 55 21 hvad
925 977 9 20 i

314 1011 40 21 den
363 1011 80 28 nädiga
454 1011 160 26 propositionen
630 1011 69 22 derom
710 1013 25 20 är
744 1011 129 27 framstäldt,
883 1011 50 27 fun-

316 1046 33 21 mit
363 1046 32 26 sig
411 1046 50 21 böra
475 1045 106 28 samtycka
599 1045 74 27 dertill,
689 1048 31 19 att
735 1046 25 21 de
774 1047 51 26 från
840 1046 93 22 rusthäl-

315 1079 32 22 len
369 1082 56 19 samt
447 1081 94 21 roterade
562 1080 95 21 hemman
677 1081 36 21 och
733 1081 154 21 båtsmanshåll
901 1081 33 26 för

314 1115 133 20 närvarande
461 1115 104 26 utgående
578 1115 90 21 vakans-
682 1115 37 21 och
729 1115 204 27 passevolansafgif-

315 1151 30 18 ter
359 1150 36 20 mä
411 1149 113 21 tillsvidare
539 1149 32 22 till
586 1149 140 26 oförändradt
740 1149 71 27 belopp
826 1150 108 26 uppbäras

314 1183 72 21 säsom
401 1183 74 26 bidrag
491 1183 31 22 till
536 1183 142 22 bestridandet
689 1184 27 26 af
720 1184 169 27 Militiefondens
900 1187 33 18 ut-

313 1218 75 26 gifter:
404 1217 37 22 och
456 1220 31 19 att
498 1217 120 22 Ständerna
633 1219 155 26 underdänigst
802 1221 81 23 emotse,
901 1219 34 21 det

312 1251 47 21 ville
373 1251 63 21 Hans
452 1251 118 27 Kejserliga
582 1251 103 27 Majestät
701 1252 45 22 låta
761 1253 94 20 särskild
867 1252 67 27 nådig

313 1285 121 27 kungörelse
448 1285 74 22 härom
536 1286 58 26 utgå.

397 1319 94 21 Punkt
507 1319 41 22 N:o
565 1321 9 20 1
593 1319 49 29 (sid.
659 1320 46 29 87).

243 1353 43 21 Det
302 1353 24 22 af
338 1353 115 22 Utskottet
469 1354 7 21 i
491 1355 99 27 punkten
607 1355 33 21 1:0o
653 1356 12 20 å
681 1362 49 21 pag.
743 1356 26 21 87
786 1355 23 22 af
824 1355 49 22 dess
889 1356 45 21 för-

175 1391 33 18 sta
225 1388 139 21 betänkande
379 1389 129 22 framstälda
522 1389 83 28 förslag
620 1391 6 19 i
643 1391 122 27 anledning
787 1391 23 21 af
819 1391 115 22 vakansaf-

175 1423 107 28 gifternas
291 1423 106 28 ställning
406 1424 80 21 tillden
494 1431 41 22 nya
545 1424 261 29 militärorganisationen
815 1426 39 21 har
860 1427 71 21 blifvit

247 1459 198 22 Värnepligtsutskottets
458 1461 106 16 betänkande
576 1461 36 16 N:o
624 1459 16 18 3.
