1039 1695
233 170 26 19 52
418 172 26 17 v.
464 158 28 31 m.
508 181 25 3 —
549 173 82 21 Prop.
646 171 45 18 N:o
706 171 39 18 40.

203 440 225 39 Värnepligtslag
453 439 47 32 för
525 439 279 31 Storfurstendömet
826 439 121 31 Finland.

521 511 69 23 Kap.
605 512 24 17 1.

438 556 103 20 Allmänna
555 555 158 26 bestämningar.

520 604 16 22 5.
554 602 17 20 1.
587 602 41 24 (1)

269 642 41 19 För
325 644 85 17 tronens
425 641 40 20 och
479 640 179 29 fäderneslandets
673 641 81 19 försvar
769 643 23 17 är
806 640 73 26 hvarje
895 639 53 20 finsk

202 676 139 27 medborgare
355 676 148 26 värnepligtig.

518 730 15 22 S.
550 729 19 19 2.
585 728 40 25 2.)

269 767 33 21 Sä
316 767 60 27 länge
392 767 79 21 landets
487 767 126 21 härväsende
628 768 25 20 är
669 767 90 21 ordnadt
772 767 32 27 pä
814 766 132 28 grundvalen

201 802 27 28 af
240 802 80 21 allmän
340 802 126 28 värnepligt,
489 802 37 20 äro
549 801 98 29 samtliga
669 801 91 21 rusthäll
775 801 37 21 och
826 804 58 17 rotar
906 801 40 28 fri-

201 835 83 22 kallade
298 836 52 28 frän
360 835 141 28 skyldigheten
515 838 31 18 att
561 836 110 28 uppställa
687 834 102 29 krigsfolk
800 834 64 28 enligt
880 834 65 21 indel-

200 869 135 29 ningsverket,
350 877 46 13 men
411 869 25 21 de
450 869 59 29 ifrån
524 869 45 21 dem
583 869 35 28 för
633 869 106 21 närvande
749 869 102 27 utgående
859 868 86 21 vakans-

200 903 89 29 afgifter
304 903 58 21 skola
379 903 117 22 tillsvidare
511 903 102 28 erläggas.

501 957 22 23 ($
539 956 11 19 3
565 956 79 26 utgår.)

458 1003 16 22 s.
491 1001 18 19 3.
529 1002 30 25 (4,
575 1001 11 19 5
603 1001 39 20 och
659 1001 30 24 6.)

296 1039 92 22 Landets
403 1039 115 29 krigsmakt
532 1041 81 27 utgöres
629 1039 27 28 af

266 1082 23 22 a)
311 1079 71 21 aktiva
404 1082 122 26 trupperna,
548 1087 43 13 som
609 1081 38 19 äro
669 1081 8 19 i
692 1080 86 28 ständig
800 1081 144 28 tienstgöring,

265 1114 25 24 b)
312 1120 98 19 reserven,
424 1120 73 21 genom
511 1113 81 21 hvilken
607 1114 25 20 de
651 1113 71 21 aktiva
730 1117 117 25 trupperna
855 1114 89 28 förstär-

198 1146 36 21 kas
249 1146 35 22 till
298 1146 34 22 det
346 1147 35 28 för
396 1146 46 29 krig
458 1146 107 30 beköfliga
580 1147 66 27 antal,
661 1149 54 19 samt

265 1183 22 23 €)
303 1180 139 27 landtvärnet,
457 1180 105 22 bestående
577 1181 27 28 af
616 1181 45 21 alla
676 1182 45 20 dem
736 1188 42 14 som
794 1182 82 21 utträdt
890 1182 52 28 från

196 1220 99 15 reserven.

523 1250 10 22 s
549 1248 18 20 4.
583 1249 42 24 (8.)

264 1286 33 21 De
318 1285 129 29 uppbädade
471 1285 162 29 värnepligtiges
653 1286 122 29 fördelning
802 1287 77 21 mellan
903 1289 35 20 ak-

196 1321 44 20 tiva
262 1323 117 26 trupperna
403 1320 36 21 och
462 1327 91 15 reserven
576 1320 117 22 bestämmes
710 1327 74 22 genom
800 1321 95 30 lottning.

515 1392 16 22 s.
552 1391 18 19 5.
586 1391 41 24 (7)

263 1429 86 21 Antalet
364 1430 23 20 af
400 1430 35 20 det
450 1430 34 21 för
499 1428 70 22 aktiva
584 1432 124 25 truppernas
723 1431 165 29 komplettering
908 1439 30 13 er-

195 1465 114 26 forderliga
324 1464 101 27 manskap
441 1464 126 21 bestämmes
583 1464 80 27 ärligen
678 1465 23 20 af
713 1465 102 26 Kejsaren
832 1466 39 21 och
882 1467 56 20 Stor-

196 1499 78 20 fursten
290 1499 28 26 pä
333 1498 152 27 framställning
494 1498 24 20 af
531 1498 91 21 Senaten
638 1499 32 20 för
686 1499 94 20 Finland.

265 1543 199 23 Värnepligtsutskottets
477 1543 111 18 Betänkande
599 1543 34 19 N:o
646 1545 16 16 1.
