1023 1692
257 144 79 24 Ständ.
352 144 36 23 Sv.
405 157 26 3 —
446 145 70 27 Prop.
531 144 40 22 N:o
585 144 37 22 40.
755 144 26 22 23

72 214 64 22 derna
150 214 46 21 icke
211 216 68 19 ansett
293 213 72 28 billigt,
381 215 31 20 att
426 214 21 21 åt
461 213 153 22 vederbörande
628 214 107 21 lemnades
748 215 62 26 öppet

72 250 30 20 att
116 250 44 19 mot
175 248 24 20 de
214 247 161 29 värnepligtiges
390 255 51 20 egen
456 247 49 29 vilja
519 247 92 28 förflytta
625 247 48 21 dem
687 248 33 21 till
730 247 80 28 gardes-

71 281 97 28 bataljon.
201 281 116 21 Ständerna
334 281 63 21 hafva
417 281 79 21 derföre
510 280 72 22 funnit
595 281 94 28 rigtigast
703 283 31 19 att
748 281 62 21 såtill-

72 315 48 21 vida
129 315 80 28 grunda
219 315 68 21 denna
296 317 72 26 trupps
383 315 186 28 sammansättning
582 315 27 28 på
622 315 188 28 frivillighetsprin-

72 349 66 29 cipen,
153 351 30 20 att
199 349 32 22 till
249 349 119 22 densamma
386 349 63 21 bland
462 349 26 22 de
502 349 150 29 värnepligtige
667 352 57 19 utses
739 350 72 23 endast

72 384 81 25 sådane,
169 391 44 14 som
228 383 73 29 sjelfve
317 388 34 17 äro
366 383 70 22 dertill
449 383 77 28 villige.
549 384 147 22 Utmärkelsen
710 386 31 19 att
755 383 57 29 tjena

73 419 35 22 vid
122 418 81 21 landets
221 418 86 22 främsta
326 420 63 26 trupp
403 419 39 20 och
459 418 116 21 fördelarne
589 417 24 22 af
625 418 36 22 vid
674 418 73 28 gardet
761 425 50 14 vun-

73 461 42 14 nen
129 452 110 22 befordran
254 453 59 21 skola
327 451 104 22 sannolikt
445 454 73 27 utgöra
531 452 126 29 tillräckliga
670 452 141 28 anledningar,

73 490 30 19 att
118 487 67 21 denna
202 486 91 29 bataljon
307 487 46 20 icke
367 487 95 20 kommer
481 488 31 20 att
526 487 65 21 sakna
605 487 72 28 nödigt
690 487 122 28 komplette-

73 521 162 28 ringsmanskap.
266 521 74 21 Skulle
355 521 93 21 deremot
462 520 22 22 så
498 520 47 22 icke
559 520 89 26 inträffa,
664 521 85 28 erbjuda
759 521 53 22 stad-

73 555 94 29 gandena
184 563 34 13 om
236 555 116 22 volontärer
369 554 82 22 tillfälle
465 556 31 20 att
508 562 76 21 genom
598 555 101 21 särskilda
715 555 50 22 aftal
778 563 34 14 an-

74 589 66 22 skaffa
149 589 35 22 det
193 589 130 22 återstående
333 588 104 22 behofvet.
459 589 41 21 'Att
509 588 45 22 åter
568 589 45 22 helt
627 589 38 22 och
679 589 65 22 hållet
754 589 60 22 ställa

74 625 68 20 denna
160 626 61 26 trupp
241 623 26 29 på
281 623 86 22 värfvad
382 623 30 22 fot
429 623 37 21 har
484 623 46 22 icke
545 625 58 26 synts
617 623 101 30 lämpligt,
734 623 23 22 af
769 624 46 21 skäl

74 661 31 20 att
124 667 26 13 en
169 657 183 30 grundväsendtlig
370 657 79 22 olikhet
463 657 8 22 i
485 657 22 22 så
521 657 37 22 fall
572 658 83 21 komme
670 660 31 20 att
715 667 38 20 ega
767 666 47 13 rum

75 693 77 22 mellan
167 693 120 21 densamma
301 693 38 21 och
355 692 65 29 öfriga
434 692 155 22 beståndsdelar
603 692 23 22 af
638 692 41 22 den
693 693 66 22 finska
769 693 45 22 här-

76 727 119 28 ordningen.

143 761 50 22 Den
207 761 8 22 i
229 761 131 29 paragrafens
375 761 134 22 slutmoment
523 761 102 28 ingående
634 761 136 28 bestämning,
782 769 34 14 en-

76 796 38 28 ligt
128 796 87 21 hvilken
229 796 52 21 blott
295 795 22 22 åt
331 795 26 21 de
369 795 156 29 värnepligtige,
536 795 73 22 hvilka
618 795 33 22 till
662 795 154 29 tjenstgörings-

78 832 58 20 orten
158 830 63 21 hafva
242 831 30 20 att
291 829 156 28 tillryggalägga
464 837 26 13 en
507 830 71 27 längre
597 830 120 28 vägalängd,
733 835 27 16 än
774 829 43 22 två-

77 864 82 22 hundra
173 866 62 23 verst,
251 863 135 22 tillerkännes
406 864 119 28 ersättning,
541 864 39 21 och
595 864 68 21 denna
677 864 74 22 endast
765 863 52 22 efter

78 899 40 21 den
132 898 47 29 låga
192 898 142 28 beräkningen
349 897 22 22 af
383 899 32 20 tre
429 898 64 28 penni
507 897 32 22 för
553 900 89 24 versten,
653 898 38 21 har
701 900 58 26 synts
769 898 48 21 med

78 933 95 29 billighet
187 932 47 29 föga
248 932 229 22 öfverensstämmande.
502 932 55 26 Den,
568 940 45 14 som
622 932 42 22 står
678 932 8 22 i
700 932 64 22 beräd
780 934 36 24 att,

78 970 52 20 utan
151 967 145 22 motsvarande
317 967 134 28 godtgörelse,
467 967 67 21 under
552 975 27 13 en
597 966 48 30 läng
659 966 94 29 tidsföljd
766 967 52 21 offra

79 1003 69 21 arbete
163 1002 38 22 och
216 1002 31 22 tid
265 1002 8 21 i
290 1001 143 22 fosterlandets
455 1001 69 29 tjenst,
539 1002 42 21 kan
598 1002 48 21 med
667 1001 35 29 fog
721 1005 49 25 göra
784 1009 35 13 an-

80 1036 62 30 spräk
160 1036 27 27 pä
205 1038 30 20 att
253 1036 53 26 icke,
322 1036 63 22 redan
406 1036 44 21 före
468 1036 72 29 början
554 1036 23 21 af
589 1036 33 22 sin
636 1036 182 28 tjenstgöringstid,

80 1071 135 22 underkastas
229 1070 94 26 kostnad,
339 1072 50 20 utan
404 1072 31 20 att
449 1070 8 22 i
470 1070 65 22 andra
549 1074 26 18 än
588 1071 99 27 sällsynta
697 1070 123 28 undantags-

80 1106 37 22 fall
132 1104 68 24 derför
215 1105 77 21 erhälla
307 1104 67 29 nägon
389 1104 118 29 ersättning.
537 1104 43 22 För
594 1106 31 20 att
639 1104 53 22 dock
705 1104 48 22 icke
766 1104 54 21 häri-

80 1147 75 21 genom
165 1139 96 22 ähvälfva
271 1141 68 19 staten
354 1138 85 28 utgifter
453 1138 7 22 i
475 1146 68 14 annan
557 1138 100 22 händelse
671 1143 27 17 än
713 1138 36 22 der
764 1138 56 22 detta

81 1174 22 21 af
116 1173 98 22 behofvet
231 1173 98 29 påkallas,
349 1172 62 22 hafva
426 1172 116 22 Ständerna
556 1172 83 29 pröfvat
653 1172 76 28 skäligt
743 1174 31 20 att
788 1172 33 22 till

82 1208 71 21 femtio
171 1209 57 20 verst
242 1207 83 21 minska
342 1206 116 22 maximum
472 1206 22 22 af
507 1206 41 22 den
562 1206 85 26 distans,
663 1214 45 14 som
723 1206 40 22 den
777 1210 45 18 vär-

82 1242 113 28 nepligtige
210 1246 22 17 är
246 1241 83 29 skyldig
343 1243 30 20 att
387 1243 52 19 utan
453 1240 120 29 ätnjutande
585 1240 23 22 af
615 1240 144 22 motsvarande
769 1240 53 22 färd-

82 1276 115 29 penningar
217 1276 33 21 till
268 1275 206 29 tjenstgöringsorten
492 1275 161 28 tillryggalägga,
674 1276 54 20 samt
747 1276 31 20 att
791 1274 32 22 för

83 1310 74 28 hvarje
174 1312 62 24 verst,
257 1309 100 22 hvarmed
375 1309 142 27 vägalängden
531 1308 138 28 öfverskjuter
688 1308 57 22 detta
759 1308 64 22 maxi-

84 1352 64 17 mum,
164 1344 76 20 honom
255 1344 36 20 bör
306 1342 89 22 tilldelas
411 1350 26 13 en
452 1342 113 28 ersättning
579 1341 23 21 af
615 1341 42 22 ätta
671 1341 70 29 penni.

153 1378 13 25 8
181 1378 27 20 96
224 1377 43 25 har,
290 1376 48 21 med
360 1375 112 29 anledning
486 1375 23 21 af
521 1376 38 20 den
582 1375 123 21 förändrade
727 1375 98 28 ställning

86 1419 96 14 reserven
199 1410 87 26 erhällit,
297 1409 110 29 undergätt
421 1417 27 13 en
458 1409 84 22 dermed
551 1409 223 22 öfverensstämmande
784 1416 42 14 om-

86 1445 122 29 redigering.

154 1479 35 22 Då
207 1479 197 29 krigsmannaedens
427 1478 78 28 lydelse
523 1477 46 22 icke
586 1478 66 21 finnes
669 1477 8 22 i
695 1477 131 28 lagförslaget
