1025 1698
214 130 26 20 36
439 128 22 23 U.
479 128 23 22 B.
519 128 65 28 Prop.
601 128 39 23 N:o
656 128 39 22 40.

183 194 83 21 kunnat
280 192 78 29 frångå
373 192 36 22 sitt
428 192 59 22 förra
502 193 81 27 förslag
598 192 74 22 derom
687 194 32 19 att
735 193 124 21 densamma
873 192 67 22 borde

184 228 54 21 höra
252 228 34 20 till
301 226 286 29 grundlagsföreskrifterna.

252 261 105 29 Tydligen
379 268 63 21 synes
465 261 59 22 detta
543 260 80 29 jemväl
644 260 55 22 böra
721 268 50 14 vara
792 261 61 21 fallet
868 261 73 28 med
929 256 15 38 8

185 297 51 26 123;
251 298 23 26 ty
289 296 37 22 det
340 296 43 21 kan
398 296 34 20 väl
447 295 108 28 knappast
568 295 8 21 i
588 294 62 29 fråga
672 294 87 23 komma
781 297 32 20 att
827 294 28 29 på
870 302 71 15 annan

184 332 39 26 väg
239 332 27 20 än
282 330 81 22 medels
378 330 160 28 grundlagsbud
554 329 77 28 stadga
646 329 7 21 i
668 329 79 22 sådant
761 331 68 24 ämne,
846 337 46 14 som
904 337 37 15 an-

184 364 83 29 gående
282 365 122 27 Regentens
420 365 40 21 och
475 364 131 21 Ständernas
621 362 114 24 finansiela
750 364 137 28 befogenhet.

251 398 32 22 På
298 399 69 27 grund
383 399 22 21 af
419 399 56 21 hvad
489 398 110 22 Utskottet
613 405 29 13 nu
664 398 47 21 haft
733 399 53 21 äran
802 399 81 26 anföra,
899 399 41 21 och

184 434 48 21 med
248 433 101 22 afseende
362 433 79 27 jemväl
456 432 13 22 å
483 432 55 22 hvad
561 432 39 22 här
622 432 63 22 ofvan
701 433 7 20 i
723 432 116 28 anledning
854 432 23 22 af
890 433 51 21 Rid-

184 468 126 28 derskapets
326 468 40 21 och
381 467 81 22 Adelns
484 467 71 21 beslut
570 467 34 21 vid
621 468 24 20 17
662 468 11 27 &
691 467 67 21 blifvit
777 468 88 28 yttradt,
885 470 56 19 samt

184 502 28 22 dä
233 503 111 21 Utskottet
365 502 48 21 icke
435 502 81 20 kunnat
538 501 59 21 finna
613 501 40 22 den
669 502 24 20 af
705 501 183 29 Borgareständet
903 502 38 28 pä-

184 537 80 29 yrkade
279 536 125 28 förändring
419 537 24 20 af
455 537 122 27 ingressens
595 536 34 21 till
644 536 141 28 lagförslaget
806 536 134 28 ordalydelse

184 580 51 14 vara
250 571 134 29 erforderlig,
409 570 27 22 dä
455 572 25 27 ju
500 571 124 21 densamma
641 571 61 21 äfven
722 571 49 21 med
787 571 41 21 den
843 572 8 20 i
865 572 76 20 betän-

184 607 80 21 kandet
278 606 123 29 föreslagna
417 606 111 28 affattning
551 606 18 27 ej
592 606 43 20 kan
658 605 79 22 förstås
761 606 135 21 annorlunda
913 608 27 20 än

184 641 70 23 säsom
268 644 32 19 ett
315 641 69 22 vilkor
399 641 52 21 eller
465 639 106 23 förbehäll
586 640 34 21 för
639 640 74 28 lagens
733 641 128 27 antagande,
881 641 58 21 hem-

183 677 74 21 ställes
272 676 109 22 vördsamt
403 678 32 18 att
457 675 120 21 Ständerna
597 674 66 22 måtte
686 674 71 22 såsom
779 674 110 29 inledning
907 676 32 20 till

183 711 153 28 författningen
350 710 115 28 godkänna
478 709 96 28 följande
588 709 123 21 uttalande:

389 748 31 19 att
435 745 121 21 Ständerna
570 745 38 21 hos
624 744 63 21 Hans
701 744 120 28 Kejserliga
835 745 105 27 Majestät

319 782 9 20 i
351 780 166 26 underdänighet
542 779 84 22 anhälla
651 779 76 26 derom,
754 782 31 19 att
809 780 80 26 förslag
909 780 31 21 till

320 815 99 27 strafflag
434 814 34 27 för
483 814 39 21 den
532 814 68 27 finska
616 814 105 20 militären
736 815 66 21 måtte
814 821 75 20 genom
899 815 40 20 nä-

320 851 36 26 dig
376 849 135 27 proposition
534 850 52 20 näst
610 848 200 22 sammanträdande
837 848 102 28 landtdag

318 885 126 27 föreläggas,
461 883 36 22 och
510 883 67 22 under
595 883 154 28 förutsättning
765 885 31 20 att
810 883 63 22 Hans
887 883 50 22 Ma-

314 919 69 28 jestät
403 918 74 21 härtill
496 919 4 20 i
513 918 67 21 nåder
602 917 80 27 bifaller
697 920 56 19 samt
775 920 32 19 att
827 918 112 21 emellertid

320 954 40 21 den
381 953 34 27 för
437 953 39 21 den
497 953 70 26 finska
588 952 106 21 militären
716 953 40 21 den
772 954 14 19 9
800 952 63 27 April
879 954 59 21 1877

318 987 115 28 utfärdade
447 987 98 26 strafflag
565 986 110 21 bibehålles
699 987 134 26 oförändrad,
856 987 83 26 förenat

319 1023 33 26 sig
369 1029 32 14 om
417 1023 31 20 att
463 1024 77 24 antaga
558 1020 161 28 nedanstående,
743 1021 65 22 delvis
830 1022 51 26 från
904 1023 34 21 det

319 1057 81 26 nådiga
414 1057 100 26 förslaget
529 1055 109 28 afvikande

348 1089 224 29 Värnepligtslag
586 1089 42 21 för
642 1089 129 27 Finland,

390 1125 9 21 i
413 1125 79 21 hvilken
508 1125 121 21 Ständerna
642 1125 73 26 funnit
727 1125 58 22 vissa
799 1125 137 28 stadganden,

316 1159 107 28 nämligen
438 1161 46 24 1,2
492 1159 58 22 och
539 1154 11 38 3
561 1158 37 28 $$,
606 1159 104 27 innefatta
725 1159 91 28 ändring
830 1160 27 27 af
867 1162 29 20 18
903 1160 35 28 $i

318 1194 196 27 Regeringsformen
524 1194 64 27 jemte
604 1193 33 21 det
644 1193 31 28 $$
682 1195 21 25 4,
713 1195 20 25 5,
744 1195 19 25 6,
771 1196 34 25 10,
814 1195 33 26 14,
855 1197 38 24 20,
901 1197 34 24 21,

318 1231 48 23 121,
382 1230 50 23 122,
448 1230 43 19 123
506 1228 36 21 och
556 1229 48 24 124,
621 1228 43 21 dels
679 1229 86 20 emedan
779 1229 158 21 slutmomenten

318 1264 9 19 i
340 1264 13 19 7
363 1261 15 29 $
389 1263 26 26 af
430 1261 122 21 Försäkran
562 1262 14 19 å
591 1261 114 27 allmogens
720 1262 38 26 fri-
769 1262 38 21 och
816 1263 121 26 rättigheter

317 1297 71 28 gifven
403 1297 39 20 den
455 1297 32 20 23
495 1295 60 22 Febr.
570 1296 61 21 1789
646 1296 36 21 och
696 1298 29 19 10
739 1296 16 27 $
771 1297 26 26 af
807 1296 129 23 Ridderska-

315 1334 49 25 pets
387 1331 36 22 och
444 1330 80 21 Adelns
542 1330 120 27 privilegier
678 1331 27 26 af
716 1331 40 21 den
769 1332 30 20 16
815 1331 44 22 Okt.
875 1333 62 20 1723

319 1367 118 26 derigenom
458 1365 65 21 varda
544 1364 116 27 upphäfna,
683 1365 44 21 dels
746 1366 48 21 med
811 1367 96 26 afseende
922 1367 15 21 &

318 1401 62 22 dessa
395 1400 93 27 lagrums
503 1399 106 27 betydelse,
621 1402 80 19 ansetts
711 1400 49 21 böra
771 1401 71 21 såsom
855 1401 80 28 grund-

319 1434 177 29 lagsstadganden
511 1433 109 22 betraktas.

253 1476 190 24 Värnepligtutskottets
455 1475 106 17 betänkande
573 1475 35 16 N:o
621 1473 16 18 3.
