1028 1698
303 141 80 23 Ständ.
398 142 54 22 Skr.
467 156 27 3 —
509 137 71 42 Prop.
593 144 39 31 N:o
646 145 34 21 42.

321 388 129 25 Finlands
472 389 138 25 Ständers
632 389 169 26 skrifvelse
824 391 32 24 till

253 429 133 24 Ständernas
401 429 198 30 Bankfullmäktige
616 429 112 32 angående
738 431 118 31 Längman-

253 469 42 24 ska
321 470 219 25 testamentsfondens
567 470 133 31 förvaltning
727 471 6 24 i
756 471 100 25 Finlands

252 505 69 39 Bank.
681 514 5 7 :

245 578 43 21 Till
303 577 101 23 Finlands
419 578 99 23 Ständers
532 578 199 29 Bankfullmäktige.

185 641 68 23 Sedan
271 642 71 22 Hans
361 642 152 29 Kejserliga
531 642 121 29 Majestät
665 643 36 22 vid
715 643 141 22 innevarande

115 675 99 29 landtdag
231 684 76 20 genom
325 676 74 23 afläten
416 677 64 28 nådig
499 677 132 29 proposition,
650 685 43 14 som
707 677 65 28 jemte
787 677 69 22 dertill

115 711 92 21 hörande
224 711 124 28 handlingar
367 711 75 22 härhos
459 712 97 29 bilägges,
577 711 105 29 föreslagit
696 711 117 22 Ständerna
827 714 30 19 att

115 745 27 29 gå
156 745 8 22 i
179 745 123 29 författning
320 753 35 14 om
368 745 137 23 tillsättandet
519 746 23 21 af
554 746 40 22 den
609 746 83 26 komit6,
707 746 87 22 hvilken
806 745 51 29 jem-

114 779 42 22 likt
174 787 26 14 en
218 780 7 21 i
240 780 75 21 aflidne
334 780 141 21 Handlanden
497 780 53 21 Erik
571 780 71 22 Johan
660 780 119 29 Längmans
798 780 59 22 efter-

115 814 96 22 lemnade
232 816 123 21 testamente
378 814 169 23 förekommande
568 815 130 28 bestämning
717 815 62 22 borde
794 815 62 21 hand-

115 849 63 22 hafva
200 849 77 22 värden
297 849 38 22 och
353 849 100 29 tillsynen
472 849 57 22 öfver
549 849 40 22 den
603 848 23 22 af
638 849 77 22 honom
729 849 33 23 till
775 849 81 23 förmon

115 883 32 22 för
166 883 101 23 Finlands
286 884 41 21 alla
345 884 60 22 ständ
424 884 38 21 och
476 884 123 22 folkklasser
613 884 172 22 testamenterade
800 884 55 26 fond,

115 917 108 23 äfvensom
237 920 30 20 att
281 920 48 26 taga
343 918 8 21 i
367 918 150 29 öfvervägande
533 919 37 21 och
580 919 80 21 besluta
670 918 87 22 rörande
767 918 89 22 kontrol-

114 952 35 22 len
164 952 24 22 af
200 952 103 23 komiténs
317 952 133 23 verksamhet
464 955 53 20 samt
532 952 162 23 öfvervakandet
711 952 23 22 af
746 955 109 26 testamen-

113 989 43 20 tets
178 986 129 29 fullgörande
322 987 8 21 i
345 986 67 30 öfrigt,
436 987 63 22 hafva
517 987 122 26 Ständerna,
658 995 44 14 som
721 989 68 21 ansett
806 988 50 21 Fin

115 1021 60 23 lands
198 1021 32 23 till
244 1022 99 28 landtdag
355 1021 123 23 församlade
498 1022 89 22 Ständer
605 1024 103 20 motsvara
722 1022 40 21 den
777 1022 8 22 i
798 1024 60 20 testa-

113 1057 81 21 mentet
213 1056 93 28 åsyftade
325 1056 84 26 komité,
429 1057 32 21 uti
479 1056 128 29 underdänig
626 1056 108 22 skrifvelse
754 1056 23 22 af
789 1056 67 22 denna

112 1090 40 30 dag
167 1090 100 22 förklarat
281 1091 31 29 sig
327 1091 89 22 beredda
431 1093 35 24 att,
482 1091 23 22 så
517 1091 42 22 fort
568 1091 37 22 ske
614 1091 48 26 kan,
673 1090 106 29 öfvertaga
789 1091 67 28 Läng-

111 1126 89 21 manska
213 1125 196 22 testamensfonden.

180 1160 12 22 I
211 1160 113 28 anledning
341 1160 62 22 häraf
419 1160 63 22 hafva
500 1160 116 22 Ständerna
634 1160 56 22 velat
707 1160 22 22 åt
747 1160 109 22 Bankfull-

112 1194 92 29 mäktige
225 1195 106 28 uppdraga
355 1196 36 25 att,
414 1195 67 22 såsom
501 1195 126 22 Ständernas
651 1197 166 26 representanter
836 1195 18 28 ej

111 1229 81 22 mindre
212 1229 23 21 af
251 1229 103 22 Finlands
375 1229 133 22 Statskontor
527 1231 102 26 emottaga
643 1229 87 22 berörda
744 1229 49 22 fond
807 1229 49 22 med

110 1263 56 22 hvad
185 1263 68 22 dertill
272 1264 67 25 hörer,
361 1268 27 17 än
406 1263 61 22 äfven
485 1263 88 29 granska
591 1263 39 22 den
650 1263 133 29 redovisning
797 1263 57 22 öfver

109 1297 89 26 fondens
217 1297 126 29 förvaltning
363 1297 80 26 hittills,
459 1305 44 14 som
517 1298 42 21 kan
573 1297 83 22 komma
671 1299 30 20 att
716 1297 33 22 till
764 1297 47 22 dem
826 1297 28 22 af-

109 1331 74 28 gifvas,
198 1331 117 28 hvarjemte
329 1331 118 22 Ständerna
461 1332 85 21 beslutit

245 1373 32 19 att
293 1371 119 21 tillsvidare
428 1371 131 26 öfverlemna
569 1371 23 20 ät
602 1370 141 21 Direktionen
747 1370 42 27 för
798 1370 54 21 Fin-

178 1405 63 21 lands
259 1405 64 21 Bank
338 1407 39 24 att,
392 1405 69 21 under
475 1404 212 29 Bankfullmäktiges
702 1404 99 21 inseende
816 1404 38 21 och

177 1440 9 21 i
204 1439 68 28 öfrigt
294 1440 68 27 enligt
380 1439 25 22 de
417 1439 150 28 föreskrifter,
585 1445 45 15 som
648 1439 72 21 kunna
739 1439 113 26 meddelas,

172 1474 99 28 förvalta
286 1474 172 29 ifrågavarande
467 1474 65 27 fond,
548 1477 55 19 samt
