1039 1692
326 147 27 19 U.
366 148 30 17 B.
409 158 22 3 —
443 148 80 23 Prop.
535 148 43 19 N:o
591 148 39 19 44.
779 150 26 20 29

161 216 84 27 Skälen,
263 216 99 23 hvarföre
382 218 61 21 ordet
457 219 81 22 uderlon
553 219 7 21 i
582 220 4 19 1
603 227 62 13 mom.
680 220 24 20 af
716 220 13 20 8
745 220 10 26 8
771 220 25 20 är
810 220 23 20 af

105 249 110 23 Utskottet
232 251 117 28 föreslaget
366 254 31 18 att
417 252 86 28 utbytas
522 252 33 22 till
572 255 89 25 tjuguett,
681 254 36 20 äro
736 253 34 20 vid
793 254 11 20 7
822 254 11 26 $

105 285 92 28 angifna.

160 319 65 22 Emot
241 320 102 27 förslaget
361 320 7 20 i
387 321 9 19 1
413 327 62 14 mom.
491 321 24 20 af
527 321 12 20 9
555 322 17 25 $,
587 321 32 20 att
634 320 118 27 äktenskap
768 321 62 20 emel-

104 355 35 20 lan
157 355 91 21 medlem
267 354 24 21 af
303 354 241 28 evangelisk-lutherska
558 354 82 27 kyrkan
655 355 40 20 och
709 354 122 21 bekännare

104 389 23 21 af
140 396 71 15 annan
225 389 81 22 kristen
320 389 93 21 troslära
427 389 55 27 finge
492 389 90 21 afslutas
592 389 100 27 antingen
703 396 74 21 genom
788 389 44 27 vig-

103 423 38 26 sel,
159 423 52 22 eller
228 423 57 22 inför
302 424 107 27 borgerlig
428 424 128 27 myndighet,
574 423 39 21 har
634 423 141 27 Kyrkomötet
794 431 37 13 an-

103 457 76 26 märkt,
195 459 32 20 att
241 457 41 22 den
296 458 111 21 lutherska
420 457 81 28 kyrkan
516 457 7 21 i
538 457 90 21 Finland
643 457 57 26 kan,
717 457 66 28 enligt
798 457 32 21 sin

103 493 28 26 pä
149 491 60 22 Guds
227 491 38 22 ord
283 491 110 28 grundade
411 491 135 26 bekännelse,
565 492 36 21 det
623 491 64 22 derur
704 491 126 22 utvecklade

102 525 189 28 religiöst-sedliga
305 526 149 21 medvetandet
469 526 39 21 och
523 526 33 21 sin
571 525 85 22 dermed
669 526 162 21 öfverensstäm-

103 559 76 22 mande
197 560 108 27 kyrkolag,
321 561 18 26 ej
357 561 71 20 säsom
442 560 94 27 kristligt
551 560 94 21 erkänna
661 560 35 21 det
710 560 121 27 borgerliga

103 593 146 28 äktenskapet,
269 594 33 20 till
322 594 62 21 hvars
403 594 112 21 införande
530 594 69 21 denna
614 594 133 27 bestämning
762 594 69 21 skulle

102 627 57 28 gifva
179 627 68 22 första
265 627 148 28 anledningen,
434 630 52 19 utan
504 628 75 21 endast
593 628 36 21 det
645 628 123 27 äktenskap,
784 636 46 13 som

102 668 76 20 genom
192 661 83 28 kyrklig
289 662 66 27 vigsel
369 662 146 21 fullkomnas*.
545 662 133 28 Kyrkomitet
692 662 40 21 har
747 662 83 21 derföre

102 695 34 22 för
157 698 126 20 momentets
305 696 53 21 sista
378 696 85 28 mening
487 696 111 28 föreslagit
622 696 95 28 följande
740 696 89 29 lydelse:

102 730 71 25 »Dock
187 731 68 21 måste
264 731 116 26 äktenskap
391 731 90 21 emellan
491 731 89 21 medlem
589 730 23 21 af
619 731 210 27 evangelisk-luther-

102 765 39 21 ska
158 765 80 28 kyrkan
257 765 40 21 och
318 765 121 21 bekännare
457 765 24 20 af
497 765 132 21 främmande
643 765 80 21 kristen
738 765 92 22 troslära

102 798 61 22 alltid
177 799 90 21 afslutas
283 805 75 21 genom
373 798 65 27 vigsel
453 798 65 28 enligt
533 798 241 28 evangelisk-lutherska
783 799 47 28 kyr-

101 833 53 21 kans
170 833 71 21 bruk”.

158 867 42 21 För
215 867 32 21 sin
263 867 33 21 del
311 867 42 21 kan
369 867 161 27 Lagutskottets
541 867 123 27 visserligen
672 867 47 21 icke
728 868 99 26 erkänna,

102 903 32 19 att
154 900 59 22 Guds
229 901 39 21 ord
283 901 68 21 skulle
365 901 108 21 innehålla
487 902 70 26 någon
572 900 109 22 föreskrift
696 909 35 14 om
745 902 84 28 kyrklig

101 935 72 28 vigsel.
203 935 30 22 På
251 935 124 22 Frälsarens
392 936 32 20 tid
440 935 89 22 afslötos
544 935 26 21 de
582 935 87 27 judiska
683 936 145 28 äktenskapen

101 970 46 21 icke
165 977 76 20 genom
255 972 116 25 presterne,
387 972 52 18 utan
453 969 58 22 inför
525 969 106 21 föräldrar
647 970 38 21 och
701 970 127 22 anförvand-

101 1006 39 24 ter,
159 1004 40 22 och
223 1004 65 21 likväl
312 1004 66 27 ansåg
400 1003 113 22 Frälsaren
532 1004 47 20 dem
598 1011 50 14 vara
668 1004 124 28 välsignade
807 1006 23 20 af

102 1038 49 22 Gud
165 1040 56 20 samt
235 1038 84 28 yttrade
333 1045 35 14 om
383 1038 81 21 sådana
478 1037 126 28 äktenskap:
620 1037 46 28 ,det
679 1046 30 14 nu
724 1038 48 22 Gud
783 1040 45 20 haf-

101 1080 36 14 ver
160 1072 162 28 sammanfogat,
341 1072 54 21 skall
415 1072 124 22 menniskan
560 1071 47 22 icke
628 1072 94 29 åtskilja"
743 1073 84 28 (Matth.

100 1106 38 21 Ev.
156 1107 31 21 19:
204 1107 28 27 6).
262 1106 61 22 Inom
341 1106 39 21 den
400 1107 82 21 kristna
499 1108 80 27 kyrkan
595 1108 93 27 uppkom
704 1108 124 28 visserligen

101 1141 120 21 sedermera
235 1140 40 21 den
290 1140 71 25 seden,
377 1142 31 19 att
423 1141 116 27 äktenskap
554 1142 97 27 ingingos
666 1142 57 21 inför
737 1142 91 21 försam-

100 1175 71 26 lingen
189 1175 40 21 och
247 1174 128 22 åtminstone
393 1174 48 21 från
460 1176 64 20 slutet
538 1175 24 21 af
574 1176 68 27 fjerde
657 1176 67 21 seklet
738 1176 89 21 afsluta-

101 1208 36 21 des
159 1208 25 22 de
199 1216 76 20 genom
289 1208 112 28 presterlig
416 1208 131 28 välsignelse.
577 1210 49 20 Men
641 1209 58 22 detta
715 1210 54 21 bruk
784 1210 43 21 för-

99 1242 39 21 föll
153 1243 40 21 och
208 1243 139 27 återupptogs
362 1244 89 24 ömsom,
467 1244 39 20 och
521 1243 39 21 den
575 1243 60 22 äldre
650 1244 119 21 Canoniska
783 1246 43 19 rät-

100 1278 36 18 ten
153 1277 66 27 ansåg
236 1276 47 22 icke
300 1276 67 28 vigsel
385 1284 52 13 vara
453 1278 70 26 någon
537 1277 122 28 nödvändig
672 1278 55 21 form
742 1278 33 22 för
791 1279 35 20 äk-

99 1310 102 27 tenskaps
224 1310 109 28 ingående.
365 1310 72 27 Enligt
456 1311 40 21 den
515 1311 58 21 äldre
591 1312 95 25 svenska,
705 1312 54 21 efter
777 1313 48 20 Fin-

100 1343 61 21 lands
180 1343 93 28 eröfring
291 1344 62 20 äfven
370 1343 39 21 här
423 1344 99 26 gällande
537 1346 70 19 rätten
621 1345 116 21 afslutades
753 1346 72 20 äkten-

101 1378 80 27 skapen
196 1384 76 21 genom
287 1377 64 28 ,gipt*
367 1377 51 21 eller
428 1378 133 27 ,giftarmal",
570 1378 100 22 hvarmed
680 1378 93 22 förstods
786 1379 39 22 den

100 1411 108 28 handling,
225 1411 27 22 då
273 1411 144 28 giftomannen
435 1412 28 26 på
481 1411 35 22 det
534 1412 39 21 hos
591 1412 154 29 brudgummen
759 1413 66 23 firade

100 1445 107 28 bröllopet
221 1445 156 22 öfverlemnade
392 1445 82 22 bruden
489 1447 22 20 åt
525 1447 32 20 sin
572 1447 105 22 fästeman
691 1447 34 21 till
739 1448 85 26 hustru;

100 1487 49 15 men
163 1479 33 22 till
211 1479 150 28 äktenskapets
375 1479 123 22 fullbordan
513 1483 55 20 samt
577 1481 62 23 deraf
646 1482 105 22 beroende
761 1482 63 23 måls-

167 1520 139 23 Lagutskottets
319 1520 114 19 betänkande
446 1520 33 19 N:o
493 1521 25 18 14,

859 222 45 27 88.

859 324 11 25 8
885 324 19 19 9.
