1034 1698
207 145 13 22 8
482 164 2 2 .
500 144 53 23 N:o
570 144 50 23 44.

179 213 58 27 gälle
251 213 64 21 äfven
330 213 7 21 i
352 213 129 27 tillämpliga
496 213 61 21 delar
572 213 34 21 för
619 214 67 25 prest,
702 218 46 15 som
763 213 61 26 viger
839 213 54 26 dem,
904 211 24 22 af

178 247 75 22 hvilka
263 246 48 23 icke
321 247 124 28 nägondera
455 247 53 22 eller
519 246 55 23 blott
590 247 42 21 den
647 252 41 16 ena
701 246 76 22 tillhör
793 246 134 28 evangelisk-

177 281 115 22 lutherska
305 281 90 28 kyrkan.

522 327 13 28 8
550 327 34 21 12.

246 367 59 22 Barn
315 366 24 23 af
352 367 52 21 äkta
417 367 82 27 makar,
510 373 47 16 som
566 366 37 21 vid
619 367 90 22 barnets
724 366 83 23 födelse
825 366 102 22 bekänna

178 407 82 16 samma
275 401 84 22 kristna
373 401 100 27 troslära,
488 401 56 22 skall
558 401 9 21 i
582 401 68 27 sagda
663 401 48 21 lära
725 401 134 27 uppfostras.

235 435 96 22 Tillhöra
339 435 135 22 föräldrarne
479 435 37 21 vid
522 435 88 21 barnets
615 435 84 21 födelse
704 435 71 21 skilda
781 430 79 37 kristna
872 435 54 21 tros-

178 470 145 21 bekännelser
337 469 40 22 och
391 469 66 22 hafva
473 469 28 22 de
514 469 48 22 före
577 469 144 28 äktenskapet
735 469 71 28 ingätt
821 468 108 28 skriftligt

178 502 55 24 aftal
248 510 34 16 om
298 504 87 21 barnets
400 504 130 27 uppfostran
544 504 8 22 i
566 504 54 26 lära,
635 510 46 15 som
697 504 80 21 endera
791 504 24 21 af
828 504 49 21 dem
891 504 38 21 be-

179 538 90 26 känner,
285 544 50 16 vare
351 538 78 21 sädant
443 538 54 22 aftal
513 538 107 27 gällande,
634 538 92 22 säframt
741 538 37 22 det
793 538 46 22 före
854 538 76 22 äkten-

180 572 89 28 skapets
292 572 107 27 ingäende
421 572 112 28 uppvisats
556 573 34 21 för
604 572 201 27 vigselförrättaren
821 572 52 22 eller
888 572 42 22 den

180 607 125 27 borgerliga
330 599 133 35 myndighet,
485 607 58 21 inför
567 607 88 22 hvilken
671 606 143 28 äktenskapet
829 606 101 23 afslutats

180 641 41 21 och
236 641 91 27 intagits
338 640 8 22 i
357 641 36 21 det
408 641 115 27 protokoll,
539 646 45 18 som
599 641 37 21 vid
651 640 155 28 äktenskapets
823 641 108 27 ingäende

177 675 88 27 jemlikt
280 675 13 21 9
308 675 12 27 &
341 675 40 21 bör
405 675 64 22 föras.
498 676 47 21 Har
567 676 70 27 dylikt
659 675 54 22 aftal
728 676 19 26 ej
763 675 73 22 blifvit
851 675 79 28 gjordt,

179 716 41 20 ege
235 709 76 22 fadren
336 709 59 27 eller,
410 710 8 21 i
433 710 103 22 händelse
561 710 42 21 han
618 712 25 19 är
658 710 83 21 afliden
759 710 54 22 eller
827 710 104 21 makarne

180 742 59 22 lefva
254 744 78 26 skilda,
348 744 48 26 den,
412 744 88 21 hvilken
515 744 88 22 barnets
618 744 54 21 vård
687 744 96 26 lagligen
797 743 82 27 tillhör,
893 743 38 23 be-

181 779 92 19 stämma
287 778 8 20 i
309 777 143 22 hvilkendera
473 778 147 22 bekännelsen
635 778 78 22 barnet
728 778 57 21 skall
799 778 132 27 uppfostras.

180 812 45 26 Lag
240 817 82 15 samma
336 818 57 19 vare,
409 812 38 21 der
467 812 135 22 föräldrarne
617 812 54 21 eller
687 812 41 21 den
744 818 39 15 ena
799 811 23 22 af
835 812 50 21 dem
899 812 32 21 ef-

179 847 35 20 ter
229 846 88 21 barnets
331 845 84 22 födelse
432 846 108 27 öfvergått
554 846 35 22 till
604 852 71 15 annan
690 846 84 21 kristen
789 846 100 22 troslära.

249 880 59 21 Barn
323 880 24 21 af
359 880 114 27 föräldrar,
489 887 47 15 som
547 881 19 27 ej
581 881 72 26 ingått
667 880 121 27 äktenskap
803 881 49 21 med
866 881 64 21 hvar-

180 914 76 26 andra,
271 913 57 23 skall
342 914 125 28 uppfostras
482 915 8 21 i
505 915 42 21 den
562 914 93 22 troslära
668 914 90 22 modren
773 914 124 22 bekänner.'

250 949 53 26 Den,
326 954 47 16 som
390 949 51 27 fyllt
455 950 81 21 femton
552 950 30 26 är,
598 949 41 27 mä,
654 950 8 20 i
677 948 104 22 händelse
796 949 54 21 hans
865 948 67 22 föräl-

182 983 51 21 drar
248 983 89 27 öfvergå
351 983 35 22 till
401 990 72 15 annan
488 984 100 26 troslära,
604 983 51 27 sjelf
668 983 82 28 afgöra,
766 983 107 22 huruvida
888 983 43 21 han

181 1017 38 21 vill
241 1024 80 15 samma
343 1018 94 21 troslära
459 1018 91 22 omfatta
573 1018 53 22 eller
640 1017 136 22 fortfarande
791 1017 88 21 tillhöra
894 1016 37 22 det

181 1050 178 28 kyrkosamfund,
373 1052 9 20 i
396 1052 65 21 hvars
475 1052 47 21 lära
536 1052 44 22 han
594 1052 74 21 blifvit
683 1052 134 27 uppfostrad.

249 1085 46 21 Har
319 1086 43 20 han
384 1086 50 26 fyllt
455 1085 91 23 aderton
562 1086 30 26 år,
608 1086 56 26 gälle
681 1092 33 15 om
729 1086 80 21 honom
823 1085 58 22 hvad
895 1080 38 26 if

180 1119 42 21 och
237 1119 12 21 8
265 1119 24 27 $$
307 1120 96 26 stadgas.

526 1166 12 27 8
554 1166 33 21 13.

249 1206 12 23 I
275 1206 102 23 afseende
391 1206 13 22 å
419 1206 229 28 folkundervisningen
673 1207 62 21 skola
759 1206 127 22 bekännare
910 1204 23 23 af

179 1240 139 21 främmande
335 1240 85 22 kristen
435 1241 94 21 troslära
544 1242 40 20 och
599 1241 63 21 deras
677 1241 55 21 barn
755 1246 52 17 vara
823 1239 109 22 underka-

181 1273 63 21 stade
256 1272 101 28 gällande
377 1274 90 26 stadgar
481 1276 56 19 samt
552 1280 63 16 anses
630 1274 89 22 tillhöra
734 1274 37 21 det
786 1272 146 26 skoldistrikt,

181 1307 59 22 inom
265 1306 85 23 hvilket
372 1307 27 22 de
414 1309 37 21 äro
466 1308 92 22 boende.
586 1308 67 27 Barn,
668 1314 46 16 som
729 1308 49 22 icke
793 1308 40 22 bör
855 1306 76 28 uppfo-

180 1341 78 22 stras
252 1337 12 38 i
273 1342 249 27 evangelisk-lutherska
536 1343 68 27 läran,
620 1342 56 23 skall
691 1343 28 28 på
734 1342 162 27 framställning
911 1341 24 23 af

182 1375 164 23 vederbörande
368 1377 105 22 målsman
477 1371 9 39 .
496 1377 92 28 fritagas
602 1378 49 22 från
666 1377 156 28 undervisning
837 1377 46 23 deri
897 1377 36 22 så-

183 1409 58 26 väl
233 1405 13 38 i
255 1410 110 23 folkskola
378 1417 47 16 som
441 1411 37 22 vid
493 1411 228 27 elementarläroverk;
737 1411 56 23 dock
807 1411 84 28 åligger
899 1411 34 23 in,

180 1445 91 28 spektor
286 1445 40 22 och
341 1445 108 22 direktion
464 1446 37 22 vid
517 1446 42 23 den
573 1446 60 23 förra
647 1448 56 20 samt
717 1446 76 23 rektor
807 1446 55 23 eller
875 1446 57 23 före-

180 1479 144 22 ståndarinna
345 1480 36 21 vid
404 1481 37 20 det
463 1486 77 17 senare
555 1483 33 20 att
602 1481 65 27 tillse,
683 1481 37 23 det
735 1481 78 22 sådant
828 1481 54 22 barn
897 1487 36 20 ge-
