1039 1692
233 161 25 20 14
426 159 27 19 U.
464 159 29 18 B.
508 170 17 2 —
539 160 79 22 Prop.
631 160 43 18 N:o
686 160 37 17 44.

203 228 64 28 lägna
283 228 106 26 hemman,
405 235 46 14 som
468 228 125 22 innehatvas
608 228 23 21 af
644 228 100 28 grekiska
758 226 178 28 trosförvandter,

205 263 68 21 skulle
291 263 88 21 tillfalla
395 263 161 27 presterskapet
574 263 40 20 och
629 263 204 28 kyrkobetjeningen
846 263 35 21 vid
896 262 41 21 den

204 297 74 28 kyrka,
299 296 34 21 till
352 296 85 22 hvilken
457 296 129 28 jordegaren
606 296 52 21 eller
678 296 41 21 den
738 296 115 22 betalande
867 297 71 25 hörer,

205 333 57 19 emot
280 331 99 27 vederlag
394 331 48 20 frän
457 331 70 21 finska
542 331 128 21 statsverket
685 331 23 20 ät
722 331 121 22 dävarande
858 331 81 21 luther-

205 365 39 21 ska
258 365 144 27 presterskap,
414 372 46 14 som
476 365 76 21 dittills
568 366 34 27 egt
617 365 65 28 laglig
692 366 44 20 rätt
745 365 33 21 till
789 365 81 22 sädana
878 366 59 21 löne-

205 399 115 22 förmäner.

262 434 22 27 g)
299 433 59 28 Kejs.
369 433 162 28 Förordningen
546 433 20 21 d.
576 433 28 21 25
616 433 122 21 November
755 433 53 21 1826
823 440 35 13 oin
873 433 65 21 rätte-

206 468 83 27 gängen
304 468 7 21 i
325 467 50 26 mäl,
390 475 46 14 som
452 469 55 26 angä
521 467 59 22 brott
596 467 40 21 och
650 467 114 22 förseelser
779 467 24 21 af
812 467 24 21 de
846 467 34 21 till
892 475 46 20 gre-

206 503 61 21 kiska
281 502 178 27 församlingarne
474 503 7 20 i
496 501 90 22 Finland
601 501 95 22 hörande
709 503 85 26 prester
808 502 40 21 och
863 502 77 28 kyrko-

206 537 95 28 betjente
322 536 49 21 med
390 536 62 21 deras
467 536 89 21 hustrur
572 536 40 21 och
627 535 60 27 barn,
696 537 62 26 ,enär
773 536 61 21 desse
849 537 90 22 sednare

205 571 34 21 till
254 578 71 14 annan
339 570 199 27 medborgareklass
553 569 47 22 icke
615 570 86 26 höra",
692 565 11 38 i
716 569 85 22 hvilken
811 569 128 30 författning

207 605 130 26 bestämdes,
358 604 66 21 bland
446 606 72 24 annat,
540 605 32 20 att
594 603 43 22 mål
659 603 134 22 beträffande
816 604 44 21 åtal
883 607 57 19 emot

206 639 94 22 nämnda
313 645 104 22 personer
431 638 33 21 för
479 638 130 27 ,förseelser,
625 645 46 14 som
687 639 56 27 angå
752 638 63 21 dessa
825 645 114 21 personers

206 673 231 29 tjenstebefattningar,
459 673 40 21 den
518 673 79 28 lydnad
617 673 26 20 de
664 673 37 20 äro
724 672 92 27 Andliga
836 673 104 27 styrelsen

208 707 103 28 skyldige,
327 706 51 22 eller
393 706 40 21 den
451 707 104 27 sedlighet
570 706 26 21 de
611 707 6 20 i
630 706 39 21 sitt
677 706 136 27 uppförande
823 707 53 20 böra
885 706 55 22 iakt-

207 742 67 27 taga",
290 740 61 21 skola
368 742 107 26 upptagas
494 741 40 20 och
552 739 86 29 afgöras
653 739 24 22 af
689 740 73 28 andlig
777 740 92 21 domstol
884 743 56 19 samt

207 774 135 22 fördenskull
364 774 114 22 ankomma
497 776 28 26 på
542 774 76 28 åtgärd
636 774 35 21 vid
689 774 105 28 Andeliga
812 775 104 28 styrelsen
934 776 7 21 i

208 809 89 27 Wiborg
315 809 71 21 såsom
403 808 69 22 första
494 808 100 26 domstol,
612 809 59 21 öfver
687 809 65 21 hvars
771 809 71 21 beslut
860 810 7 20 i
886 810 56 21 slika

208 844 43 21 mål
268 843 77 21 besvär
363 842 23 21 få
402 843 40 21 hos
460 842 160 22 vederbörande
637 842 92 29 Andelig
744 844 90 28 styrelse
847 844 94 27 anföras,

208 878 110 21 äfvensom
336 879 33 19 att
385 878 28 26 på
432 877 44 21 lika
491 878 43 20 sätt
547 877 39 22 bör
601 877 93 21 förfaras
709 879 39 19 när
762 878 72 28 någon
849 878 23 22 af
885 878 57 22 före-

208 911 93 22 nämnda
316 918 103 20 personer
434 911 95 27 angifves
544 911 44 26 ,för
603 912 63 25 stöld,
678 911 108 28 slagsmål,
798 912 144 27 ogvädinsord

209 946 40 21 och
271 945 69 22 andra
360 945 82 22 sådana
456 945 82 21 mindre
557 945 97 21 enskilda
672 945 201 29 förolämpningar”,
893 954 48 14 men

210 982 31 18 att
259 980 97 20 deremot
374 987 34 13 om
426 980 43 20 alla
484 980 24 20 af
521 986 81 14 samma
616 986 104 20 personer
733 980 113 27 begångna
860 980 82 28 ,gröfre

209 1013 150 28 förbrytelser*
373 1014 40 20 bör
428 1014 54 20 etter
497 1014 83 21 landets
595 1013 36 27 lag
646 1013 103 21 ransakas
765 1013 40 21 och
820 1014 74 21 dömas
908 1014 34 21 vid

209 1046 122 22 domstolen
354 1046 7 21 i
379 1046 163 28 gerningsorten
559 1047 7 21 i
585 1047 116 27 behörigen
721 1046 118 22 förordnad
857 1048 86 27 grekisk

213 1081 85 27 andelig
313 1080 133 28 fullmäktigs
462 1082 98 20 närvaro.

266 1115 24 27 h)
305 1114 58 28 Kejs.
379 1114 87 21 Brefvet
481 1114 19 21 d.
518 1115 26 20 15
558 1114 90 22 Januari
674 1115 60 25 1827,
757 1114 61 22 hvari
838 1114 105 22 förklara-

211 1148 44 26 des,
270 1150 33 19 att
321 1147 26 22 de
362 1148 160 28 grekisk-ryska
545 1148 197 22 trosförvandterne
764 1149 8 20 i
792 1148 92 22 Finland
908 1150 35 20 mä

210 1189 51 14 vara
274 1182 80 21 tillåtet
368 1183 32 19 att
414 1182 13 20 &
442 1181 26 22 de
484 1182 135 28 helgedagar,
634 1182 72 22 hvilka
722 1182 54 22 efter
790 1182 85 22 landets
889 1183 54 21 tide-

210 1215 91 27 räkning
315 1214 51 22 firas
381 1215 76 21 endast
471 1216 24 20 af
506 1215 85 21 landets
601 1216 113 21 lutherska
722 1216 176 26 trosbekännare,
914 1217 30 21 ef-

210 1250 33 20 ter
258 1248 37 21 det
309 1248 149 28 gudstjensten
473 1248 70 21 blifvit
557 1248 112 21 fulländad
684 1250 52 20 utan
751 1249 44 21 åtal
814 1249 68 22 drifva
903 1250 40 21 lof-

212 1283 29 27 lig
256 1282 79 21 handel
349 1283 40 20 och
405 1283 125 26 köpenskap
545 1284 56 19 samt
616 1282 94 22 förrätta
724 1283 68 21 andra
801 1283 88 22 arbeten
904 1283 39 22 och

211 1316 125 21 handtverk.

266 1351 17 27 i)
312 1351 38 22 Ett
365 1353 65 19 annat
445 1351 57 28 Kejs.
518 1350 53 22 Bref
583 1351 24 21 af
618 1351 20 21 d.
656 1352 25 20 15
696 1351 90 22 Januari
803 1353 61 26 1827,
883 1352 61 22 hvari

211 1385 140 26 förklarades,
375 1387 31 19 att
430 1385 128 28 stadgandet
573 1385 7 21 i
596 1386 12 21 7
624 1386 11 27 &
652 1386 24 20 11
699 1386 49 28 kap.
767 1385 177 30 Rättegängsbal-

211 1419 42 22 kan
275 1426 35 14 om
329 1419 77 22 förbud
426 1421 32 20 att
472 1421 92 20 stämma
578 1419 7 22 i
600 1419 67 29 kyrka
684 1420 40 21 och
739 1420 7 21 i
769 1421 26 21 23
811 1421 11 28 &
844 1421 27 20 25
895 1421 49 28 kap.

211 1461 83 15 samma
307 1454 52 21 balk
376 1461 34 14 om
428 1454 96 21 fataliers
544 1454 138 28 iakttagande
706 1456 12 20 &
740 1456 63 20 nästa
822 1456 123 28 söckendag

211 1489 54 22 efter
278 1489 98 28 helgdag,
392 1489 28 21 dä
434 1489 106 22 fatalietid
550 1489 85 21 komme
650 1491 32 20 att
696 1490 59 27 utgå,
776 1489 40 27 bör
838 1489 107 29 iakttagas

279 1529 140 22 Lagutskottets
431 1529 117 18 betänkande
561 1529 34 18 N:o
609 1530 25 17 14.
