1039 1698
218 155 26 19 58
423 158 26 17 U.
469 157 29 17 B.
516 157 107 21 -Prop.
639 156 46 18 N:o
700 158 40 16 40.

192 223 85 19 hindret
293 223 97 26 upphört,
406 223 85 27 deltaga
505 223 7 19 i
527 223 100 26 lottning;
643 223 70 20 kunna
728 224 26 20 de
768 223 48 20 icke
831 224 67 19 heller
912 223 26 20 dä

192 257 130 26 godkännas,
345 258 90 26 utgifves
459 258 22 19 ät
503 257 46 20 dem
575 258 60 26 intyg
667 258 58 20 öfver
748 257 135 29 olämplighet
906 257 31 21 till

189 292 130 26 krigstjenst.

260 326 46 20 Har
337 327 70 25 någon
430 327 34 19 vid
488 326 182 27 uppbädstillfälle
698 329 79 18 ansetts
798 327 88 27 lämplig
906 328 33 19 till

190 360 130 27 krigstjenst,
336 367 48 13 men
399 360 120 22 sedermera
534 361 34 19 vid
581 362 39 19 den
631 362 6 18 i
651 364 8 22 $
672 362 21 19 70
702 362 48 24 (79)
761 361 127 21 omnämnda
896 368 42 20 nya

191 394 120 27 besigtning
326 395 113 20 förklarats
455 395 146 27 tjenstduglig,
617 396 54 19 skall
685 396 41 19 han
742 396 36 20 vid
798 396 141 26 nästföljande

191 429 84 25 uppbäd
293 429 85 27 deltaga
392 430 6 18 i
414 430 98 26 lottning.

258 462 44 20 För
324 462 148 28 värnepligtig,
495 470 43 14 som
554 463 27 28 af
593 462 159 29 ofvannämnda
770 462 83 22 orsaker
868 470 72 14 senare

192 496 100 21 inkallats
308 497 34 20 till
358 497 141 27 tjenstgöring,
516 496 99 22 beräknas
635 497 50 20 dock
701 498 19 26 ej
737 497 72 28 längre
831 497 109 27 tjenstetid,

191 531 26 20 än
234 538 42 14 som
292 531 93 21 återstår
400 531 34 28 för
449 531 39 21 den
503 531 126 21 åldersklass
644 531 41 21 han
703 531 78 21 tillhör.

495 597 11 21 s
528 595 33 19 26.
577 595 55 25 (32)

261 639 119 28 Föreskrift
395 640 131 20 beträffande
548 640 94 26 mätning
659 640 38 20 och
713 640 120 26 besigtning
850 640 23 20 af
886 640 54 26 dem,

192 682 46 13 som
249 675 60 19 skola
324 674 84 20 inträda
422 675 7 18 i
444 674 130 26 krigstjenst,
589 674 110 20 äfvensom
718 675 83 26 uppgift
816 675 29 25 pä
861 675 79 20 sädana

193 709 139 26 kroppslyten
349 709 39 19 och
404 708 127 26 sjukdomar,
548 715 44 13 som
608 708 95 20 medföra
718 709 122 26 fullständig
856 709 83 19 befriel-

193 750 23 12 se
232 743 45 19 från
293 742 59 26 dylik
369 743 69 25 tjenst,
453 742 67 20 varda
537 742 26 27 af
577 742 88 20 Senaten
681 742 100 20 särskildt
796 742 121 27 utfärdade.

221 794 23 22 B)
264 794 38 18 Om
314 794 127 18 befrielse
455 794 65 18 eller
533 794 95 22 eftergift
639 794 29 22 på
679 796 67 20 grund
759 794 24 18 af
793 794 120 22 familjeför-

511 823 118 18 hållanden.

501 866 9 22 S
527 865 32 19 27.
575 864 55 25 (33.)

262 910 60 20 Från
344 909 56 20 aktiv
423 909 135 28 tjenstgöring
580 909 59 21 såväl
661 910 9 19 i
691 909 66 28 freds-
783 917 43 13 som
852 909 90 29 krigstid

194 945 78 28 befrias

262 979 22 26 a)
306 978 61 19 Ende
382 978 117 20 arbetsföre
515 984 65 14 sonen
596 978 31 19 till
643 979 54 19 enka
717 979 52 20 eller
785 979 74 20 vanför
874 979 67 27 fader,

195 1013 21 27 0)
238 1013 52 20 ende
306 1012 118 21 arbetsföre
440 1012 89 20 brodren
545 1013 31 18 till
592 1014 31 18 ett
638 1013 51 19 eller
704 1013 52 20 flera
771 1013 67 20 fader-
849 1013 40 20 och
897 1020 43 13 mo-

194 1047 84 20 derlösa
293 1046 87 26 syskon,
404 1047 19 26 c)
446 1047 52 19 ende
520 1047 117 19 arbetsföre
664 1053 46 14 son-
726 1047 51 20 eller
797 1047 145 27 dottersonen,

195 1081 37 20 der
247 1081 99 25 farfader,
363 1080 112 26 farmoder,
491 1081 106 20 morfader
613 1081 50 20 eller
679 1082 121 19 mormoder
814 1082 48 20 icke
877 1081 65 21 hafva

194 1115 69 26 någon
279 1113 105 21 arbetsför
398 1121 46 20 son,
463 1115 23 19 så
500 1115 63 20 framt
578 1116 6 19 i
600 1115 137 20 förenämnda
748 1116 37 19 fall
794 1122 71 21 sonen,
878 1116 61 21 brod-

192 1155 38 14 ren
259 1149 52 20 eller
334 1149 136 20 dottersonen
494 1151 60 24 utgör
581 1149 104 26 familjens
704 1150 163 27 hufvudsakliga
886 1151 54 26 stöd,

194 1183 24 27 d)
241 1183 53 20 ende
318 1190 64 13 sonen
404 1183 7 19 i
434 1190 26 13 en
481 1183 73 27 familj,
573 1184 63 20 äfven
652 1191 32 13 om
701 1184 73 20 fadren
790 1187 23 18 är
828 1185 112 27 arbetsför,

194 1220 22 23 e)
245 1218 47 26 den,
315 1224 45 14 som
383 1218 6 19 i
412 1218 58 20 ålder
493 1218 62 27 följer
574 1221 48 18 näst
637 1218 53 21 efter
708 1225 25 13 en
751 1219 82 26 broder,
853 1220 86 20 hvilken

195 1253 27 26 på
239 1251 67 27 grund
331 1252 23 19 af
371 1251 84 26 uppbåd
474 1252 44 19 står
541 1252 6 19 i
570 1252 57 19 aktiv
647 1253 64 24 tjenst
729 1252 52 20 eller
799 1253 46 20 dött
866 1254 7 19 i
892 1253 49 20 den-

196 1292 86 14 samma.

262 1319 134 26 Anmärkning
418 1320 15 20 1.
456 1318 103 29 Stjufson,
590 1319 105 28 äfvensom
727 1320 44 27 den,
799 1320 81 22 hvilken
894 1321 46 29 före

195 1355 28 20 tio
239 1354 34 20 års
289 1353 59 21 ålder
364 1353 70 28 blifvit
448 1354 67 20 såsom
530 1353 99 28 fosterson
645 1357 114 26 upptagen,
783 1355 109 21 betraktas
908 1357 30 20 så-

196 1396 44 13 som
256 1391 49 24 eget
319 1388 52 20 barn
386 1388 32 20 till
435 1389 45 19 sina
495 1389 58 26 stjuf-
570 1389 51 20 eller
634 1388 175 29 fosterföräldrar,
826 1397 33 13 om
878 1391 60 20 desse

195 1423 47 21 icke
257 1423 64 20 hafva
336 1421 101 28 arbetsför
452 1429 41 14 son.

262 1457 134 27 Anmärkning
412 1457 24 20 11.
453 1457 74 20 Såsom
542 1457 119 22 arbetsföra
677 1459 136 20 medlemmar
827 1460 6 19 i
844 1460 94 27 familjen

195 1499 61 14 anses
272 1492 42 20 alla
328 1492 76 20 mellan
420 1492 88 21 aderton
523 1492 39 20 och
578 1492 117 21 femtiofem
709 1493 34 20 års
759 1493 65 27 ålder,
840 1494 48 20 med
903 1500 35 14 un-

268 1538 196 23 Värnepligtsutskottets
477 1538 110 18 Betänkande
600 1538 34 17 N:o
647 1539 15 16 1.
