1025 1695
230 155 26 20 14
513 154 53 21 N:o
584 153 50 22 414.

553 221 51 18 VI.

270 267 43 22 För
327 267 69 21 Läne-
412 267 40 22 och
467 267 283 22 distriktskommisionerna
765 268 116 26 upptages:

742 358 38 17 För
796 359 26 16 ett
834 353 10 32 |
852 358 36 18 För
901 357 38 18 alla

765 382 36 32 län.
868 386 61 19 länen.

221 433 74 18 Arvode
308 433 29 17 till
354 433 39 18 vice
405 432 184 19 Landskamreraren
601 433 30 17 för

244 461 223 22 sekreteraregöromålen
484 462 34 17 och
535 462 28 17 för
575 462 55 17 skrif-
754 455 53 14 Maxe
868 455 53 14 Mark:

243 490 118 18 varebiträde
372 490 31 18 vid
415 490 196 18 Länekommissionen
627 503 3 4 .
649 491 51 21 2,000

221 518 220 24 Besigtningskostnader
453 519 35 17 och
500 518 129 23 kansliexpen-

243 552 31 13 ser
285 553 24 12 m.
321 552 25 12 m.
358 548 31 17 vid
402 548 28 17 do
452 560 5 4 .
483 560 3 5 .
510 560 4 4 .
539 561 4 4 .
567 561 4 4 .
596 560 4 5 .
625 560 4 4 .
649 548 51 20 1,000
769 544 53 34 3,000
872 554 64 20 24,000

346 622 219 18 Distriktskommissionen
570 628 5 11 :

219 662 203 23 Krigskommissarien,
435 662 31 18 lön
481 675 4 4 .
625 675 4 4 .
648 664 51 20 3,000

356 691 116 22 hyresmedel
510 705 3 3 .
537 704 4 5 +
566 704 4 4 .
595 704 4 4 .
624 704 5 4 .
649 692 50 21 1,000
833 683 2 27 |

357 720 101 18 resemedel
480 733 4 4 .
509 732 4 4 .
537 733 4 4 .
567 734 3 4 .
595 733 4 5 .
624 733 4 4 .
647 721 51 18 2,000
768 717 55 32 6,000
871 726 64 20 48,000

219 748 58 18 Civila
295 748 111 20 ledamoten,
424 748 62 18 tillika
497 749 131 21 protokollsfö-

241 776 58 18 rande
317 776 31 18 vid
366 776 153 18 kommissionens
538 782 90 13 samman-
948 776 1 15 |

241 806 71 20 träden,
325 805 32 17 lön
450 818 120 5 0.0.0.
623 821 4 3 .
647 807 51 20 1,800

356 830 116 30 hyresmedel
624 848 4 4 .
663 836 34 16 800

355 862 101 18 resemedel]
480 875 4 4 .
509 876 4 5 .
624 877 3 3 .
648 864 50 21 1,000
768 861 54 30 3,600
871 846 63 47 28,800
947 850 3 33 |

218 891 109 18 Resemedel
344 891 30 17 till
392 891 35 18 den
444 891 60 18 säsom
517 892 74 22 ständig
602 893 25 17 le-

241 921 63 17 damot
315 921 7 17 i
334 920 144 18 kommissionen
491 921 76 18 utsedde
579 921 48 18 mili-

240 951 98 20 tärperson
374 961 5 4 =
432 962 4 4 v
490 963 206 6 kA.
769 949 50 30 1,500
871 954 62 21 12,000

217 977 75 18 Arvode
304 977 35 18 och
352 977 235 23 resekostnadsersättning
599 979 19 17 ät
628 979 68 22 besigt-

240 1007 132 22 ningsläkaren
516 1020 4 3 a
545 1019 4 4 e
662 1021 3 4 M
767 1006 52 30 3,000
870 1011 63 21 24,000

217 1035 36 17 Till
263 1035 155 22 kansliexpenser
784 1035 34 28 400
881 1039 52 20 3,200

623 1077 75 19 Summa

756 1079 62 21 17,500
829 1075 11 31 |
859 1080 77 20 140,000
947 1085 3 16 i
