<?xml version="1.0" encoding="UTF-8"?>
<alto xmlns="http://www.loc.gov/standards/alto/ns-v3#" xmlns:xlink="http://www.w3.org/1999/xlink" xmlns:xsi="http://www.w3.org/2001/XMLSchema-instance" xsi:schemaLocation="http://www.loc.gov/standards/alto/ns-v3# http://www.loc.gov/alto/v3/alto-3-0.xsd">
	<Description>
		<MeasurementUnit>pixel</MeasurementUnit>
		<sourceImageInformation>
			<fileName>/tmp/tess_bjntk2mv_input.PNG</fileName>
		</sourceImageInformation>
		<OCRProcessing ID="OCR_0">
			<ocrProcessingStep>
				<processingSoftware>
					<softwareName>tesseract 5.3.4</softwareName>
				</processingSoftware>
			</ocrProcessingStep>
		</OCRProcessing>
	</Description>
	<Layout>
		<Page WIDTH="1700" HEIGHT="1853" PHYSICAL_IMG_NR="0" ID="page_0">
			<PrintSpace HPOS="0" VPOS="0" WIDTH="1700" HEIGHT="1853">
				<ComposedBlock ID="cblock_0" HPOS="641" VPOS="238" WIDTH="482" HEIGHT="25">
					<TextBlock ID="block_0" HPOS="641" VPOS="238" WIDTH="482" HEIGHT="25">
						<TextLine ID="line_0" HPOS="641" VPOS="238" WIDTH="482" HEIGHT="25">
							<String ID="string_0" HPOS="641" VPOS="238" WIDTH="29" HEIGHT="19" WC="0.92" CONTENT="U."/><SP WIDTH="11" VPOS="238" HPOS="670"/>
							<String ID="string_1" HPOS="681" VPOS="239" WIDTH="29" HEIGHT="18" WC="0.90" CONTENT="B."/><SP WIDTH="12" VPOS="239" HPOS="710"/>
							<String ID="string_2" HPOS="722" VPOS="248" WIDTH="23" HEIGHT="4" WC="0.91" CONTENT="—"/><SP WIDTH="11" VPOS="248" HPOS="745"/>
							<String ID="string_3" HPOS="756" VPOS="240" WIDTH="81" HEIGHT="23" WC="0.96" CONTENT="Prop."/><SP WIDTH="26" VPOS="240" HPOS="837"/>
							<String ID="string_4" HPOS="863" VPOS="240" WIDTH="31" HEIGHT="18" WC="0.96" CONTENT="N:o"/><SP WIDTH="13" VPOS="240" HPOS="894"/>
							<String ID="string_5" HPOS="907" VPOS="239" WIDTH="39" HEIGHT="19" WC="0.96" CONTENT="44."/><SP WIDTH="150" VPOS="239" HPOS="946"/>
							<String ID="string_6" HPOS="1096" VPOS="240" WIDTH="27" HEIGHT="21" WC="0.94" CONTENT="47"/>
						</TextLine>
					</TextBlock>
				</ComposedBlock>
				<ComposedBlock ID="cblock_1" HPOS="418" VPOS="306" WIDTH="743" HEIGHT="1335">
					<TextBlock ID="block_1" HPOS="418" VPOS="306" WIDTH="737" HEIGHT="200">
						<TextLine ID="line_1" HPOS="419" VPOS="306" WIDTH="735" HEIGHT="30">
							<String ID="string_7" HPOS="419" VPOS="306" WIDTH="200" HEIGHT="29" WC="0.92" CONTENT="grundlagsförslag"/><SP WIDTH="14" VPOS="306" HPOS="619"/>
							<String ID="string_8" HPOS="633" VPOS="308" WIDTH="66" HEIGHT="21" WC="0.96" CONTENT="infört"/><SP WIDTH="15" VPOS="308" HPOS="699"/>
							<String ID="string_9" HPOS="714" VPOS="310" WIDTH="31" HEIGHT="20" WC="0.96" CONTENT="ett"/><SP WIDTH="14" VPOS="310" HPOS="745"/>
							<String ID="string_10" HPOS="759" VPOS="308" WIDTH="118" HEIGHT="28" WC="0.95" CONTENT="stadgande"/><SP WIDTH="16" VPOS="308" HPOS="877"/>
							<String ID="string_11" HPOS="893" VPOS="316" WIDTH="36" HEIGHT="13" WC="0.93" CONTENT="om"/><SP WIDTH="12" VPOS="316" HPOS="929"/>
							<String ID="string_12" HPOS="941" VPOS="307" WIDTH="174" HEIGHT="22" WC="0.91" CONTENT="beskaffenheten"/><SP WIDTH="15" VPOS="307" HPOS="1115"/>
							<String ID="string_13" HPOS="1130" VPOS="309" WIDTH="24" HEIGHT="19" WC="0.96" CONTENT="af"/>
						</TextLine>
						<TextLine ID="line_2" HPOS="420" VPOS="341" WIDTH="732" HEIGHT="29">
							<String ID="string_14" HPOS="420" VPOS="341" WIDTH="41" HEIGHT="21" WC="0.93" CONTENT="den"/><SP WIDTH="16" VPOS="341" HPOS="461"/>
							<String ID="string_15" HPOS="477" VPOS="342" WIDTH="192" HEIGHT="28" WC="0.85" CONTENT="medborgarerätt,"/><SP WIDTH="15" VPOS="342" HPOS="669"/>
							<String ID="string_16" HPOS="684" VPOS="350" WIDTH="47" HEIGHT="13" WC="0.95" CONTENT="som"/><SP WIDTH="14" VPOS="350" HPOS="731"/>
							<String ID="string_17" HPOS="745" VPOS="343" WIDTH="7" HEIGHT="20" WC="0.93" CONTENT="i"/><SP WIDTH="13" VPOS="343" HPOS="752"/>
							<String ID="string_18" HPOS="765" VPOS="343" WIDTH="78" HEIGHT="21" WC="0.96" CONTENT="sådant"/><SP WIDTH="8" VPOS="343" HPOS="843"/>
							<String ID="string_19" HPOS="851" VPOS="342" WIDTH="38" HEIGHT="21" WC="0.96" CONTENT="fall"/><SP WIDTH="11" VPOS="342" HPOS="889"/>
							<String ID="string_20" HPOS="900" VPOS="342" WIDTH="66" HEIGHT="27" WC="0.93" CONTENT="enligt"/><SP WIDTH="9" VPOS="342" HPOS="966"/>
							<String ID="string_21" HPOS="975" VPOS="342" WIDTH="121" HEIGHT="21" WC="0.93" CONTENT="Utskottets"/><SP WIDTH="10" VPOS="342" HPOS="1096"/>
							<String ID="string_22" HPOS="1106" VPOS="344" WIDTH="46" HEIGHT="19" WC="0.93" CONTENT="tan-"/>
						</TextLine>
						<TextLine ID="line_3" HPOS="420" VPOS="375" WIDTH="733" HEIGHT="28">
							<String ID="string_23" HPOS="420" VPOS="375" WIDTH="26" HEIGHT="20" WC="0.96" CONTENT="ke"/><SP WIDTH="15" VPOS="375" HPOS="446"/>
							<String ID="string_24" HPOS="461" VPOS="375" WIDTH="67" HEIGHT="21" WC="0.93" CONTENT="borde"/><SP WIDTH="15" VPOS="375" HPOS="528"/>
							<String ID="string_25" HPOS="543" VPOS="375" WIDTH="21" HEIGHT="21" WC="0.96" CONTENT="få"/><SP WIDTH="15" VPOS="375" HPOS="564"/>
							<String ID="string_26" HPOS="579" VPOS="375" WIDTH="24" HEIGHT="21" WC="0.96" CONTENT="af"/><SP WIDTH="12" VPOS="375" HPOS="603"/>
							<String ID="string_27" HPOS="615" VPOS="376" WIDTH="80" HEIGHT="21" WC="0.93" CONTENT="honom"/><SP WIDTH="13" VPOS="376" HPOS="695"/>
							<String ID="string_28" HPOS="708" VPOS="376" WIDTH="127" HEIGHT="25" WC="0.96" CONTENT="bibehållas,"/><SP WIDTH="15" VPOS="376" HPOS="835"/>
							<String ID="string_29" HPOS="850" VPOS="376" WIDTH="39" HEIGHT="21" WC="0.93" CONTENT="har"/><SP WIDTH="15" VPOS="376" HPOS="889"/>
							<String ID="string_30" HPOS="904" VPOS="375" WIDTH="111" HEIGHT="22" WC="0.96" CONTENT="Utskottet"/><SP WIDTH="19" VPOS="375" HPOS="1015"/>
							<String ID="string_31" HPOS="1034" VPOS="377" WIDTH="72" HEIGHT="20" WC="0.96" CONTENT="ansett"/><SP WIDTH="15" VPOS="377" HPOS="1106"/>
							<String ID="string_32" HPOS="1121" VPOS="376" WIDTH="32" HEIGHT="27" WC="0.96" CONTENT="sig"/>
						</TextLine>
						<TextLine ID="line_4" HPOS="418" VPOS="409" WIDTH="734" HEIGHT="29">
							<String ID="string_33" HPOS="418" VPOS="409" WIDTH="54" HEIGHT="21" WC="0.95" CONTENT="böra"/><SP WIDTH="15" VPOS="409" HPOS="472"/>
							<String ID="string_34" HPOS="487" VPOS="409" WIDTH="115" HEIGHT="29" WC="0.96" CONTENT="tillstyrka,"/><SP WIDTH="16" VPOS="409" HPOS="602"/>
							<String ID="string_35" HPOS="618" VPOS="411" WIDTH="32" HEIGHT="20" WC="0.96" CONTENT="att"/><SP WIDTH="21" VPOS="411" HPOS="650"/>
							<String ID="string_36" HPOS="671" VPOS="410" WIDTH="24" HEIGHT="20" WC="0.96" CONTENT="12"/><SP WIDTH="16" VPOS="410" HPOS="695"/>
							<String ID="string_37" HPOS="711" VPOS="410" WIDTH="40" HEIGHT="21" WC="0.96" CONTENT="och"/><SP WIDTH="17" VPOS="410" HPOS="751"/>
							<String ID="string_38" HPOS="768" VPOS="411" WIDTH="25" HEIGHT="20" WC="0.96" CONTENT="13"/><SP WIDTH="14" VPOS="411" HPOS="793"/>
							<String ID="string_39" HPOS="807" VPOS="411" WIDTH="24" HEIGHT="27" WC="0.90" CONTENT="$$"/><SP WIDTH="15" VPOS="411" HPOS="831"/>
							<String ID="string_40" HPOS="846" VPOS="410" WIDTH="7" HEIGHT="20" WC="0.89" CONTENT="i"/><SP WIDTH="15" VPOS="410" HPOS="853"/>
							<String ID="string_41" HPOS="868" VPOS="417" WIDTH="29" HEIGHT="14" WC="0.95" CONTENT="nu"/><SP WIDTH="14" VPOS="417" HPOS="897"/>
							<String ID="string_42" HPOS="911" VPOS="410" WIDTH="8" HEIGHT="20" WC="0.93" CONTENT="i"/><SP WIDTH="14" VPOS="410" HPOS="919"/>
							<String ID="string_43" HPOS="933" VPOS="410" WIDTH="62" HEIGHT="27" WC="0.95" CONTENT="fråga"/><SP WIDTH="11" VPOS="410" HPOS="995"/>
							<String ID="string_44" HPOS="1006" VPOS="410" WIDTH="93" HEIGHT="21" WC="0.93" CONTENT="varande"/><SP WIDTH="10" VPOS="410" HPOS="1099"/>
							<String ID="string_45" HPOS="1109" VPOS="410" WIDTH="43" HEIGHT="21" WC="0.93" CONTENT="för-"/>
						</TextLine>
						<TextLine ID="line_5" HPOS="418" VPOS="443" WIDTH="737" HEIGHT="28">
							<String ID="string_46" HPOS="418" VPOS="443" WIDTH="188" HEIGHT="28" WC="0.91" CONTENT="fattningsförslag"/><SP WIDTH="15" VPOS="443" HPOS="606"/>
							<String ID="string_47" HPOS="621" VPOS="445" WIDTH="66" HEIGHT="20" WC="0.92" CONTENT="mätte"/><SP WIDTH="15" VPOS="445" HPOS="687"/>
							<String ID="string_48" HPOS="702" VPOS="444" WIDTH="22" HEIGHT="21" WC="0.91" CONTENT="fä"/><SP WIDTH="15" VPOS="444" HPOS="724"/>
							<String ID="string_49" HPOS="739" VPOS="445" WIDTH="58" HEIGHT="26" WC="0.91" CONTENT="utgä,"/><SP WIDTH="16" VPOS="445" HPOS="797"/>
							<String ID="string_50" HPOS="813" VPOS="446" WIDTH="55" HEIGHT="19" WC="0.96" CONTENT="samt"/><SP WIDTH="15" VPOS="446" HPOS="868"/>
							<String ID="string_51" HPOS="883" VPOS="445" WIDTH="32" HEIGHT="20" WC="0.94" CONTENT="att"/><SP WIDTH="14" VPOS="445" HPOS="915"/>
							<String ID="string_52" HPOS="929" VPOS="445" WIDTH="7" HEIGHT="20" WC="0.93" CONTENT="i"/><SP WIDTH="21" VPOS="445" HPOS="936"/>
							<String ID="string_53" HPOS="957" VPOS="444" WIDTH="114" HEIGHT="27" WC="0.92" CONTENT="anledning"/><SP WIDTH="22" VPOS="444" HPOS="1071"/>
							<String ID="string_54" HPOS="1093" VPOS="443" WIDTH="62" HEIGHT="22" WC="0.92" CONTENT="deraf"/>
						</TextLine>
						<TextLine ID="line_6" HPOS="420" VPOS="477" WIDTH="657" HEIGHT="29">
							<String ID="string_55" HPOS="420" VPOS="477" WIDTH="221" HEIGHT="28" WC="0.91" CONTENT="ordningsnumrorna"/><SP WIDTH="15" VPOS="477" HPOS="641"/>
							<String ID="string_56" HPOS="656" VPOS="478" WIDTH="34" HEIGHT="21" WC="0.93" CONTENT="för"/><SP WIDTH="16" VPOS="478" HPOS="690"/>
							<String ID="string_57" HPOS="706" VPOS="478" WIDTH="150" HEIGHT="28" WC="0.91" CONTENT="efterföljande"/><SP WIDTH="16" VPOS="478" HPOS="856"/>
							<String ID="string_58" HPOS="872" VPOS="479" WIDTH="23" HEIGHT="26" WC="0.93" CONTENT="$$"/><SP WIDTH="15" VPOS="479" HPOS="895"/>
							<String ID="string_59" HPOS="910" VPOS="479" WIDTH="67" HEIGHT="20" WC="0.93" CONTENT="mätte"/><SP WIDTH="15" VPOS="479" HPOS="977"/>
							<String ID="string_60" HPOS="992" VPOS="478" WIDTH="85" HEIGHT="21" WC="0.96" CONTENT="ändras."/>
						</TextLine>
					</TextBlock>
					<TextBlock ID="block_2" HPOS="419" VPOS="512" WIDTH="735" HEIGHT="124">
						<TextLine ID="line_7" HPOS="476" VPOS="512" WIDTH="675" HEIGHT="28">
							<String ID="string_61" HPOS="476" VPOS="513" WIDTH="38" HEIGHT="20" WC="0.95" CONTENT="Att"/><SP WIDTH="16" VPOS="513" HPOS="514"/>
							<String ID="string_62" HPOS="530" VPOS="513" WIDTH="24" HEIGHT="20" WC="0.93" CONTENT="15"/><SP WIDTH="17" VPOS="513" HPOS="554"/>
							<String ID="string_63" HPOS="571" VPOS="513" WIDTH="10" HEIGHT="27" WC="0.76" CONTENT="8"/><SP WIDTH="16" VPOS="513" HPOS="581"/>
							<String ID="string_64" HPOS="597" VPOS="513" WIDTH="130" HEIGHT="27" WC="0.96" CONTENT="(Utskottets"/><SP WIDTH="18" VPOS="513" HPOS="727"/>
							<String ID="string_65" HPOS="745" VPOS="513" WIDTH="24" HEIGHT="20" WC="0.93" CONTENT="13"/><SP WIDTH="17" VPOS="513" HPOS="769"/>
							<String ID="string_66" HPOS="786" VPOS="513" WIDTH="21" HEIGHT="27" WC="0.87" CONTENT="$)"/><SP WIDTH="15" VPOS="513" HPOS="807"/>
							<String ID="string_67" HPOS="822" VPOS="513" WIDTH="39" HEIGHT="21" WC="0.96" CONTENT="bör"/><SP WIDTH="16" VPOS="513" HPOS="861"/>
							<String ID="string_68" HPOS="877" VPOS="513" WIDTH="77" HEIGHT="20" WC="0.96" CONTENT="ändras"/><SP WIDTH="16" VPOS="513" HPOS="954"/>
							<String ID="string_69" HPOS="970" VPOS="512" WIDTH="33" HEIGHT="21" WC="0.96" CONTENT="till"/><SP WIDTH="26" VPOS="512" HPOS="1003"/>
							<String ID="string_70" HPOS="1029" VPOS="513" WIDTH="68" HEIGHT="20" WC="0.91" CONTENT="större"/><SP WIDTH="23" VPOS="513" HPOS="1097"/>
							<String ID="string_71" HPOS="1120" VPOS="513" WIDTH="31" HEIGHT="21" WC="0.86" CONTENT="öf-"/>
						</TextLine>
						<TextLine ID="line_8" HPOS="419" VPOS="546" WIDTH="735" HEIGHT="28">
							<String ID="string_72" HPOS="419" VPOS="547" WIDTH="199" HEIGHT="21" WC="0.92" CONTENT="verensstämmelse"/><SP WIDTH="15" VPOS="547" HPOS="618"/>
							<String ID="string_73" HPOS="633" VPOS="547" WIDTH="48" HEIGHT="21" WC="0.96" CONTENT="med"/><SP WIDTH="16" VPOS="547" HPOS="681"/>
							<String ID="string_74" HPOS="697" VPOS="547" WIDTH="26" HEIGHT="21" WC="0.93" CONTENT="20"/><SP WIDTH="16" VPOS="547" HPOS="723"/>
							<String ID="string_75" HPOS="739" VPOS="547" WIDTH="11" HEIGHT="27" WC="0.86" CONTENT="&amp;"/><SP WIDTH="16" VPOS="547" HPOS="750"/>
							<String ID="string_76" HPOS="766" VPOS="547" WIDTH="129" HEIGHT="27" WC="0.96" CONTENT="(Utskottets"/><SP WIDTH="18" VPOS="547" HPOS="895"/>
							<String ID="string_77" HPOS="913" VPOS="547" WIDTH="24" HEIGHT="20" WC="0.93" CONTENT="17"/><SP WIDTH="16" VPOS="547" HPOS="937"/>
							<String ID="string_78" HPOS="953" VPOS="546" WIDTH="37" HEIGHT="27" WC="0.47" CONTENT="$)i"/><SP WIDTH="13" VPOS="546" HPOS="990"/>
							<String ID="string_79" HPOS="1003" VPOS="546" WIDTH="106" HEIGHT="28" WC="0.96" CONTENT="förslaget"/><SP WIDTH="10" VPOS="546" HPOS="1109"/>
							<String ID="string_80" HPOS="1119" VPOS="554" WIDTH="35" HEIGHT="14" WC="0.96" CONTENT="om"/>
						</TextLine>
						<TextLine ID="line_9" HPOS="420" VPOS="580" WIDTH="733" HEIGHT="28">
							<String ID="string_81" HPOS="420" VPOS="580" WIDTH="81" HEIGHT="22" WC="0.96" CONTENT="kristne"/><SP WIDTH="15" VPOS="580" HPOS="501"/>
							<String ID="string_82" HPOS="516" VPOS="581" WIDTH="176" HEIGHT="25" WC="0.96" CONTENT="trosbekännare,"/><SP WIDTH="15" VPOS="581" HPOS="692"/>
							<String ID="string_83" HPOS="707" VPOS="581" WIDTH="62" HEIGHT="21" WC="0.93" CONTENT="torde"/><SP WIDTH="14" VPOS="581" HPOS="769"/>
							<String ID="string_84" HPOS="783" VPOS="580" WIDTH="83" HEIGHT="28" WC="0.96" CONTENT="framgå"/><SP WIDTH="15" VPOS="580" HPOS="866"/>
							<String ID="string_85" HPOS="881" VPOS="588" WIDTH="26" HEIGHT="13" WC="0.93" CONTENT="ur"/><SP WIDTH="14" VPOS="588" HPOS="907"/>
							<String ID="string_86" HPOS="921" VPOS="580" WIDTH="55" HEIGHT="21" WC="0.96" CONTENT="hvad"/><SP WIDTH="10" VPOS="580" HPOS="976"/>
							<String ID="string_87" HPOS="986" VPOS="580" WIDTH="110" HEIGHT="21" WC="0.93" CONTENT="Utskottet"/><SP WIDTH="9" VPOS="580" HPOS="1096"/>
							<String ID="string_88" HPOS="1105" VPOS="581" WIDTH="48" HEIGHT="21" WC="0.93" CONTENT="der-"/>
						</TextLine>
						<TextLine ID="line_10" HPOS="420" VPOS="615" WIDTH="128" HEIGHT="21">
							<String ID="string_89" HPOS="420" VPOS="623" WIDTH="35" HEIGHT="13" WC="0.96" CONTENT="om"/><SP WIDTH="15" VPOS="623" HPOS="455"/>
							<String ID="string_90" HPOS="470" VPOS="615" WIDTH="78" HEIGHT="21" WC="0.96" CONTENT="anfört."/>
						</TextLine>
					</TextBlock>
					<TextBlock ID="block_3" HPOS="419" VPOS="648" WIDTH="738" HEIGHT="508">
						<TextLine ID="line_11" HPOS="475" VPOS="648" WIDTH="677" HEIGHT="29">
							<String ID="string_91" HPOS="475" VPOS="649" WIDTH="10" HEIGHT="21" WC="0.96" CONTENT="I"/><SP WIDTH="18" VPOS="649" HPOS="485"/>
							<String ID="string_92" HPOS="503" VPOS="650" WIDTH="24" HEIGHT="20" WC="0.94" CONTENT="17"/><SP WIDTH="17" VPOS="650" HPOS="527"/>
							<String ID="string_93" HPOS="544" VPOS="650" WIDTH="11" HEIGHT="27" WC="0.90" CONTENT="8"/><SP WIDTH="20" VPOS="650" HPOS="555"/>
							<String ID="string_94" HPOS="575" VPOS="649" WIDTH="132" HEIGHT="28" WC="0.96" CONTENT="(Utskottets"/><SP WIDTH="17" VPOS="649" HPOS="707"/>
							<String ID="string_95" HPOS="724" VPOS="650" WIDTH="24" HEIGHT="20" WC="0.92" CONTENT="15"/><SP WIDTH="16" VPOS="650" HPOS="748"/>
							<String ID="string_96" HPOS="764" VPOS="649" WIDTH="28" HEIGHT="28" WC="0.92" CONTENT="$),"/><SP WIDTH="21" VPOS="649" HPOS="792"/>
							<String ID="string_97" HPOS="813" VPOS="656" WIDTH="46" HEIGHT="14" WC="0.91" CONTENT="som"/><SP WIDTH="14" VPOS="656" HPOS="859"/>
							<String ID="string_98" HPOS="873" VPOS="648" WIDTH="115" HEIGHT="28" WC="0.91" CONTENT="tillstädjer"/><SP WIDTH="23" VPOS="648" HPOS="988"/>
							<String ID="string_99" HPOS="1011" VPOS="649" WIDTH="141" HEIGHT="22" WC="0.90" CONTENT="icke-kristne"/>
						</TextLine>
						<TextLine ID="line_12" HPOS="419" VPOS="683" WIDTH="734" HEIGHT="28">
							<String ID="string_100" HPOS="419" VPOS="683" WIDTH="24" HEIGHT="21" WC="0.94" CONTENT="af"/><SP WIDTH="13" VPOS="683" HPOS="443"/>
							<String ID="string_101" HPOS="456" VPOS="690" WIDTH="70" HEIGHT="14" WC="0.95" CONTENT="annan"/><SP WIDTH="15" VPOS="690" HPOS="526"/>
							<String ID="string_102" HPOS="541" VPOS="683" WIDTH="98" HEIGHT="28" WC="0.95" CONTENT="religion,"/><SP WIDTH="18" VPOS="683" HPOS="639"/>
							<String ID="string_103" HPOS="657" VPOS="685" WIDTH="27" HEIGHT="20" WC="0.96" CONTENT="än"/><SP WIDTH="15" VPOS="685" HPOS="684"/>
							<String ID="string_104" HPOS="699" VPOS="684" WIDTH="42" HEIGHT="21" WC="0.96" CONTENT="den"/><SP WIDTH="14" VPOS="684" HPOS="741"/>
							<String ID="string_105" HPOS="755" VPOS="683" WIDTH="115" HEIGHT="27" WC="0.93" CONTENT="mosaiska,"/><SP WIDTH="17" VPOS="683" HPOS="870"/>
							<String ID="string_106" HPOS="887" VPOS="683" WIDTH="91" HEIGHT="21" WC="0.91" CONTENT="allenast"/><SP WIDTH="22" VPOS="683" HPOS="978"/>
							<String ID="string_107" HPOS="1000" VPOS="685" WIDTH="32" HEIGHT="19" WC="0.93" CONTENT="att"/><SP WIDTH="22" VPOS="685" HPOS="1032"/>
							<String ID="string_108" HPOS="1054" VPOS="683" WIDTH="99" HEIGHT="27" WC="0.91" CONTENT="enskildt,"/>
						</TextLine>
						<TextLine ID="line_13" HPOS="420" VPOS="717" WIDTH="734" HEIGHT="29">
							<String ID="string_109" HPOS="420" VPOS="725" WIDTH="48" HEIGHT="14" WC="0.96" CONTENT="men"/><SP WIDTH="14" VPOS="725" HPOS="468"/>
							<String ID="string_110" HPOS="482" VPOS="718" WIDTH="48" HEIGHT="22" WC="0.96" CONTENT="icke"/><SP WIDTH="15" VPOS="718" HPOS="530"/>
							<String ID="string_111" HPOS="545" VPOS="718" WIDTH="131" HEIGHT="28" WC="0.92" CONTENT="offentligen,"/><SP WIDTH="16" VPOS="718" HPOS="676"/>
							<String ID="string_112" HPOS="692" VPOS="718" WIDTH="75" HEIGHT="22" WC="0.90" CONTENT="utöfva"/><SP WIDTH="15" VPOS="718" HPOS="767"/>
							<String ID="string_113" HPOS="782" VPOS="718" WIDTH="33" HEIGHT="21" WC="0.96" CONTENT="sin"/><SP WIDTH="14" VPOS="718" HPOS="815"/>
							<String ID="string_114" HPOS="829" VPOS="718" WIDTH="96" HEIGHT="27" WC="0.96" CONTENT="religion,"/><SP WIDTH="14" VPOS="718" HPOS="925"/>
							<String ID="string_115" HPOS="939" VPOS="718" WIDTH="39" HEIGHT="20" WC="0.96" CONTENT="har"/><SP WIDTH="15" VPOS="718" HPOS="978"/>
							<String ID="string_116" HPOS="993" VPOS="717" WIDTH="110" HEIGHT="22" WC="0.93" CONTENT="Utskottet"/><SP WIDTH="10" VPOS="717" HPOS="1103"/>
							<String ID="string_117" HPOS="1113" VPOS="718" WIDTH="41" HEIGHT="21" WC="0.93" CONTENT="vis-"/>
						</TextLine>
						<TextLine ID="line_14" HPOS="420" VPOS="751" WIDTH="734" HEIGHT="30">
							<String ID="string_118" HPOS="420" VPOS="752" WIDTH="92" HEIGHT="28" WC="0.93" CONTENT="serligen"/><SP WIDTH="16" VPOS="752" HPOS="512"/>
							<String ID="string_119" HPOS="528" VPOS="753" WIDTH="77" HEIGHT="21" WC="0.93" CONTENT="saknat"/><SP WIDTH="14" VPOS="753" HPOS="605"/>
							<String ID="string_120" HPOS="619" VPOS="752" WIDTH="145" HEIGHT="29" WC="0.91" CONTENT="hvarjehanda"/><SP WIDTH="14" VPOS="752" HPOS="764"/>
							<String ID="string_121" HPOS="778" VPOS="753" WIDTH="99" HEIGHT="20" WC="0.96" CONTENT="närmare"/><SP WIDTH="14" VPOS="753" HPOS="877"/>
							<String ID="string_122" HPOS="891" VPOS="751" WIDTH="160" HEIGHT="28" WC="0.93" CONTENT="bestämningar"/><SP WIDTH="11" VPOS="751" HPOS="1051"/>
							<String ID="string_123" HPOS="1062" VPOS="753" WIDTH="92" HEIGHT="26" WC="0.91" CONTENT="angåen-"/>
						</TextLine>
						<TextLine ID="line_15" HPOS="422" VPOS="785" WIDTH="732" HEIGHT="24">
							<String ID="string_124" HPOS="422" VPOS="787" WIDTH="25" HEIGHT="21" WC="0.93" CONTENT="de"/><SP WIDTH="14" VPOS="787" HPOS="447"/>
							<String ID="string_125" HPOS="461" VPOS="787" WIDTH="81" HEIGHT="21" WC="0.91" CONTENT="sådane"/><SP WIDTH="14" VPOS="787" HPOS="542"/>
							<String ID="string_126" HPOS="556" VPOS="787" WIDTH="180" HEIGHT="22" WC="0.92" CONTENT="trosbekännares"/><SP WIDTH="15" VPOS="787" HPOS="736"/>
							<String ID="string_127" HPOS="751" VPOS="788" WIDTH="44" HEIGHT="19" WC="0.96" CONTENT="rätt"/><SP WIDTH="14" VPOS="788" HPOS="795"/>
							<String ID="string_128" HPOS="809" VPOS="789" WIDTH="32" HEIGHT="19" WC="0.96" CONTENT="att"/><SP WIDTH="14" VPOS="789" HPOS="841"/>
							<String ID="string_129" HPOS="855" VPOS="787" WIDTH="38" HEIGHT="20" WC="0.96" CONTENT="här"/><SP WIDTH="14" VPOS="787" HPOS="893"/>
							<String ID="string_130" HPOS="907" VPOS="786" WIDTH="8" HEIGHT="21" WC="0.96" CONTENT="i"/><SP WIDTH="14" VPOS="786" HPOS="915"/>
							<String ID="string_131" HPOS="929" VPOS="785" WIDTH="74" HEIGHT="22" WC="0.93" CONTENT="landet"/><SP WIDTH="14" VPOS="785" HPOS="1003"/>
							<String ID="string_132" HPOS="1017" VPOS="785" WIDTH="80" HEIGHT="22" WC="0.91" CONTENT="afsluta"/><SP WIDTH="20" VPOS="785" HPOS="1097"/>
							<String ID="string_133" HPOS="1117" VPOS="786" WIDTH="37" HEIGHT="21" WC="0.91" CONTENT="äk-"/>
						</TextLine>
						<TextLine ID="line_16" HPOS="421" VPOS="819" WIDTH="734" HEIGHT="30">
							<String ID="string_134" HPOS="421" VPOS="821" WIDTH="91" HEIGHT="28" WC="0.92" CONTENT="tenskap"/><SP WIDTH="16" VPOS="821" HPOS="512"/>
							<String ID="string_135" HPOS="528" VPOS="821" WIDTH="41" HEIGHT="22" WC="0.96" CONTENT="och"/><SP WIDTH="23" VPOS="821" HPOS="569"/>
							<String ID="string_136" HPOS="592" VPOS="829" WIDTH="34" HEIGHT="14" WC="0.95" CONTENT="om"/><SP WIDTH="25" VPOS="829" HPOS="626"/>
							<String ID="string_137" HPOS="651" VPOS="823" WIDTH="72" HEIGHT="24" WC="0.96" CONTENT="annat,"/><SP WIDTH="25" VPOS="823" HPOS="723"/>
							<String ID="string_138" HPOS="748" VPOS="828" WIDTH="46" HEIGHT="14" WC="0.96" CONTENT="som"/><SP WIDTH="23" VPOS="828" HPOS="794"/>
							<String ID="string_139" HPOS="817" VPOS="821" WIDTH="48" HEIGHT="21" WC="0.93" CONTENT="med"/><SP WIDTH="24" VPOS="821" HPOS="865"/>
							<String ID="string_140" HPOS="889" VPOS="819" WIDTH="266" HEIGHT="28" WC="0.92" CONTENT="religionsförhällandena"/>
						</TextLine>
						<TextLine ID="line_17" HPOS="421" VPOS="854" WIDTH="734" HEIGHT="29">
							<String ID="string_141" HPOS="421" VPOS="855" WIDTH="185" HEIGHT="28" WC="0.95" CONTENT="sammanhänger."/><SP WIDTH="30" VPOS="855" HPOS="606"/>
							<String ID="string_142" HPOS="636" VPOS="856" WIDTH="49" HEIGHT="21" WC="0.96" CONTENT="Men"/><SP WIDTH="15" VPOS="856" HPOS="685"/>
							<String ID="string_143" HPOS="700" VPOS="855" WIDTH="27" HEIGHT="22" WC="0.96" CONTENT="då"/><SP WIDTH="14" VPOS="855" HPOS="727"/>
							<String ID="string_144" HPOS="741" VPOS="855" WIDTH="7" HEIGHT="21" WC="0.96" CONTENT="i"/><SP WIDTH="15" VPOS="855" HPOS="748"/>
							<String ID="string_145" HPOS="763" VPOS="855" WIDTH="91" HEIGHT="22" WC="0.95" CONTENT="Finland"/><SP WIDTH="14" VPOS="855" HPOS="854"/>
							<String ID="string_146" HPOS="868" VPOS="855" WIDTH="34" HEIGHT="21" WC="0.96" CONTENT="för"/><SP WIDTH="14" VPOS="855" HPOS="902"/>
							<String ID="string_147" HPOS="916" VPOS="854" WIDTH="133" HEIGHT="21" WC="0.96" CONTENT="närvarande"/><SP WIDTH="10" VPOS="854" HPOS="1049"/>
							<String ID="string_148" HPOS="1059" VPOS="854" WIDTH="56" HEIGHT="21" WC="0.96" CONTENT="blott"/><SP WIDTH="9" VPOS="854" HPOS="1115"/>
							<String ID="string_149" HPOS="1124" VPOS="856" WIDTH="31" HEIGHT="19" WC="0.97" CONTENT="ett"/>
						</TextLine>
						<TextLine ID="line_18" HPOS="420" VPOS="888" WIDTH="734" HEIGHT="30">
							<String ID="string_150" HPOS="420" VPOS="889" WIDTH="62" HEIGHT="28" WC="0.96" CONTENT="ringa"/><SP WIDTH="15" VPOS="889" HPOS="482"/>
							<String ID="string_151" HPOS="497" VPOS="889" WIDTH="59" HEIGHT="22" WC="0.34" CONTENT="antal"/><SP WIDTH="8" VPOS="889" HPOS="556"/>
							<String ID="string_152" HPOS="564" VPOS="890" WIDTH="25" HEIGHT="21" WC="0.34" CONTENT="af"/><SP WIDTH="14" VPOS="890" HPOS="589"/>
							<String ID="string_153" HPOS="603" VPOS="890" WIDTH="71" HEIGHT="28" WC="0.93" CONTENT="dylika"/><SP WIDTH="14" VPOS="890" HPOS="674"/>
							<String ID="string_154" HPOS="688" VPOS="890" WIDTH="139" HEIGHT="21" WC="0.92" CONTENT="icke-kristne"/><SP WIDTH="14" VPOS="890" HPOS="827"/>
							<String ID="string_155" HPOS="841" VPOS="896" WIDTH="102" HEIGHT="21" WC="0.96" CONTENT="personer"/><SP WIDTH="13" VPOS="896" HPOS="943"/>
							<String ID="string_156" HPOS="956" VPOS="888" WIDTH="62" HEIGHT="22" WC="0.96" CONTENT="torde"/><SP WIDTH="15" VPOS="888" HPOS="1018"/>
							<String ID="string_157" HPOS="1033" VPOS="888" WIDTH="75" HEIGHT="27" WC="0.93" CONTENT="finnas,"/><SP WIDTH="14" VPOS="888" HPOS="1108"/>
							<String ID="string_158" HPOS="1122" VPOS="891" WIDTH="32" HEIGHT="18" WC="0.93" CONTENT="ut-"/>
						</TextLine>
						<TextLine ID="line_19" HPOS="422" VPOS="923" WIDTH="733" HEIGHT="30">
							<String ID="string_159" HPOS="422" VPOS="931" WIDTH="35" HEIGHT="14" WC="0.95" CONTENT="om"/><SP WIDTH="25" VPOS="931" HPOS="457"/>
							<String ID="string_160" HPOS="482" VPOS="923" WIDTH="25" HEIGHT="22" WC="0.95" CONTENT="de"/><SP WIDTH="15" VPOS="923" HPOS="507"/>
							<String ID="string_161" HPOS="522" VPOS="924" WIDTH="28" HEIGHT="27" WC="0.96" CONTENT="få,"/><SP WIDTH="16" VPOS="924" HPOS="550"/>
							<String ID="string_162" HPOS="566" VPOS="925" WIDTH="73" HEIGHT="20" WC="0.96" CONTENT="hvilka"/><SP WIDTH="14" VPOS="925" HPOS="639"/>
							<String ID="string_163" HPOS="653" VPOS="925" WIDTH="54" HEIGHT="21" WC="0.96" CONTENT="höra"/><SP WIDTH="15" VPOS="925" HPOS="707"/>
							<String ID="string_164" HPOS="722" VPOS="924" WIDTH="33" HEIGHT="21" WC="0.96" CONTENT="till"/><SP WIDTH="14" VPOS="924" HPOS="755"/>
							<String ID="string_165" HPOS="769" VPOS="925" WIDTH="65" HEIGHT="28" WC="0.96" CONTENT="ryska"/><SP WIDTH="13" VPOS="925" HPOS="834"/>
							<String ID="string_166" HPOS="847" VPOS="924" WIDTH="107" HEIGHT="21" WC="0.96" CONTENT="militären"/><SP WIDTH="16" VPOS="924" HPOS="954"/>
							<String ID="string_167" HPOS="970" VPOS="923" WIDTH="39" HEIGHT="21" WC="0.93" CONTENT="och"/><SP WIDTH="12" VPOS="923" HPOS="1009"/>
							<String ID="string_168" HPOS="1021" VPOS="923" WIDTH="85" HEIGHT="21" WC="0.93" CONTENT="derföre"/><SP WIDTH="10" VPOS="923" HPOS="1106"/>
							<String ID="string_169" HPOS="1116" VPOS="930" WIDTH="39" HEIGHT="13" WC="0.92" CONTENT="un-"/>
						</TextLine>
						<TextLine ID="line_20" HPOS="423" VPOS="957" WIDTH="733" HEIGHT="30">
							<String ID="string_170" HPOS="423" VPOS="958" WIDTH="89" HEIGHT="28" WC="0.91" CONTENT="derlyda"/><SP WIDTH="16" VPOS="958" HPOS="512"/>
							<String ID="string_171" HPOS="528" VPOS="959" WIDTH="169" HEIGHT="28" WC="0.92" CONTENT="kejsaredömets"/><SP WIDTH="14" VPOS="959" HPOS="697"/>
							<String ID="string_172" HPOS="711" VPOS="959" WIDTH="68" HEIGHT="27" WC="0.96" CONTENT="lagar,"/><SP WIDTH="16" VPOS="959" HPOS="779"/>
							<String ID="string_173" HPOS="795" VPOS="959" WIDTH="39" HEIGHT="21" WC="0.96" CONTENT="har"/><SP WIDTH="26" VPOS="959" HPOS="834"/>
							<String ID="string_174" HPOS="860" VPOS="958" WIDTH="114" HEIGHT="25" WC="0.96" CONTENT="Utskottet,"/><SP WIDTH="24" VPOS="958" HPOS="974"/>
							<String ID="string_175" HPOS="998" VPOS="965" WIDTH="46" HEIGHT="13" WC="0.96" CONTENT="som"/><SP WIDTH="23" VPOS="965" HPOS="1044"/>
							<String ID="string_176" HPOS="1067" VPOS="957" WIDTH="18" HEIGHT="28" WC="0.96" CONTENT="ej"/><SP WIDTH="24" VPOS="957" HPOS="1085"/>
							<String ID="string_177" HPOS="1109" VPOS="957" WIDTH="47" HEIGHT="21" WC="0.96" CONTENT="haft"/>
						</TextLine>
						<TextLine ID="line_21" HPOS="422" VPOS="991" WIDTH="734" HEIGHT="30">
							<String ID="string_178" HPOS="422" VPOS="992" WIDTH="89" HEIGHT="22" WC="0.91" CONTENT="rådrum"/><SP WIDTH="15" VPOS="992" HPOS="511"/>
							<String ID="string_179" HPOS="526" VPOS="995" WIDTH="32" HEIGHT="19" WC="0.96" CONTENT="att"/><SP WIDTH="15" VPOS="995" HPOS="558"/>
							<String ID="string_180" HPOS="573" VPOS="993" WIDTH="100" HEIGHT="21" WC="0.96" CONTENT="utarbeta"/><SP WIDTH="15" VPOS="993" HPOS="673"/>
							<String ID="string_181" HPOS="688" VPOS="992" WIDTH="81" HEIGHT="29" WC="0.96" CONTENT="förslag"/><SP WIDTH="16" VPOS="992" HPOS="769"/>
							<String ID="string_182" HPOS="785" VPOS="993" WIDTH="33" HEIGHT="21" WC="0.92" CONTENT="till"/><SP WIDTH="22" VPOS="993" HPOS="818"/>
							<String ID="string_183" HPOS="840" VPOS="991" WIDTH="163" HEIGHT="28" WC="0.91" CONTENT="fullständigare"/><SP WIDTH="23" VPOS="991" HPOS="1003"/>
							<String ID="string_184" HPOS="1026" VPOS="992" WIDTH="130" HEIGHT="21" WC="0.91" CONTENT="bestämnin-"/>
						</TextLine>
						<TextLine ID="line_22" HPOS="423" VPOS="1026" WIDTH="733" HEIGHT="29">
							<String ID="string_185" HPOS="423" VPOS="1034" WIDTH="39" HEIGHT="20" WC="0.95" CONTENT="gar"/><SP WIDTH="15" VPOS="1034" HPOS="462"/>
							<String ID="string_186" HPOS="477" VPOS="1027" WIDTH="7" HEIGHT="20" WC="0.96" CONTENT="i"/><SP WIDTH="15" VPOS="1027" HPOS="484"/>
							<String ID="string_187" HPOS="499" VPOS="1028" WIDTH="79" HEIGHT="25" WC="0.96" CONTENT="ämnet,"/><SP WIDTH="15" VPOS="1028" HPOS="578"/>
							<String ID="string_188" HPOS="593" VPOS="1029" WIDTH="54" HEIGHT="19" WC="0.96" CONTENT="trott"/><SP WIDTH="15" VPOS="1029" HPOS="647"/>
							<String ID="string_189" HPOS="662" VPOS="1027" WIDTH="32" HEIGHT="28" WC="0.96" CONTENT="sig"/><SP WIDTH="15" VPOS="1027" HPOS="694"/>
							<String ID="string_190" HPOS="709" VPOS="1027" WIDTH="73" HEIGHT="21" WC="0.96" CONTENT="kunna"/><SP WIDTH="14" VPOS="1027" HPOS="782"/>
							<String ID="string_191" HPOS="796" VPOS="1027" WIDTH="89" HEIGHT="21" WC="0.93" CONTENT="förorda"/><SP WIDTH="14" VPOS="1027" HPOS="885"/>
							<String ID="string_192" HPOS="899" VPOS="1026" WIDTH="139" HEIGHT="27" WC="0.90" CONTENT="paragrafens"/><SP WIDTH="15" VPOS="1026" HPOS="1038"/>
							<String ID="string_193" HPOS="1053" VPOS="1028" WIDTH="103" HEIGHT="25" WC="0.89" CONTENT="antagan-"/>
						</TextLine>
						<TextLine ID="line_23" HPOS="424" VPOS="1060" WIDTH="733" HEIGHT="27">
							<String ID="string_194" HPOS="424" VPOS="1060" WIDTH="26" HEIGHT="21" WC="0.95" CONTENT="de"/><SP WIDTH="15" VPOS="1060" HPOS="450"/>
							<String ID="string_195" HPOS="465" VPOS="1060" WIDTH="7" HEIGHT="20" WC="0.95" CONTENT="i"/><SP WIDTH="16" VPOS="1060" HPOS="472"/>
							<String ID="string_196" HPOS="488" VPOS="1061" WIDTH="48" HEIGHT="20" WC="0.96" CONTENT="dess"/><SP WIDTH="15" VPOS="1061" HPOS="536"/>
							<String ID="string_197" HPOS="551" VPOS="1061" WIDTH="124" HEIGHT="20" WC="0.96" CONTENT="nuvarande"/><SP WIDTH="16" VPOS="1061" HPOS="675"/>
							<String ID="string_198" HPOS="691" VPOS="1061" WIDTH="66" HEIGHT="26" WC="0.96" CONTENT="skick,"/><SP WIDTH="18" VPOS="1061" HPOS="757"/>
							<String ID="string_199" HPOS="775" VPOS="1061" WIDTH="57" HEIGHT="20" WC="0.96" CONTENT="helst"/><SP WIDTH="21" VPOS="1061" HPOS="832"/>
							<String ID="string_200" HPOS="853" VPOS="1060" WIDTH="40" HEIGHT="21" WC="0.93" CONTENT="den"/><SP WIDTH="23" VPOS="1060" HPOS="893"/>
							<String ID="string_201" HPOS="916" VPOS="1060" WIDTH="113" HEIGHT="20" WC="0.91" CONTENT="anmärkta"/><SP WIDTH="24" VPOS="1060" HPOS="1029"/>
							<String ID="string_202" HPOS="1053" VPOS="1060" WIDTH="82" HEIGHT="21" WC="0.94" CONTENT="bristen"/><SP WIDTH="15" VPOS="1060" HPOS="1135"/>
							<String ID="string_203" HPOS="1150" VPOS="1060" WIDTH="7" HEIGHT="20" WC="0.96" CONTENT="i"/>
						</TextLine>
						<TextLine ID="line_24" HPOS="424" VPOS="1093" WIDTH="732" HEIGHT="28">
							<String ID="string_204" HPOS="424" VPOS="1094" WIDTH="38" HEIGHT="21" WC="0.95" CONTENT="fall"/><SP WIDTH="16" VPOS="1094" HPOS="462"/>
							<String ID="string_205" HPOS="478" VPOS="1095" WIDTH="24" HEIGHT="20" WC="0.93" CONTENT="af"/><SP WIDTH="13" VPOS="1095" HPOS="502"/>
							<String ID="string_206" HPOS="515" VPOS="1095" WIDTH="67" HEIGHT="21" WC="0.91" CONTENT="behof"/><SP WIDTH="13" VPOS="1095" HPOS="582"/>
							<String ID="string_207" HPOS="595" VPOS="1095" WIDTH="67" HEIGHT="21" WC="0.96" CONTENT="borde"/><SP WIDTH="15" VPOS="1095" HPOS="662"/>
							<String ID="string_208" HPOS="677" VPOS="1095" WIDTH="6" HEIGHT="20" WC="0.96" CONTENT="i"/><SP WIDTH="16" VPOS="1095" HPOS="683"/>
							<String ID="string_209" HPOS="699" VPOS="1102" WIDTH="26" HEIGHT="14" WC="0.96" CONTENT="en"/><SP WIDTH="15" VPOS="1102" HPOS="725"/>
							<String ID="string_210" HPOS="740" VPOS="1094" WIDTH="87" HEIGHT="21" WC="0.96" CONTENT="framtid"/><SP WIDTH="16" VPOS="1094" HPOS="827"/>
							<String ID="string_211" HPOS="843" VPOS="1094" WIDTH="72" HEIGHT="21" WC="0.96" CONTENT="kunna"/><SP WIDTH="14" VPOS="1094" HPOS="915"/>
							<String ID="string_212" HPOS="929" VPOS="1100" WIDTH="76" HEIGHT="21" WC="0.95" CONTENT="genom"/><SP WIDTH="17" VPOS="1100" HPOS="1005"/>
							<String ID="string_213" HPOS="1022" VPOS="1101" WIDTH="27" HEIGHT="20" WC="0.93" CONTENT="ny"/><SP WIDTH="15" VPOS="1101" HPOS="1049"/>
							<String ID="string_214" HPOS="1064" VPOS="1093" WIDTH="92" HEIGHT="28" WC="0.90" CONTENT="lagstift-"/>
						</TextLine>
						<TextLine ID="line_25" HPOS="423" VPOS="1129" WIDTH="180" HEIGHT="27">
							<String ID="string_215" HPOS="423" VPOS="1129" WIDTH="51" HEIGHT="27" WC="0.93" CONTENT="ning"/><SP WIDTH="16" VPOS="1129" HPOS="474"/>
							<String ID="string_216" HPOS="490" VPOS="1129" WIDTH="113" HEIGHT="27" WC="0.92" CONTENT="afhjelpas."/>
						</TextLine>
					</TextBlock>
					<TextBlock ID="block_4" HPOS="425" VPOS="1161" WIDTH="733" HEIGHT="126">
						<TextLine ID="line_26" HPOS="480" VPOS="1161" WIDTH="676" HEIGHT="25">
							<String ID="string_217" HPOS="480" VPOS="1163" WIDTH="31" HEIGHT="21" WC="0.89" CONTENT="Pä"/><SP WIDTH="16" VPOS="1163" HPOS="511"/>
							<String ID="string_218" HPOS="527" VPOS="1163" WIDTH="59" HEIGHT="21" WC="0.89" CONTENT="förut"/><SP WIDTH="15" VPOS="1163" HPOS="586"/>
							<String ID="string_219" HPOS="601" VPOS="1163" WIDTH="91" HEIGHT="21" WC="0.92" CONTENT="anförda"/><SP WIDTH="15" VPOS="1163" HPOS="692"/>
							<String ID="string_220" HPOS="707" VPOS="1163" WIDTH="47" HEIGHT="21" WC="0.96" CONTENT="skäl"/><SP WIDTH="14" VPOS="1163" HPOS="754"/>
							<String ID="string_221" HPOS="768" VPOS="1163" WIDTH="39" HEIGHT="20" WC="0.93" CONTENT="har"/><SP WIDTH="14" VPOS="1163" HPOS="807"/>
							<String ID="string_222" HPOS="821" VPOS="1161" WIDTH="111" HEIGHT="22" WC="0.92" CONTENT="Utskottet"/><SP WIDTH="15" VPOS="1161" HPOS="932"/>
							<String ID="string_223" HPOS="947" VPOS="1161" WIDTH="48" HEIGHT="21" WC="0.93" CONTENT="bort"/><SP WIDTH="19" VPOS="1161" HPOS="995"/>
							<String ID="string_224" HPOS="1014" VPOS="1161" WIDTH="85" HEIGHT="25" WC="0.92" CONTENT="föreslä,"/><SP WIDTH="26" VPOS="1161" HPOS="1099"/>
							<String ID="string_225" HPOS="1125" VPOS="1163" WIDTH="31" HEIGHT="19" WC="0.96" CONTENT="att"/>
						</TextLine>
						<TextLine ID="line_27" HPOS="425" VPOS="1195" WIDTH="733" HEIGHT="30">
							<String ID="string_226" HPOS="425" VPOS="1196" WIDTH="62" HEIGHT="22" WC="0.95" CONTENT="äfven"/><SP WIDTH="17" VPOS="1196" HPOS="487"/>
							<String ID="string_227" HPOS="504" VPOS="1198" WIDTH="24" HEIGHT="19" WC="0.84" CONTENT="19"/><SP WIDTH="15" VPOS="1198" HPOS="528"/>
							<String ID="string_228" HPOS="543" VPOS="1197" WIDTH="11" HEIGHT="28" WC="0.84" CONTENT="&amp;"/><SP WIDTH="17" VPOS="1197" HPOS="554"/>
							<String ID="string_229" HPOS="571" VPOS="1197" WIDTH="131" HEIGHT="28" WC="0.96" CONTENT="(Utskottets"/><SP WIDTH="17" VPOS="1197" HPOS="702"/>
							<String ID="string_230" HPOS="719" VPOS="1198" WIDTH="24" HEIGHT="20" WC="0.93" CONTENT="17"/><SP WIDTH="16" VPOS="1198" HPOS="743"/>
							<String ID="string_231" HPOS="759" VPOS="1197" WIDTH="21" HEIGHT="27" WC="0.92" CONTENT="$)"/><SP WIDTH="19" VPOS="1197" HPOS="780"/>
							<String ID="string_232" HPOS="799" VPOS="1196" WIDTH="69" HEIGHT="21" WC="0.96" CONTENT="skulle"/><SP WIDTH="25" VPOS="1196" HPOS="868"/>
							<String ID="string_233" HPOS="893" VPOS="1195" WIDTH="77" HEIGHT="22" WC="0.96" CONTENT="ändras"/><SP WIDTH="23" VPOS="1195" HPOS="970"/>
							<String ID="string_234" HPOS="993" VPOS="1195" WIDTH="33" HEIGHT="21" WC="0.93" CONTENT="till"/><SP WIDTH="23" VPOS="1195" HPOS="1026"/>
							<String ID="string_235" HPOS="1049" VPOS="1195" WIDTH="109" HEIGHT="22" WC="0.90" CONTENT="öfverens-"/>
						</TextLine>
						<TextLine ID="line_28" HPOS="425" VPOS="1229" WIDTH="733" HEIGHT="30">
							<String ID="string_236" HPOS="425" VPOS="1231" WIDTH="123" HEIGHT="22" WC="0.92" CONTENT="stämmelse"/><SP WIDTH="14" VPOS="1231" HPOS="548"/>
							<String ID="string_237" HPOS="562" VPOS="1231" WIDTH="49" HEIGHT="21" WC="0.96" CONTENT="med"/><SP WIDTH="16" VPOS="1231" HPOS="611"/>
							<String ID="string_238" HPOS="627" VPOS="1231" WIDTH="53" HEIGHT="21" WC="0.93" CONTENT="sista"/><SP WIDTH="15" VPOS="1231" HPOS="680"/>
							<String ID="string_239" HPOS="695" VPOS="1232" WIDTH="10" HEIGHT="27" WC="0.89" CONTENT="&amp;"/><SP WIDTH="15" VPOS="1232" HPOS="705"/>
							<String ID="string_240" HPOS="720" VPOS="1231" WIDTH="8" HEIGHT="21" WC="0.93" CONTENT="i"/><SP WIDTH="14" VPOS="1231" HPOS="728"/>
							<String ID="string_241" HPOS="742" VPOS="1230" WIDTH="103" HEIGHT="28" WC="0.92" CONTENT="förslaget"/><SP WIDTH="16" VPOS="1230" HPOS="845"/>
							<String ID="string_242" HPOS="861" VPOS="1237" WIDTH="34" HEIGHT="14" WC="0.96" CONTENT="om"/><SP WIDTH="16" VPOS="1237" HPOS="895"/>
							<String ID="string_243" HPOS="911" VPOS="1230" WIDTH="26" HEIGHT="21" WC="0.96" CONTENT="de"/><SP WIDTH="14" VPOS="1230" HPOS="937"/>
							<String ID="string_244" HPOS="951" VPOS="1229" WIDTH="133" HEIGHT="22" WC="0.93" CONTENT="främmande"/><SP WIDTH="9" VPOS="1229" HPOS="1084"/>
							<String ID="string_245" HPOS="1093" VPOS="1229" WIDTH="65" HEIGHT="22" WC="0.93" CONTENT="krist-"/>
						</TextLine>
						<TextLine ID="line_29" HPOS="426" VPOS="1265" WIDTH="245" HEIGHT="22">
							<String ID="string_246" HPOS="426" VPOS="1273" WIDTH="26" HEIGHT="14" WC="0.93" CONTENT="ne"/><SP WIDTH="16" VPOS="1273" HPOS="452"/>
							<String ID="string_247" HPOS="468" VPOS="1265" WIDTH="203" HEIGHT="22" WC="0.73" CONTENT="trosbekännarene."/>
						</TextLine>
					</TextBlock>
					<TextBlock ID="block_5" HPOS="426" VPOS="1297" WIDTH="733" HEIGHT="126">
						<TextLine ID="line_30" HPOS="482" VPOS="1297" WIDTH="677" HEIGHT="30">
							<String ID="string_248" HPOS="482" VPOS="1300" WIDTH="33" HEIGHT="21" WC="0.93" CONTENT="Då"/><SP WIDTH="15" VPOS="1300" HPOS="515"/>
							<String ID="string_249" HPOS="530" VPOS="1299" WIDTH="152" HEIGHT="28" WC="0.93" CONTENT="Lagutskottet"/><SP WIDTH="14" VPOS="1299" HPOS="682"/>
							<String ID="string_250" HPOS="696" VPOS="1299" WIDTH="34" HEIGHT="21" WC="0.93" CONTENT="för"/><SP WIDTH="15" VPOS="1299" HPOS="730"/>
							<String ID="string_251" HPOS="745" VPOS="1299" WIDTH="65" HEIGHT="26" WC="0.96" CONTENT="öfrigt"/><SP WIDTH="14" VPOS="1299" HPOS="810"/>
							<String ID="string_252" HPOS="824" VPOS="1298" WIDTH="17" HEIGHT="27" WC="0.96" CONTENT="ej"/><SP WIDTH="20" VPOS="1298" HPOS="841"/>
							<String ID="string_253" HPOS="861" VPOS="1297" WIDTH="46" HEIGHT="22" WC="0.96" CONTENT="haft"/><SP WIDTH="19" VPOS="1297" HPOS="907"/>
							<String ID="string_254" HPOS="926" VPOS="1298" WIDTH="66" HEIGHT="27" WC="0.96" CONTENT="något"/><SP WIDTH="17" VPOS="1298" HPOS="992"/>
							<String ID="string_255" HPOS="1009" VPOS="1299" WIDTH="32" HEIGHT="19" WC="0.93" CONTENT="att"/><SP WIDTH="14" VPOS="1299" HPOS="1041"/>
							<String ID="string_256" HPOS="1055" VPOS="1298" WIDTH="104" HEIGHT="21" WC="0.96" CONTENT="anmärka"/>
						</TextLine>
						<TextLine ID="line_31" HPOS="426" VPOS="1332" WIDTH="727" HEIGHT="29">
							<String ID="string_257" HPOS="426" VPOS="1336" WIDTH="56" HEIGHT="19" WC="0.96" CONTENT="emot"/><SP WIDTH="14" VPOS="1336" HPOS="482"/>
							<String ID="string_258" HPOS="496" VPOS="1333" WIDTH="146" HEIGHT="28" WC="0.96" CONTENT="lagförslaget,"/><SP WIDTH="15" VPOS="1333" HPOS="642"/>
							<String ID="string_259" HPOS="657" VPOS="1334" WIDTH="34" HEIGHT="21" WC="0.96" CONTENT="får"/><SP WIDTH="14" VPOS="1334" HPOS="691"/>
							<String ID="string_260" HPOS="705" VPOS="1333" WIDTH="110" HEIGHT="21" WC="0.93" CONTENT="Utskottet"/><SP WIDTH="13" VPOS="1333" HPOS="815"/>
							<String ID="string_261" HPOS="828" VPOS="1333" WIDTH="109" HEIGHT="20" WC="0.93" CONTENT="vördsamt"/><SP WIDTH="14" VPOS="1333" HPOS="937"/>
							<String ID="string_262" HPOS="951" VPOS="1332" WIDTH="86" HEIGHT="25" WC="0.96" CONTENT="föreslå,"/><SP WIDTH="16" VPOS="1332" HPOS="1037"/>
							<String ID="string_263" HPOS="1053" VPOS="1333" WIDTH="31" HEIGHT="20" WC="0.93" CONTENT="att"/><SP WIDTH="23" VPOS="1333" HPOS="1084"/>
							<String ID="string_264" HPOS="1107" VPOS="1333" WIDTH="46" HEIGHT="20" WC="0.91" CONTENT="lan-"/>
						</TextLine>
						<TextLine ID="line_32" HPOS="426" VPOS="1366" WIDTH="729" HEIGHT="29">
							<String ID="string_265" HPOS="426" VPOS="1369" WIDTH="47" HEIGHT="20" WC="0.93" CONTENT="dets"/><SP WIDTH="14" VPOS="1369" HPOS="473"/>
							<String ID="string_266" HPOS="487" VPOS="1367" WIDTH="118" HEIGHT="28" WC="0.91" CONTENT="höglofliga"/><SP WIDTH="14" VPOS="1367" HPOS="605"/>
							<String ID="string_267" HPOS="619" VPOS="1368" WIDTH="92" HEIGHT="21" WC="0.92" CONTENT="Ständer"/><SP WIDTH="14" VPOS="1368" HPOS="711"/>
							<String ID="string_268" HPOS="725" VPOS="1367" WIDTH="49" HEIGHT="22" WC="0.96" CONTENT="ville"/><SP WIDTH="14" VPOS="1367" HPOS="774"/>
							<String ID="string_269" HPOS="788" VPOS="1367" WIDTH="7" HEIGHT="20" WC="0.96" CONTENT="i"/><SP WIDTH="16" VPOS="1367" HPOS="795"/>
							<String ID="string_270" HPOS="811" VPOS="1367" WIDTH="100" HEIGHT="22" WC="0.93" CONTENT="afseende"/><SP WIDTH="15" VPOS="1367" HPOS="911"/>
							<String ID="string_271" HPOS="926" VPOS="1367" WIDTH="13" HEIGHT="20" WC="0.92" CONTENT="å"/><SP WIDTH="12" VPOS="1367" HPOS="939"/>
							<String ID="string_272" HPOS="951" VPOS="1366" WIDTH="59" HEIGHT="21" WC="0.96" CONTENT="detta"/><SP WIDTH="13" VPOS="1366" HPOS="1010"/>
							<String ID="string_273" HPOS="1023" VPOS="1366" WIDTH="81" HEIGHT="28" WC="0.92" CONTENT="förslag"/><SP WIDTH="15" VPOS="1366" HPOS="1104"/>
							<String ID="string_274" HPOS="1119" VPOS="1374" WIDTH="36" HEIGHT="14" WC="0.91" CONTENT="an-"/>
						</TextLine>
						<TextLine ID="line_33" HPOS="426" VPOS="1403" WIDTH="67" HEIGHT="20">
							<String ID="string_275" HPOS="426" VPOS="1403" WIDTH="67" HEIGHT="20" WC="0.90" CONTENT="mäla:"/>
						</TextLine>
					</TextBlock>
					<TextBlock ID="block_6" HPOS="497" VPOS="1440" WIDTH="664" HEIGHT="201">
						<TextLine ID="line_34" HPOS="635" VPOS="1440" WIDTH="526" HEIGHT="27">
							<String ID="string_276" HPOS="635" VPOS="1443" WIDTH="29" HEIGHT="18" WC="0.92" CONTENT="att"/><SP WIDTH="17" VPOS="1443" HPOS="664"/>
							<String ID="string_277" HPOS="681" VPOS="1441" WIDTH="116" HEIGHT="20" WC="0.87" CONTENT="Ständerna"/><SP WIDTH="20" VPOS="1441" HPOS="797"/>
							<String ID="string_278" HPOS="817" VPOS="1441" WIDTH="28" HEIGHT="26" WC="0.96" CONTENT="på"/><SP WIDTH="22" VPOS="1441" HPOS="845"/>
							<String ID="string_279" HPOS="867" VPOS="1440" WIDTH="62" HEIGHT="26" WC="0.85" CONTENT="ofvan"/><SP WIDTH="13" VPOS="1440" HPOS="929"/>
							<String ID="string_280" HPOS="942" VPOS="1441" WIDTH="102" HEIGHT="25" WC="0.82" CONTENT="upplagna"/><SP WIDTH="14" VPOS="1441" HPOS="1044"/>
							<String ID="string_281" HPOS="1058" VPOS="1441" WIDTH="45" HEIGHT="20" WC="0.96" CONTENT="skäl"/><SP WIDTH="13" VPOS="1441" HPOS="1103"/>
							<String ID="string_282" HPOS="1116" VPOS="1441" WIDTH="45" HEIGHT="20" WC="0.96" CONTENT="med"/>
						</TextLine>
						<TextLine ID="line_35" HPOS="576" VPOS="1473" WIDTH="583" HEIGHT="27">
							<String ID="string_283" HPOS="576" VPOS="1476" WIDTH="55" HEIGHT="20" WC="0.94" CONTENT="vissa"/><SP WIDTH="15" VPOS="1476" HPOS="631"/>
							<String ID="string_284" HPOS="646" VPOS="1475" WIDTH="112" HEIGHT="25" WC="0.96" CONTENT="ändringar"/><SP WIDTH="15" VPOS="1475" HPOS="758"/>
							<String ID="string_285" HPOS="773" VPOS="1473" WIDTH="36" HEIGHT="22" WC="0.93" CONTENT="och"/><SP WIDTH="14" VPOS="1473" HPOS="809"/>
							<String ID="string_286" HPOS="823" VPOS="1474" WIDTH="145" HEIGHT="26" WC="0.49" CONTENT="uteslutningar"/><SP WIDTH="9" VPOS="1474" HPOS="968"/>
							<String ID="string_287" HPOS="977" VPOS="1474" WIDTH="87" HEIGHT="25" WC="0.96" CONTENT="godkänt"/><SP WIDTH="8" VPOS="1474" HPOS="1064"/>
							<String ID="string_288" HPOS="1072" VPOS="1475" WIDTH="38" HEIGHT="19" WC="0.93" CONTENT="den"/><SP WIDTH="13" VPOS="1475" HPOS="1110"/>
							<String ID="string_289" HPOS="1123" VPOS="1475" WIDTH="36" HEIGHT="19" WC="0.90" CONTENT="nä-"/>
						</TextLine>
						<TextLine ID="line_36" HPOS="577" VPOS="1508" WIDTH="583" HEIGHT="28">
							<String ID="string_290" HPOS="577" VPOS="1510" WIDTH="46" HEIGHT="26" WC="0.90" CONTENT="diga"/><SP WIDTH="16" VPOS="1510" HPOS="623"/>
							<String ID="string_291" HPOS="639" VPOS="1509" WIDTH="148" HEIGHT="27" WC="0.96" CONTENT="propositionen"/><SP WIDTH="19" VPOS="1509" HPOS="787"/>
							<String ID="string_292" HPOS="806" VPOS="1509" WIDTH="7" HEIGHT="19" WC="0.93" CONTENT="i"/><SP WIDTH="20" VPOS="1509" HPOS="813"/>
							<String ID="string_293" HPOS="833" VPOS="1508" WIDTH="52" HEIGHT="20" WC="0.95" CONTENT="hvad"/><SP WIDTH="14" VPOS="1508" HPOS="885"/>
							<String ID="string_294" HPOS="899" VPOS="1508" WIDTH="38" HEIGHT="20" WC="0.93" CONTENT="den"/><SP WIDTH="14" VPOS="1508" HPOS="937"/>
							<String ID="string_295" HPOS="951" VPOS="1508" WIDTH="66" HEIGHT="26" WC="0.93" CONTENT="angår"/><SP WIDTH="15" VPOS="1508" HPOS="1017"/>
							<String ID="string_296" HPOS="1032" VPOS="1508" WIDTH="128" HEIGHT="21" WC="0.93" CONTENT="icke-kristne"/>
						</TextLine>
						<TextLine ID="line_37" HPOS="582" VPOS="1542" WIDTH="578" HEIGHT="27">
							<String ID="string_297" HPOS="582" VPOS="1543" WIDTH="157" HEIGHT="21" WC="0.94" CONTENT="trosbekännare"/><SP WIDTH="14" VPOS="1543" HPOS="739"/>
							<String ID="string_298" HPOS="753" VPOS="1544" WIDTH="53" HEIGHT="20" WC="0.96" CONTENT="samt"/><SP WIDTH="11" VPOS="1544" HPOS="806"/>
							<String ID="string_299" HPOS="817" VPOS="1542" WIDTH="34" HEIGHT="27" WC="0.96" CONTENT="för"/><SP WIDTH="14" VPOS="1542" HPOS="851"/>
							<String ID="string_300" HPOS="865" VPOS="1543" WIDTH="32" HEIGHT="20" WC="0.96" CONTENT="sin"/><SP WIDTH="14" VPOS="1543" HPOS="897"/>
							<String ID="string_301" HPOS="911" VPOS="1542" WIDTH="31" HEIGHT="21" WC="0.93" CONTENT="del"/><SP WIDTH="14" VPOS="1542" HPOS="942"/>
							<String ID="string_302" HPOS="956" VPOS="1542" WIDTH="77" HEIGHT="21" WC="0.61" CONTENT="Deslutit"/><SP WIDTH="14" VPOS="1542" HPOS="1033"/>
							<String ID="string_303" HPOS="1047" VPOS="1542" WIDTH="29" HEIGHT="21" WC="0.93" CONTENT="till"/><SP WIDTH="7" VPOS="1542" HPOS="1076"/>
							<String ID="string_304" HPOS="1083" VPOS="1548" WIDTH="25" HEIGHT="15" WC="0.93" CONTENT="en"/><SP WIDTH="7" VPOS="1548" HPOS="1108"/>
							<String ID="string_305" HPOS="1115" VPOS="1542" WIDTH="45" HEIGHT="26" WC="0.90" CONTENT="för-"/>
						</TextLine>
						<TextLine ID="line_38" HPOS="578" VPOS="1577" WIDTH="325" HEIGHT="27">
							<String ID="string_306" HPOS="578" VPOS="1578" WIDTH="91" HEIGHT="26" WC="0.93" CONTENT="fattning"/><SP WIDTH="15" VPOS="1578" HPOS="669"/>
							<String ID="string_307" HPOS="684" VPOS="1577" WIDTH="25" HEIGHT="26" WC="0.96" CONTENT="af"/><SP WIDTH="9" VPOS="1577" HPOS="709"/>
							<String ID="string_308" HPOS="718" VPOS="1577" WIDTH="91" HEIGHT="26" WC="0.93" CONTENT="följande"/><SP WIDTH="12" VPOS="1577" HPOS="809"/>
							<String ID="string_309" HPOS="821" VPOS="1577" WIDTH="82" HEIGHT="26" WC="0.85" CONTENT="lydelse:"/>
						</TextLine>
						<TextLine ID="line_39" HPOS="497" VPOS="1615" WIDTH="354" HEIGHT="26">
							<String ID="string_310" HPOS="497" VPOS="1617" WIDTH="140" HEIGHT="24" WC="0.92" CONTENT="Lagutskottets"/><SP WIDTH="12" VPOS="1617" HPOS="637"/>
							<String ID="string_311" HPOS="649" VPOS="1615" WIDTH="116" HEIGHT="20" WC="0.89" CONTENT="betänkande"/><SP WIDTH="12" VPOS="1615" HPOS="765"/>
							<String ID="string_312" HPOS="777" VPOS="1615" WIDTH="34" HEIGHT="19" WC="0.96" CONTENT="N:o"/><SP WIDTH="14" VPOS="1615" HPOS="811"/>
							<String ID="string_313" HPOS="825" VPOS="1616" WIDTH="26" HEIGHT="17" WC="0.96" CONTENT="14."/>
						</TextLine>
					</TextBlock>
				</ComposedBlock>
				<ComposedBlock ID="cblock_2" HPOS="1180" VPOS="514" WIDTH="60" HEIGHT="27">
					<TextBlock ID="block_7" HPOS="1180" VPOS="514" WIDTH="60" HEIGHT="27">
						<TextLine ID="line_40" HPOS="1180" VPOS="514" WIDTH="60" HEIGHT="27">
							<String ID="string_314" HPOS="1180" VPOS="515" WIDTH="11" HEIGHT="26" WC="0.70" CONTENT="S"/><SP WIDTH="17" VPOS="515" HPOS="1191"/>
							<String ID="string_315" HPOS="1208" VPOS="514" WIDTH="32" HEIGHT="21" WC="0.94" CONTENT="15."/>
						</TextLine>
					</TextBlock>
				</ComposedBlock>
				<ComposedBlock ID="cblock_3" HPOS="1182" VPOS="652" WIDTH="11" HEIGHT="26">
					<TextBlock ID="block_8" HPOS="1182" VPOS="652" WIDTH="11" HEIGHT="26">
						<TextLine ID="line_41" HPOS="1182" VPOS="652" WIDTH="11" HEIGHT="26">
							<String ID="string_316" HPOS="1182" VPOS="652" WIDTH="11" HEIGHT="26" WC="0.64" CONTENT="un"/>
						</TextLine>
					</TextBlock>
				</ComposedBlock>
				<ComposedBlock ID="cblock_4" HPOS="1210" VPOS="651" WIDTH="32" HEIGHT="21">
					<TextBlock ID="block_9" HPOS="1210" VPOS="651" WIDTH="32" HEIGHT="21">
						<TextLine ID="line_42" HPOS="1210" VPOS="651" WIDTH="32" HEIGHT="21">
							<String ID="string_317" HPOS="1210" VPOS="651" WIDTH="32" HEIGHT="21" WC="0.95" CONTENT="17."/>
						</TextLine>
					</TextBlock>
				</ComposedBlock>
				<ComposedBlock ID="cblock_5" HPOS="1185" VPOS="1165" WIDTH="60" HEIGHT="26">
					<TextBlock ID="block_10" HPOS="1185" VPOS="1165" WIDTH="60" HEIGHT="26">
						<TextLine ID="line_43" HPOS="1185" VPOS="1165" WIDTH="60" HEIGHT="26">
							<String ID="string_318" HPOS="1185" VPOS="1165" WIDTH="11" HEIGHT="26" WC="0.54" CONTENT="S"/><SP WIDTH="19" VPOS="1165" HPOS="1196"/>
							<String ID="string_319" HPOS="1215" VPOS="1165" WIDTH="30" HEIGHT="19" WC="0.95" CONTENT="19."/>
						</TextLine>
					</TextBlock>
				</ComposedBlock>
			</PrintSpace>
		</Page>
	</Layout>
</alto>
