1081 1689
349 157 29 22 U.
393 157 28 23 B.
437 171 27 3 —
479 158 74 29 Prop.
568 159 45 22 N:o
627 159 38 23 44.

371 404 197 31 Lagutskottets
585 405 96 31 förslag
698 405 42 24 till
757 413 125 18 samman-

298 444 138 32 jemkning
463 445 28 23 af
514 446 31 23 de
572 446 152 31 skiljaktiga
754 446 92 30 beslut,
873 447 9 24 i

302 484 93 24 hvilka
415 484 112 24 Ständen
549 487 105 22 stannat
671 486 44 24 vid
732 487 150 24 behandlin-

301 530 51 24 gen
373 524 29 24 af
421 524 74 24 Hans
516 525 145 31 Kejserliga
683 526 134 31 Majestäts
839 528 43 23 nä-

301 563 60 31 diga
387 564 158 31 proposition
571 566 58 23 med
656 566 95 31 förslag
772 566 52 24 till:
846 568 35 23 1:0

300 603 147 31 förordning
463 605 132 31 angäende
607 606 148 24 bekännare
767 607 29 23 af
805 607 76 24 främ-

301 644 92 24 mande
419 644 100 24 kristen
541 646 110 24 troslära
672 646 9 22 i
702 646 109 24 Finland
833 648 48 23 och

301 684 74 24 deras
392 684 211 30 religionsfrihet;
622 686 39 23 2:o
679 686 146 31 förordning
838 694 43 17 an-

300 724 98 30 gående
420 724 169 25 icke-kristne
612 726 203 24 trosbekännare
832 727 48 23 och

301 764 58 23 dem
379 764 148 30 medgifven
548 765 206 31 religionsfrihet,
776 767 48 23 och
842 767 37 24 3:o

299 803 147 32 förordning
463 812 42 16 om
523 812 94 17 ansvar
634 805 39 24 för
686 806 56 28 den,
755 814 55 16 som
819 807 61 24 olof-

300 844 71 30 ligen
383 844 94 24 förmår
485 846 85 30 någon
579 846 43 23 till
631 846 141 31 öfvergäng
781 847 57 24 från
848 854 32 17 en

299 884 110 24 troslära
426 884 43 24 till
486 892 91 17 annan,

198 940 32 22 Ur
238 941 152 27 Lagutskottet
399 941 47 21 från
457 942 93 21 Stånden
560 942 182 22 tillhandakomna
751 944 129 26 protokolls-

128 976 79 26 utdrag
222 976 7 20 i
244 976 59 20 detta
321 976 79 21 ärende
419 976 100 27 framgår,
535 976 65 22 bland
615 978 71 24 annat,
702 978 32 20 att
749 978 130 22 Ridderska-

128 1012 38 25 pet
181 1010 39 21 och
234 1010 76 26 Adeln,
326 1012 55 19 samt
395 1010 183 27 Borgareståndet
587 1011 49 21 med
647 1011 107 21 särskilda
764 1012 116 28 ändringar

128 1044 96 28 godkänt
238 1044 122 22 Utskottets
375 1044 7 21 i
397 1046 72 20 ämnet
483 1044 82 28 afgifna
580 1045 134 22 betänkande
730 1046 40 21 N:o
786 1047 34 26 14,
830 1053 49 15 men

128 1081 34 20 att
180 1079 95 21 deremot
293 1079 85 21 Preste-
397 1080 39 20 och
454 1079 170 27 Bondestånden,
641 1080 48 21 med
704 1080 138 22 förkastande
857 1081 24 21 af

128 1114 151 26 betänkandet,
294 1114 69 26 afböjt
378 1114 41 20 den
434 1114 77 26 nådiga
521 1114 167 27 propositionen,
700 1116 56 20 samt
766 1117 31 19 att
807 1116 72 20 seder-

129 1155 65 20 mera,
211 1148 54 22 efter
280 1148 126 27 inbjudning
421 1148 48 21 från
483 1148 158 27 Ridderskapet
655 1150 39 19 och
709 1149 75 26 Adeln,
796 1149 82 22 Bonde-

129 1183 86 21 ståndet
231 1182 99 22 vidhållit
348 1183 37 20 sitt
403 1183 144 26 nyssnämnda
563 1182 72 21 beslut
653 1183 40 20 och
710 1183 168 27 Presteståndet,

128 1223 47 15 som
190 1216 46 22 före
251 1217 155 21 betänkandets
421 1216 137 22 förkastande
573 1217 55 21 hade
643 1216 68 27 ingått
726 1217 7 21 i
748 1217 130 27 granskning

129 1251 23 21 af
166 1251 103 26 förslaget
283 1251 34 21 till
327 1250 125 27 förordning
463 1251 109 26 angående
582 1251 121 21 bekännare
714 1250 23 22 af
746 1251 133 21 främmande

128 1286 83 21 kristen
229 1286 92 20 troslära
340 1285 39 21 och
397 1287 58 19 emot
473 1286 117 20 detsamma
605 1285 57 26 gjort
676 1284 52 22 flera
743 1286 135 20 anmärknin-

128 1326 46 20 gar,
192 1320 36 20 väl
245 1320 82 25 antagit
345 1319 168 26 Ridderskapets
533 1319 39 20 och
587 1319 80 20 Adelns
682 1319 132 27 inbjudning,
830 1326 48 14 men

129 1354 75 21 dervid
218 1353 66 21 likväl
299 1352 108 22 vidblifvit
421 1353 19 26 ej
456 1353 91 20 allenast
562 1352 43 21 alla
619 1352 46 21 sina
679 1352 71 22 beslut
760 1354 7 20 i
777 1353 101 21 afseende

128 1388 14 21 å
156 1387 159 28 nödigansedda
330 1387 116 27 ändringar
461 1386 8 22 i
483 1386 106 22 särskilda
603 1386 125 28 paragrafer
738 1387 40 21 och
788 1387 90 22 uteslut-

127 1423 51 27 ning
193 1422 23 22 af
232 1422 27 22 19
274 1422 11 28 $
300 1422 8 21 i
323 1422 132 21 sistnämnda
469 1422 123 26 lagförslag,
611 1424 51 18 utan
678 1421 62 22 äfven
755 1422 38 20 sitt
807 1422 71 21 beslut

129 1459 33 20 att
176 1456 95 23 förkasta
286 1456 105 28 förslaget
405 1456 33 22 till
453 1456 124 27 förordning
593 1462 34 15 om
637 1456 57 21 icke-
703 1456 83 22 kristne
796 1456 82 22 trosbe-

196 1498 71 22 Bihang
278 1497 28 17 till
317 1497 123 23 Lagutskottets
451 1497 103 17 betänkande
566 1496 35 17 N:o
613 1496 28 17 14.

798 1532 10 17 1
