1700 1845
578 238 27 21 34
878 234 49 23 No
941 235 46 22 37.

619 305 54 19 32:0.
703 303 69 21 Skrift
786 302 41 21 och
841 303 79 25 bilaga,
929 307 46 15 som
987 301 106 21 inlemnas
1103 301 23 21 af
1134 307 85 20 person,
1229 301 65 21 hvars

550 338 117 27 fattigdom
691 339 24 18 är
739 337 104 26 antingen
865 336 91 21 allmänt
981 335 60 21 känd
1059 335 54 21 eller
1128 334 166 27 vederbörligen

551 372 96 27 intygad,
662 371 25 21 sä
701 371 40 21 ock
763 370 131 27 expedition,
910 375 46 16 som
971 369 35 22 till
1020 369 68 21 sädan
1103 375 78 20 person
1196 369 100 21 utfärdas

552 406 39 21 och
615 406 34 21 för
670 405 88 21 hvilken
782 405 18 26 ej
824 404 68 21 heller
907 404 60 21 lösen
982 405 52 25 äger
1049 409 54 20 rum,
1119 403 89 21 hvarom
1223 403 70 26 tydlig

552 440 130 25 anteckning
697 439 13 20 &
725 439 152 26 expeditionen
893 438 40 21 bör
949 437 45 22 ske.

619 480 54 20 33:0.
703 478 84 26 Utslag,
803 478 125 25 resolution,
945 476 74 22 ordres
1035 478 55 20 samt
1112 476 184 22 löftesförbindel-

552 519 41 19 ser,
608 511 202 27 vederhäftighets-,
832 510 147 27 intecknings-
994 510 40 21 och
1049 512 66 19 annat
1129 510 68 26 bevis,
1222 516 46 14 som
1284 510 12 20 ä

552 547 58 21 förut
625 546 118 26 behörigen
758 544 103 22 karterad
876 544 73 26 inlaga
964 544 53 21 eller
1031 544 105 26 handling
1150 543 96 21 tecknas.

620 586 54 21 34:0.
705 585 49 21 Alla
768 585 183 25 undersöknings-
974 584 40 21 och
1029 584 267 26 besigtningsinstrumen-

552 622 34 19 ter
598 619 205 26 kostnadsförstag;
824 618 151 27 beräkningar,
998 618 75 21 kartor
1097 618 40 21 och
1158 617 82 27 planer,
1261 620 33 19 rö-

552 654 67 21 rande
642 653 130 27 sjöfällning,
795 652 212 26 vattenuttappning,
1032 652 74 27 odling
1128 652 23 20 af
1180 652 52 21 kärr
1256 652 40 21 och

553 694 90 20 mossar,
659 688 55 20 samt
728 693 35 15 om
778 686 131 27 anläggning
925 686 23 21 af
961 686 72 26 kanal,
1050 686 64 26 sluss,
1129 686 80 21 allmän
1224 686 72 21 lands-

553 724 47 24 väg,
616 722 45 26 bro,
675 722 90 26 jernväg
783 721 48 21 med
846 727 60 14 mera
921 720 75 27 dylikt.

620 763 54 19 35:0.
704 760 152 26 Ansökningar
871 766 35 15 om
921 760 181 21 utbekommande
1117 760 25 21 af
1147 760 150 27 begrafnings-

553 795 59 27 hjelp
628 795 55 21 efter
699 794 78 22 afliden
793 794 92 22 embets-
900 794 40 21 och
954 794 137 26 tjensteman.
1175 819 2 2 N

621 834 54 21 36:0.
706 834 145 21 Afskedsbref
872 834 34 20 för
921 833 64 21 civila
999 834 130 26 tjenstemän
1146 834 39 20 och
1199 834 97 26 betjente

552 868 109 22 äfvensom
688 868 126 21 underbefäl
837 868 40 21 och
893 868 129 26 gemenskap
1038 868 37 22 vid
1090 868 71 22 finska
1175 868 121 26 militären,

553 902 28 21 då
595 902 100 21 afskedet
711 901 92 22 erhålles
819 903 52 19 utan
888 908 54 19 egen
957 902 128 26 ansökning.

620 941 55 22 37:0.
706 941 49 21 Alla
770 940 95 26 skrifter,
880 941 49 21 med
944 941 112 26 undantag
1071 941 23 21 af
1100 941 196 27 tjensteansöknin-

553 983 38 20 gar
606 976 40 21 och
671 975 34 21 till
729 975 48 21 dem
799 975 96 21 hörande
910 975 91 27 bilagor,
1017 981 46 15 som
1078 975 34 21 till
1127 976 167 21 kronolänsman

552 1012 57 19 samt
623 1011 94 26 pastors-
733 1009 40 21 och
788 1009 275 27 kontraktsprosteembete
1077 1009 100 27 ingifvas,
1186 1009 111 22 äfvensom

553 1045 67 25 bevis,
635 1043 75 22 hvilka
725 1043 23 21 af
767 1043 64 21 dessa
844 1043 154 27 myndigheter
1012 1043 106 21 utfärdas.

621 1083 54 21 38:0.
704 1083 152 26 Ansökningar
879 1083 41 21 och
934 1083 84 25 besvär,
1035 1089 45 16 som
1096 1083 23 24 af
1133 1083 27 21 de
1175 1083 8 21 i
1198 1083 99 22 anmärk-

553 1118 79 26 ningen
651 1118 10 20 1
677 1117 68 21 under
760 1117 11 26 $
787 1117 13 20 4
822 1117 93 21 nämnde
929 1123 104 20 personer
1048 1117 35 21 till
1098 1117 60 22 Hans
1174 1117 123 27 Kejserliga

552 1151 103 27 Majestät
670 1151 52 21 eller
737 1151 94 21 Senaten
846 1151 99 27 ingifvas,
962 1152 56 20 samt
1033 1151 43 21 alla
1091 1151 114 22 derstädes
1219 1151 77 24 fallan-

553 1186 27 20 de
595 1186 81 25 domar,
691 1186 72 26 utslag
779 1185 40 21 och
833 1185 144 21 resolutioner
992 1184 34 22 till
1041 1185 64 21 dessa
1119 1191 110 21 personer.

620 1226 54 20 39:0.
704 1224 49 22 Alla
775 1224 236 27 duppletthandlingar,
1027 1230 46 16 som
1096 1225 8 20 i
1125 1224 169 28 rättegängsmäl

553 1258 34 21 till
612 1258 145 21 domstolarne
776 1258 99 27 ingifvas,
899 1258 109 22 äfvensom
1023 1258 28 21 de
1066 1258 169 27 notifikationer,
1252 1264 45 16 som

554 1292 23 20 af
590 1292 49 20 dem
653 1291 34 21 till
703 1292 157 26 borgenärerne
875 1292 7 21 i
897 1292 141 21 konkursmä]
1053 1292 105 22 utfärdas.

892 1353 12 26 8
919 1353 34 21 15.

622 1386 40 21 Om
676 1385 111 28 handling,
802 1392 45 15 som
869 1385 49 22 med
933 1386 50 21 stöd
998 1386 23 23 af
1034 1385 168 25 föreskrifterna
1216 1387 7 20 i
1239 1388 58 21 näst-

552 1420 131 27 föregående
704 1420 12 28 &
741 1421 27 20 14
783 1420 47 22 icke
845 1421 105 25 karteras,
967 1419 79 23 blifver
1060 1421 8 20 i
1083 1422 67 22 annat
1164 1421 43 24 mål
1221 1421 75 22 inlem-

552 1455 44 21 nad
617 1455 37 21 vid
677 1454 77 22 sädant
779 1454 147 22 embetsställe
950 1454 40 21 och
1019 1454 24 25 af
1065 1454 67 23 sädan
1154 1461 86 21 person,
1263 1455 33 23 för

552 1489 87 21 hvilken
661 1488 102 22 befrielse
784 1489 48 20 från
861 1488 279 27 stämpelpappersafgiften
1163 1489 19 27 ej
1198 1491 25 21 är
1237 1490 59 21 med-

552 1523 80 26 gifven,
655 1523 40 21 bör
718 1523 124 21 densamma
863 1523 49 21 med
927 1523 64 22 karta
1004 1523 111 27 beläggas,
1127 1523 32 27 pä
1174 1525 45 20 sätt
1232 1524 8 21 i
1256 1525 12 26 &
1284 1525 12 21 4

552 1559 25 19 är
591 1557 145 22 föreskrifvet.
1227 1563 2 2 :
