1048 1698
206 151 26 20 28
399 154 26 18 U.
443 154 27 18 B.
486 164 23 3 —
529 154 79 24 Frop.
624 156 47 17 N:o
686 156 38 16 40.

246 221 32 18 En
303 220 113 20 förändrad
441 222 142 26 uppställning
598 222 24 19 af
634 224 31 22 $:n
680 221 39 19 har
734 221 61 19 deraf
808 221 114 19 föranledts

179 256 30 17 att
233 254 35 20 det
290 256 59 24 synts
364 254 124 27 lämpligare
504 256 30 18 att
549 255 98 26 begynna
665 255 47 20 med
727 255 26 20 de
768 255 80 20 mindre
863 254 60 27 bety-

179 288 67 20 dande
269 288 147 27 eftergifterna
440 289 39 19 och
502 289 92 20 derefter
616 290 6 18 i
644 289 88 27 ordning
756 289 69 26 fortgå
847 288 31 20 till
898 288 26 20 de

182 324 82 18 största.

247 357 12 25 8
278 355 31 22 41.
341 356 77 20 Senare
442 357 59 20 delen
523 358 23 19 af
567 358 68 20 denna
653 360 10 21 $
681 358 38 19 har
734 359 59 24 synts
808 358 48 19 icke
872 358 53 20 blott

181 390 43 20 lida
242 391 23 19 af
282 391 117 26 otydlighet
417 392 6 18 i
439 392 36 20 det
489 394 31 18 att
535 399 24 12 ur
574 392 121 20 densamma
706 392 18 26 ej
741 391 106 21 bestämdt
863 392 61 20 fram-

181 426 44 25 gär,
248 426 27 25 pä
297 425 72 20 hvilka
384 426 23 19 af
420 426 25 20 de
461 426 6 20 i
483 428 41 22 $:ns
540 426 74 27 början
637 426 75 20 nämda
727 432 101 20 personer
842 426 38 20 här
895 426 29 20 in-

179 460 75 25 rymda
276 460 117 26 stadgande
417 460 39 20 har
475 460 105 26 afseende,
599 462 49 18 utan
671 461 61 19 äfven
747 460 101 20 innebära
864 467 24 13 en
905 460 23 20 af

180 494 100 20 behofvet
295 494 48 20 icke
358 494 99 26 påkallad
474 494 100 26 eftergift.
604 494 108 21 Utskottet
726 495 38 20 har
780 495 23 19 af
812 494 65 20 sådan
890 502 35 12 an-

179 528 86 26 ledning
281 530 70 18 ansett
366 529 64 19 andra
446 535 61 14 mom.
525 529 50 20 böra
591 529 44 19 från
652 531 31 21 $:n
700 528 104 21 bortfalla.

247 562 12 26 8
275 562 35 20 42.
339 559 94 23 Äfvenså
456 564 37 19 har
511 570 75 13 senare
602 570 61 12 mom.
680 563 23 20 af
716 565 10 21 $
742 562 26 20 42
784 564 58 25 synts
858 570 23 12 ur
896 564 29 18 la-

181 602 40 20 gen
236 596 71 20 kunna
322 596 50 26 utgå
387 596 24 20 af
423 596 45 20 skäl
484 598 37 24 att,
537 597 32 19 för
584 597 23 20 så
622 596 44 20 vidt
684 597 67 25 några
766 596 161 27 grekisk-ryska

181 630 137 27 psalmläsare
343 631 23 19 af
379 631 37 19 der
432 631 94 27 angifvet
548 632 44 26 slag
607 632 6 18 i
629 631 71 20 landet
718 631 70 20 kunde
807 631 119 26 förefinnas,

183 666 35 19 det
234 667 58 24 synts
308 665 124 26 lämpligare
455 668 31 17 att
501 665 35 19 det
554 666 34 19 må
603 666 27 25 på
646 664 108 27 Styrelsen
770 665 112 20 ankomma
896 668 32 17 att

181 700 7 19 i
204 699 154 20 administrativ
373 702 41 24 väg
430 700 65 20 ordna
513 700 60 20 deras
590 699 98 27 ställning
703 699 32 20 till
751 699 153 27 värnepligten.

249 733 27 27 $$
294 732 29 21 43
339 733 36 20 och
389 732 32 21 44.
451 734 47 20 Den
516 734 126 20 förändrade
661 734 142 26 organisation
819 733 109 20 Utskottet

182 766 61 28 gifvit
265 768 21 18 åt
308 768 217 20 reservinstitutionen
549 768 37 19 har
609 768 62 19 äfven
694 767 106 20 föranledt
818 768 109 19 omredak-

182 802 44 20 tion
248 801 24 20 af
292 802 77 19 nämda
386 804 29 22 $$.
446 802 71 20 Under
541 802 35 20 det
595 803 31 19 att
644 802 97 26 samtliga
758 802 38 19 här
816 802 112 20 omnämda

182 842 100 20 personer
306 836 7 19 i
339 836 113 19 allmänhet
475 836 59 20 torde
562 836 22 19 af
607 836 81 26 hänsyn
712 836 30 19 till
770 836 60 19 deras
855 836 72 26 yrkes-

182 869 97 26 utöfning
299 870 53 19 böra
371 869 87 26 fritagas
474 870 46 19 från
529 870 58 19 aktiv
595 870 146 27 tjenstgöring,
753 876 61 20 synes
823 870 56 20 dock
889 871 40 18 den

182 904 118 26 väsentliga
311 903 105 20 åtskilnad
425 904 77 19 mellan
517 904 26 19 de
558 904 38 19 här
605 904 111 20 omnämda
724 911 100 20 personer
834 905 51 19 böra
892 907 36 24 gö-

183 945 33 12 ras
232 940 31 17 att
278 938 75 19 medan
369 937 25 20 de
410 938 6 19 i
432 940 9 22 $
453 938 25 19 43
490 945 62 12 mom.
562 939 32 19 1:0
604 938 40 20 och
652 938 33 19 2:0
695 938 87 27 angifna
791 940 79 18 ansetts
879 939 51 19 kun-

183 979 27 13 na
226 973 85 26 åläggas
331 972 126 26 deltagande
474 973 7 19 i
493 978 110 14 reservens
616 972 162 27 öfningsmöten,
787 972 95 21 deremot
890 973 39 19 de
918 968 14 35 i

184 1009 42 22 $:ns
242 1008 35 19 två
289 1014 74 13 senare
373 1014 62 13 mom.
456 1007 108 20 äfvensom
572 1008 7 19 i
588 1010 10 22 $
605 1008 27 19 44
643 1007 135 26 uppräknade
786 1013 76 20 genom
872 1009 58 18 arten

184 1041 23 20 af
220 1042 60 19 deras
296 1042 138 26 verksamhet,
449 1042 85 20 hvilken
548 1042 94 19 inträffar
662 1041 64 20 under
743 1041 188 27 sommarhalfåret,

184 1075 45 20 från
245 1075 108 20 desamma
368 1076 66 19 måste
450 1076 101 19 frikallas.
581 1075 108 20 Utskottet
704 1082 44 13 som
767 1075 48 20 med
830 1075 101 20 afseende

185 1109 79 20 fästadt
281 1110 13 19 å
312 1117 27 12 nu
362 1109 85 27 angifna
463 1109 129 21 förhållande
608 1110 84 19 omstält
708 1109 115 20 innehållet
844 1110 6 19 i
866 1111 22 22 $$
905 1109 25 20 43

185 1143 39 20 och
240 1144 25 19 44
281 1144 38 19 har
335 1144 101 25 derjämte
453 1145 68 19 ansett
536 1144 45 19 skäl
592 1144 47 19 icke
651 1143 112 20 förefinnas
776 1146 30 17 att
817 1143 45 20 från
874 1143 57 20 aktiv

184 1179 140 25 tjenstgöring
339 1178 78 26 fritaga
432 1178 103 20 medicine
550 1178 100 19 doktorer
666 1177 39 20 och
720 1177 124 26 licentiater,
859 1177 32 20 för
909 1177 23 20 sä

186 1212 44 19 vidt
252 1211 26 20 de
293 1212 48 19 ieke
357 1215 36 16 äro
414 1212 94 19 anstälde
523 1213 6 18 i
546 1214 79 18 statens
641 1211 51 20 eller
707 1211 138 20 kommunens
861 1211 71 26 tjensi,

187 1246 39 19 och
249 1245 115 25 apotekäre
386 1246 7 18 i
417 1245 40 19 den
471 1246 101 19 händelse
588 1245 24 19 de
628 1245 48 19 icke
695 1245 75 26 sjelfva
786 1245 79 19 förestä
882 1251 50 19 apo-

186 1279 57 25 thek,
258 1279 109 19 äfvensom
390 1279 147 19 examinerade
559 1279 177 19 veterinärläkare
755 1278 40 20 och
807 1278 127 25 provisorer.

186 1313 107 26 Derjämte
314 1313 39 19 vill
374 1313 107 20 Utskottet
497 1313 63 20 hafva
576 1313 98 26 erinradt,
695 1313 98 20 hurusom
815 1313 6 19 i
844 1312 37 20 fall
904 1314 30 18 ett

187 1348 63 20 finskt
267 1348 131 21 kustförsvar
412 1349 7 18 i
435 1348 111 20 framtiden
562 1348 103 20 anordnas
688 1348 47 20 dei
752 1351 9 21 $
777 1348 25 19 43
822 1354 62 13 mom.
900 1348 33 20 3:o

188 1383 40 21 oeh
250 1383 40 26 4:0,
314 1382 108 21 äfvensom
445 1382 47 20 dei
511 1385 10 21 $
539 1382 27 19 44
581 1382 76 20 nämda
678 1389 101 19 personer
799 1381 34 21 vid
856 1384 31 18 ett
902 1383 31 19 sä-

188 1418 50 20 dant
260 1417 52 21 böra
337 1417 56 20 finna
414 1417 86 26 lämplig
526 1417 138 26 användning.

256 1452 31 19 De
303 1452 6 19 i
327 1451 52 27 Kap.
399 1451 32 20 VI
444 1451 31 20 till
491 1451 39 20 och
540 1451 48 20 med
599 1450 60 21 XIII
669 1451 97 26 inrymda
777 1451 157 20 bestämmelser

188 1486 89 19 rörande
300 1485 40 20 den
365 1485 166 20 administrativa
554 1485 170 26 organisationen
748 1485 22 19 af
788 1485 146 26 värnepligten

260 1531 197 23 Värnepligtsutskottets
471 1532 109 17 Betänkande
594 1531 33 18 N:o
640 1532 17 17 1.
