1050 1689
312 140 29 18 U.
357 138 29 21 B.
403 151 24 3 —
445 141 81 22 Prop.
542 141 49 18 N:o
604 142 38 17 40.
812 142 11 19 k)

108 207 31 18 att
152 211 77 20 genom
243 205 151 27 utskrifningar
404 206 64 21 bland
481 207 65 19 rikets
558 207 123 20 undersätar
693 209 93 25 upptaga
796 215 56 14 man-

107 239 52 26 skap
185 239 31 19 till
238 239 82 20 landets
335 239 87 20 försvar.
452 237 95 22 Äfveusä
562 241 85 26 stadgar
665 241 58 20 10:de
738 242 92 25 punkten
846 242 7 19 i

108 272 53 19 1723
185 273 33 18 års
241 272 90 26 Adeliga
346 273 124 26 Privilegier
485 273 120 26 skyldighet
620 274 33 19 för
668 274 59 19 detta
741 274 111 27 riksständ,

108 311 44 14 som
168 305 61 26 dock,
245 305 62 20 äfven
329 305 35 20 det
380 306 32 19 för
428 313 25 13 en
470 307 33 19 del
519 307 23 19 af
555 307 45 19 sina
614 307 124 26 lägenheter
752 309 101 25 underläg

106 338 208 21 knektekontrakten
329 341 37 24 att,
383 340 45 19 ”om
443 340 57 26 höga
514 340 121 20 nödtorften
650 340 24 19 sä
685 341 84 26 trängia
777 337 75 39 kunde,

108 374 30 18 att
162 379 48 13 man
226 374 46 18 utur
290 373 52 20 huse
358 373 49 26 utgä
422 374 74 25 mäste,
512 374 21 19 tä
549 374 60 19 skola
619 374 41 19 alle
671 374 62 20 därtil
743 374 110 21 viderredo

107 406 87 19 finnas.”
224 405 101 27 Slutligen
348 407 116 19 innehåller
488 407 52 19 1789
564 407 33 20 års
620 411 54 16 ännu
690 408 98 26 gällande
802 408 51 20 För-

108 440 75 19 säkran
200 440 11 19 &
227 439 95 21 Svenska
337 440 40 21 och
392 441 79 19 Finska
493 441 115 26 allmogens
624 440 34 20 fri-
674 441 41 20 och
729 442 125 26 rättigheter

106 474 7 19 i
138 473 47 21 dess
201 474 47 20 7:de
262 475 77 25 punkt:
370 474 47 20 ”All
437 474 94 20 våldsam
547 475 97 25 värfning
658 474 66 20 blifve
739 476 24 19 sä
775 475 78 20 hädan-

107 508 53 20 efter
176 514 44 13 som
236 508 74 20 hittills
326 508 204 26 alfvarsammeligen
546 508 109 20 förbuden.
677 508 62 20 Dock
762 509 34 19 mä
806 508 47 21 icke

107 542 70 26 nägon
192 542 5 18 i
215 542 79 20 nödfall
310 542 51 20 eller
376 542 6 19 i
398 542 113 26 krigstider
526 542 136 26 undandraga
677 543 32 25 sig
723 542 73 21 Rikets
812 543 41 20 för-

107 576 67 26 svar”,
190 576 86 20 sålunda
292 576 62 20 äfven
370 576 58 19 detta
443 577 30 18 ett
488 575 125 27 uttryckligt
628 576 135 20 erkännande
778 576 24 20 af
814 576 40 20 den

106 610 122 26 personliga
252 610 237 26 tjensteskyldighetens
512 610 83 19 tillvaro
619 609 36 20 vid
677 610 60 20 sidan
753 610 23 20 af
788 610 65 20 indel-

107 639 143 35 ningsverket.
281 637 19 26 Ä
317 650 25 13 en
358 650 68 13 annan
441 643 46 20 sida
509 643 37 19 har
561 643 63 20 äfven
640 643 76 26 sjelfva
730 644 123 19 militärtun-

107 684 41 19 gan
172 678 130 26 väsentligen
325 677 109 20 förändrat
456 677 101 20 karaktär
576 683 76 20 genom
675 678 47 19 dess
738 677 116 26 utbytande

107 713 45 19 mot
174 718 26 13 en
223 712 27 19 fix
274 712 169 26 penningeskatt.
474 710 103 27 Slutligen
599 710 102 27 förtjenar
722 712 86 26 erinras,
824 713 30 18 att

108 745 62 21 dessa
184 745 101 20 kontrakt
299 745 48 20 icke
362 748 36 17 äro
415 745 23 20 af
450 745 154 26 privaträttslig
620 746 67 25 natur,
704 747 49 18 utan
764 745 32 20 att
804 745 50 20 fast-

108 786 58 14 mera
189 779 130 27 grundlagen
340 778 35 26 (R.
392 779 22 19 F.
431 781 9 22 $
458 779 36 25 18)
520 778 116 27 medgifver
654 781 74 24 regent
744 778 39 21 och
798 781 56 18 stän-

109 814 37 20 der
160 815 42 18 rätt
219 815 29 18 att
263 813 99 20 samfäldt
377 814 6 18 i
399 813 47 19 dem
461 812 87 27 vidtaga
563 812 153 27 förändringar.

177 848 47 20 Men
248 854 33 13 om
305 847 87 19 sälunda
412 846 46 20 frän
476 846 217 20 knektekontraktens
708 846 82 27 lydelse
805 846 50 26 föga

108 882 60 20 torde
183 881 71 20 kunna
269 888 60 14 anses
352 881 82 25 framgä
449 880 40 20 den
506 880 91 26 slutsats,
620 882 30 18 att
665 887 27 12 nu
707 880 98 27 gällande
820 886 34 13 va-

107 915 142 26 kansafgifter
271 915 39 20 och
333 914 41 20 den
392 914 120 26 föreslagna
527 914 106 19 allmänna
647 914 147 25 värnepligten
809 913 47 20 icke

111 949 109 26 rättsligen
236 949 70 19 kunna
321 948 33 19 stä
369 948 134 24 tillsamman,
519 948 55 19 visar
589 947 32 26 sig
636 949 30 18 ett
681 947 69 26 dylikt
761 947 95 26 yrkande

111 983 45 20 frän
172 982 124 21 ekonomisk
321 982 40 19 och
383 981 96 20 finansiel
495 981 107 26 synpunki
615 981 49 19 icke
678 980 67 20 heller
759 981 97 19 hällbart.

179 1017 9 19 I
203 1016 66 20 likhet
284 1015 49 20 med
347 1015 75 26 öfriga,
435 1015 76 26 jorden
527 1014 111 27 äliggande
654 1014 79 20 bördor
744 1013 66 21 finner
825 1015 31 19 in-

111 1050 170 27 delningsverket
301 1050 36 19 sitt
360 1049 147 27 berättigande
528 1049 7 19 i
558 1050 58 19 arten
642 1047 23 20 af
682 1048 47 20 dess
743 1047 115 22 historiska

111 1084 120 27 uppkomst.
260 1084 71 20 Under
346 1083 60 26 tider,
422 1083 27 20 då
462 1083 75 26 jorden
552 1082 96 26 utgjorde
664 1081 40 20 den
717 1084 76 17 nästan
804 1082 54 20 enda

112 1118 179 27 förmögenheten,
314 1118 67 19 måste
403 1117 118 26 naturligen
536 1115 162 26 beskattningen
713 1115 143 20 hufvudsakli-

112 1159 41 20 gen
168 1152 62 20 träffa
251 1152 74 19 denna.
356 1150 69 21 Sedan
450 1150 116 20 emellertid
582 1149 126 20 förändrade
723 1149 80 20 sociala
818 1149 40 20 och

112 1185 139 20 ekonomiska
272 1184 146 21 förhållanden
441 1183 101 26 inträffat,
567 1183 37 20 har
625 1183 76 26 jorden
727 1182 131 20 fortfarande

113 1219 103 26 qvarstått
231 1219 69 19 såsom
317 1218 40 19 den
373 1219 72 24 tyngst
459 1216 125 21 beskattade
600 1217 32 19 art
646 1216 24 19 af
678 1215 178 26 förmögenhet
840 1211 20 38 —

114 1259 25 14 en
156 1253 107 24 orättvisa,
279 1257 46 14 som
349 1251 55 19 dock
420 1251 66 20 delvis
506 1250 118 20 förmildras
639 1256 76 19 genom
731 1249 127 26 omständig-

112 1287 60 20 heter
188 1285 23 20 af
223 1292 68 13 annan
307 1287 38 18 art.
376 1285 61 19 Först
452 1285 39 19 och
512 1284 73 19 främst
598 1283 64 20 hafva
676 1282 106 27 nämligen
797 1282 62 20 äfven

114 1320 65 19 andra
203 1319 179 19 samhällsklasser
404 1318 66 19 under
492 1317 93 19 tidernas
607 1317 50 25 lopp
680 1316 40 19 fått
742 1316 117 19 vidkännas

114 1352 147 21 motsvarande
276 1351 85 21 bördor.
391 1351 78 20 Vidare
483 1351 39 19 har
536 1349 56 20 hvad
607 1349 23 20 af
638 1349 111 26 obillighet
759 1348 35 20 vid
800 1349 58 25 jord-

114 1387 163 26 beskattningen
300 1385 102 27 gvarstär,
426 1385 100 20 fördelats
551 1384 27 26 på
598 1390 25 13 en
638 1383 53 26 följd
705 1382 24 20 af
741 1382 117 27 generatio-

115 1429 43 13 ner.
189 1420 102 27 Slutligen
306 1419 76 21 verkar
394 1418 144 27 jordskattens
551 1418 43 19 fixa
606 1419 67 24 natur,
693 1418 31 18 att
732 1417 128 25 densamma,

114 1456 8 22 i
138 1456 39 20 den
199 1455 48 20 mån
267 1454 39 20 den
322 1454 6 19 i
346 1453 116 27 penningar
484 1452 103 26 erlägges,
606 1451 7 20 i
628 1450 130 22 förhållande
773 1450 30 20 till
819 1450 41 20 för-

188 1499 196 24 Värnepligtsutskottets
396 1498 111 18 Betänkande
519 1496 33 19 N:o
566 1497 15 17 1.
