1045 1689
224 150 25 20 12
409 152 25 18 U.
450 153 31 16 B.
499 161 22 4 —
539 153 81 21 Prop.
635 153 45 17 N:o
695 153 39 17 40:

196 217 50 19 eller
261 217 6 18 i
283 222 104 14 reserven.
417 217 46 19 Den
479 217 65 26 tyngd
559 223 45 14 som
619 217 65 26 enligt
699 217 158 26 propositionen
873 217 68 20 hvilar

196 250 34 19 vid
245 249 124 28 lottningen,
385 250 76 20 blifver
475 250 123 27 härigenom
613 250 6 19 i
634 250 42 27 hög
692 250 52 26 grad
759 249 135 21 förminskad.

263 283 72 27 Enligt
351 283 45 20 från
408 283 121 20 Statistiska
540 284 66 26 byrån
617 283 141 27 inhändigade
766 285 107 26 uppgifter
879 283 61 28 !Y'sti-

195 325 37 19 ger
247 317 79 20 antalet
341 317 23 20 af
373 317 25 20 de
409 317 66 20 finske
487 317 112 27 ynglingar
610 317 72 20 hvilka
697 317 80 28 årligen
788 318 52 27 fylla
851 319 91 26 tjuguett

194 353 24 18 år
241 351 31 20 till
294 354 96 17 närmare
414 351 81 26 18,000.
532 351 151 20 Erfarenheten
710 351 46 21 från
781 352 66 20 andra
868 352 74 20 länder

196 386 68 26 gifver
286 385 116 20 emellertid
425 385 35 19 vid
479 385 82 20 handen
577 387 30 18 att
623 385 23 20 af
660 385 25 20 de
700 385 6 19 i
722 385 169 27 uppbådsåldern
906 385 36 21 be-

195 419 81 28 fintliga
299 425 101 21 personer
424 425 58 13 mera
505 422 25 17 än
552 419 80 19 hälften
655 419 51 20 eller
724 419 35 20 vid
773 426 49 20 pass
839 420 25 19 60
879 419 27 27 %
922 420 23 19 af

195 453 104 20 särskilda
323 453 137 26 anledningar
491 453 47 19 icke
561 452 133 27 underligger
710 453 232 27 tjensteskyldigheten,

202 487 80 20 hvilket
297 487 32 20 för
345 487 88 20 Finland
449 486 79 27 ärligen
543 487 74 26 gjorde
632 488 33 27 ett
678 487 57 19 antal
751 487 23 20 af
781 488 92 26 omkrirg
882 488 60 25 8,000

195 528 54 13 man.
272 521 32 20 De
313 521 72 20 aktiva
393 522 124 25 iruppernas
533 520 131 27 fredsstyrka
681 521 64 26 stiger
761 521 45 20 åter
821 522 23 19 sä
858 521 35 21 väl
908 528 34 13 en-

195 556 39 26 ligt
249 555 40 20 den
304 555 77 26 nädiga
400 555 164 26 propositionen,
589 561 45 14 som
650 555 65 26 enligt
729 555 120 21 Ulskottets
865 556 79 27 förslag

196 590 30 19 till
242 589 61 26 4,122
326 589 161 26 värnepligtige,
510 589 81 20 hvilket
606 589 83 26 belopp,
706 589 105 20 fördeladt
824 590 28 26 pä
867 592 31 18 tre
914 590 28 19 &l-

196 623 135 25 dersklasser,
347 623 67 20 skulle
430 625 51 24 göra
497 629 25 13 en
533 623 52 26 ärlig
601 623 125 27 utskrifning
743 623 22 20 af
777 623 96 27 omkring
883 624 61 25 1,400

196 664 47 13 man
252 657 70 26 nödig.
352 656 48 21 Med
416 657 99 20 afseende
530 657 12 20 &
557 657 26 20 de
606 657 103 20 särskilda
724 657 107 26 undantag
847 658 38 19 och
901 657 41 20 för-

195 691 123 27 kortningar
333 697 45 14 som
393 691 57 20 iden
462 691 77 26 nädiga
550 691 158 27 propositionen
719 691 94 27 föresläs,
823 691 40 20 och
871 691 73 20 hvilka

195 725 108 20 Utskottet
320 725 6 19 i
347 725 118 20 hufvudsak
486 725 100 26 godkänt,
602 725 59 20 torde
688 725 117 20 emellertid
824 725 35 20 det
878 725 66 26 ärliga

196 758 281 27 kompletteringsbehofvet,
492 758 81 21 hvilket
587 765 75 20 genom
673 759 90 26 lottning
776 761 89 24 uttages,
872 760 72 20 kunna

196 793 104 20 beräknas
323 793 32 19 till
372 793 60 24 1,700
447 792 13 21 &
477 792 62 25 2,000
554 799 47 13 man
617 792 25 25 2).

263 833 9 19 I
292 832 14 27 $
329 830 14 22 9
358 831 38 20 har
416 831 213 27 värnepligtsälderns
644 832 82 20 inträde
742 831 101 22 faststälts
860 833 31 20 till
906 833 36 20 det

197 866 124 27 tjuguandra
335 865 136 20 lefnadsäret.
501 865 114 27 Utskottet,
631 873 44 13 som
690 873 65 19 gerna
767 867 75 20 önskat
854 869 31 18 att
895 871 46 17 vär-

196 901 118 26 nepligtens
337 899 132 26 fullgörande
488 899 64 20 redan
567 900 79 19 kunnat
661 899 86 28 vidtaga
761 900 36 21 vid
812 907 25 14 en
853 901 89 27 tidigare

197 934 65 25 ålder,
285 933 27 26 pä
334 933 35 20 det
389 935 31 18 att
436 933 152 26 medborgaren
603 933 35 20 vid
654 934 23 19 sä
692 940 55 21 unga
763 934 22 20 år
801 941 43 14 som
860 935 82 27 möjligt

196 968 70 19 kunde
284 967 114 26 ätergifvas
422 967 21 19 ät
458 967 35 20 det
507 967 126 26 produktiva
648 967 88 27 arbetet,
751 968 39 20 har
805 969 55 20 dock
875 969 68 20 funnit

196 1001 169 26 betänkligheter
379 1000 74 20 härvid
468 1003 58 18 möta
540 1001 48 20 med
598 1001 100 20 afseende
714 1001 13 20 &
738 1001 40 20 den
789 1002 153 26 längsammare

197 1035 81 26 fysiska
300 1034 128 26 utveekling,
451 1041 44 13 som
519 1034 22 19 af
554 1035 98 19 Finlands
668 1035 95 27 nordliga
778 1035 47 27 läge
841 1035 39 21 och
896 1036 45 20 der-

197 1069 48 19 med
259 1069 7 19 i
282 1068 150 26 sammanhang
447 1068 87 20 stäende
549 1068 121 20 klimatiska
684 1068 146 21 förhällanden
845 1070 97 26 betingas

195 1102 99 20 hvarföre
308 1101 116 27 ;Utskottet
449 1102 93 25 godkänt
565 1102 39 20 den
623 1102 7 18 i
653 1104 31 22 $:n
700 1104 92 24 antagna
807 1103 133 21 tidsbestäm-

197 1136 56 26 ning.

264 1170 13 26 $
294 1168 34 21 10.
361 1168 47 20 Den
431 1168 96 22 befrielse
541 1169 44 20 från
602 1170 157 26 värnepligtens
778 1170 116 26 utgörande
910 1173 32 22 $:n

197 1203 116 27 medgifver
329 1203 157 27 Lappmarkens
501 1204 127 20 innevänare
648 1203 38 20 har
700 1206 58 24 synts
775 1204 108 21 Utskottet
894 1205 48 20 icke

197 1237 53 19 blott
262 1236 117 20 motiverad
390 1236 24 19 af
425 1237 58 19 detta
492 1236 113 26 landskaps
617 1236 93 27 aflägsna
728 1237 47 27 läge
789 1238 40 20 och
838 1238 58 26 glesa
906 1238 36 20 be-

198 1269 103 27 folkning,
325 1269 81 20 hvilket
422 1269 73 26 gjorde
510 1270 156 26 värnepligtens
683 1270 135 26 tillämpande
833 1271 109 20 derstädes

198 1303 97 20 förenadt
318 1303 47 20 med
387 1303 146 20 allvarsamma
549 1304 136 26 svärigheter,
701 1306 49 18 utan
766 1305 62 20 äfven
845 1305 95 20 öfveren-

198 1337 131 21 stämmande
351 1337 47 20 med
420 1337 40 20 den
483 1337 218 28 undantagsställning
716 1338 68 20 denna
799 1339 91 27 provins'
906 1338 35 21 be-

196 1373 96 26 byggare
306 1372 7 20 i
329 1372 105 20 särskilda
449 1372 65 20 andra
529 1372 113 20 afseenden
658 1372 64 21 sedan
738 1372 57 22 äldre
811 1373 54 21 tider
879 1374 7 19 i
901 1373 40 21 den

200 1407 90 19 svenska
305 1406 40 20 och
360 1406 68 20 finska
442 1406 160 28 lagstiftningen
618 1408 90 25 ätnjutit.

266 1452 15 23 1)
293 1452 42 18 Jmf.
347 1452 73 22 Bibang
432 1452 23 17 11.

264 1480 19 23 2)
296 1480 42 19 Jmf.
351 1480 71 24 Bihang
433 1481 32 18 III.

272 1515 197 23 Värnepligtsutskottets
481 1516 112 18 Betänkande
606 1516 34 18 N:o
654 1516 16 17 1.
