1023 1692
260 146 80 23 Ständ.
355 147 37 23 Sv.
408 159 27 3 —
451 148 70 27 Prop.
536 148 41 22 N:o
591 146 38 22 40.
762 147 27 21 47

212 215 179 28 Anmärkning
405 217 19 20 2.
457 216 73 22 Såsom
547 214 122 28 arbetsföra
683 215 136 21 medlemmar

144 249 8 20 i
162 248 104 29 familjen
288 256 62 15 anses
371 250 46 26 alla
436 250 81 21 mellan
535 250 90 21 aderton
644 249 38 21 och
695 249 124 27 femtiofem

144 283 36 20 års
200 283 69 26 ålder,
289 284 46 20 med
355 284 113 27 undantag
482 283 37 27 af:
539 284 25 26 a)
580 283 46 24 den,
642 290 43 14 som
701 283 9 20 i
719 283 62 28 följd
795 283 29 28 af

144 316 123 29 kroppslyte
282 317 52 20 eller
348 317 115 28 sjuklighet
480 317 81 21 saknar
571 317 105 28 förmåga
691 319 33 18 att
739 317 80 27 arbeta,

144 349 22 28 b)
181 350 47 26 den,
243 357 45 14 som
303 351 67 20 sedan
384 358 60 14 mera
459 353 29 18 än
504 354 31 18 tre
545 351 27 20 år
581 352 66 19 vistas
655 351 31 27 på
697 351 72 21 okänd
780 354 39 22 ort,

144 387 56 18 samt
214 385 22 26 c)
250 385 129 27 underbefäl
394 385 38 21 och
446 385 104 27 manskap
565 385 9 20 i
588 384 58 22 aktiv
663 385 68 28 tjenst.

212 429 182 29 Anmärkning
412 432 21 20 3.
463 430 78 21 Derest
563 437 26 14 en
610 430 67 21 redan
700 431 35 20 till
757 431 63 28 tjenst

144 463 117 28 uppbådad
272 471 81 20 person
367 471 75 20 genom
452 471 75 14 senare
538 464 106 28 inträffad
653 464 102 21 händelse
764 465 56 21 kom-

144 498 39 20 mit
198 498 8 19 i
221 499 65 26 något
301 499 79 20 sådant
390 499 238 27 familjeförhållande,
643 505 44 15 som
702 499 8 21 i
725 499 71 21 denna
806 499 16 28 $

144 532 145 27 omförmäles,
306 532 80 27 befrias
402 532 44 21 han
456 533 59 26 från
529 532 58 21 aktiv
602 533 147 28 tjenstgöring.

212 577 50 21 Har
278 578 46 21 åter
338 578 35 21 det
382 577 238 29 familjeförhållande,
636 578 82 28 hvarpå
733 578 89 27 befriel-

145 619 35 14 sen
203 612 100 27 grundar
324 612 40 26 sig,
387 612 101 28 upphört,
506 612 95 21 inkallas
621 613 42 20 den
681 613 94 21 sålunda
790 613 32 20 be-

144 646 74 25 friade
240 647 35 20 till
297 646 58 21 aktiv
374 647 150 27 tjenstgöring,
545 646 52 21 dock
612 647 22 27 ej
643 646 41 27 för
699 647 76 27 längre
791 647 31 20 tid

146 684 28 17 än
188 686 44 15 som
248 681 105 20 återstode
368 679 30 28 af
408 679 56 22 hans
479 675 202 33 tjensteskyldighet,
695 681 69 21 derest
779 681 43 21 han

145 715 22 26 ej
182 714 86 21 kommit
283 715 8 20 i
306 714 128 29 åtnjutande
449 714 31 27 af
485 713 148 28 förenämnda
647 715 106 28 eftergift.

455 778 15 28 $
483 779 36 21 27.

216 818 38 20 Om
277 820 72 18 tvenne
371 818 81 25 bröder,
466 818 71 27 födde
551 818 70 22 under
635 825 81 14 samma
731 819 34 26 år,
781 819 43 21 del-

148 852 54 28 tagit
217 853 8 19 i
240 858 82 15 samma
341 852 100 28 lottning,
461 853 38 21 och
517 852 106 22 hvardera
638 854 9 20 i
661 853 49 21 stöd
725 852 30 28 af
765 856 59 19 utta-

146 894 40 20 gen
210 887 136 21 lottnummer
367 893 48 15 vore
432 886 127 28 förpligtad
581 889 32 19 att
632 887 89 21 inträda
739 888 9 20 i
766 888 58 21 aktiv

148 922 71 27 tjenst,
234 921 25 21 så
277 921 116 26 inskrifves
413 921 41 21 den
469 921 30 27 af
510 922 54 25 dem,
579 928 45 14 som
633 921 50 27 fått
696 922 65 28 högre
776 922 49 21 lott-

148 962 102 20 nummer,
269 955 37 21 vid
327 961 97 15 reserven
447 955 37 21 och
503 954 81 28 befrias
601 954 57 28 från
677 956 64 27 tjenst
755 957 70 21 under

148 990 100 27 krigstid.

216 1036 45 20 För
282 1035 70 29 öfrigt
370 1037 26 19 är
412 1036 34 20 det
464 1035 81 21 sådane
568 1035 76 21 bröder
665 1036 114 28 medgifvet
794 1039 32 18 att

148 1070 48 21 med
210 1070 124 20 hvarandra
350 1069 48 28 byta
415 1070 141 20 lottnummer.

457 1132 15 27 $
486 1133 35 21 28.

217 1172 17 20 I
245 1172 73 27 hvarje
328 1172 80 27 familj
422 1172 43 21 kan
476 1172 41 20 den
527 1172 29 27 af
562 1172 47 21 dess
619 1172 144 27 medlemmar,
773 1173 54 21 hvil-

150 1206 40 21 ken
206 1206 66 27 enligt
288 1206 92 27 lottning
397 1205 37 21 bör
449 1206 90 20 inträda
553 1206 9 20 i
576 1206 59 20 aktiv
651 1207 65 25 tjenst
731 1207 53 21 eller
795 1214 32 14 re-

152 1242 42 19 dan
211 1244 25 16 är
251 1240 8 20 i
275 1240 71 27 tjenst,
362 1239 56 27 efter
429 1240 98 27 frivillig
541 1239 210 27 öfverenskommelse
761 1243 67 19 ersät-

151 1277 33 18 tas
200 1273 29 28 af
238 1274 35 21 sin
288 1272 43 22 hel-
346 1274 52 20 eller
412 1272 135 29 halfbroder,
559 1273 110 27 förutsatt
683 1277 32 18 att
726 1275 47 26 den,
783 1282 44 14 som

150 1309 39 21 vill
204 1308 66 21 träda
286 1308 8 20 i
308 1308 78 25 stället,
407 1307 44 22 icke
470 1308 55 26 sjelf
539 1310 26 19 är
580 1307 148 22 underkastad
743 1309 85 26 uppbåd

147 1342 42 27 för
211 1342 46 20 året
277 1340 37 21 och
333 1341 20 26 e&
370 1343 27 18 är
415 1347 68 21 yngre
500 1343 29 18 än
548 1341 93 27 tjuguett
655 1341 53 20 eller
722 1341 62 21 äldre
800 1345 28 18 än

152 1377 98 27 tjugusex
264 1375 33 20 år.
327 1374 49 21 Den
390 1374 8 20 i
409 1373 62 28 följd
488 1373 72 28 häraf
570 1373 57 28 från
643 1373 57 22 aktiv
715 1375 65 28 tjenst
795 1376 33 21 be-

147 1410 79 28 friade
240 1409 80 28 afföres
330 1408 56 28 från
402 1408 72 21 aktiva
488 1411 119 25 trupperna
618 1408 38 21 och
666 1409 117 26 inskrifves
793 1411 36 22 vid

152 1450 104 16 reserven.
