1039 1695
236 152 25 20 10
424 150 28 19 U.
465 150 31 19 B.
510 159 23 4 —
544 150 82 23 Prop.
639 150 46 18 N:o
697 151 39 18 44.

206 219 57 21 inom
278 218 185 28 församlingarne,
479 219 40 21 och
534 220 18 27 ej
568 219 68 21 heller
650 220 56 20 huru
722 219 25 21 de
763 219 61 21 skola
838 220 51 27 ingä
904 220 36 20 äk-

206 253 90 27 tenskap
311 252 7 21 i
333 252 81 22 sädana
429 252 45 27 fall,
483 252 27 22 dä
525 253 26 21 de
567 253 18 27 ej
601 252 64 22 hafva
678 259 54 21 egna
745 255 83 25 prester
840 253 41 21 och
893 254 47 20 icke

205 287 52 27 vilja
272 294 35 14 om
321 286 66 28 vigsel
402 286 67 21 anlita
483 286 97 22 luthersk
596 288 66 26 prest.
684 286 62 22 Hvad
762 287 51 21 1781
830 288 36 20 ärs
881 287 61 21 Kun-

207 321 83 27 görelse
311 320 118 22 innehäller
446 321 78 21 hänför
542 321 33 28 sig
590 320 117 26 dessutom,
724 321 66 28 enligt
805 328 26 14 en
846 321 96 28 uttryck-

207 355 30 27 lig
258 355 136 28 bestämning
414 355 8 20 i
437 355 70 21 denna
521 355 134 27 författning,
676 355 17 28 ej
709 355 34 21 till
755 354 99 29 judarne,
870 355 72 21 hvilka

207 389 123 28 derigenom
349 389 55 21 blott
420 389 140 21 tillerkändes
576 389 102 27 rättighet
694 390 32 20 att
742 389 64 21 hafva
821 396 121 21 synagogor

207 424 7 20 i
233 423 124 21 Stockholm
375 424 56 20 samt
448 423 64 28 högst
529 424 36 20 två
580 422 52 22 eller
646 425 33 19 tre
695 423 68 21 andra
778 424 70 20 större
863 423 79 26 städer,

207 457 26 21 de
254 457 43 26 der,
317 457 71 21 såsom
410 457 60 21 förut
492 459 24 19 är
537 457 129 26 framhället,
681 464 76 15 senare
772 457 123 22 bestämdes
910 459 32 20 att

207 499 51 14 vara
274 493 36 20 två
325 493 68 20 större
408 491 72 22 städer
495 492 7 20 i
517 491 92 28 Sverige,
625 498 48 14 men
688 492 48 21 icke
751 491 7 21 i
773 491 98 22 Finland.
901 492 41 21 Be-

206 525 106 22 träffande
333 525 66 22 andre
419 525 133 22 bekännares
575 525 23 22 af
616 525 139 22 icke-kristen
778 526 47 21 lära
840 526 103 27 rättighet

206 561 33 20 att
253 560 75 21 utöfva
345 560 34 21 sin
396 559 90 28 religion
505 559 143 22 förekommer
666 560 7 20 i
689 559 103 22 Finlands
807 560 135 27 lagstiftning

208 595 47 21 icke
269 595 71 27 någon
356 593 118 22 föreskrift.

262 629 33 20 Då
312 628 158 27 Lagutskottet,
485 628 7 21 i
510 627 54 28 följd
582 627 64 22 häraf
660 628 39 21 och
715 627 89 22 emedan
819 627 123 21 församlin-

208 669 38 20 gar
266 662 25 21 af
307 661 59 22 såväl
385 662 133 21 främmande
532 661 82 22 kristne
628 661 173 22 trosförvandter
816 668 46 14 som
877 662 66 21 också

208 697 122 20 bekännare
353 695 23 22 af
396 696 142 21 icke-kristna
551 695 59 22 läror
624 695 66 21 redan
705 695 137 28 uppkommit
855 695 7 21 i
876 696 68 27 några

207 731 24 20 af
249 730 82 21 landets
349 731 69 20 större
436 731 78 25 städer,
535 730 35 20 för
590 730 33 20 sin
639 729 34 21 del
687 737 63 13 anser
764 737 28 20 ny
807 729 135 28 lagstiftning

207 764 24 21 af
247 764 78 21 sådant
345 763 60 29 syfte,
424 771 46 14 som
488 764 41 20 den
546 763 79 28 nådiga.
640 763 162 27 propositionen
816 763 126 27 innehåller,

208 804 51 14 vara
273 798 24 20 af
309 797 34 22 för
357 797 85 21 handen
456 798 94 21 varande
564 797 150 21 förhållanden
729 797 7 21 i
750 796 74 22 landet
834 797 108 27 påkallad,

207 832 40 21 har
262 832 110 21 Utskottet
387 832 17 27 ej
420 832 68 21 heller
503 832 82 20 kunnat
600 831 80 21 förbise
697 831 40 21 den
752 831 50 27 vigt,
814 838 46 14 som
875 831 68 28 ligger

208 865 73 28 derpå,
295 867 33 19 att
346 865 162 28 lagstiftningen
527 865 93 22 tilldelar
639 865 84 22 landets
738 865 90 28 styrelse
842 865 102 28 befogen-

208 901 36 20 het
259 901 32 20 att
305 900 7 20 i
328 900 36 21 det
378 899 118 22 allmännas
511 900 91 21 intresse
617 899 75 28 afböja
706 899 112 22 bildandet
830 900 24 21 af
863 899 81 22 sådana

209 935 174 27 kyrkosamfund,
398 935 83 21 hvilkas
497 935 93 21 troslära
604 934 52 21 eller
672 934 203 27 samfundsordning
884 934 60 21 inne-

208 969 70 21 håller
295 969 72 27 något,
383 975 45 15 som
447 969 78 20 strider
540 970 57 20 emot
612 968 105 28 sedlighet
732 969 40 20 och
787 968 42 27 god
844 968 98 29 ordning.

208 1003 30 28 Ty
253 1003 36 22 det
303 1003 42 21 kan
360 1003 34 22 för
409 1003 37 21 det
460 1003 69 21 finska
544 1002 120 26 samhället,
675 1002 44 21 lika
733 1003 48 20 litet
796 1009 46 14 som
858 1003 34 21 för
907 1003 37 20 nä-

208 1039 37 25 got
259 1039 72 24 annat,
347 1044 51 15 vara
412 1037 108 27 likgiltigt,
535 1037 106 21 huruvida
656 1043 26 14 en
696 1037 98 27 religion,
806 1036 85 21 hvilken
907 1044 35 13 en-

208 1071 71 21 skilda
296 1077 103 21 personer
418 1071 8 20 i
444 1071 113 21 samhället
576 1070 50 28 vilja
646 1071 123 27 offentligen
788 1070 105 27 bekänna,
909 1072 35 20 mä

208 1105 73 21 kunna
296 1104 52 22 eller
362 1105 46 21 icke
423 1105 73 21 kunna
510 1105 132 21 sammanstä
656 1104 48 22 med
720 1104 41 21 den
772 1104 82 28 sedliga
864 1105 80 27 grund-

207 1139 42 25 val,
263 1139 29 26 pä
309 1138 86 21 hvilken
413 1138 93 22 flertalet
524 1139 24 20 af
564 1139 36 21 det
616 1138 70 22 finska
704 1139 68 21 folket
790 1139 54 21 efter
861 1139 81 22 seklers

208 1173 149 21 kulturarbete
372 1172 95 22 befinner
482 1173 38 27 sig.

264 1206 49 21 Men
333 1206 103 22 ehuruväl
454 1207 152 27 Lagutskottet
622 1207 134 27 följaktligen
775 1213 63 15 anser
854 1207 36 21 det
904 1207 39 21 fin-

208 1241 39 20 ska
267 1239 114 22 samhället
402 1240 47 20 icke
472 1241 54 20 böra
546 1242 52 25 göra
616 1241 32 26 sig
669 1241 94 26 skyldigt
780 1241 33 20 till
832 1247 25 14 en
876 1241 66 20 sädan

209 1272 175 29 sjelfförnekelse,
400 1275 32 19 att
447 1272 35 22 det
497 1272 69 22 skulle
580 1273 71 21 tillåta
666 1273 96 27 offentlig
776 1273 130 22 bekännelse
922 1274 24 20 af

207 1308 72 27 nägon
293 1307 53 26 lära,
361 1314 46 14 som
423 1306 36 22 det
473 1314 63 14 anser
551 1314 52 14 vara
618 1307 87 27 osedlig,
715 1308 40 20 har
768 1307 110 21 Utskottet
886 1308 58 21 häri-

207 1348 77 22 genom
304 1340 117 30 ingalunda
439 1341 57 21 velat
512 1342 91 21 förneka
618 1342 40 20 den
674 1344 59 19 stora
747 1341 51 28 vigt,
814 1348 46 15 som
874 1342 68 28 ligger

209 1375 102 28 deruppä,
332 1377 33 20 att
386 1375 28 21 all
435 1375 40 21 den
494 1375 164 26 samvetsfrihet,
678 1383 46 14 som
742 1375 49 22 med
811 1375 132 28 sedligheten

208 1410 40 21 och
266 1409 175 28 rättsordningen
461 1409 7 20 i
486 1409 74 22 landet
578 1411 24 20 är
616 1409 98 28 förenlig,
730 1410 35 21 mä
780 1410 22 21 fä
816 1410 52 22 räda
883 1411 58 21 inom

209 1443 124 22 detsamma.
367 1443 64 22 Tvärt
446 1450 34 15 om
499 1443 68 22 finner
586 1443 113 22 Utskottet
710 1444 48 28 just
771 1444 47 21 häri
834 1446 31 20 ett
879 1445 25 21 af
916 1445 26 22 de

208 1480 55 19 mest
273 1477 87 22 talande
375 1477 46 22 skäl
436 1479 32 20 att
480 1477 47 22 icke
542 1477 61 28 dröja
618 1477 48 23 med
682 1478 41 21 den
738 1479 8 20 i
760 1478 61 28 fräga
832 1480 58 21 satta
900 1486 42 21 nya

274 1517 140 23 Lagutskottets
427 1517 117 19 betänkande
556 1517 34 19 N:o
605 1519 26 17 14.
