1039 1689
305 146 28 19 U.
346 147 31 17 B.
390 157 22 2 —
425 148 81 22 Prop.
519 147 46 18 N:o
578 147 39 18 38.
778 148 25 21 17

93 213 88 27 följande
198 213 146 28 upplysningar
359 214 113 21 emellertid
488 221 48 14 vara
546 214 23 21 af
577 215 71 20 nöden.
680 215 45 21 Den
736 215 98 22 fastställ-

93 249 26 21 da
133 249 56 20 tiden
205 249 31 20 för
251 249 70 27 fångst
337 249 22 21 af
371 249 39 25 lax,
427 250 76 21 taimen
519 250 37 21 och
572 250 30 21 sik
618 251 6 20 i
640 251 82 20 stående
738 251 98 21 fiskeverk

93 284 61 27 utgår
174 285 7 20 i
197 284 83 26 Torneå,
297 285 68 25 Kemi,
383 285 55 21 Simo
455 286 53 20 samt
523 285 135 27 Haukipudas
674 286 63 21 elfvar
753 286 37 21 den
807 287 25 20 31

93 319 89 28 augusti,
206 320 7 19 i
236 319 57 26 Uleå,
319 319 101 28 Siikajoki,
442 320 94 27 Kalajoki
552 320 37 21 och
604 321 98 27 Pyhäjoki
718 321 64 20 elfvar
798 321 37 20 den

94 356 28 20 24
143 355 88 27 augusti,
253 355 7 20 i
278 355 69 21 Kumo
369 355 29 21 elf
411 355 38 21 den
466 357 27 20 10
509 356 121 27 september,
651 356 2 21 i
668 357 115 26 Kymmene
799 356 37 21 och

94 390 105 21 Wuoksen
215 390 63 21 elfvar
295 390 37 21 den
351 391 26 20 14
393 391 115 26 september
523 391 83 28 årligen,
624 391 101 21 hvarefter
741 391 95 22 fiskever-

93 425 39 21 ken
143 425 106 27 borttagas
264 426 97 31 antingen
377 426 77 27 genast,
471 426 65 22 såsom
553 426 7 22 i
575 426 51 22 Uleä
642 427 37 21 och
695 426 64 28 några
774 426 63 22 andra

95 460 68 27 elfvar,
181 461 49 21 eller
245 461 55 21 inom
317 467 24 15 en
357 461 39 21 viss
412 462 36 26 tid,
465 468 44 15 som
525 462 51 21 efter
587 463 200 27 omständigheterna
797 462 39 22 kan

94 496 80 21 ändras.
206 496 30 21 De
252 496 168 28 elfsträckningar
436 496 48 27 åter,
502 498 35 20 der
552 497 78 21 sådana
644 498 43 21 lax-
699 498 37 21 och
747 498 89 22 sikfiske-

94 532 40 20 rier
156 531 71 27 finnas,
251 538 45 15 som
319 532 64 21 under
405 532 105 22 fisketiden
533 533 61 28 lägga
614 533 71 22 hinder
703 534 7 20 i
725 536 66 26 vägen
806 533 32 22 för

95 567 97 28 flottning
207 567 23 21 af
242 568 41 20 löst
297 568 89 25 timmer,
400 568 109 21 innehafva
519 568 89 28 följande
618 569 148 27 utsträckning,
778 572 60 18 näm-

95 602 64 28 ligen:
181 603 7 20 i
209 602 79 22 Torneä
307 602 29 22 elf
349 603 53 21 circa
418 604 12 20 6
446 604 43 25 mil,
506 604 86 21 räknadt
608 604 44 21 frän
669 604 79 21 Torneä
763 604 51 26 stad,
831 604 8 21 i

95 638 62 21 Kemi
173 638 30 21 elf
215 644 16 15 c.
249 639 13 21 8
278 638 43 27 mil,
338 638 86 22 räknadt
439 639 44 21 från
500 639 127 27 elfsmynnet,
644 640 8 20 i
667 639 56 22 Simo
740 640 29 21 elf
781 646 16 15 ce.
814 640 24 25 !/,

96 673 43 26 mil,
155 674 8 20 i
178 674 30 27 Ijo
224 674 30 21 elf
267 681 16 14 c.
302 675 41 25 1'/,
359 674 42 26 mil,
418 674 6 21 i
440 675 134 27 Haukipudas
590 675 30 21 elf
633 682 16 14 ce.
670 677 24 24 '/,
710 675 42 26 mil,
769 675 8 21 i
787 674 52 22 Uleä

97 716 16 15 e.
130 710 14 20 4
159 709 44 26 mil,
219 710 7 20 i
243 709 101 28 Siikajoki,
361 710 98 28 Pyhäjoki
475 710 37 22 och
527 710 95 28 Kalajoki
638 717 16 15 c.
676 712 23 24 /,
713 710 54 21 mili
778 712 60 19 hvar-

97 744 53 26 dera,
173 745 37 21 allt
224 745 87 21 räknadt
326 745 45 21 från
387 746 122 28 elfsmynnet
524 746 70 28 uppåt,
615 746 3 21 i
633 746 69 21 Kumo
719 746 29 21 elf
762 752 16 15 c.
796 746 42 26 3'/,

97 780 42 27 mil,
164 781 87 21 räknadt
273 780 45 22 frän
342 781 135 28 Björneborgs
493 782 45 21 stad
554 781 74 28 uppför
644 782 71 20 elfven.
747 782 10 20 I
772 781 66 27 Kym-

96 822 59 16 mene
179 816 30 21 elf
229 819 22 19 är
273 817 90 27 Högfors
386 817 126 27 utloppsarm
535 817 107 27 uppoffrad
664 817 31 21 för
710 816 129 28 flottningen,

97 852 133 28 hvarigenom
248 852 80 21 tillfälle
343 852 32 21 till
391 852 107 21 oafbruten
513 852 97 28 flottning
625 852 7 21 i
647 852 57 21 detta
718 852 122 28 vattendrag

97 887 69 21 blifvit
188 887 76 21 beredt.
297 887 9 21 I
329 887 104 21 Wuoksen
456 888 136 20 förekommer
612 888 61 27 ingen
688 887 102 28 flottning,
808 887 32 21 ät-

99 923 102 20 minstone
217 925 60 18 ännu.
296 935 27 2 —
339 923 90 20 Emedan
444 923 122 27 flottningen
582 923 7 20 i
600 923 57 20 dessa
668 923 64 20 elfvar
741 923 40 20 kan
792 922 49 21 obe-

98 958 97 21 hindradt
217 958 68 27 fortgä
299 958 47 21 hela
361 964 115 15 sommaren
492 959 94 21 ofvanom
603 958 23 21 de
643 965 46 20 nyss
705 957 83 29 angifna
803 957 38 22 elf-

99 994 173 27 sträckningarna,
295 994 38 21 blir
349 994 34 21 det
399 995 64 27 enligt
478 995 42 21 min
537 994 134 27 öfvertygelse
686 994 62 27 ingen
764 993 78 28 svärig-

100 1030 35 21 het
151 1030 31 21 att
197 1029 22 22 sä
235 1030 79 27 reglera
329 1029 129 28 flottningen,
475 1031 31 20 att
522 1029 118 22 densamma
656 1029 59 22 äfven
731 1029 27 27 pä
768 1029 24 21 de
804 1028 38 21 elf-

101 1065 146 28 sträckningar,
263 1065 82 22 hvarest
355 1065 34 22 det
400 1065 188 28 hufvudsakligaste
599 1065 49 26 lax-,
658 1066 88 21 taimen-
756 1064 37 22 och
801 1064 41 22 sik-

100 1102 59 21 fisket
182 1101 62 25 idkas,
269 1102 39 20 blir
331 1101 87 22 slutförd
441 1102 42 21 före
498 1101 99 22 lektidens
613 1101 77 28 början,
706 1102 23 26 ty
744 1100 26 28 pä
786 1100 57 22 dessa

101 1137 168 27 elfsträckningar
292 1139 22 19 är
337 1137 121 28 flottningen
479 1138 73 27 ytterst
566 1137 40 22 lätt
622 1137 91 21 utförbar
729 1137 37 21 och
782 1136 39 21 kan
836 1135 8 22 i

102 1173 99 22 anseende
222 1173 31 20 till
274 1173 122 21 strömmens
416 1173 56 20 stora
486 1173 104 27 hastighet
604 1173 119 20 verkställas
739 1171 47 22 med
802 1172 42 20 stor

102 1209 149 27 skyndsamhet,
276 1215 34 14 om
332 1209 53 20 blott
408 1209 62 26 nödig
493 1208 95 21 omtanke
611 1214 61 21 egnas
693 1207 21 21 ät
730 1207 61 21 saken
807 1206 37 21 och

102 1244 86 21 framför
209 1244 37 21 allt
265 1244 121 27 tillräckligt
406 1244 98 27 manskap
520 1243 106 22 användes.
658 1243 77 27 Tyvärr
750 1241 72 28 syndas
838 1241 7 21 i

102 1280 53 21 båda
170 1279 127 22 sistnämnda
312 1279 107 21 afseenden
435 1279 36 21 hos
488 1285 30 16 oss
534 1279 69 20 alltför
618 1278 86 27 mycket,
720 1277 38 22 och
768 1276 76 28 lagför-

103 1316 76 26 slagets
202 1315 131 26 hufvudsyfte
357 1317 21 18 är
399 1315 31 20 att
445 1315 48 20 söka
508 1315 20 20 fä
544 1314 72 20 sädant
632 1313 30 20 för
678 1312 109 21 framtiden
802 1312 43 20 rät-

103 1350 52 25 tadt,
172 1349 26 27 pä
213 1356 79 14 samma
308 1349 55 27 gäng
379 1349 33 20 det
428 1349 52 20 afser
496 1349 31 20 att
543 1348 44 21 frän
601 1348 57 21 säker
669 1346 119 27 undergäng
799 1345 47 22 räd-

105 1385 25 22 da
145 1385 196 21 hufvudfiskerierna
356 1384 7 21 i
378 1383 80 22 landets
474 1383 69 22 elfvar.

175 1420 74 21 Vidare
272 1421 37 20 har
332 1420 34 20 det
389 1419 110 26 anmärkts,
521 1419 31 21 att
568 1418 48 22 slikt
631 1417 73 22 förbud
720 1417 55 21 emot
790 1417 56 21 höst-

105 1457 96 27 flottning
223 1456 44 21 icke
289 1456 64 20 finnes
376 1456 7 20 i
406 1455 79 27 Norges
505 1454 136 28 lagstiftning.
673 1452 75 22 Dervid
764 1452 84 21 förbises

107 1493 50 21 dock
178 1498 24 15 en
223 1491 152 27 omständighet
391 1490 22 22 af
427 1490 109 27 afgörande
551 1490 50 27 vigt.
633 1489 10 21 I
658 1488 79 28 Norges
752 1487 96 22 laxelfvar

154 1544 134 18 Sammansatta
304 1542 51 23 Lag-
371 1541 31 18 och
418 1540 180 18 Ekonomiutskottets
614 1538 109 19 betänkande
738 1536 37 19 N:o
791 1535 17 20 8.

710 1577 10 13 2
