1039 1695
92 1473 118 27 Ingressen.

244 171 27 21 22
423 172 28 17 U.
463 172 31 17 B.
510 181 18 2 —
540 172 81 21 Prop.
633 170 46 18 N:o
691 170 40 17 44.

218 239 202 22 onsförhällandena
435 239 82 27 stadga,
532 239 75 21 medan
629 238 36 21 det
680 239 6 20 i
701 238 75 28 sjeliva
793 238 72 21 verket
883 238 24 20 är
923 236 21 21 af

217 274 107 28 synnerlig
339 274 43 27 vigt
397 275 32 20 att
444 273 167 28 grundlagarnes
627 272 94 22 innehäll
736 274 23 19 är
774 272 57 21 klart
845 272 40 21 och
899 271 46 28 tyd-

217 308 46 27 ligt,
278 308 39 20 har
331 308 151 27 Lagutskottet
496 310 71 19 ansett
581 307 35 21 det
631 314 50 14 vara
697 307 31 21 sin
744 306 55 28 pligt
813 308 32 19 att
859 306 86 25 föreslä,

220 344 31 19 att
266 342 120 21 Ständerna
400 343 66 20 mätte
481 342 35 21 för
530 342 33 21 sin
578 342 34 21 del
627 342 31 20 uti
673 348 26 14 en
715 340 91 22 särskild
820 340 126 28 förordning

219 376 23 21 af
255 376 181 28 grundlagsnatur
452 376 99 29 särskilja
566 376 40 21 den
628 376 34 20 del
676 376 23 20 af
719 375 146 28 lagförslaget,
886 375 60 21 hvari

219 411 90 27 ändring
324 410 24 21 af
362 411 9 20 1
388 411 11 26 8
414 411 6 20 i
441 412 53 19 1772
512 412 34 19 års
568 410 173 27 Regeringsform
761 411 24 20 är
804 409 142 28 proponerad,

219 445 72 21 dervid
307 445 35 20 det
357 444 108 28 sjelffallet
480 445 60 20 äfven
564 446 24 19 är
603 446 31 19 att
649 444 132 25 framhällas,
798 443 35 21 det
855 443 64 21 ocksä
935 444 10 19 1

218 479 12 27 &
244 479 7 20 i
266 479 172 27 Presterskapets
453 479 124 27 Privilegier
591 479 24 20 af
628 478 40 21 den
687 479 24 20 16
727 477 95 22 Oktober
839 478 52 20 1723
908 477 39 21 och

219 513 77 28 Kongl.
312 513 149 28 Kungörelsen
476 513 40 20 den
534 513 27 20 24
581 512 90 21 Januari
696 513 53 20 1781
773 512 122 27 derigenom
909 519 39 13 un-

221 547 65 27 dergä
300 547 96 27 ändring.
426 547 81 20 Härvid
521 547 130 20 framställer
665 547 34 27 sig
713 546 123 28 visserligen
848 546 40 21 den
905 553 43 14 om-

220 581 128 27 ständighet,
363 583 37 24 att,
425 581 27 20 dä
474 581 25 20 de
519 581 185 27 inskränkningar,
723 580 72 21 hvilka
816 580 132 21 främmande

220 615 226 28 religionsförvandter
462 617 26 19 än
499 615 106 28 framgent
612 615 104 20 törhlefve
726 614 157 21 underkastade
892 616 13 19 t.
916 621 32 14 ex.

220 650 8 20 i
242 649 100 22 afseende
357 650 13 20 å
384 649 129 27 rättigheten
531 651 31 19 att
579 648 60 22 bilda
659 648 168 29 kyrkosamfund
845 649 40 20 och
906 648 43 21 för-

220 683 122 28 samlingar,
357 685 31 19 att
402 683 80 21 besitta
496 683 101 28 fastighet
613 690 18 13 o.
647 690 17 13 s.
680 691 25 18 v.,
721 683 84 21 komme
816 684 31 19 att
857 682 92 21 bestäm-

220 725 46 14 mas
281 718 32 20 uti
328 717 105 21 särskilda
447 717 66 27 lagar,
529 717 62 21 dessa
606 724 75 14 senare
696 718 68 20 mäste
773 717 120 26 äberopasi
909 717 40 20 den

221 752 23 20 af
256 752 111 20 Utskottet
380 751 7 20 i
402 751 61 27 fräga
478 753 56 19 satta
544 750 139 28 grundlagen,
697 758 46 14 som
756 750 83 22 derföre
851 750 40 21 ock
905 752 45 19 mä-

222 786 32 20 ste
269 785 7 20 i
291 792 26 13 en
332 784 86 21 framtid
434 784 84 26 ändras,
533 786 40 19 när
592 784 91 27 ändring
701 784 49 21 sker
771 784 24 21 af
813 784 91 22 berörde
919 784 31 21 in-

222 819 162 27 skränkningar.
412 818 50 21 Men
478 818 67 21 ehuru
560 818 59 21 detta
634 819 67 20 mäste
724 818 104 21 erkännas
849 825 52 14 vara
925 825 25 14 en

223 853 119 27 olägenhet,
362 859 45 14 som
427 852 54 21 dock
499 853 39 20 har
561 859 26 14 en
611 851 92 22 förebild
718 852 7 20 i
739 852 211 27 Regeringsformens

224 888 24 20 18
264 888 17 27 &,
297 893 63 15 anser
372 886 110 22 Utskottet
497 887 123 20 densamma
634 886 64 21 likväl
713 893 52 14 vara
780 886 24 21 af
816 887 85 27 ringare
915 887 36 21 be-

222 921 87 28 tydelse,
325 923 27 20 än
368 921 46 26 den,
430 923 32 19 att
476 921 83 21 landets
574 920 131 28 grundlagar
720 921 39 20 allt
780 928 45 14 mer
846 921 39 21 och
906 929 46 13 mer

222 956 125 22 beröfvades
363 955 40 22 den
418 955 140 26 bestämdhet,
570 962 46 14 som
629 956 24 20 är
667 955 122 28 nödvändig
804 955 33 21 för
852 957 32 20 att
898 956 53 21 kun-

222 998 28 14 na
265 991 74 27 afgöra
353 990 55 21 hvad
424 997 46 14 som
484 991 24 20 är
522 989 111 28 grundlag,
653 989 40 21 och
710 989 55 22 hvad
784 990 52 21 icke.
865 985 16 37 1
908 990 44 21 för-

221 1025 110 27 hoppning
346 1026 32 19 att
391 1024 59 21 Hans
466 1023 119 28 Kejserliga
600 1023 100 28 Majestät
715 1023 55 21 skall
785 1024 6 20 i
807 1023 66 22 nåder
888 1024 64 21 fram-

222 1059 57 21 deles
294 1061 50 25 taga
359 1058 91 21 initiativ
466 1058 32 20 till
514 1065 25 13 en
554 1057 175 28 grundlagsenlig
749 1057 131 28 behandling
905 1058 47 21 frän

223 1092 130 21 Ständernas
368 1091 47 22 sida
432 1091 24 21 af
468 1091 55 21 hvad
541 1091 120 28 Kejserliga
680 1091 161 28 Förordningen
863 1091 40 21 den
925 1092 27 20 24

222 1126 91 28 Augusti
327 1126 51 21 1827
393 1125 131 22 föreskrifvit
542 1133 34 14 om
592 1125 25 21 de
633 1125 160 28 grekisk-ryska
807 1125 146 21 trosförvand-

222 1165 70 18 ternes
311 1162 44 20 rätt
369 1160 34 21 till
417 1161 89 27 tjenster
521 1161 7 20 i
542 1159 79 26 landet,
640 1159 62 22 torde
723 1159 62 22 äfven
800 1159 7 21 i
822 1159 40 22 den
877 1160 24 21 af
914 1160 39 21 Ut-

222 1196 80 21 skottet
316 1202 29 14 nu
360 1195 6 20 i
381 1194 61 28 fråga
457 1196 56 19 satta
527 1194 126 27 förordning
677 1194 23 21 af
719 1193 182 28 grundlagsnatur
914 1194 38 21 bö-

222 1237 24 13 ra
260 1229 75 27 inflyta
349 1235 25 14 en
389 1229 103 26 paragraf
504 1229 23 20 af
541 1228 100 25 innehåll,
657 1230 32 18 att
704 1227 152 28 förordningen
876 1228 18 26 ej
917 1235 36 13 an-

223 1263 37 26 gär
275 1262 160 27 grekisk-ryska
448 1261 177 25 trosförvandter,

279 1296 61 21 Hvad
358 1295 139 29 lagförslaget
512 1296 8 20 i
534 1295 65 28 öfrigt
614 1295 102 21 beträffar
725 1295 39 21 har
775 1295 116 26 Utskottet,
907 1302 46 15 som

224 1338 63 14 anser
311 1330 101 22 rubriken
434 1330 33 21 till
484 1330 153 28 förordningen
652 1330 73 21 kunna
746 1330 124 28 godkännas
892 1330 61 22 äfven

226 1366 71 21 säsom
311 1364 75 22 rubrik
407 1364 33 21 till
462 1371 26 14 en
512 1364 83 21 mindre
619 1363 130 22 omfattande
774 1364 133 28 författning,
928 1372 26 13 ur

226 1400 84 21 hvilken
325 1399 186 28 bestämningarne
526 1399 23 22 af
562 1399 182 28 grundlagsnatur
762 1399 83 21 komme
865 1401 33 19 att
923 1399 30 21 öt-

225 1435 109 28 verflyttas
349 1433 33 22 till
397 1441 26 14 en
438 1434 91 21 särskild
544 1433 133 28 förordning,
693 1433 48 22 med
749 1433 114 28 anledning
871 1433 24 21 af
904 1433 49 21 den-

226 1476 28 15 na
268 1468 158 29 öfverflyttning
440 1470 54 19 trott
509 1469 31 27 sig
555 1468 54 21 böra
627 1475 26 14 ur
669 1469 110 27 ingressen
798 1468 94 21 utesluta
917 1469 36 26 148

223 1505 7 20 i
248 1504 53 21 1772
316 1504 34 20 års
365 1503 171 28 Regeringsform
552 1503 39 21 och
609 1503 8 20 1
633 1503 11 27 &
659 1503 7 20 i
681 1503 170 21 Presteständets
865 1502 88 22 Privile-

289 1543 139 23 Lagutskottets
441 1543 115 18 betänkande
568 1543 35 18 N:o
616 1544 25 17 14.
