1034 1698
309 135 26 18 U.
354 136 27 16 B.
398 145 26 3 —
441 136 50 17 Pr:
498 140 25 18 p.
541 136 45 17 Nio
602 136 38 17 40.
806 133 25 19 87

182 440 29 20 Pä
236 442 41 18 sätt
301 439 23 21 af
345 440 102 20 särskilda
462 440 75 20 ställen
553 440 6 19 i
575 440 58 20 detta
648 439 133 21 betänkande
798 439 61 20 fram-

116 475 42 27 gär,
174 474 38 20 har
226 474 186 27 handläggningen
428 474 23 20 af
465 474 138 21 förevarande
619 474 77 20 ärende
712 474 62 26 gifvit
789 473 70 20 anled-

114 509 49 26 ning
186 511 31 18 att
238 509 184 26 uppmärksamma
441 509 62 20 äfven
519 509 56 20 vissa
591 509 64 20 andra
670 509 77 26 frägor,
763 511 27 17 än
805 508 53 25 dem,

114 550 45 13 som
174 550 76 20 genom
267 543 75 26 sjelfva
358 543 193 27 värnepligtslagen
566 543 71 20 kunna
652 543 56 20 finna
723 543 31 20 sin
770 543 89 26 lösning.

114 578 48 20 Med
187 577 99 21 afseende
302 578 12 19 &
329 577 64 21 dessa
409 578 81 26 frägors
506 577 109 27 betydelse
631 577 39 20 och
686 577 36 20 det
736 580 51 17 nära
806 583 53 14 sam-

115 611 55 21 band
185 612 58 19 hvari
259 612 26 19 de
301 612 32 20 stä
349 611 32 20 till
399 612 64 26 sagde
480 612 41 26 lag,
537 612 38 19 har
583 611 109 21 Utskottet
701 613 50 18 trott
762 611 32 26 sig
802 611 58 26 böra,

111 647 66 26 jämte
200 647 97 19 vördsam
320 646 124 26 hänvisning
460 646 31 19 till
507 646 40 20 den
563 649 96 17 närmare
674 645 126 27 motivering
814 652 46 13 som

113 679 90 27 tidigare
226 680 87 26 anförts,
337 680 75 27 bringa
432 680 31 19 till
487 679 129 21 Ständernas
638 680 105 26 pröfning,
759 679 102 20 huruvida

115 713 48 20 icke
185 715 6 18 i
207 714 186 20 svarsskrifvelsen
409 715 12 18 å
436 715 40 19 den
492 715 78 26 nådiga
584 714 159 27 propositionen
759 713 101 20 underdä-

113 748 35 27 nig
164 749 126 19 hemställan
305 748 65 21 borde
387 751 62 24 göras
465 749 90 20 rörande
571 749 26 20 de
612 751 75 17 ämnen
696 748 54 21 och
736 743 12 36 i
761 748 35 20 det
804 747 56 27 syfte

114 782 91 27 följande
221 782 181 27 förslagspunkter
417 783 114 20 innehålla:

248 834 29 20 1:0
294 837 31 18 att
341 834 28 21 då
385 835 7 20 i
407 835 66 20 sinom
488 834 32 21 tid
535 834 80 28 förslag
636 833 102 29 uppyöres
753 833 33 21 till
795 840 26 21 ny
830 832 30 22 be-

179 868 104 26 skattning
305 868 34 28 för
363 868 24 22 de
414 869 95 20 m:litära
525 868 125 28 utgrfternas
666 867 136 26 bestridande,
817 868 43 19 sär-

178 902 55 20 skild
246 903 104 27 pröfning
366 903 61 20 måtte
446 910 62 20 egnas
523 902 86 28 frågan,
625 902 103 20 huruvida
744 901 36 21 och
790 901 71 20 ihvad

178 936 49 20 män
249 936 72 21 dervid
345 936 61 21 borde
423 940 60 24 tagas
500 936 78 27 hänsyn
593 936 34 20 till
642 936 24 20 de
680 936 51 26 från
747 934 114 21 vusthällen

179 969 37 21 och
231 972 88 18 votarna
335 970 103 28 utgående
453 970 179 28 vakansafgifter;

247 1012 52 18 samt
323 1012 31 18 alt
369 1012 32 18 det
418 1010 84 28 jämräl
516 1010 63 20 måtte
595 1009 67 28 blifra
676 1008 90 28 föremål
779 1009 35 27 för
824 1015 38 14 un-

179 1043 129 28 dersökning,
324 1043 104 22 huruvida
444 1052 24 12 cn
483 1044 104 28 reglering
603 1051 46 13 vore
662 1042 105 29 påkallad
774 1042 46 22 med
828 1042 32 28 af-

178 1079 69 20 seende
263 1079 13 19 å
299 1080 222 26 angmentsräntornas
543 1078 135 28 förhållande
694 1077 34 21 till
738 1077 124 21 rusthållens

179 1112 120 21 nuvarande
325 1113 140 27 skyldigheter
482 1113 37 27 för
533 1112 68 20 såvidt
617 1112 75 20 sådant
708 1112 42 21 läte
766 1112 30 26 sig
810 1112 54 27 göra

179 1150 50 17 utan
245 1146 89 28 verkligt
349 1147 85 27 intrång
450 1148 8 19 i
474 1146 107 22 bestående
595 1146 99 28 förmöger
706 1146 156 24 hetsjörhäilan-

179 1180 44 22 den.

247 1221 34 20 2:0
304 1223 31 18 att
359 1221 58 20 Hons
442 1220 118 28 Kejserliga
584 1220 98 27 Majestät
704 1220 9 20 i
727 1219 66 22 nåder
807 1219 55 28 ville,

179 1255 31 20 uti
233 1255 32 20 det
278 1254 34 21 t.ll
327 1255 60 20 nästa
402 1255 32 20 lar
441 1255 65 26 dtdag
522 1254 124 28 afgifvonde
660 1253 80 29 förslag
756 1253 106 28 angående

179 1289 122 20 anvi-andet
312 1288 27 29 af
351 1289 63 20 medel
431 1289 33 20 till
480 1289 38 20 den
531 1287 68 28 finska
614 1287 114 21 militärens
744 1287 118 27 underhåll,

179 1323 45 19 låta
249 1323 51 25 ingå
323 1322 113 26 beräkning
457 1323 26 24 af
508 1322 75 26 anslag
606 1321 33 20 till
654 1323 32 18 det
702 1321 35 27 för
752 1321 24 20 de
792 1321 71 20 aktiva

179 1358 126 25 truppernas
326 1355 98 28 behöriga
444 1355 120 26 utbildning
580 1355 37 20 och
631 1355 35 26 för
681 1354 121 21 samverkan
817 1355 47 20 med

179 1390 45 21 dem
239 1388 140 30 erforderliga
394 1389 97 21 artilleri.

247 1431 34 20 3:0
297 1433 32 18 utt
345 1430 33 21 det
393 1430 63 21 måtte
472 1430 23 26 af
506 1429 104 28 Styrelsen
619 1429 75 28 tagas
687 1424 10 37 i
704 1428 158 29 öfvervägande,

180 1465 105 21 huruvida
308 1465 43 21 icke
371 1464 145 29 gymnastiken
542 1465 8 19 i
564 1463 98 22 skolorna
677 1463 110 28 efterhand
802 1463 62 22 borde

183 1511 200 23 Värnepligtsutskottets
395 1511 112 17 Betänkande
520 1510 32 18 N:o
566 1511 14 18 1.
