1039 1692
309 159 25 19 U.
351 160 27 17 8.
396 169 22 3 —
437 160 80 22 Prop.
535 160 43 17 N:o
595 160 37 17 40.
792 156 24 19 61

103 225 34 20 2:0
153 226 99 25 nämnda,
267 224 49 21 eller
332 224 35 21 ock
382 225 65 28 aftagt
462 224 144 21 motsvarande
622 223 162 29 kunskapsprof,
795 226 53 18 samt

102 259 25 21 de
142 259 72 21 hvilka
228 259 113 28 undergått
360 260 202 27 sjökaptensexamen
578 259 57 27 tjena
650 259 9 19 i
673 258 56 21 aktiv
744 258 61 27 tjenst
821 260 26 17 ett

102 293 25 20 år
142 293 38 20 och
194 293 36 20 vid
245 300 91 14 reserven
350 293 52 28 fyra
417 294 33 19 år.

408 376 10 21 $
434 374 33 19 34.
484 374 56 24 (41.)

169 430 12 20 I
196 430 42 29 fall
261 430 24 21 de
300 431 9 20 i
322 437 60 14 mom.
402 431 15 20 2
432 431 37 20 och
484 431 15 20 3
514 431 15 27 $
543 430 30 21 33
589 430 48 27 (40)
653 429 121 21 omnämnde
799 435 48 22 per-

100 471 59 14 soner
173 465 87 20 inträda
274 465 38 20 vid
326 465 57 20 aktiv
398 468 65 25 trupp
476 465 32 28 på
522 465 71 28 grund
605 465 27 27 af
641 464 95 28 lottning,
746 463 101 21 anställas

101 499 24 20 de
147 499 19 27 ej
185 501 8 19 i
216 499 141 28 befattningar
382 499 48 21 eller
460 499 192 28 kommenderingar
681 502 56 18 utom
758 499 90 28 fronten,

101 533 65 21 derest
188 534 25 20 de
235 534 19 27 ej
274 534 71 28 sjelfve
368 534 70 21 dertill
454 534 115 27 samtycka;
584 533 51 22 dock
650 537 31 18 att
696 533 79 23 läkare,
796 535 52 17 vete-

100 569 83 20 rinärer
206 568 36 21 och
263 569 141 28 farmaceuter
424 569 109 20 användas
557 569 32 28 på
610 569 41 20 sätt
673 575 42 14 som
733 571 116 18 motsvarar

101 603 87 20 enhvars
201 602 56 27 yrke.

221 671 22 23 E)
257 673 37 18 Om
306 673 99 17 befrielse
418 672 26 22 på
456 673 68 22 grund
536 673 23 17 af
569 673 44 17 kall
621 673 40 16 och
672 673 56 20 yrke.

408 738 10 21 $
434 737 32 18 35.
486 736 55 25 (42.)

170 794 60 20 Från
251 794 143 28 värnepligten
422 794 100 27 frikallas
552 796 80 26 prester
655 794 26 28 af
701 793 44 21 alla
768 793 80 21 kristna

100 828 181 26 trosbekännelser,
310 829 104 27 äfvensom
447 828 106 21 ordinarie
583 828 49 21 eller
655 828 193 28 tjenstförrättande

98 862 140 28 psalmläsare
256 862 26 28 af
300 862 155 28 grekisk-ryska
470 862 182 27 trosbekännelsen,
674 862 71 20 hvilka
760 861 89 29 afslutat

100 898 35 28 för
150 898 46 20 dem
210 897 101 28 stadgade
326 898 76 20 kurser.

410 987 10 21 s
436 985 32 19 36.
484 985 55 25 (43.)

172 1042 69 21 Under
262 1042 91 28 fredstid
374 1042 100 28 frikallas
495 1043 50 28 från
565 1042 56 21 aktiv
643 1043 143 27 tjenstgöring,
801 1043 46 21 med

100 1076 118 30 skyldighet
240 1076 51 21 dock
313 1080 31 18 att
364 1078 7 19 i
384 1077 44 27 fem
442 1078 35 20 års
492 1077 33 21 tid
546 1077 77 21 räknas
645 1076 34 22 till
697 1084 90 14 reserven
810 1078 37 20 och

100 1111 91 27 derefter
213 1111 34 20 till
262 1111 133 21 landtvärnet
410 1111 95 28 följande
518 1118 105 22 personer,
639 1111 28 20 då
689 1112 24 20 de
726 1112 32 27 på
775 1112 72 28 grund

100 1145 27 28 af
139 1148 86 25 uttagen
240 1145 37 21 lott
293 1146 62 20 borde
370 1146 87 20 inträda
472 1146 36 20 vid
523 1145 71 21 aktiva
602 1148 125 25 trupperna,
735 1146 112 28 nemligen:

172 1199 28 19 1:o
224 1197 90 27 Läkare,
335 1197 103 21 anställde
452 1198 8 20 i
475 1200 75 19 statens
568 1198 49 21 eller
632 1197 131 21 kommunens
778 1198 67 27 tjenst,

101 1231 105 28 äfvensom
221 1232 236 28 apoteksföreståndare,

165 1284 41 21 2:o.
231 1284 81 21 Lärare
334 1283 59 22 såväl
408 1283 35 21 vid
458 1283 45 21 alla
518 1283 107 28 offentliga
647 1291 43 13 som
712 1283 35 21 ock
769 1285 36 20 vid
821 1285 24 20 de

97 1318 94 20 enskilda
206 1318 198 27 läroinrättningar,
420 1318 70 19 hvilka
506 1318 83 26 åtnjuta
604 1318 112 20 understöd
734 1319 27 26 af
772 1321 73 23 staten,

97 1351 50 20 eller
162 1351 81 20 hvilkas
258 1351 86 27 stadgar
360 1351 71 27 blifvit
446 1351 27 27 af
484 1351 97 27 styrelsen
596 1350 129 28 fastställda,
747 1352 46 20 med
807 1353 38 20 vil-

98 1385 37 20 kor
155 1387 31 19 att
208 1384 24 21 de
247 1384 81 28 årligen
343 1384 66 21 under
424 1387 29 18 tre
468 1385 36 20 års
518 1385 39 26 tid,
567 1383 91 22 räknadt
672 1384 51 28 från
739 1385 60 21 deras
813 1386 32 20 in-

97 1419 106 28 skrifning
225 1419 36 20 vid
283 1425 97 19 reserven,
404 1418 34 21 hos
453 1417 151 22 vederbörande
626 1418 162 29 uppbådsnämd
810 1419 36 28 för

104 1453 154 29 värnepligtens
280 1453 151 21 verkställande
446 1453 64 28 förete
526 1453 92 27 behörigt
633 1454 58 27 intyg
707 1453 94 29 deröfver
816 1457 31 18 att

99 1488 24 21 de
137 1487 136 29 fortfarande
286 1488 73 28 utöfva
373 1488 32 19 sin
421 1487 142 28 läraresyssla.

170 1533 199 23 Värnepligtsutskottets
382 1533 112 17 Betänkande
506 1533 34 17 N:o
554 1533 15 17 1.
