1023 1706
308 156 27 19 U.
347 151 28 24 B.
387 166 22 4 —
421 156 81 25 Prop.
515 158 44 18 N:o
571 154 44 22 40.

357 416 251 31 Värnepligtsutskottets
626 418 65 25 andra
705 418 83 31 förslag
801 418 32 25 till

290 453 203 30 sammanjemkning
511 453 24 24 af
553 451 102 27 Ståndens
673 454 7 23 i
699 454 60 24 vissa
777 454 57 23 delar

289 487 126 30 skiljaktiga
429 487 69 24 beslut
513 488 46 24 med
574 488 99 24 afseende
688 486 13 26 å
715 487 75 31 frågan
801 495 32 17 om

288 521 111 24 införande
414 522 23 24 af
451 523 75 24 allmän
542 523 120 30 värnepligt
676 523 7 24 i
698 523 75 24 landet.

157 604 80 22 Genom
249 605 199 28 protokollsutdrag
458 605 47 22 från
517 605 99 28 samtliga
627 605 67 22 Stånd
704 606 39 21 har
753 606 81 22 Värne-

85 639 174 28 pligtsutskottet
277 639 72 22 funnit
366 640 79 27 utredt,
465 642 33 20 att
512 647 89 15 numera
616 641 93 27 lagenlig
723 641 112 27 pluralitet

84 675 8 20 i
106 675 98 21 besluten
220 675 86 21 vunnits
321 675 92 22 rörande
429 675 42 22 alla
480 675 25 28 $$
517 676 7 21 i
534 675 105 27 förslaget
649 676 31 21 till
692 676 141 27 värnepligts-

85 709 41 27 lag,
143 709 39 22 och
197 716 63 15 anser
275 709 113 22 Utskottet
403 710 33 27 sig
451 710 54 21 böra
520 710 104 22 särskildt
635 711 84 21 anmäla
729 712 33 20 att
769 713 65 19 samt-

85 744 44 27 liga
148 745 27 20 de
193 745 32 20 uti
245 745 111 26 ingressen
371 745 33 21 till
420 745 62 27 lagen
498 745 70 22 såsom
584 745 250 27 grundlagsstadganden

85 781 110 25 upptagna
210 779 30 28 $$,
256 779 78 22 liksom
351 779 40 22 ock
407 781 39 20 120
462 780 17 27 &,
496 779 71 23 blifvit
585 779 23 22 af
621 780 42 21 alla
677 779 48 28 fyra
741 780 93 21 Ständen

85 814 119 27 godkända.

156 849 103 20 Deremot
274 849 45 26 har,
335 849 68 26 enligt
418 848 56 22 hvad
489 855 82 15 samma
586 849 199 28 protokollsutdrag
796 849 39 28 gif-

87 890 26 15 va
128 883 35 21 vid
182 883 90 27 handen,
288 890 51 21 nyss
351 883 92 22 nämnda
457 884 90 27 ingress,
564 884 52 21 eller
632 884 40 21 den
688 890 75 15 senare
773 884 61 22 delen

86 919 23 21 af
129 919 143 26 inledninger,
295 919 149 21 innehållande
466 920 33 20 att
520 919 59 22 vissa
601 919 24 28 $$
645 919 67 22 ändra
730 919 105 28 grundlag

88 953 39 22 och
142 954 67 21 borde
225 953 70 22 såsom
311 953 251 28 grundlagsstadganden
581 954 117 27 betraktas,
714 954 71 21 blifvit
800 961 35 15 en-

86 989 50 21 dast
151 989 22 20 af
187 991 33 19 tre
236 989 68 21 Stånd
319 990 98 25 antagen,
438 995 47 15 men
503 989 112 22 förkastad
631 989 22 21 af
666 989 168 27 Presteståndet,

87 1029 46 16 som
148 1023 101 22 omfattat
264 1023 40 22 den
320 1024 33 20 till
368 1023 146 22 betänkandet
532 1024 7 21 i
555 1024 60 21 detta
635 1026 60 19 ämne
710 1023 78 28 fogade
802 1030 33 15 re-

87 1058 114 21 servation.

159 1092 31 21 På
205 1092 36 21 det
257 1094 32 19 att
299 1092 126 27 fullständig
437 1092 183 27 samstämmighet
629 1093 130 21 härutinnan
769 1093 67 21 måtte

86 1133 69 26 ernås,
171 1133 34 20 får
220 1132 113 22 Utskottet
347 1133 110 21 vördsamt
471 1133 89 27 inbjuda
575 1132 204 22 Presteståndet

294 1199 33 18 att
348 1196 9 21 i
379 1195 68 22 likhet
468 1196 47 21 med
537 1196 25 21 de
582 1196 75 29 öfriga
674 1196 95 22 Stånden
784 1196 53 29 god-

223 1231 73 21 känna
307 1231 130 27 förberörde
452 1231 89 28 ingress.

159 1305 70 22 Jemte
253 1306 36 21 det
312 1306 99 27 samtliga
433 1305 66 22 Stånd
515 1305 96 28 godkänt
626 1306 123 21 Utskottets
765 1307 7 20 i
787 1307 49 20 dess

88 1340 135 21 betänkande
241 1346 34 15 n:o
295 1341 12 19 3
323 1340 76 26 gjorda
421 1339 81 26 förslag
518 1345 33 15 om
568 1340 66 20 sådan
649 1340 125 26 förändring
789 1341 23 20 af
826 1341 11 26 $

89 1375 19 25 2,
125 1375 32 20 att
172 1373 65 26 något
253 1373 118 26 stadgande
387 1373 109 26 angående
508 1372 197 27 vakansafgifterna
720 1373 18 27 ej
755 1373 83 22 komme

87 1410 33 20 att
135 1408 45 21 deri
195 1408 56 27 ingå,
267 1407 64 22 hafva
347 1407 94 22 Stånden
456 1408 6 20 i
478 1407 62 28 fråga
556 1414 33 15 om
601 1407 26 22 de
637 1407 110 28 angående
758 1415 80 14 samma

88 1443 87 28 afgifter
193 1443 127 21 framstälda
343 1443 126 21 uttalanden
488 1443 12 20 å
515 1443 40 21 sid.
571 1443 27 21 40
614 1443 39 21 och
667 1444 26 20 41
711 1443 23 21 af
747 1443 92 22 nämnda

88 1479 135 21 betänkande
239 1478 87 21 stadnat
341 1478 7 21 i
364 1478 93 27 följande
474 1477 124 28 skiljaktiga
613 1478 81 21 beslut:

161 1519 200 23 Värnepligtsutskottets
373 1519 246 22 sammanjemkningsförslag.
