1048 1695
274 146 27 18 U.
317 147 29 18 B.
364 156 22 3 —
404 147 82 21 Prop.
502 147 46 18 N:o
563 147 38 18 40,
795 145 25 20 25

104 213 122 26 förändring
249 213 23 20 af
294 216 43 21 $:ns
362 214 80 25 ingress
468 215 79 18 ansetts
573 214 70 25 nödig,
666 213 27 26 på
717 213 35 20 det
775 215 30 18 att
826 221 24 12 ur

104 248 122 19 densamma
240 248 34 19 må
290 248 81 26 framgå
386 250 31 18 att
437 248 25 19 de
477 248 7 19 i
500 250 30 22 $:n
547 248 76 20 nämda
638 248 135 26 undantagen
793 248 57 27 gälla

106 282 58 19 aktiv
179 282 139 26 tjenstgöring
335 282 58 19 såväl
408 281 65 20 under
489 281 64 20 freds-
570 289 44 12 som
629 281 96 28 krigstid.

172 314 147 28 Anmärkning
335 315 14 20 I
363 316 103 19 likställer
480 316 7 18 i
503 315 58 20 detta
577 315 98 28 afseende
685 315 104 26 stjufbarn
803 317 47 18 med

104 357 55 19 egna
173 350 59 25 barn,
247 349 111 20 hvaremot
373 350 117 20 fosterbarn
506 350 6 19 i
528 350 148 19 motsvarande
692 349 99 27 ställning
803 350 48 20 icke

104 384 131 27 undantagas
257 384 46 19 från
326 384 58 20 aktiv
406 385 145 26 tjenstgöring.
582 384 46 20 Den
643 385 81 26 vigtiga
739 384 32 19 rol
786 385 63 26 adop-

105 419 71 19 tionen
192 419 69 26 spelar
277 418 63 20 bland
354 419 83 19 landets
456 419 97 25 allmoge,
572 419 7 18 i
594 418 36 20 det
645 420 30 18 att
690 425 101 19 personer
806 419 45 19 ofta

104 454 94 26 upptaga
212 453 52 20 barn
284 452 66 20 under
368 453 140 27 förhoppning
527 454 29 18 att
572 452 28 26 på
615 452 135 20 ålderdomen
767 452 22 20 af
803 453 46 19 dem

104 488 82 26 åtnjuta
202 487 53 27 stöd,
272 494 62 20 synes
350 487 102 20 motivera
468 494 23 13 en
508 486 145 27 utsträckning
669 486 62 20 äfven
747 486 31 20 till
790 487 62 20 dessa

106 522 22 19 af
141 522 26 19 de
182 522 5 19 i
204 524 31 22 $:n
251 521 107 26 medgifna
374 522 123 26 eftergifter.
529 522 39 19 För
584 523 31 17 att
626 522 117 19 emellertid
755 522 96 20 försvåra

105 556 82 26 möjligt
202 555 158 20 missbrukande
376 556 23 19 af
412 556 58 19 detta
480 555 155 27 medgifvande,
646 556 38 19 har
695 556 108 20 Utskottet
815 562 36 13 an-

104 592 43 18 sett
158 592 30 17 att
204 590 71 19 åldern
290 590 64 19 innan
368 590 84 19 hvilken
474 590 101 26 adoption
591 589 39 20 bör
637 590 64 20 hafva
709 590 62 26 skett,
780 589 32 20 för
821 591 31 18 att

105 624 110 20 föranleda
238 624 64 20 sådan
326 623 101 27 eftergift,
453 624 38 20 bör
513 623 115 21 fastställas
644 624 32 19 till
696 624 29 20 tio
741 624 29 19 år.
802 624 49 19 Der-

102 659 66 26 jämte
190 658 38 20 har
246 658 36 19 det
304 658 75 25 tillägg
401 658 32 18 till
456 658 138 25 anmärkning
616 657 9 20 I
651 658 66 26 gjorts
741 660 30 17 att
787 658 64 19 sådan

104 692 99 21 befrielse
226 698 51 20 eger
298 698 45 14 rum
366 692 74 19 endast
458 692 32 20 för
508 692 40 20 den
562 692 101 20 händelse
679 692 58 26 stjuf-
753 692 51 20 eller
820 692 30 20 fo-

105 726 175 21 sterföräldrarna
295 725 48 21 icke
358 732 40 20 ega
413 725 112 28 arbetsföre
541 729 68 17 söner.

172 761 42 19 Det
229 760 6 20 i
251 760 139 28 anmärkning
405 759 40 21 III
458 760 102 26 stadgade
576 760 106 27 undantag
698 760 46 20 från
752 761 99 20 befrielse

105 797 7 19 i
127 795 93 27 enlighet
234 795 49 20 med
298 795 67 26 tredje
387 794 117 27 kategorin,
523 795 32 19 för
571 795 47 26 den,
637 795 62 19 hvars
714 798 93 18 närmast
823 795 29 21 äl-

106 831 36 19 dre
157 829 77 21 broder
256 829 33 19 för
312 829 126 20 förfallolöst
460 829 144 20 uteblifvande
623 829 46 19 från
686 829 98 27 lottning,
801 830 51 19 eller

106 865 40 19 ock
162 864 33 19 för
210 863 120 26 bedrägligt
348 863 121 19 förfarande
488 863 51 19 eller
551 863 133 26 lemlästning
695 863 70 20 blifvit
776 864 6 19 i
794 864 58 19 aktiv

106 899 64 26 tjenst
193 897 81 20 anstäld
298 903 63 20 synes
384 897 32 19 stå
437 897 6 18 i
468 897 50 20 strid
533 897 48 20 med
597 897 40 20 den
652 897 87 20 allmänt
754 898 97 26 gällande

105 931 139 26 rättsmaxim,
268 931 66 26 enligt
355 931 85 20 hvilken
456 931 54 19 blott
525 931 40 19 den
580 937 44 14 som
640 931 73 26 begått
729 938 25 13 en
770 931 81 27 förbry-

107 967 52 20 telse
182 965 70 20 derför
274 964 24 20 af
316 965 63 26 lagen
402 965 38 20 bör
463 965 88 19 straffas.
581 965 46 20 Den
644 965 82 26 hänsyn
741 965 33 20 för
789 965 62 20 föräl-

107 1001 58 20 drars
198 999 74 20 kärlek
296 999 31 19 till
352 999 46 19 sina
427 999 58 26 barn,
513 999 86 20 hvilken
624 1001 61 25 utgör
710 1000 88 19 motivet
821 1001 31 19 till

107 1035 69 20 denna
191 1033 94 26 eftergift
300 1039 62 20 synes
377 1033 28 26 på
419 1033 53 20 intet
488 1034 41 18 sätt
544 1033 61 20 deraf
620 1033 117 26 upphäfven
751 1035 31 18 att
795 1041 26 12 en
831 1035 24 19 af

107 1069 61 20 deras
184 1071 67 23 söner,
268 1067 46 20 dem
330 1067 75 27 sjelfva
420 1067 104 20 måhända
543 1067 104 20 ovetande
665 1067 39 21 och
720 1069 57 19 emot
792 1068 60 20 deras

106 1104 58 25 vilja,
187 1104 55 25 gjort
258 1102 32 26 sig
305 1101 84 26 skyldig
408 1101 31 19 till
455 1101 144 20 försummelse
615 1102 50 19 eller
682 1102 91 26 svekligt
788 1102 63 20 förfa-

106 1137 71 20 rande.
207 1136 109 20 Utskottet
331 1135 37 19 har
384 1135 70 20 derför
476 1137 69 18 ansett
561 1136 68 19 denna
647 1136 138 26 anmärkning
801 1136 51 20 böra

107 1172 46 19 från
168 1169 192 27 värnepligtslagen
376 1170 56 25 utgå.

176 1205 101 19 Deremot
284 1204 38 19 har
332 1203 108 20 Utskottet
452 1203 66 20 funnit
532 1205 31 22 $:n
574 1203 69 20 tarfva
654 1205 30 18 ett
696 1203 157 27 förtydligande

107 1240 7 19 i
130 1240 40 19 den
188 1239 92 26 riktning
296 1239 31 19 att
342 1244 32 13 om
391 1244 25 13 en
431 1238 65 19 redan
511 1238 6 19 i
532 1238 64 25 tjenst
611 1238 83 19 anstäld
713 1238 141 26 värnepligtig

108 1279 76 21 genom
200 1279 74 13 senare
289 1271 98 20 inträffad
402 1271 100 20 händelse
517 1271 96 20 kommer
632 1271 65 20 under
711 1272 65 26 något
792 1272 23 19 af
828 1272 25 19 de

108 1306 145 21 förhållanden
276 1313 44 13 som
342 1306 7 19 i
365 1308 31 21 $:n
412 1306 96 26 omtalas,
526 1306 42 20 han
582 1305 39 20 bör
636 1305 31 20 till
682 1306 55 25 godo
753 1307 59 24 njuta
827 1306 26 19 de

107 1341 39 20 här
160 1340 97 27 inrymda
272 1339 124 27 eftergifter.

176 1375 46 19 Den
244 1375 7 18 i
274 1376 31 22 $:n
324 1373 80 28 gjorda,
423 1373 46 19 från
491 1373 40 19 den
554 1372 64 27 ryska
633 1372 220 27 värnepligtsstadgan

109 1409 83 27 lånade,
207 1409 134 26 indelningen
356 1408 7 19 i
379 1407 121 27 kategorier
515 1407 23 20 af
551 1407 47 20 dem
615 1413 44 14 som
673 1407 28 26 på
711 1407 66 27 grund
791 1407 22 20 af
821 1407 31 20 fa-

109 1443 204 28 miljeförhållanden
328 1443 81 26 åtnjuta
424 1442 94 27 eftergift
533 1442 6 19 i
557 1441 156 27 värnepligtens
728 1441 124 27 utgörande,

109 1478 70 21 kunde
201 1484 51 13 vara
275 1477 92 26 behöflig
381 1477 48 20 med
445 1476 99 21 afseende
562 1477 12 19 å
589 1476 168 26 slutstadgandet
771 1477 7 18 i
794 1479 9 21 $
819 1476 33 25 89,

181 1523 197 24 Värnepligtsutskottets
391 1523 111 17 Betänkande
515 1521 35 18 N:o
564 1523 15 16 1.
