1042 1695
312 139 28 20 U.
353 139 31 19 B.
398 151 21 2 —
432 140 81 24 Prop.
526 141 47 19 N:o
585 140 39 20 38.
800 141 12 20 5

99 204 48 22 med
166 204 25 22 de
207 205 69 28 öfrige,
294 206 113 22 aflemnade
422 207 75 21 tvänne
512 206 141 28 underdäniga
667 206 175 28 författningsför-

98 241 51 27 slag,
166 240 34 22 det
216 247 38 15 ena
269 242 165 21 reservationsvis
450 242 111 28 uppgjordt
577 242 23 21 af
608 242 136 27 nyssnämnde
754 241 87 21 komit6-

98 275 96 21 ledamot.
226 276 58 21 Efter
306 276 35 21 det
363 276 109 28 yttranden
490 277 57 21 öfver
562 277 59 21 dessa
635 276 77 28 förslag
726 276 69 22 blifvit
809 276 33 21 in-

98 310 96 21 hemtade
216 310 17 28 ej
257 311 79 21 mindre
360 311 22 21 af
403 311 103 29 ätskilliga
524 312 133 25 embetsverk,
673 314 27 19 än
716 312 23 20 af
752 311 91 21 enskilda

98 351 101 21 personer,
220 345 69 23 hvilka
309 346 77 22 ansetts
405 352 38 22 ega
458 347 115 21 erfarenhet
587 347 8 21 i
609 346 127 22 bedömande
752 346 23 22 af
787 346 54 22 före-

98 381 88 21 varande
202 383 66 25 ämne,
285 382 99 21 förelades
400 381 114 23 Ständerna
528 382 34 22 vid
580 383 55 21 1872
652 382 31 22 års
693 382 100 28 landtdag
804 381 37 22 nä-

98 417 35 27 dig
156 418 125 26 proposition
304 418 33 21 till
359 417 122 29 författning
503 418 7 21 i
533 418 67 25 saken,
622 418 93 27 grundad
735 417 26 28 pä
776 418 65 27 begge

98 452 132 22 nästberörda
252 453 77 27 förslag
351 453 39 21 och
412 453 140 22 innefattande
565 453 78 28 jemväl
658 453 102 28 ätskilliga
775 452 66 22 admi-

98 487 107 22 nistrativa
220 488 158 27 bestämningar,
395 489 56 21 öfver
466 489 69 21 hvilka
551 488 114 22 Ständerna
679 488 104 22 lemnades
797 488 44 21 till-

98 523 48 21 fälle
166 524 32 21 att
216 523 31 28 sig
262 524 61 27 yttra.
354 524 37 21 Uti
406 525 36 20 sitt
458 524 139 27 underdäniga
613 530 46 15 svar
673 524 7 21 i
696 524 110 27 anledning
821 523 24 22 af

98 559 67 21 denna
187 559 125 27 proposition
335 559 91 22 uttalade
448 559 113 22 Ständerna
582 559 39 22 den
637 559 58 28 äsigt,
713 560 32 21 att
760 559 34 21 det
809 559 34 21 till

97 593 48 22 dem
161 594 150 21 öfverlemnade
321 594 230 28 författningsförslaget
561 594 22 21 sä
593 594 82 28 mycket
685 594 78 21 mindre
773 594 69 21 kunde

96 629 52 21 utan
170 635 26 15 en
219 629 122 27 fullständig
364 630 142 27 omarbetning
528 632 60 25 göras
607 629 67 22 säsom
689 630 35 27 lag
740 629 100 28 gällande,

97 671 45 15 som
158 665 114 21 detsamma
287 665 90 20 innehöll
392 665 70 21 alltför
476 665 75 28 mänga
566 665 181 28 reglementariska
757 666 38 19 och
805 665 36 21 de-

97 699 105 29 taljerade,
223 700 33 21 till
275 699 39 22 den
329 700 164 21 administrativa
508 700 155 28 lagstiftningen
679 700 89 21 hörande
783 700 57 22 stad-

98 735 86 28 ganden,
208 735 68 21 hvilka
298 735 18 27 ej
339 736 62 21 borde
417 738 59 25 göras
491 736 100 21 beroende
607 735 22 22 af
643 735 124 22 Ständernas
782 736 59 21 med-

98 771 81 26 verkan,
204 773 49 19 enär
267 770 59 22 dessa
341 771 127 27 stadganden
484 771 101 21 sannolikt
599 770 68 22 kunde
683 770 65 22 under
762 771 81 21 tiderna

97 806 89 22 emellan
206 806 147 28 landtdagarne
372 806 88 21 behöfva
475 806 132 22 underkastas
623 806 146 28 förändringar.
801 806 41 22 Vid

96 842 75 21 sådant
194 841 126 22 förhållande
343 842 67 21 kunde
434 841 114 22 Ständerna
567 842 43 21 icke
626 842 108 27 godkänna
749 842 39 21 den
803 842 38 21 nä-

97 877 49 28 diga
161 877 151 28 propositionen
328 876 127 25 oförändrad,
472 877 49 21 utan
539 877 74 28 antogo
629 877 32 20 för
675 877 32 21 sin
720 877 33 21 del
763 884 25 14 en
798 877 43 21 för-

97 913 88 27 ordning
204 912 8 21 i
227 913 76 25 ämnet,
319 912 141 21 innefattande
475 913 72 21 endast
562 912 25 21 de
603 912 103 21 allmänna
721 913 33 20 till
769 912 72 28 frägan

98 948 89 21 hörande
204 948 141 28 civilrättsliga
360 948 36 21 och
413 947 247 28 straffbestämningarna,
671 954 48 15 men
730 947 111 22 berörande

98 984 35 21 det
148 983 162 22 administrativa
326 983 92 21 omrädet
433 983 71 22 endast
519 983 23 22 sä
557 983 86 28 mycket,
661 989 44 16 som
716 983 77 22 ansetts
803 985 38 20 nö-

98 1019 45 28 digt
158 1019 31 21 för
205 1019 24 22 de
244 1019 162 28 privaträttsliga
419 1019 122 28 anspräkens
551 1019 145 28 betryggande,
708 1019 133 28 hvarigenom

98 1055 115 22 Ständerna
233 1054 91 29 äsyftade
340 1055 31 20 att
386 1054 74 22 bereda
475 1055 31 21 för
522 1054 103 28 Styrelsen
640 1054 111 28 tillräcklig
766 1053 76 22 latitud

98 1091 31 21 att
145 1096 75 22 genom
239 1091 45 21 sina
298 1089 70 28 påbud
383 1090 34 21 väl
432 1090 90 21 anordna
537 1090 150 28 förvaltningen
703 1090 23 21 af
738 1090 103 27 ifrägava-

98 1126 62 21 rande
175 1125 94 26 intresse;
285 1125 114 28 hvarjemte
415 1125 120 26 Ständerna,
550 1125 64 28 enligt
624 1125 78 22 hvilkas
713 1125 84 28 mening
807 1125 35 21 det

98 1162 18 26 ej
140 1167 35 16 ens
198 1161 66 22 blefve
286 1161 82 27 möjligt
387 1161 31 21 att
433 1161 8 21 i
456 1161 143 27 förordningen
616 1160 101 22 fastställa
731 1161 65 26 några
810 1160 33 21 för

98 1197 80 21 landets
193 1197 41 21 alla
248 1196 122 27 vattendrag
386 1196 174 27 ändamälsenliga
575 1195 38 22 och
623 1196 124 27 tillämpliga
757 1202 84 21 gemen-

98 1239 80 14 samma
199 1231 75 28 päbud,
292 1231 107 21 förordade
414 1231 95 27 speciella
524 1231 164 28 ordningsreglor
702 1231 33 21 för
749 1231 94 20 flottnin-

99 1273 40 21 gen
159 1267 8 21 i
187 1267 24 21 de
227 1266 97 22 särskilda
339 1266 153 27 vattendragen.
524 1266 75 21 Tillika
613 1267 38 20 och
667 1266 26 21 dä
708 1266 39 20 den
762 1266 82 27 knappa

98 1302 38 25 tid,
157 1302 107 21 hvaröfver
283 1300 114 22 Ständerna
412 1301 45 21 haft
472 1301 32 21 att
518 1301 32 21 för
565 1301 117 21 ändamålet
697 1301 86 27 förfoga,
799 1300 44 22 icke

98 1336 74 21 tillätit
197 1336 47 20 dem
269 1342 53 20 egna
346 1335 74 27 frägan
445 1335 39 21 den
509 1334 119 28 sorgfälliga
653 1335 38 21 och
716 1335 128 21 omfattande

100 1371 131 28 granskning,
248 1377 44 14 som
308 1370 79 21 ämnets
402 1370 45 27 vigt
462 1370 65 20 skulle
543 1369 83 26 fordrat,
644 1370 65 21 ehuru
723 1370 120 25 Ständerna,

100 1407 7 21 i
122 1405 133 23 betraktande
271 1405 23 22 af
307 1405 35 22 det
356 1407 49 19 nära
421 1411 41 22 nog
477 1405 96 22 rättslösa
587 1405 100 26 tillstånd,
703 1405 78 22 hvilket
795 1405 8 22 i
813 1405 32 22 af-

100 1442 74 22 seende
197 1441 12 21 å
231 1441 97 28 flottning
350 1441 22 21 af
392 1440 124 27 skogsalster
538 1441 35 27 egt
595 1447 53 19 rum,
666 1440 68 21 ansett
749 1440 32 28 sig
796 1441 50 21 böra

100 1478 70 21 lemna
190 1477 30 21 sin
241 1476 122 22 medverkan
378 1476 34 21 till
426 1482 26 15 en
466 1475 215 29 lagstiftningsåtgärd
696 1475 32 22 uti
742 1475 103 29 ifrågava-

149 1527 135 18 Sammansatta
299 1526 51 24 Lag-
366 1525 31 20 och
412 1525 180 19 Ekonomiutskottets
607 1525 111 19 betänkande
733 1525 38 19 N:o
786 1524 18 20 8.
