1023 1695
233 152 28 21 24
390 150 80 22 Ständ.
485 149 37 23 Sv.
539 162 26 2 —
581 150 70 26 Prop.
666 148 39 22 N:o
720 148 37 22 40.

208 212 78 26 anförd,
301 212 64 23 hafva
379 212 118 22 Ständerna
511 213 68 20 ansett
593 211 94 29 lämpligt
701 213 31 19 att
746 210 8 22 i
768 211 14 25 &
796 211 26 21 97
838 210 68 22 införa
920 218 26 13 en

207 246 125 30 hänvisning
350 246 32 23 till
397 247 14 26 &
427 247 26 21 18
468 245 8 22 i
490 244 203 30 Regeringsformen,
707 244 115 29 hvarjemte
837 244 110 28 ändringar

207 281 23 22 af
241 281 75 23 formel
329 282 63 25 natur
405 280 9 21 i
428 280 121 29 paragrafen
563 279 103 28 vidtagits.

275 314 259 30 Frivillighetsprincipen,
553 314 63 22 sådan
639 314 40 21 den
700 313 8 21 i
729 313 131 29 lagförslaget
880 313 66 21 finnes

207 350 85 25 erkänd,
311 350 39 21 och
369 349 22 21 af
405 349 116 22 Ständerna
538 350 113 28 yttermera
669 347 69 23 blifvit
752 347 116 26 utvecklad,
884 354 62 21 synes

206 386 73 26 utgöra
294 391 26 14 en.
333 383 124 28 nödvändig
475 383 50 29 följd
545 383 23 22 af
580 382 73 29 sjelfva
667 382 278 28 värnepligtsinstitutionen.

207 417 82 23 Genom
304 418 76 26 denna
400 417 81 28 princip
504 417 118 28 tillgodoses
641 416 103 22 enskildes
762 416 84 29 möjliga
860 416 86 21 kallelse

207 452 38 21 och
259 451 46 28 håg,
321 453 36 24 att,
373 451 66 22 afsedt
454 451 44 22 från
513 451 40 22 den
563 451 146 28 obligatoriska
718 449 228 30 tjensteskyldigheten,

207 493 52 21 egna
281 485 31 28 sig
333 485 22 22 åt
371 485 150 28 krigareyrket,
541 484 115 29 hvarjemte
679 485 40 22 den
738 484 104 29 utjemnar
856 485 38 21 och
908 483 39 22 för-

207 519 78 22 medlar
299 519 75 29 många
388 519 23 22 af
424 519 25 22 de
464 520 132 27 olägenheter
610 519 39 22 och
663 519 175 29 bristfälligheter,
853 519 73 21 hvilka
939 519 7 21 i

206 553 104 30 praktiskt
324 554 118 22 hänseende
457 554 82 22 vidläda
554 553 148 30 värnepligten.
733 553 103 23 Särskildt
850 553 54 22 afser
913 553 34 21 fri-

207 588 219 29 villighetsprincipen,
445 588 63 22 sådan
526 589 40 22 den
582 588 9 21 i
608 588 47 29 kap.
671 588 58 23 XIV
747 587 69 23 blifvit
832 587 114 30 tillämpad,

207 623 94 23 danande
316 623 23 25 af
350 623 76 28 nödiga
440 623 141 22 befälsämnen
595 623 32 22 för
642 623 40 21 den
692 622 149 30 värnepligtige
851 624 95 27 truppen.

275 658 51 21 Men
347 657 66 22 ehuru
431 657 116 23 Ständerna
568 657 27 29 pä
616 657 86 22 anförda
723 657 45 22 skäl
788 657 92 28 godkänt
898 658 25 21 de
941 657 7 22 i

208 692 56 21 detta
274 691 80 30 kapitel
363 691 101 29 ingående
474 691 240 28 hufvudbestämningar,
723 692 38 21 har
772 692 114 21 detsamma
895 692 52 21 dock

207 725 8 22 i
237 726 45 22 sina
304 725 141 23 enskildheter
466 728 77 20 ansetts
565 727 50 20 böra
636 726 93 28 undergä
751 725 99 23 särskilda
868 725 80 23 föränd-

207 760 74 30 ringar.

275 794 80 29 Vigten
369 792 24 24 af
406 796 30 20 att
451 802 26 14 en
492 796 79 27 strängt
585 794 66 28 sedlig
665 794 54 22 anda
732 794 61 22 räder
806 794 63 22 bland
880 793 24 23 de
915 794 33 22 fri-

208 828 78 29 villige,
307 836 62 21 synes
387 832 49 25 göra
458 836 25 13 en
502 828 110 22 förändrad
631 828 109 22 redaktion
757 829 23 21 af
793 830 13 26 $
823 830 40 21 100
878 829 68 28 nödig,

210 868 55 21 enär,
281 863 65 30 enligt
364 863 126 22 Ständernas
506 863 58 29 äsigt,
583 863 85 25 enhvar,
687 871 45 14 som
748 863 70 23 blifvit
836 863 62 22 dömd
916 863 32 22 för

209 898 54 22 brott
277 898 51 21 eller
343 897 42 23 står
399 897 67 22 under
480 897 61 23 tilltal
557 897 74 26 derför,
647 898 36 21 bör
697 897 46 22 från
759 897 24 22 de
798 897 108 30 frivilliges
921 899 26 20 le-

208 932 36 21 der
259 934 124 26 utestängas.

276 966 71 23 Sedan
365 969 119 19 momenten
503 968 32 21 1:0
553 967 38 21 och
610 967 32 22 2:o
661 966 23 23 af
697 968 14 25 &
725 967 29 22 40
768 967 66 22 delvis
848 975 101 14 samman-

209 1001 70 28 slagits
293 1001 33 22 till
341 1003 30 20 ett
386 1001 58 26 enda,
460 1001 106 22 äfvensom
581 1001 24 22 de
621 1001 8 21 i
643 1001 122 29 paragrafen
774 1001 105 28 medgifna
889 1001 59 22 efter-

208 1035 62 28 gifter
284 1035 9 21 i
307 1035 153 29 värnepligtens
475 1035 114 29 utgörande
603 1035 108 26 minskats,
729 1035 62 22 hafva
808 1036 140 28 stadgandena

209 1069 7 22 i
232 1071 13 26 8
261 1070 39 22 101
319 1069 47 22 icke
384 1069 80 22 kunnat
482 1070 69 29 undgå
565 1072 30 20 att
610 1070 60 21 deraf
682 1074 51 17 röna
747 1070 107 22 inverkan.
884 1071 12 20 I
911 1071 37 21 och

209 1103 32 22 för
257 1104 32 29 sig
307 1111 62 22 synes
386 1104 61 22 äfven
466 1105 39 21 den
520 1104 8 21 i
542 1103 120 30 paragrafen
678 1104 98 29 frivillige
791 1104 105 29 medgifna
910 1104 38 22 för-

209 1139 99 28 kortning
325 1138 24 22 af
363 1139 53 21 ända
435 1138 32 22 till
485 1141 32 20 tre
534 1138 104 26 månader,
657 1139 51 21 eller
725 1139 58 21 tolfte
798 1139 60 22 delen
874 1139 23 21 af
910 1139 39 21 den

209 1173 81 28 längsta
303 1173 169 28 tjenstgöringen,
488 1173 99 22 innebära
601 1181 26 14 en
642 1181 40 20 nog
695 1173 57 28 långt
761 1173 101 22 utsträckt
872 1173 78 22 undan-

209 1207 126 28 tagsförmån
350 1207 32 23 för
397 1208 40 21 den
451 1208 63 28 högre
529 1207 127 29 bildningen.
686 1207 32 22 På
732 1208 66 28 grund
813 1208 61 21 häraf
886 1207 62 22 hafva

209 1241 118 22 Ständerna
336 1243 67 19 ansett
413 1242 32 27 sig
454 1242 48 21 böra
517 1242 138 21 sammanföra
669 1243 25 20 de
709 1244 31 18 tre
755 1242 8 20 i
776 1241 121 28 paragrafen
908 1249 40 13 om-

209 1274 91 22 nämnda
318 1274 144 28 kategorierna
479 1275 33 21 till
529 1283 26 13 en
573 1275 54 21 enda
643 1275 39 21 och
700 1275 32 21 för
747 1275 46 21 dem
807 1275 101 22 fastställa
923 1283 25 13 en

209 1316 119 22 gemensam
337 1308 153 28 tjenstetermin
500 1308 23 22 af
531 1311 30 20 ett
570 1308 28 22 är.
622 1308 42 22 Till
677 1308 68 22 denna
757 1309 119 29 förändring
886 1308 63 23 hafva

210 1342 117 23 Ständerna
341 1342 70 23 funnit
425 1343 31 29 sig
470 1351 38 21 ega
522 1343 23 22 så
559 1343 85 28 mycket
658 1345 65 20 större
738 1343 116 29 anledning,
866 1352 44 14 som
920 1344 28 22 äf-

209 1385 41 14 ven
259 1376 9 22 i
277 1376 65 23 andra
351 1377 204 30 värnepligtssystem
566 1377 74 30 ettårig
654 1377 107 29 tjenstetid
776 1383 23 16 är
814 1378 39 21 den
868 1378 32 22 för
914 1378 33 22 fri-

210 1411 70 30 villige
295 1411 23 22 af
331 1412 67 22 denna
412 1413 93 28 kategori
519 1413 86 22 allmänt
619 1415 95 26 antagna.
743 1412 109 30 Derjemte
867 1413 37 22 har
914 1422 33 21 pa-

209 1445 96 30 ragrafen
319 1447 110 29 undergått
443 1451 76 18 smärre
534 1447 266 30 redaktionsförändringar,
817 1448 89 23 hvarvid
920 1448 27 23 äf

211 1490 39 17 ven
265 1481 106 29 iakttagits
386 1481 157 30 förkortningen
557 1483 24 23 af
592 1483 138 23 reservtidens
744 1482 67 31 längd.
