1023 1695
227 179 27 20 52

384 177 80 22 Ständ.
480 177 39 22 Sv.
533 189 26 3 —
575 177 70 28 Prop.
661 177 40 22 N:o
716 177 37 22 40.

267 245 83 21 rädena
364 246 8 20 i
385 245 61 27 följd
468 244 69 29 deraf
551 245 24 20 sä
593 245 86 28 mänga,
695 247 32 19 att
746 245 196 28 värnepligtsären-

267 279 55 21 dena
338 279 92 28 pröfvas
449 279 44 20 icke
508 280 30 27 af
549 286 25 14 en
589 279 66 21 nämd
670 279 73 21 kunna
758 279 134 26 medhinnas,
908 281 34 20 mä

268 315 28 19 ett
311 313 79 22 sådant
405 313 38 22 län
452 313 101 28 fördelas
568 314 8 20 i
591 314 34 20 två
640 314 91 26 kretsar,
743 313 41 28 för
796 314 71 21 hvilka
878 314 64 21 hvar-

267 347 53 22 dera
334 355 26 14 en
374 347 164 28 uppbädsnämä
554 348 107 21 tillsättes.

370 434 2 2 |
573 406 15 26 $
602 407 34 19 43.

335 439 45 31 För
394 439 169 28 upplysningars
577 440 139 20 meddelande
731 442 39 18 äro
785 439 157 22 vederbörande

267 473 166 33 kronolänsmän
452 473 36 21 och
507 473 150 29 stadsfiskaler
679 474 97 28 skyldige
791 476 32 19 att
837 474 37 20 vid
890 481 50 21 upp-

267 507 175 27 bådstillfällena
457 508 102 21 nämdens
573 508 176 21 sammanträden
765 508 82 22 bivista.

573 565 16 27 $
603 566 34 18 44.

334 598 47 21 Den
403 598 102 28 ständiga
523 599 61 21 delen
604 598 29 27 af
643 598 199 28 uppdädsnämden,
858 599 83 21 hvilken

266 634 70 20 såsom
357 632 66 28 ofvan
437 634 9 19 i
460 633 15 28 $
490 634 31 21 42
538 635 26 19 är
583 633 70 28 sagdt,
676 633 70 21 består
765 633 29 26 af
809 634 133 26 ordförande

266 667 38 21 och
318 670 74 18 tvenne
408 668 121 24 ledamöter,
546 668 93 27 åligger:

335 703 31 19 1:o
384 704 32 18 att
431 704 98 26 uppgöra
539 702 110 27 uppbåds-
660 702 37 20 och
702 702 195 28 fyllnadslängder
902 702 41 27 för

266 736 46 21 alla
331 736 124 20 kommuner
470 737 57 19 inom
541 736 25 20 de
581 736 207 27 uppbådsområden,
806 744 43 13 som
864 737 77 21 under-

267 770 51 28 lyda
332 770 102 25 nämden;

334 806 34 20 2:0
391 807 32 18 att
441 805 35 20 till
494 804 127 21 områdenas
643 805 183 27 samlingsställen
844 806 46 20 låta
910 806 32 20 till

267 838 75 21 dertill
357 840 82 19 utsatta
455 839 70 27 dagar
539 838 100 27 uppbåda
655 839 25 19 de
694 839 168 27 värnepligtige;

333 873 33 20 3:0
382 875 32 18 att
429 875 94 24 mottaga
540 873 34 20 till
589 873 92 20 nämden
695 872 88 27 ingifna
794 873 148 28 ansökningar

266 913 32 14 om
314 906 105 27 befrielse,
434 907 100 27 uppskof
546 906 36 21 och
597 907 109 27 eftergift;

333 942 34 19 4:0
386 943 32 19 att
434 941 34 20 till
484 941 141 21 länenämden
644 941 95 21 insända
757 941 88 28 uppgift
857 942 32 26 på
904 949 37 13 an-

267 975 52 20 talet
333 975 30 26 af
374 975 24 21 de
410 982 104 20 personer
528 977 9 19 i
551 975 72 28 hvarje
638 975 104 26 kommun,
753 975 72 21 hvilka
840 983 38 20 ega
894 975 48 21 hör-

266 1016 82 13 samma
363 1009 102 21 kallelsen
480 1013 34 18 att
528 1011 77 26 utgöra
620 1010 159 27 värnepligten;

333 1044 33 20 5:o
381 1047 32 18 att
429 1044 7 19 i
452 1044 92 28 enlighet
558 1044 47 20 med
615 1044 173 27 föreskrifterna
803 1045 8 19 i
824 1044 70 21 denna
905 1045 36 27 lag

266 1078 122 25 bestämma,
404 1078 71 21 hvilka
485 1078 60 21 skola
557 1079 8 20 i
574 1078 58 21 aktiv
645 1080 64 26 tjenst
719 1079 91 20 inträda
820 1078 37 21 och
868 1078 72 21 hvilka

267 1113 51 21 böra
334 1112 117 28 inskrifvas
466 1114 36 20 vid
517 1120 107 18 reserven;

333 1148 33 20 6:0
382 1150 32 18 att
429 1148 129 20 underrätta
574 1148 25 20 de
616 1148 34 20 till
666 1148 58 20 aktiv
739 1148 64 28 tjenst
813 1148 86 21 utsedde
910 1155 32 13 om

266 1181 57 21 hvad
340 1181 46 21 dem
406 1182 67 26 enligt
489 1182 71 20 denna
576 1182 35 26 lag
628 1182 8 19 i
651 1182 99 25 afseende
765 1182 14 20 å
794 1182 148 27 värnepligten

266 1216 84 27 åligger
369 1215 103 28 iakttaga,
489 1216 37 20 och
541 1215 100 27 deröfver
655 1216 81 26 jemväl
751 1216 96 21 meddela
862 1216 79 21 enhvar

266 1249 30 26 af
306 1250 46 20 dem
368 1248 47 21 kort
430 1249 98 27 skriftlig
543 1249 99 27 uppgift;

333 1283 33 20 7:o
382 1285 33 18 ati
430 1283 125 27 handlägga
566 1283 25 20 de
597 1282 87 28 frågor,
695 1289 45 14 som
750 1283 8 20 i
769 1282 68 29 öfrigt
848 1283 93 21 rörande

266 1317 157 28 värnepligtens
438 1317 159 21 verkställande
612 1317 73 21 kunna
695 1317 145 28 förekomma;

333 1353 33 20 8:o
382 1354 32 19 att
430 1352 34 21 till
479 1352 141 21 länenämden
635 1352 85 28 årligen
735 1352 86 28 afgifva
830 1352 110 28 fullstän-

267 1387 37 28 dig
319 1385 132 29 redogörelse
466 1386 57 21 huru
537 1386 109 28 uppbådet
661 1386 73 27 blifvit
749 1387 124 22 verkstäldt.

571 1445 15 28 $
601 1446 34 20 45.
716 1456 5 8 N

333 1486 49 21 Den
392 1485 126 27 förstärkta
533 1485 189 28 uppdädsnämden
737 1485 128 22 tillkommer
880 1489 42 18 att:

313 1529 2 2 *
336 1521 29 20 1:0
380 1519 94 28 granska
490 1519 36 21 och
541 1519 116 28 godkänna
672 1520 230 27 uppbädslängderna;
