1034 1692
321 164 22 24 U.
360 164 22 22 B.
397 176 28 4 —
442 164 64 28 Prop.
524 165 38 23 N:o
577 164 36 24 37.
797 169 12 19 5

94 232 39 22 och
149 234 32 19 att
196 231 32 22 för
244 231 61 21 deras
321 230 136 22 anskaffande
472 231 115 28 bevillning
602 232 112 21 erfordras.
745 232 94 22 Statsut-

94 267 82 22 skottet
189 267 39 20 har
244 266 68 26 äfven,
328 266 48 21 med
390 266 87 27 ledning
492 265 22 22 af
522 266 54 22 hvad
585 267 31 20 till
625 267 48 21 dess
682 267 90 27 vetskap
780 267 59 21 kom-

93 302 45 26 mit,
154 302 112 26 upprättat
281 307 26 14 en
322 301 70 26 kalkyl
408 300 59 21 öfver
481 301 26 20 de
523 301 69 20 medel
608 307 45 15 som
668 301 32 21 för
715 303 63 20 nästa
788 302 52 21 tem-

94 336 111 27 årsperiod
220 341 50 16 vore
285 335 23 21 af
321 335 70 21 nöden
406 337 55 19 samt
477 335 122 27 derigenom
608 335 89 22 kommit
708 336 31 21 till
752 337 36 20 det
799 337 42 21 slut

96 373 32 19 att
143 377 26 15 en
184 377 83 15 summa
283 369 22 22 af
319 371 89 25 775,000
423 370 61 21 mark
499 369 83 22 utöfver
592 370 146 28 tillverknings
750 371 39 22 och
799 371 42 22 för-

96 405 223 28 säljningskostnaden
333 405 65 20 borde
414 411 76 20 genom
505 405 247 27 stämpelpappersafgift
762 406 82 27 årligen

97 440 188 27 sammanbringas.
317 439 50 22 Som
383 439 38 27 jag
439 439 117 22 emellertid
572 446 63 15 anser
651 442 31 19 ett
696 441 85 21 utskott
795 441 48 21 icke

96 482 50 15 vara
166 474 103 28 befogadt
291 476 33 20 att
339 481 106 20 uppmana
465 474 119 22 Ständerna
604 475 31 21 till
651 481 26 16 en
693 475 82 28 åtgärd,
792 477 52 20 utan

96 512 32 20 att
143 510 57 27 gifva
215 510 47 21 skäl
277 509 33 22 för
325 510 68 21 denna
407 509 135 28 uppmaning,
558 509 82 28 harjag
653 510 47 21 icke
711 511 82 21 kunnat
803 510 42 22 för-

98 551 40 16 ena
152 545 43 27 mig
209 545 7 21 i
232 544 179 22 Statsutskottets
427 545 72 21 beslut
514 546 33 20 att
561 551 29 15 nu
606 544 77 28 afgifva
699 545 60 22 detta
769 545 75 22 betän-

96 581 76 26 kande,
188 581 53 20 utan
255 579 101 22 föreslår:

234 616 31 19 att
286 613 111 28 höglofliga
413 613 120 22 Ständerna
548 614 45 21 ville
608 614 44 21 låta
666 615 47 20 med
727 615 71 21 vidare
813 616 32 20 åt-

198 649 56 27 gärd
271 649 9 20 i
295 648 111 27 anledning
424 649 26 26 af
461 649 56 21 detta
532 649 127 21 betänkande
674 649 47 22 bero
736 649 56 22 intill
799 649 47 22 dess

202 683 169 22 Statsutskottets
391 683 67 27 kalkyl
473 683 55 27 öfver
541 683 132 22 statsverkets
688 683 64 28 behof
762 684 86 22 kommit

202 717 121 22 Ständerna
338 717 105 22 tillhanda.

537 757 117 23 Joachim
668 757 109 24 Kurtén.

99 814 10 21 I
125 812 114 22 enahanda
254 811 55 28 syfte
324 818 122 16 reserverar
462 812 31 27 sig
509 812 61 22 äfven

166 858 26 23 I.
207 857 135 23 Mechelin.
584 858 26 23 F.
626 857 31 23 K.
673 858 105 30 Nybom.

180 1475 123 41 Helsingfors,
315 1489 70 18 Finska
397 1489 215 22 Litteratursällskapets
624 1489 86 22 tryckeri,
724 1489 48 17 1877.
