1023 1698
226 158 27 21 12
382 157 80 23 Ständ.
477 157 38 23 Sv.
530 170 25 4 —
571 158 70 27 Prop.
656 158 41 22 N:o
711 158 37 21 40.

199 225 25 21 de
239 225 23 21 af
274 225 117 22 Ständerna
404 226 39 20 här
457 224 61 23 ofvan
533 225 116 29 föreslagna
662 226 154 29 bestämningar
830 225 106 29 angående

197 267 107 14 reservens
327 259 99 29 öfningar,
446 260 38 21 har
498 260 55 22 hvad
572 260 69 21 derom
656 260 8 21 i
679 261 13 25 8
710 261 25 21 18
750 259 104 29 påbjudits
868 259 70 22 blifvit

197 294 106 22 uteslutet.

264 328 96 21 Emedan
377 328 117 28 betydande
512 328 86 29 utgifter
613 333 34 17 äro
661 328 98 22 förenade
774 328 48 22 med
836 328 102 22 mobilise-

196 362 46 29 ring
257 362 23 22 af
291 365 119 26 trupperna,
426 370 49 14 anse
490 362 117 22 Ständerna
621 363 72 29 nödigt
707 365 36 24 att,
754 363 64 21 innan
834 371 26 13 en
874 363 63 21 sådan

196 396 98 29 vidtages,
306 397 91 22 Senaten
407 399 62 20 sättes
484 397 7 21 i
506 396 82 23 tillfälle
603 399 31 20 att
649 397 78 29 afgifva
741 397 75 29 förslag
830 397 106 29 angående

195 432 133 22 bestridande
343 431 24 21 af
379 432 59 21 dessa
451 431 118 22 kostnader.

235 470 4 5 *
263 466 34 22 De
311 466 8 21 i
334 466 47 29 kap.
399 466 38 22 III
456 466 96 29 inrymda
574 466 132 29 stadganden,
725 466 106 29 angående
853 466 25 22 de
899 466 37 22 vid

196 500 71 22 aktiva
281 503 114 27 trupperna
409 501 39 21 och
462 509 98 14 reserven
579 501 93 22 anstälda
686 508 108 22 personers
807 500 128 28 medborger-

194 535 41 29 liga
253 535 121 29 rättigheter
395 536 39 21 och
451 536 148 28 skyldigheter,
618 536 63 22 hafva
694 536 47 21 icke
755 535 103 22 föranledt
872 534 64 29 några

194 570 128 22 nämnvärda
337 570 116 28 ändringar.
483 570 61 22 Dock
558 571 39 21 har
611 570 35 22 det
660 570 74 22 härvid
749 570 17 29 ej
778 570 87 28 undgått
876 569 59 22 Stän-

193 603 74 22 dernas
286 604 189 29 uppmärksamhet,
491 605 100 21 hurusom
606 612 26 14 en
646 604 117 29 väsendtlig
776 604 51 22 brist
841 603 93 22 vidlåder

193 639 48 21 hela
255 639 278 29 värnepligtsinstitutionen,
545 639 22 23 så
581 640 60 28 länge
652 639 21 22 åt
683 639 116 22 Ständerna
808 639 47 21 icke
865 639 69 21 förun-

193 681 37 14 nas
245 675 30 20 att
290 673 81 28 deltaga
385 674 8 21 i
407 673 142 22 fastställande
564 673 23 22 af
599 674 242 21 straffbestämmelserna
855 673 33 22 för
897 673 37 22 mi-

191 707 61 22 litära
265 708 56 21 brott
335 708 38 21 och
387 707 113 22 förseelser.
524 708 43 21 Till
581 708 33 21 sin
629 708 98 22 karakter
742 709 47 21 icke
803 709 53 21 blott
866 707 67 30 politi-

191 742 151 29 författningar,
357 744 56 28 utan
423 743 116 28 strafflagar
553 743 48 21 med
616 743 114 28 begränsad
743 743 149 28 tillämplighet
906 742 26 29 på

192 785 26 12 en
232 777 94 21 bestämd
340 777 55 21 klass
410 776 23 22 af
446 777 138 28 medborgare,
601 784 61 21 synas
676 777 172 28 krigsartiklarna
863 779 69 19 natur-

190 811 56 28 ligen
256 811 50 21 höra
315 811 34 22 till
359 810 34 23 det
402 811 32 21 för
448 811 52 22 båda
510 811 160 22 statsmakterna
680 819 154 21 gemensamma
845 811 87 28 lagstift-

191 845 158 29 ningsomrädet.
379 845 42 23 Väl
435 845 38 22 har
487 845 8 21 i
509 845 41 22 den
564 845 151 23 svensk-finska
729 845 200 29 rättsutvecklingen

191 887 26 13 en
236 879 99 22 tradition
356 880 89 21 utbildat
460 880 36 28 sig,
511 880 87 22 hvilken
616 880 38 22 vill
671 880 95 22 betrakta
780 880 68 22 denna
863 888 25 13 ur
903 880 25 22 de

189 914 68 28 gamla
278 913 175 29 hofordningarna
474 922 114 21 uppvuxna
607 914 130 29 lagstiftning
755 914 67 22 såsom
842 916 30 20 ett
890 915 40 21 Re

189 950 87 26 gentens
291 948 131 22 uteslutande
437 948 122 29 prerogativ,
576 956 49 14 men
643 949 75 22 härvid
731 949 100 29 förtjenar
845 949 85 22 beaktas

189 983 30 20 att
233 990 76 20 genom
326 982 40 22 den
388 983 104 21 allmänna
510 982 154 29 värnepligtens
686 983 108 22 införande
811 983 119 29 krigsartik-

188 1017 58 21 larna
266 1017 78 21 erhålla
359 1024 25 14 en
402 1017 143 29 väsendtligen'
565 1017 110 22 förändrad
690 1018 111 28 betydelse.
831 1018 12 21 I
860 1018 70 22 stället

188 1051 32 21 för
235 1053 30 20 att
279 1051 60 22 deras
358 1051 87 22 föremål
460 1051 74 23 hittills
553 1051 88 29 utgjorts
655 1052 24 21 af
691 1052 73 22 endast
778 1052 25 22 de
818 1052 110 26 individer,

188 1085 73 22 hvilka
278 1085 96 29 frivilligt
393 1086 135 22 underkastat
547 1086 30 28 sig
596 1086 148 28 krigstjensten
763 1086 48 22 med
828 1087 40 21 alla
882 1086 46 22 dess

188 1120 159 28 konsegvenser,
370 1120 95 21 kommer
485 1128 75 20 genom
581 1120 104 22 allmänna
707 1120 141 29 värnepligten
872 1123 56 19 snart

188 1154 58 28 sagdt
260 1154 73 28 hvarje
348 1154 132 28 medborgare
495 1156 31 20 att
540 1154 125 22 åtminstone
680 1154 32 22 för
726 1162 27 14 en
767 1154 34 22 del
814 1154 24 22 af
850 1154 32 22 sin
892 1154 36 22 lef-

187 1188 40 21 nad
248 1188 137 29 ovilkorligen
406 1196 50 13 vara
473 1188 60 22 stadd
550 1188 8 22 i
575 1188 126 29 krigstjenst,
717 1189 39 21 och
770 1189 116 28 underlyda
901 1189 25 21 de

187 1222 47 21 med
257 1222 97 22 afseende
375 1222 27 28 pä
424 1222 119 22 densamma
564 1222 110 22 tillkomna
696 1222 150 28 författningar.
885 1223 41 21 Un

186 1256 36 21 der
237 1256 76 21 sådana
331 1256 143 21 förhållanden
494 1264 61 20 synes
573 1256 234 28 militärlagstiftningen
821 1257 50 21 böra
886 1264 41 13 om-

185 1289 66 29 gifvas
266 1290 47 21 med
329 1290 40 21 alla
379 1290 24 20 de
413 1289 170 22 konstitutionela
593 1290 109 28 garantier,
713 1290 213 28 samhällsordningen

186 1324 121 29 medgifver.
338 1324 116 22 Ständerna
472 1324 63 21 hafva
549 1324 80 21 derföre
645 1324 79 29 antagit
738 1324 187 29 värnepligtslagen

185 1359 66 22 under
273 1359 40 22 den
327 1359 147 28 förutsättning
496 1361 30 20 att
545 1359 119 28 strafflagen
685 1358 33 23 för
735 1359 67 22 finska
820 1359 105 22 militären

186 1394 112 22 Ofverföres
320 1394 32 22 till
374 1394 35 22 det
431 1394 104 21 allmänna
559 1393 239 30 lagstiftningsomrädet,
820 1396 53 20 samt
894 1396 31 20 att

184 1429 85 22 Eders
284 1429 149 29 Kejserliga
447 1428 131 29 Majestät,
594 1429 53 22 efter
660 1429 64 22 sädan
733 1429 90 22 revision
833 1437 12 14 af
864 1429 60 29 lagen

185 1464 39 21 den
240 1465 13 20 9
268 1464 63 29 April
347 1465 60 25 1877,
422 1464 85 22 hvartill
527 1464 46 22 dess
587 1464 133 29 tillämpning
733 1464 27 29 pä
774 1464 150 29 värnepligtiga

184 1501 85 26 trupper
279 1499 43 22 kan
331 1498 56 28 gifva
397 1498 117 29 anledning,
525 1499 8 21 i
542 1499 65 22 näder
619 1499 105 29 behagade
739 1499 32 21 till
784 1500 60 21 nästa
858 1499 65 23 landt-
