<?xml version="1.0" encoding="UTF-8"?>
<alto xmlns="http://www.loc.gov/standards/alto/ns-v3#" xmlns:xlink="http://www.w3.org/1999/xlink" xmlns:xsi="http://www.w3.org/2001/XMLSchema-instance" xsi:schemaLocation="http://www.loc.gov/standards/alto/ns-v3# http://www.loc.gov/alto/v3/alto-3-0.xsd">
	<Description>
		<MeasurementUnit>pixel</MeasurementUnit>
		<sourceImageInformation>
			<fileName>/tmp/tess_ign41qdu_input.PNG</fileName>
		</sourceImageInformation>
		<OCRProcessing ID="OCR_0">
			<ocrProcessingStep>
				<processingSoftware>
					<softwareName>tesseract 5.3.4</softwareName>
				</processingSoftware>
			</ocrProcessingStep>
		</OCRProcessing>
	</Description>
	<Layout>
		<Page WIDTH="1045" HEIGHT="1689" PHYSICAL_IMG_NR="0" ID="page_0">
			<PrintSpace HPOS="0" VPOS="0" WIDTH="1045" HEIGHT="1689">
				<ComposedBlock ID="cblock_0" HPOS="228" VPOS="151" WIDTH="494" HEIGHT="24">
					<TextBlock ID="block_0" HPOS="228" VPOS="151" WIDTH="494" HEIGHT="24">
						<TextLine ID="line_0" HPOS="228" VPOS="151" WIDTH="494" HEIGHT="24">
							<String ID="string_0" HPOS="228" VPOS="151" WIDTH="24" HEIGHT="19" WC="0.95" CONTENT="10"/><SP WIDTH="145" VPOS="151" HPOS="252"/>
							<String ID="string_1" HPOS="397" VPOS="152" WIDTH="26" HEIGHT="18" WC="0.93" CONTENT="U."/><SP WIDTH="17" VPOS="152" HPOS="423"/>
							<String ID="string_2" HPOS="440" VPOS="153" WIDTH="27" HEIGHT="17" WC="0.81" CONTENT="B."/><SP WIDTH="16" VPOS="153" HPOS="467"/>
							<String ID="string_3" HPOS="483" VPOS="163" WIDTH="24" HEIGHT="2" WC="0.92" CONTENT="—"/><SP WIDTH="17" VPOS="163" HPOS="507"/>
							<String ID="string_4" HPOS="524" VPOS="153" WIDTH="82" HEIGHT="22" WC="0.96" CONTENT="Prop."/><SP WIDTH="15" VPOS="153" HPOS="606"/>
							<String ID="string_5" HPOS="621" VPOS="152" WIDTH="48" HEIGHT="19" WC="0.96" CONTENT="N:o"/><SP WIDTH="14" VPOS="152" HPOS="669"/>
							<String ID="string_6" HPOS="683" VPOS="153" WIDTH="39" HEIGHT="17" WC="0.96" CONTENT="40."/>
						</TextLine>
					</TextBlock>
				</ComposedBlock>
				<ComposedBlock ID="cblock_1" HPOS="199" VPOS="217" WIDTH="750" HEIGHT="1281">
					<TextBlock ID="block_1" HPOS="199" VPOS="217" WIDTH="741" HEIGHT="95">
						<TextLine ID="line_1" HPOS="200" VPOS="217" WIDTH="739" HEIGHT="26">
							<String ID="string_7" HPOS="200" VPOS="218" WIDTH="29" HEIGHT="19" WC="0.93" CONTENT="vit"/><SP WIDTH="15" VPOS="218" HPOS="229"/>
							<String ID="string_8" HPOS="244" VPOS="217" WIDTH="134" HEIGHT="26" WC="0.91" CONTENT="observerad,"/><SP WIDTH="15" VPOS="217" HPOS="378"/>
							<String ID="string_9" HPOS="393" VPOS="218" WIDTH="7" HEIGHT="18" WC="0.96" CONTENT="i"/><SP WIDTH="16" VPOS="218" HPOS="400"/>
							<String ID="string_10" HPOS="416" VPOS="217" WIDTH="34" HEIGHT="20" WC="0.96" CONTENT="det"/><SP WIDTH="15" VPOS="217" HPOS="450"/>
							<String ID="string_11" HPOS="465" VPOS="219" WIDTH="31" HEIGHT="17" WC="0.96" CONTENT="att"/><SP WIDTH="13" VPOS="219" HPOS="496"/>
							<String ID="string_12" HPOS="509" VPOS="218" WIDTH="66" HEIGHT="25" WC="0.96" CONTENT="jämte"/><SP WIDTH="16" VPOS="218" HPOS="575"/>
							<String ID="string_13" HPOS="591" VPOS="217" WIDTH="39" HEIGHT="20" WC="0.96" CONTENT="den"/><SP WIDTH="18" VPOS="217" HPOS="630"/>
							<String ID="string_14" HPOS="648" VPOS="217" WIDTH="133" HEIGHT="26" WC="0.96" CONTENT="fortlöpande"/><SP WIDTH="12" VPOS="217" HPOS="781"/>
							<String ID="string_15" HPOS="793" VPOS="218" WIDTH="146" HEIGHT="25" WC="0.96" CONTENT="numreringen"/>
						</TextLine>
						<TextLine ID="line_2" HPOS="200" VPOS="250" WIDTH="740" HEIGHT="27">
							<String ID="string_16" HPOS="200" VPOS="251" WIDTH="22" HEIGHT="20" WC="0.95" CONTENT="af"/><SP WIDTH="12" VPOS="251" HPOS="222"/>
							<String ID="string_17" HPOS="234" VPOS="250" WIDTH="157" HEIGHT="27" WC="0.95" CONTENT="paragraferna,"/><SP WIDTH="17" VPOS="250" HPOS="391"/>
							<String ID="string_18" HPOS="408" VPOS="251" WIDTH="59" HEIGHT="19" WC="0.96" CONTENT="deras"/><SP WIDTH="17" VPOS="251" HPOS="467"/>
							<String ID="string_19" HPOS="484" VPOS="258" WIDTH="93" HEIGHT="13" WC="0.96" CONTENT="nummer"/><SP WIDTH="15" VPOS="258" HPOS="577"/>
							<String ID="string_20" HPOS="592" VPOS="251" WIDTH="6" HEIGHT="19" WC="0.96" CONTENT="i"/><SP WIDTH="16" VPOS="251" HPOS="598"/>
							<String ID="string_21" HPOS="614" VPOS="251" WIDTH="157" HEIGHT="26" WC="0.96" CONTENT="propositionen"/><SP WIDTH="20" VPOS="251" HPOS="771"/>
							<String ID="string_22" HPOS="791" VPOS="251" WIDTH="99" HEIGHT="20" WC="0.93" CONTENT="särskildt"/><SP WIDTH="14" VPOS="251" HPOS="890"/>
							<String ID="string_23" HPOS="904" VPOS="257" WIDTH="36" HEIGHT="14" WC="0.92" CONTENT="an-"/>
						</TextLine>
						<TextLine ID="line_3" HPOS="199" VPOS="284" WIDTH="626" HEIGHT="28">
							<String ID="string_24" HPOS="199" VPOS="284" WIDTH="71" HEIGHT="27" WC="0.92" CONTENT="gifvits"/><SP WIDTH="15" VPOS="284" HPOS="270"/>
							<String ID="string_25" HPOS="285" VPOS="284" WIDTH="56" HEIGHT="20" WC="0.96" CONTENT="inom"/><SP WIDTH="16" VPOS="284" HPOS="341"/>
							<String ID="string_26" HPOS="357" VPOS="287" WIDTH="126" HEIGHT="23" WC="0.96" CONTENT="parenteser."/><SP WIDTH="339" VPOS="287" HPOS="483"/>
							<String ID="string_27" HPOS="822" VPOS="309" WIDTH="3" HEIGHT="3" WC="0.81" CONTENT="N"/>
						</TextLine>
					</TextBlock>
					<TextBlock ID="block_2" HPOS="199" VPOS="317" WIDTH="745" HEIGHT="639">
						<TextLine ID="line_4" HPOS="266" VPOS="317" WIDTH="675" HEIGHT="28">
							<String ID="string_28" HPOS="266" VPOS="317" WIDTH="10" HEIGHT="20" WC="0.96" CONTENT="I"/><SP WIDTH="16" VPOS="317" HPOS="276"/>
							<String ID="string_29" HPOS="292" VPOS="318" WIDTH="70" HEIGHT="19" WC="0.96" CONTENT="stället"/><SP WIDTH="15" VPOS="318" HPOS="362"/>
							<String ID="string_30" HPOS="377" VPOS="318" WIDTH="33" HEIGHT="19" WC="0.96" CONTENT="för"/><SP WIDTH="15" VPOS="318" HPOS="410"/>
							<String ID="string_31" HPOS="425" VPOS="319" WIDTH="39" HEIGHT="19" WC="0.96" CONTENT="den"/><SP WIDTH="15" VPOS="319" HPOS="464"/>
							<String ID="string_32" HPOS="479" VPOS="319" WIDTH="7" HEIGHT="18" WC="0.92" CONTENT="i"/><SP WIDTH="15" VPOS="319" HPOS="486"/>
							<String ID="string_33" HPOS="501" VPOS="318" WIDTH="13" HEIGHT="26" WC="0.92" CONTENT="$"/><SP WIDTH="19" VPOS="318" HPOS="514"/>
							<String ID="string_34" HPOS="533" VPOS="317" WIDTH="11" HEIGHT="21" WC="0.93" CONTENT="4"/><SP WIDTH="17" VPOS="317" HPOS="544"/>
							<String ID="string_35" HPOS="561" VPOS="319" WIDTH="111" HEIGHT="19" WC="0.92" CONTENT="faststälda"/><SP WIDTH="8" VPOS="319" HPOS="672"/>
							<String ID="string_36" HPOS="680" VPOS="318" WIDTH="135" HEIGHT="27" WC="0.96" CONTENT="indelningen"/><SP WIDTH="10" VPOS="318" HPOS="815"/>
							<String ID="string_37" HPOS="825" VPOS="319" WIDTH="5" HEIGHT="18" WC="0.93" CONTENT="i"/><SP WIDTH="12" VPOS="319" HPOS="830"/>
							<String ID="string_38" HPOS="842" VPOS="318" WIDTH="99" HEIGHT="20" WC="0.86" CONTENT="”stäende"/>
						</TextLine>
						<TextLine ID="line_5" HPOS="199" VPOS="351" WIDTH="741" HEIGHT="27">
							<String ID="string_39" HPOS="199" VPOS="351" WIDTH="97" HEIGHT="26" WC="0.85" CONTENT="trupper?"/><SP WIDTH="22" VPOS="351" HPOS="296"/>
							<String ID="string_40" HPOS="318" VPOS="351" WIDTH="39" HEIGHT="20" WC="0.93" CONTENT="och"/><SP WIDTH="25" VPOS="351" HPOS="357"/>
							<String ID="string_41" HPOS="382" VPOS="352" WIDTH="141" HEIGHT="26" WC="0.89" CONTENT="”landtvärn,”"/><SP WIDTH="20" VPOS="352" HPOS="523"/>
							<String ID="string_42" HPOS="543" VPOS="352" WIDTH="24" HEIGHT="20" WC="0.93" CONTENT="af"/><SP WIDTH="12" VPOS="352" HPOS="567"/>
							<String ID="string_43" HPOS="579" VPOS="352" WIDTH="73" HEIGHT="19" WC="0.96" CONTENT="hvilka"/><SP WIDTH="14" VPOS="352" HPOS="652"/>
							<String ID="string_44" HPOS="666" VPOS="353" WIDTH="26" HEIGHT="19" WC="0.93" CONTENT="de"/><SP WIDTH="15" VPOS="353" HPOS="692"/>
							<String ID="string_45" HPOS="707" VPOS="351" WIDTH="55" HEIGHT="20" WC="0.93" CONTENT="förre"/><SP WIDTH="15" VPOS="351" HPOS="762"/>
							<String ID="string_46" HPOS="777" VPOS="352" WIDTH="53" HEIGHT="25" WC="0.90" CONTENT="($5)"/><SP WIDTH="15" VPOS="352" HPOS="830"/>
							<String ID="string_47" HPOS="845" VPOS="352" WIDTH="95" HEIGHT="20" WC="0.77" CONTENT="underaf-"/>
						</TextLine>
						<TextLine ID="line_6" HPOS="200" VPOS="385" WIDTH="742" HEIGHT="27">
							<String ID="string_48" HPOS="200" VPOS="385" WIDTH="57" HEIGHT="20" WC="0.96" CONTENT="delas"/><SP WIDTH="23" VPOS="385" HPOS="257"/>
							<String ID="string_49" HPOS="280" VPOS="385" WIDTH="5" HEIGHT="19" WC="0.92" CONTENT="i"/><SP WIDTH="24" VPOS="385" HPOS="285"/>
							<String ID="string_50" HPOS="309" VPOS="385" WIDTH="83" HEIGHT="20" WC="0.69" CONTENT="”aktiva"/><SP WIDTH="16" VPOS="385" HPOS="392"/>
							<String ID="string_51" HPOS="408" VPOS="386" WIDTH="97" HEIGHT="26" WC="0.72" CONTENT="trupper”"/><SP WIDTH="24" VPOS="386" HPOS="505"/>
							<String ID="string_52" HPOS="529" VPOS="386" WIDTH="38" HEIGHT="20" WC="0.93" CONTENT="och"/><SP WIDTH="19" VPOS="386" HPOS="567"/>
							<String ID="string_53" HPOS="586" VPOS="387" WIDTH="95" HEIGHT="18" WC="0.91" CONTENT="”reserv”"/><SP WIDTH="15" VPOS="387" HPOS="681"/>
							<String ID="string_54" HPOS="696" VPOS="386" WIDTH="38" HEIGHT="19" WC="0.93" CONTENT="har"/><SP WIDTH="14" VPOS="386" HPOS="734"/>
							<String ID="string_55" HPOS="748" VPOS="385" WIDTH="110" HEIGHT="20" WC="0.96" CONTENT="Utskottet"/><SP WIDTH="15" VPOS="385" HPOS="858"/>
							<String ID="string_56" HPOS="873" VPOS="387" WIDTH="69" HEIGHT="19" WC="0.96" CONTENT="ansett"/>
						</TextLine>
						<TextLine ID="line_7" HPOS="199" VPOS="419" WIDTH="741" HEIGHT="27">
							<String ID="string_57" HPOS="199" VPOS="426" WIDTH="25" HEIGHT="13" WC="0.92" CONTENT="en"/><SP WIDTH="16" VPOS="426" HPOS="224"/>
							<String ID="string_58" HPOS="240" VPOS="419" WIDTH="61" HEIGHT="20" WC="0.92" CONTENT="enkel"/><SP WIDTH="16" VPOS="419" HPOS="301"/>
							<String ID="string_59" HPOS="317" VPOS="419" WIDTH="119" HEIGHT="27" WC="0.92" CONTENT="tredelning"/><SP WIDTH="15" VPOS="419" HPOS="436"/>
							<String ID="string_60" HPOS="451" VPOS="420" WIDTH="23" HEIGHT="19" WC="0.96" CONTENT="af"/><SP WIDTH="13" VPOS="420" HPOS="474"/>
							<String ID="string_61" HPOS="487" VPOS="420" WIDTH="36" HEIGHT="19" WC="0.96" CONTENT="det"/><SP WIDTH="14" VPOS="420" HPOS="523"/>
							<String ID="string_62" HPOS="537" VPOS="420" WIDTH="67" HEIGHT="19" WC="0.93" CONTENT="finska"/><SP WIDTH="15" VPOS="420" HPOS="604"/>
							<String ID="string_63" HPOS="619" VPOS="419" WIDTH="140" HEIGHT="21" WC="0.92" CONTENT="härväsendet"/><SP WIDTH="16" VPOS="419" HPOS="759"/>
							<String ID="string_64" HPOS="775" VPOS="420" WIDTH="5" HEIGHT="19" WC="0.60" CONTENT="i"/><SP WIDTH="10" VPOS="420" HPOS="780"/>
							<String ID="string_65" HPOS="790" VPOS="420" WIDTH="84" HEIGHT="19" WC="0.59" CONTENT="”aktiva"/><SP WIDTH="11" VPOS="420" HPOS="874"/>
							<String ID="string_66" HPOS="885" VPOS="422" WIDTH="55" HEIGHT="24" WC="0.91" CONTENT="trup-"/>
						</TextLine>
						<TextLine ID="line_8" HPOS="199" VPOS="453" WIDTH="743" HEIGHT="26">
							<String ID="string_67" HPOS="199" VPOS="453" WIDTH="56" HEIGHT="26" WC="0.93" CONTENT="per,”"/><SP WIDTH="15" VPOS="453" HPOS="255"/>
							<String ID="string_68" HPOS="270" VPOS="453" WIDTH="95" HEIGHT="20" WC="0.34" CONTENT="”reserv”"/><SP WIDTH="16" VPOS="453" HPOS="365"/>
							<String ID="string_69" HPOS="381" VPOS="453" WIDTH="39" HEIGHT="20" WC="0.93" CONTENT="och"/><SP WIDTH="16" VPOS="453" HPOS="420"/>
							<String ID="string_70" HPOS="436" VPOS="454" WIDTH="134" HEIGHT="20" WC="0.87" CONTENT="”landtvärn”"/><SP WIDTH="15" VPOS="454" HPOS="570"/>
							<String ID="string_71" HPOS="585" VPOS="461" WIDTH="58" HEIGHT="13" WC="0.93" CONTENT="mera"/><SP WIDTH="11" VPOS="461" HPOS="643"/>
							<String ID="string_72" HPOS="654" VPOS="454" WIDTH="227" HEIGHT="20" WC="0.92" CONTENT="öfverensstämmande"/><SP WIDTH="14" VPOS="454" HPOS="881"/>
							<String ID="string_73" HPOS="895" VPOS="454" WIDTH="47" HEIGHT="20" WC="0.96" CONTENT="med"/>
						</TextLine>
						<TextLine ID="line_9" HPOS="200" VPOS="487" WIDTH="742" HEIGHT="28">
							<String ID="string_74" HPOS="200" VPOS="487" WIDTH="68" HEIGHT="20" WC="0.90" CONTENT="denna"/><SP WIDTH="22" VPOS="487" HPOS="268"/>
							<String ID="string_75" HPOS="290" VPOS="487" WIDTH="231" HEIGHT="27" WC="0.90" CONTENT="militärorganisations"/><SP WIDTH="24" VPOS="487" HPOS="521"/>
							<String ID="string_76" HPOS="545" VPOS="489" WIDTH="118" HEIGHT="26" WC="0.92" CONTENT="väsentliga"/><SP WIDTH="21" VPOS="489" HPOS="663"/>
							<String ID="string_77" HPOS="684" VPOS="488" WIDTH="100" HEIGHT="20" WC="0.96" CONTENT="karaktär"/><SP WIDTH="22" VPOS="488" HPOS="784"/>
							<String ID="string_78" HPOS="806" VPOS="488" WIDTH="40" HEIGHT="20" WC="0.90" CONTENT="och"/><SP WIDTH="27" VPOS="488" HPOS="846"/>
							<String ID="string_79" HPOS="873" VPOS="487" WIDTH="69" HEIGHT="21" WC="0.90" CONTENT="derför"/>
						</TextLine>
						<TextLine ID="line_10" HPOS="200" VPOS="521" WIDTH="741" HEIGHT="28">
							<String ID="string_80" HPOS="200" VPOS="521" WIDTH="62" HEIGHT="20" WC="0.88" CONTENT="äfven"/><SP WIDTH="22" VPOS="521" HPOS="262"/>
							<String ID="string_81" HPOS="284" VPOS="521" WIDTH="129" HEIGHT="26" WC="0.90" CONTENT="bidragande"/><SP WIDTH="23" VPOS="521" HPOS="413"/>
							<String ID="string_82" HPOS="436" VPOS="522" WIDTH="31" HEIGHT="19" WC="0.96" CONTENT="till"/><SP WIDTH="22" VPOS="522" HPOS="467"/>
							<String ID="string_83" HPOS="489" VPOS="529" WIDTH="26" HEIGHT="13" WC="0.93" CONTENT="en"/><SP WIDTH="15" VPOS="529" HPOS="515"/>
							<String ID="string_84" HPOS="530" VPOS="522" WIDTH="82" HEIGHT="19" WC="0.93" CONTENT="klarare"/><SP WIDTH="16" VPOS="522" HPOS="612"/>
							<String ID="string_85" HPOS="628" VPOS="522" WIDTH="133" HEIGHT="27" WC="0.96" CONTENT="uppfattning"/><SP WIDTH="16" VPOS="522" HPOS="761"/>
							<String ID="string_86" HPOS="777" VPOS="521" WIDTH="24" HEIGHT="20" WC="0.93" CONTENT="af"/><SP WIDTH="13" VPOS="521" HPOS="801"/>
							<String ID="string_87" HPOS="814" VPOS="522" WIDTH="127" HEIGHT="19" WC="0.92" CONTENT="densamma."/>
						</TextLine>
						<TextLine ID="line_11" HPOS="200" VPOS="555" WIDTH="742" HEIGHT="27">
							<String ID="string_88" HPOS="200" VPOS="555" WIDTH="41" HEIGHT="20" WC="0.93" CONTENT="För"/><SP WIDTH="15" VPOS="555" HPOS="241"/>
							<String ID="string_89" HPOS="256" VPOS="555" WIDTH="154" HEIGHT="26" WC="0.91" CONTENT="benämningen"/><SP WIDTH="15" VPOS="555" HPOS="410"/>
							<String ID="string_90" HPOS="425" VPOS="556" WIDTH="110" HEIGHT="20" WC="0.91" CONTENT="landtvärn"/><SP WIDTH="15" VPOS="556" HPOS="535"/>
							<String ID="string_91" HPOS="550" VPOS="556" WIDTH="38" HEIGHT="20" WC="0.93" CONTENT="har"/><SP WIDTH="14" VPOS="556" HPOS="588"/>
							<String ID="string_92" HPOS="602" VPOS="556" WIDTH="110" HEIGHT="20" WC="0.92" CONTENT="Utskottet"/><SP WIDTH="15" VPOS="556" HPOS="712"/>
							<String ID="string_93" HPOS="727" VPOS="556" WIDTH="58" HEIGHT="20" WC="0.92" CONTENT="säväl"/><SP WIDTH="15" VPOS="556" HPOS="785"/>
							<String ID="string_94" HPOS="800" VPOS="556" WIDTH="6" HEIGHT="19" WC="0.93" CONTENT="i"/><SP WIDTH="17" VPOS="556" HPOS="806"/>
							<String ID="string_95" HPOS="823" VPOS="558" WIDTH="9" HEIGHT="22" WC="0.92" CONTENT="$"/><SP WIDTH="16" VPOS="558" HPOS="832"/>
							<String ID="string_96" HPOS="848" VPOS="556" WIDTH="72" HEIGHT="26" WC="0.88" CONTENT="4,som"/><SP WIDTH="15" VPOS="556" HPOS="920"/>
							<String ID="string_97" HPOS="935" VPOS="556" WIDTH="7" HEIGHT="19" WC="0.96" CONTENT="i"/>
						</TextLine>
						<TextLine ID="line_12" HPOS="200" VPOS="589" WIDTH="742" HEIGHT="28">
							<String ID="string_98" HPOS="200" VPOS="589" WIDTH="35" HEIGHT="20" WC="0.95" CONTENT="det"/><SP WIDTH="25" VPOS="589" HPOS="235"/>
							<String ID="string_99" HPOS="260" VPOS="589" WIDTH="93" HEIGHT="26" WC="0.95" CONTENT="följande"/><SP WIDTH="23" VPOS="589" HPOS="353"/>
							<String ID="string_100" HPOS="376" VPOS="589" WIDTH="24" HEIGHT="20" WC="0.95" CONTENT="af"/><SP WIDTH="12" VPOS="589" HPOS="400"/>
							<String ID="string_101" HPOS="412" VPOS="590" WIDTH="40" HEIGHT="19" WC="0.96" CONTENT="den"/><SP WIDTH="26" VPOS="590" HPOS="452"/>
							<String ID="string_102" HPOS="478" VPOS="590" WIDTH="67" HEIGHT="21" WC="0.93" CONTENT="finska"/><SP WIDTH="18" VPOS="590" HPOS="545"/>
							<String ID="string_103" HPOS="563" VPOS="590" WIDTH="117" HEIGHT="27" WC="0.96" CONTENT="lagtexten,"/><SP WIDTH="21" VPOS="590" HPOS="680"/>
							<String ID="string_104" HPOS="701" VPOS="591" WIDTH="6" HEIGHT="18" WC="0.92" CONTENT="i"/><SP WIDTH="23" VPOS="591" HPOS="707"/>
							<String ID="string_105" HPOS="730" VPOS="589" WIDTH="71" HEIGHT="21" WC="0.96" CONTENT="stället"/><SP WIDTH="24" VPOS="589" HPOS="801"/>
							<String ID="string_106" HPOS="825" VPOS="590" WIDTH="32" HEIGHT="19" WC="0.96" CONTENT="för"/><SP WIDTH="25" VPOS="590" HPOS="857"/>
							<String ID="string_107" HPOS="882" VPOS="590" WIDTH="34" HEIGHT="19" WC="0.83" CONTENT="det"/><SP WIDTH="20" VPOS="590" HPOS="916"/>
							<String ID="string_108" HPOS="936" VPOS="590" WIDTH="6" HEIGHT="19" WC="0.96" CONTENT="i"/>
						</TextLine>
						<TextLine ID="line_13" HPOS="200" VPOS="623" WIDTH="741" HEIGHT="28">
							<String ID="string_109" HPOS="200" VPOS="623" WIDTH="39" HEIGHT="20" WC="0.85" CONTENT="den"/><SP WIDTH="26" VPOS="623" HPOS="239"/>
							<String ID="string_110" HPOS="265" VPOS="623" WIDTH="76" HEIGHT="27" WC="0.96" CONTENT="nådiga"/><SP WIDTH="19" VPOS="623" HPOS="341"/>
							<String ID="string_111" HPOS="360" VPOS="625" WIDTH="159" HEIGHT="25" WC="0.96" CONTENT="propositionen"/><SP WIDTH="16" VPOS="625" HPOS="519"/>
							<String ID="string_112" HPOS="535" VPOS="625" WIDTH="95" HEIGHT="20" WC="0.93" CONTENT="använda"/><SP WIDTH="17" VPOS="625" HPOS="630"/>
							<String ID="string_113" HPOS="647" VPOS="625" WIDTH="59" HEIGHT="19" WC="0.92" CONTENT="ordet"/><SP WIDTH="16" VPOS="625" HPOS="706"/>
							<String ID="string_114" HPOS="722" VPOS="624" WIDTH="167" HEIGHT="27" WC="0.45" CONTENT="?suojelusväki”"/><SP WIDTH="17" VPOS="624" HPOS="889"/>
							<String ID="string_115" HPOS="906" VPOS="631" WIDTH="35" HEIGHT="13" WC="0.92" CONTENT="an-"/>
						</TextLine>
						<TextLine ID="line_14" HPOS="201" VPOS="658" WIDTH="741" HEIGHT="27">
							<String ID="string_116" HPOS="201" VPOS="659" WIDTH="41" HEIGHT="18" WC="0.93" CONTENT="sett"/><SP WIDTH="24" VPOS="659" HPOS="242"/>
							<String ID="string_117" HPOS="266" VPOS="658" WIDTH="31" HEIGHT="26" WC="0.92" CONTENT="sig"/><SP WIDTH="22" VPOS="658" HPOS="297"/>
							<String ID="string_118" HPOS="319" VPOS="658" WIDTH="52" HEIGHT="21" WC="0.91" CONTENT="böra"/><SP WIDTH="21" VPOS="658" HPOS="371"/>
							<String ID="string_119" HPOS="392" VPOS="661" WIDTH="94" HEIGHT="24" WC="0.92" CONTENT="upptaga"/><SP WIDTH="22" VPOS="661" HPOS="486"/>
							<String ID="string_120" HPOS="508" VPOS="659" WIDTH="35" HEIGHT="20" WC="0.96" CONTENT="det"/><SP WIDTH="16" VPOS="659" HPOS="543"/>
							<String ID="string_121" HPOS="559" VPOS="659" WIDTH="63" HEIGHT="20" WC="0.93" CONTENT="sedan"/><SP WIDTH="16" VPOS="659" HPOS="622"/>
							<String ID="string_122" HPOS="638" VPOS="659" WIDTH="58" HEIGHT="20" WC="0.93" CONTENT="äldre"/><SP WIDTH="16" VPOS="659" HPOS="696"/>
							<String ID="string_123" HPOS="712" VPOS="659" WIDTH="53" HEIGHT="20" WC="0.95" CONTENT="tider"/><SP WIDTH="16" VPOS="659" HPOS="765"/>
							<String ID="string_124" HPOS="781" VPOS="659" WIDTH="6" HEIGHT="19" WC="0.95" CONTENT="i"/><SP WIDTH="16" VPOS="659" HPOS="787"/>
							<String ID="string_125" HPOS="803" VPOS="659" WIDTH="89" HEIGHT="19" WC="0.93" CONTENT="Finland"/><SP WIDTH="14" VPOS="659" HPOS="892"/>
							<String ID="string_126" HPOS="906" VPOS="659" WIDTH="36" HEIGHT="20" WC="0.92" CONTENT="be-"/>
						</TextLine>
						<TextLine ID="line_15" HPOS="200" VPOS="691" WIDTH="744" HEIGHT="28">
							<String ID="string_127" HPOS="200" VPOS="691" WIDTH="96" HEIGHT="27" WC="0.91" CONTENT="gagnade"/><SP WIDTH="23" VPOS="691" HPOS="296"/>
							<String ID="string_128" HPOS="319" VPOS="693" WIDTH="142" HEIGHT="26" WC="0.73" CONTENT="”nostoväki,”"/><SP WIDTH="16" VPOS="693" HPOS="461"/>
							<String ID="string_129" HPOS="477" VPOS="693" WIDTH="80" HEIGHT="20" WC="0.96" CONTENT="hvilket"/><SP WIDTH="17" VPOS="693" HPOS="557"/>
							<String ID="string_130" HPOS="574" VPOS="693" WIDTH="62" HEIGHT="20" WC="0.96" CONTENT="äfven"/><SP WIDTH="15" VPOS="693" HPOS="636"/>
							<String ID="string_131" HPOS="651" VPOS="693" WIDTH="6" HEIGHT="19" WC="0.96" CONTENT="i"/><SP WIDTH="16" VPOS="693" HPOS="657"/>
							<String ID="string_132" HPOS="673" VPOS="693" WIDTH="90" HEIGHT="20" WC="0.93" CONTENT="svenska"/><SP WIDTH="15" VPOS="693" HPOS="763"/>
							<String ID="string_133" HPOS="778" VPOS="693" WIDTH="85" HEIGHT="26" WC="0.96" CONTENT="språket"/><SP WIDTH="15" VPOS="693" HPOS="863"/>
							<String ID="string_134" HPOS="878" VPOS="693" WIDTH="66" HEIGHT="20" WC="0.96" CONTENT="under"/>
						</TextLine>
						<TextLine ID="line_16" HPOS="202" VPOS="726" WIDTH="740" HEIGHT="27">
							<String ID="string_135" HPOS="202" VPOS="727" WIDTH="57" HEIGHT="18" WC="0.92" CONTENT="stora"/><SP WIDTH="19" VPOS="727" HPOS="259"/>
							<String ID="string_136" HPOS="278" VPOS="726" WIDTH="97" HEIGHT="20" WC="0.92" CONTENT="ofredens"/><SP WIDTH="23" VPOS="726" HPOS="375"/>
							<String ID="string_137" HPOS="398" VPOS="727" WIDTH="53" HEIGHT="19" WC="0.96" CONTENT="tider"/><SP WIDTH="18" VPOS="727" HPOS="451"/>
							<String ID="string_138" HPOS="469" VPOS="728" WIDTH="54" HEIGHT="19" WC="0.93" CONTENT="varit"/><SP WIDTH="22" VPOS="728" HPOS="523"/>
							<String ID="string_139" HPOS="545" VPOS="727" WIDTH="125" HEIGHT="26" WC="0.93" CONTENT="adopteradt"/><SP WIDTH="14" VPOS="727" HPOS="670"/>
							<String ID="string_140" HPOS="684" VPOS="727" WIDTH="65" HEIGHT="20" WC="0.93" CONTENT="under"/><SP WIDTH="16" VPOS="727" HPOS="749"/>
							<String ID="string_141" HPOS="765" VPOS="727" WIDTH="81" HEIGHT="20" WC="0.91" CONTENT="formen"/><SP WIDTH="15" VPOS="727" HPOS="846"/>
							<String ID="string_142" HPOS="861" VPOS="727" WIDTH="81" HEIGHT="20" WC="0.60" CONTENT="”nosto-"/>
						</TextLine>
						<TextLine ID="line_17" HPOS="201" VPOS="759" WIDTH="743" HEIGHT="28">
							<String ID="string_143" HPOS="201" VPOS="759" WIDTH="63" HEIGHT="20" WC="0.84" CONTENT="folk.”"/><SP WIDTH="22" VPOS="759" HPOS="264"/>
							<String ID="string_144" HPOS="286" VPOS="759" WIDTH="9" HEIGHT="20" WC="0.93" CONTENT="I"/><SP WIDTH="22" VPOS="759" HPOS="295"/>
							<String ID="string_145" HPOS="317" VPOS="760" WIDTH="93" HEIGHT="27" WC="0.92" CONTENT="enlighet"/><SP WIDTH="30" VPOS="760" HPOS="410"/>
							<String ID="string_146" HPOS="440" VPOS="761" WIDTH="86" HEIGHT="20" WC="0.94" CONTENT="härmed"/><SP WIDTH="22" VPOS="761" HPOS="526"/>
							<String ID="string_147" HPOS="548" VPOS="761" WIDTH="38" HEIGHT="20" WC="0.91" CONTENT="har"/><SP WIDTH="26" VPOS="761" HPOS="586"/>
							<String ID="string_148" HPOS="612" VPOS="761" WIDTH="79" HEIGHT="26" WC="0.91" CONTENT="jemväl"/><SP WIDTH="21" VPOS="761" HPOS="691"/>
							<String ID="string_149" HPOS="712" VPOS="761" WIDTH="8" HEIGHT="19" WC="0.92" CONTENT="i"/><SP WIDTH="17" VPOS="761" HPOS="720"/>
							<String ID="string_150" HPOS="737" VPOS="763" WIDTH="7" HEIGHT="22" WC="0.92" CONTENT="$"/><SP WIDTH="16" VPOS="763" HPOS="744"/>
							<String ID="string_151" HPOS="760" VPOS="761" WIDTH="26" HEIGHT="20" WC="0.95" CONTENT="26"/><SP WIDTH="27" VPOS="761" HPOS="786"/>
							<String ID="string_152" HPOS="813" VPOS="761" WIDTH="58" HEIGHT="20" WC="0.93" CONTENT="ordet"/><SP WIDTH="16" VPOS="761" HPOS="871"/>
							<String ID="string_153" HPOS="887" VPOS="761" WIDTH="57" HEIGHT="19" WC="0.66" CONTENT="Yase-"/>
						</TextLine>
						<TextLine ID="line_18" HPOS="201" VPOS="793" WIDTH="742" HEIGHT="26">
							<String ID="string_154" HPOS="201" VPOS="793" WIDTH="65" HEIGHT="20" WC="0.93" CONTENT="mies”"/><SP WIDTH="14" VPOS="793" HPOS="266"/>
							<String ID="string_155" HPOS="280" VPOS="795" WIDTH="135" HEIGHT="24" WC="0.92" CONTENT="(värneman)"/><SP WIDTH="16" VPOS="795" HPOS="415"/>
							<String ID="string_156" HPOS="431" VPOS="794" WIDTH="68" HEIGHT="20" WC="0.93" CONTENT="blifvit"/><SP WIDTH="15" VPOS="794" HPOS="499"/>
							<String ID="string_157" HPOS="514" VPOS="795" WIDTH="122" HEIGHT="20" WC="0.92" CONTENT="förändradt"/><SP WIDTH="15" VPOS="795" HPOS="636"/>
							<String ID="string_158" HPOS="651" VPOS="795" WIDTH="32" HEIGHT="19" WC="0.93" CONTENT="till"/><SP WIDTH="15" VPOS="795" HPOS="683"/>
							<String ID="string_159" HPOS="698" VPOS="795" WIDTH="145" HEIGHT="20" WC="0.70" CONTENT="”nostomies.”"/><SP WIDTH="29" VPOS="795" HPOS="843"/>
							<String ID="string_160" HPOS="872" VPOS="795" WIDTH="9" HEIGHT="18" WC="0.21" CONTENT="I"/><SP WIDTH="10" VPOS="795" HPOS="881"/>
							<String ID="string_161" HPOS="891" VPOS="801" WIDTH="52" HEIGHT="13" WC="0.21" CONTENT="sam-"/>
						</TextLine>
						<TextLine ID="line_19" HPOS="201" VPOS="827" WIDTH="741" HEIGHT="26">
							<String ID="string_162" HPOS="201" VPOS="827" WIDTH="105" HEIGHT="26" WC="0.92" CONTENT="manhang"/><SP WIDTH="20" VPOS="827" HPOS="306"/>
							<String ID="string_163" HPOS="326" VPOS="827" WIDTH="87" HEIGHT="21" WC="0.96" CONTENT="härmed"/><SP WIDTH="15" VPOS="827" HPOS="413"/>
							<String ID="string_164" HPOS="428" VPOS="828" WIDTH="38" HEIGHT="20" WC="0.93" CONTENT="bör"/><SP WIDTH="13" VPOS="828" HPOS="466"/>
							<String ID="string_165" HPOS="479" VPOS="829" WIDTH="115" HEIGHT="20" WC="0.96" CONTENT="antecknas"/><SP WIDTH="15" VPOS="829" HPOS="594"/>
							<String ID="string_166" HPOS="609" VPOS="831" WIDTH="33" HEIGHT="18" WC="0.93" CONTENT="att"/><SP WIDTH="15" VPOS="831" HPOS="642"/>
							<String ID="string_167" HPOS="657" VPOS="832" WIDTH="79" HEIGHT="17" WC="0.93" CONTENT="smärre"/><SP WIDTH="15" VPOS="832" HPOS="736"/>
							<String ID="string_168" HPOS="751" VPOS="828" WIDTH="191" HEIGHT="21" WC="0.91" CONTENT="redaktionsförän-"/>
						</TextLine>
						<TextLine ID="line_20" HPOS="202" VPOS="860" WIDTH="742" HEIGHT="28">
							<String ID="string_169" HPOS="202" VPOS="860" WIDTH="85" HEIGHT="27" WC="0.92" CONTENT="dringar"/><SP WIDTH="21" VPOS="860" HPOS="287"/>
							<String ID="string_170" HPOS="308" VPOS="861" WIDTH="38" HEIGHT="20" WC="0.96" CONTENT="här"/><SP WIDTH="21" VPOS="861" HPOS="346"/>
							<String ID="string_171" HPOS="367" VPOS="862" WIDTH="38" HEIGHT="19" WC="0.96" CONTENT="och"/><SP WIDTH="17" VPOS="862" HPOS="405"/>
							<String ID="string_172" HPOS="422" VPOS="862" WIDTH="42" HEIGHT="26" WC="0.93" CONTENT="der,"/><SP WIDTH="16" VPOS="862" HPOS="464"/>
							<String ID="string_173" HPOS="480" VPOS="863" WIDTH="58" HEIGHT="20" WC="0.92" CONTENT="säväl"/><SP WIDTH="15" VPOS="863" HPOS="538"/>
							<String ID="string_174" HPOS="553" VPOS="863" WIDTH="6" HEIGHT="19" WC="0.96" CONTENT="i"/><SP WIDTH="17" VPOS="863" HPOS="559"/>
							<String ID="string_175" HPOS="576" VPOS="863" WIDTH="39" HEIGHT="20" WC="0.96" CONTENT="den"/><SP WIDTH="17" VPOS="863" HPOS="615"/>
							<String ID="string_176" HPOS="632" VPOS="863" WIDTH="89" HEIGHT="20" WC="0.96" CONTENT="svenska"/><SP WIDTH="16" VPOS="863" HPOS="721"/>
							<String ID="string_177" HPOS="737" VPOS="869" WIDTH="44" HEIGHT="13" WC="0.96" CONTENT="som"/><SP WIDTH="16" VPOS="869" HPOS="781"/>
							<String ID="string_178" HPOS="797" VPOS="863" WIDTH="6" HEIGHT="19" WC="0.96" CONTENT="i"/><SP WIDTH="16" VPOS="863" HPOS="803"/>
							<String ID="string_179" HPOS="819" VPOS="863" WIDTH="39" HEIGHT="20" WC="0.96" CONTENT="den"/><SP WIDTH="16" VPOS="863" HPOS="858"/>
							<String ID="string_180" HPOS="874" VPOS="862" WIDTH="70" HEIGHT="20" WC="0.96" CONTENT="finska"/>
						</TextLine>
						<TextLine ID="line_21" HPOS="202" VPOS="895" WIDTH="742" HEIGHT="28">
							<String ID="string_181" HPOS="202" VPOS="895" WIDTH="109" HEIGHT="26" WC="0.96" CONTENT="lagtexten"/><SP WIDTH="24" VPOS="895" HPOS="311"/>
							<String ID="string_182" HPOS="335" VPOS="895" WIDTH="116" HEIGHT="28" WC="0.95" CONTENT="företagits,"/><SP WIDTH="21" VPOS="895" HPOS="451"/>
							<String ID="string_183" HPOS="472" VPOS="899" WIDTH="49" HEIGHT="17" WC="0.96" CONTENT="utan"/><SP WIDTH="24" VPOS="899" HPOS="521"/>
							<String ID="string_184" HPOS="545" VPOS="899" WIDTH="31" HEIGHT="18" WC="0.93" CONTENT="att"/><SP WIDTH="14" VPOS="899" HPOS="576"/>
							<String ID="string_185" HPOS="590" VPOS="897" WIDTH="102" HEIGHT="20" WC="0.96" CONTENT="utskottet"/><SP WIDTH="19" VPOS="897" HPOS="692"/>
							<String ID="string_186" HPOS="711" VPOS="897" WIDTH="6" HEIGHT="18" WC="0.93" CONTENT="i"/><SP WIDTH="15" VPOS="897" HPOS="717"/>
							<String ID="string_187" HPOS="732" VPOS="896" WIDTH="72" HEIGHT="27" WC="0.95" CONTENT="hvarje"/><SP WIDTH="16" VPOS="896" HPOS="804"/>
							<String ID="string_188" HPOS="820" VPOS="896" WIDTH="37" HEIGHT="20" WC="0.93" CONTENT="fall"/><SP WIDTH="16" VPOS="896" HPOS="857"/>
							<String ID="string_189" HPOS="873" VPOS="895" WIDTH="71" HEIGHT="20" WC="0.96" CONTENT="derför"/>
						</TextLine>
						<TextLine ID="line_22" HPOS="202" VPOS="929" WIDTH="605" HEIGHT="27">
							<String ID="string_190" HPOS="202" VPOS="930" WIDTH="68" HEIGHT="18" WC="0.95" CONTENT="ansett"/><SP WIDTH="21" VPOS="930" HPOS="270"/>
							<String ID="string_191" HPOS="291" VPOS="929" WIDTH="31" HEIGHT="26" WC="0.96" CONTENT="sig"/><SP WIDTH="16" VPOS="929" HPOS="322"/>
							<String ID="string_192" HPOS="338" VPOS="929" WIDTH="51" HEIGHT="20" WC="0.96" CONTENT="böra"/><SP WIDTH="15" VPOS="929" HPOS="389"/>
							<String ID="string_193" HPOS="404" VPOS="931" WIDTH="6" HEIGHT="18" WC="0.96" CONTENT="i"/><SP WIDTH="17" VPOS="931" HPOS="410"/>
							<String ID="string_194" HPOS="427" VPOS="930" WIDTH="141" HEIGHT="21" WC="0.96" CONTENT="betänkandet"/><SP WIDTH="15" VPOS="930" HPOS="568"/>
							<String ID="string_195" HPOS="583" VPOS="930" WIDTH="99" HEIGHT="20" WC="0.96" CONTENT="särskildt"/><SP WIDTH="15" VPOS="930" HPOS="682"/>
							<String ID="string_196" HPOS="697" VPOS="930" WIDTH="110" HEIGHT="26" WC="0.96" CONTENT="redogöra."/>
						</TextLine>
					</TextBlock>
					<TextBlock ID="block_3" HPOS="202" VPOS="962" WIDTH="747" HEIGHT="536">
						<TextLine ID="line_23" HPOS="270" VPOS="962" WIDTH="676" HEIGHT="28">
							<String ID="string_197" HPOS="270" VPOS="962" WIDTH="46" HEIGHT="20" WC="0.96" CONTENT="Den"/><SP WIDTH="15" VPOS="962" HPOS="316"/>
							<String ID="string_198" HPOS="331" VPOS="963" WIDTH="7" HEIGHT="19" WC="0.92" CONTENT="i"/><SP WIDTH="15" VPOS="963" HPOS="338"/>
							<String ID="string_199" HPOS="353" VPOS="963" WIDTH="13" HEIGHT="26" WC="0.92" CONTENT="$"/><SP WIDTH="15" VPOS="963" HPOS="366"/>
							<String ID="string_200" HPOS="381" VPOS="963" WIDTH="14" HEIGHT="20" WC="0.93" CONTENT="5"/><SP WIDTH="15" VPOS="963" HPOS="395"/>
							<String ID="string_201" HPOS="410" VPOS="964" WIDTH="104" HEIGHT="26" WC="0.96" CONTENT="ingående"/><SP WIDTH="15" VPOS="964" HPOS="514"/>
							<String ID="string_202" HPOS="529" VPOS="964" WIDTH="139" HEIGHT="26" WC="0.96" CONTENT="bestämning,"/><SP WIDTH="8" VPOS="964" HPOS="668"/>
							<String ID="string_203" HPOS="676" VPOS="965" WIDTH="31" HEIGHT="18" WC="0.96" CONTENT="att"/><SP WIDTH="8" VPOS="965" HPOS="707"/>
							<String ID="string_204" HPOS="715" VPOS="963" WIDTH="26" HEIGHT="20" WC="0.96" CONTENT="de"/><SP WIDTH="8" VPOS="963" HPOS="741"/>
							<String ID="string_205" HPOS="749" VPOS="963" WIDTH="73" HEIGHT="20" WC="0.96" CONTENT="aktiva"/><SP WIDTH="10" VPOS="963" HPOS="822"/>
							<String ID="string_206" HPOS="832" VPOS="966" WIDTH="114" HEIGHT="23" WC="0.96" CONTENT="trupperna"/>
						</TextLine>
						<TextLine ID="line_24" HPOS="202" VPOS="996" WIDTH="744" HEIGHT="28">
							<String ID="string_207" HPOS="202" VPOS="998" WIDTH="86" HEIGHT="24" WC="0.96" CONTENT="utgöras"/><SP WIDTH="15" VPOS="998" HPOS="288"/>
							<String ID="string_208" HPOS="303" VPOS="996" WIDTH="23" HEIGHT="20" WC="0.93" CONTENT="af"/><SP WIDTH="14" VPOS="996" HPOS="326"/>
							<String ID="string_209" HPOS="340" VPOS="997" WIDTH="285" HEIGHT="27" WC="0.90" CONTENT="”skarpskyttebataljoner,”"/><SP WIDTH="15" VPOS="997" HPOS="625"/>
							<String ID="string_210" HPOS="640" VPOS="998" WIDTH="38" HEIGHT="19" WC="0.96" CONTENT="har"/><SP WIDTH="17" VPOS="998" HPOS="678"/>
							<String ID="string_211" HPOS="695" VPOS="997" WIDTH="110" HEIGHT="20" WC="0.96" CONTENT="Utskottet"/><SP WIDTH="10" VPOS="997" HPOS="805"/>
							<String ID="string_212" HPOS="815" VPOS="999" WIDTH="69" HEIGHT="18" WC="0.96" CONTENT="ansett"/><SP WIDTH="10" VPOS="999" HPOS="884"/>
							<String ID="string_213" HPOS="894" VPOS="997" WIDTH="52" HEIGHT="20" WC="0.96" CONTENT="böra"/>
						</TextLine>
						<TextLine ID="line_25" HPOS="202" VPOS="1029" WIDTH="744" HEIGHT="28">
							<String ID="string_214" HPOS="202" VPOS="1029" WIDTH="57" HEIGHT="27" WC="0.96" CONTENT="utgå,"/><SP WIDTH="21" VPOS="1029" HPOS="259"/>
							<String ID="string_215" HPOS="280" VPOS="1029" WIDTH="23" HEIGHT="20" WC="0.96" CONTENT="af"/><SP WIDTH="18" VPOS="1029" HPOS="303"/>
							<String ID="string_216" HPOS="321" VPOS="1030" WIDTH="45" HEIGHT="20" WC="0.97" CONTENT="skäl"/><SP WIDTH="23" VPOS="1030" HPOS="366"/>
							<String ID="string_217" HPOS="389" VPOS="1033" WIDTH="30" HEIGHT="17" WC="0.96" CONTENT="att"/><SP WIDTH="25" VPOS="1033" HPOS="419"/>
							<String ID="string_218" HPOS="444" VPOS="1031" WIDTH="38" HEIGHT="20" WC="0.96" CONTENT="den"/><SP WIDTH="23" VPOS="1031" HPOS="482"/>
							<String ID="string_219" HPOS="505" VPOS="1031" WIDTH="68" HEIGHT="20" WC="0.95" CONTENT="finska"/><SP WIDTH="21" VPOS="1031" HPOS="573"/>
							<String ID="string_220" HPOS="594" VPOS="1031" WIDTH="144" HEIGHT="26" WC="0.96" CONTENT="krigsmakten"/><SP WIDTH="15" VPOS="1031" HPOS="738"/>
							<String ID="string_221" HPOS="753" VPOS="1031" WIDTH="48" HEIGHT="19" WC="0.84" CONTENT="icke"/><SP WIDTH="15" VPOS="1031" HPOS="801"/>
							<String ID="string_222" HPOS="816" VPOS="1037" WIDTH="63" HEIGHT="19" WC="0.95" CONTENT="synes"/><SP WIDTH="15" VPOS="1037" HPOS="879"/>
							<String ID="string_223" HPOS="894" VPOS="1031" WIDTH="52" HEIGHT="19" WC="0.96" CONTENT="böra"/>
						</TextLine>
						<TextLine ID="line_26" HPOS="202" VPOS="1063" WIDTH="742" HEIGHT="28">
							<String ID="string_224" HPOS="202" VPOS="1063" WIDTH="115" HEIGHT="26" WC="0.96" CONTENT="begränsas"/><SP WIDTH="34" VPOS="1063" HPOS="317"/>
							<String ID="string_225" HPOS="351" VPOS="1064" WIDTH="53" HEIGHT="20" WC="0.52" CONTENT="blott"/><SP WIDTH="20" VPOS="1064" HPOS="404"/>
							<String ID="string_226" HPOS="424" VPOS="1065" WIDTH="32" HEIGHT="19" WC="0.96" CONTENT="till"/><SP WIDTH="22" VPOS="1065" HPOS="456"/>
							<String ID="string_227" HPOS="478" VPOS="1064" WIDTH="83" HEIGHT="27" WC="0.95" CONTENT="fotfolk,"/><SP WIDTH="22" VPOS="1064" HPOS="561"/>
							<String ID="string_228" HPOS="583" VPOS="1068" WIDTH="26" HEIGHT="16" WC="0.96" CONTENT="än"/><SP WIDTH="20" VPOS="1068" HPOS="609"/>
							<String ID="string_229" HPOS="629" VPOS="1065" WIDTH="79" HEIGHT="19" WC="0.96" CONTENT="mindre"/><SP WIDTH="26" VPOS="1065" HPOS="708"/>
							<String ID="string_230" HPOS="734" VPOS="1064" WIDTH="30" HEIGHT="20" WC="0.93" CONTENT="till"/><SP WIDTH="23" VPOS="1064" HPOS="764"/>
							<String ID="string_231" HPOS="787" VPOS="1066" WIDTH="29" HEIGHT="18" WC="0.96" CONTENT="ett"/><SP WIDTH="23" VPOS="1066" HPOS="816"/>
							<String ID="string_232" HPOS="839" VPOS="1064" WIDTH="46" HEIGHT="26" WC="0.93" CONTENT="slag"/><SP WIDTH="15" VPOS="1064" HPOS="885"/>
							<String ID="string_233" HPOS="900" VPOS="1064" WIDTH="44" HEIGHT="20" WC="0.92" CONTENT="der-"/>
						</TextLine>
						<TextLine ID="line_27" HPOS="203" VPOS="1096" WIDTH="743" HEIGHT="28">
							<String ID="string_234" HPOS="203" VPOS="1097" WIDTH="27" HEIGHT="19" WC="0.94" CONTENT="af."/><SP WIDTH="30" VPOS="1097" HPOS="230"/>
							<String ID="string_235" HPOS="260" VPOS="1096" WIDTH="31" HEIGHT="20" WC="0.94" CONTENT="De"/><SP WIDTH="22" VPOS="1096" HPOS="291"/>
							<String ID="string_236" HPOS="313" VPOS="1097" WIDTH="120" HEIGHT="27" WC="0.94" CONTENT="fordringar"/><SP WIDTH="21" VPOS="1097" HPOS="433"/>
							<String ID="string_237" HPOS="454" VPOS="1098" WIDTH="73" HEIGHT="20" WC="0.96" CONTENT="hvilka"/><SP WIDTH="20" VPOS="1098" HPOS="527"/>
							<String ID="string_238" HPOS="547" VPOS="1098" WIDTH="48" HEIGHT="20" WC="0.96" CONTENT="med"/><SP WIDTH="21" VPOS="1098" HPOS="595"/>
							<String ID="string_239" HPOS="616" VPOS="1098" WIDTH="44" HEIGHT="20" WC="0.96" CONTENT="skäl"/><SP WIDTH="26" VPOS="1098" HPOS="660"/>
							<String ID="string_240" HPOS="686" VPOS="1099" WIDTH="69" HEIGHT="19" WC="0.95" CONTENT="kunna"/><SP WIDTH="23" VPOS="1099" HPOS="755"/>
							<String ID="string_241" HPOS="778" VPOS="1098" WIDTH="71" HEIGHT="20" WC="0.96" CONTENT="ställas"/><SP WIDTH="24" VPOS="1098" HPOS="849"/>
							<String ID="string_242" HPOS="873" VPOS="1098" WIDTH="28" HEIGHT="26" WC="0.96" CONTENT="på"/><SP WIDTH="15" VPOS="1098" HPOS="901"/>
							<String ID="string_243" HPOS="916" VPOS="1098" WIDTH="30" HEIGHT="20" WC="0.96" CONTENT="ett"/>
						</TextLine>
						<TextLine ID="line_28" HPOS="203" VPOS="1130" WIDTH="742" HEIGHT="28">
							<String ID="string_244" HPOS="203" VPOS="1130" WIDTH="64" HEIGHT="20" WC="0.91" CONTENT="finskt"/><SP WIDTH="15" VPOS="1130" HPOS="267"/>
							<String ID="string_245" HPOS="282" VPOS="1131" WIDTH="177" HEIGHT="21" WC="0.91" CONTENT="nationalförsvar"/><SP WIDTH="15" VPOS="1131" HPOS="459"/>
							<String ID="string_246" HPOS="474" VPOS="1132" WIDTH="63" HEIGHT="20" WC="0.96" CONTENT="hafva"/><SP WIDTH="14" VPOS="1132" HPOS="537"/>
							<String ID="string_247" HPOS="551" VPOS="1132" WIDTH="105" HEIGHT="26" WC="0.96" CONTENT="nämligen"/><SP WIDTH="13" VPOS="1132" HPOS="656"/>
							<String ID="string_248" HPOS="669" VPOS="1135" WIDTH="57" HEIGHT="23" WC="0.96" CONTENT="synts"/><SP WIDTH="12" VPOS="1135" HPOS="726"/>
							<String ID="string_249" HPOS="738" VPOS="1132" WIDTH="106" HEIGHT="19" WC="0.96" CONTENT="Utskottet"/><SP WIDTH="10" VPOS="1132" HPOS="844"/>
							<String ID="string_250" HPOS="854" VPOS="1132" WIDTH="74" HEIGHT="19" WC="0.96" CONTENT="endast"/><SP WIDTH="11" VPOS="1132" HPOS="928"/>
							<String ID="string_251" HPOS="939" VPOS="1132" WIDTH="6" HEIGHT="18" WC="0.96" CONTENT="i"/>
						</TextLine>
						<TextLine ID="line_29" HPOS="204" VPOS="1164" WIDTH="742" HEIGHT="28">
							<String ID="string_252" HPOS="204" VPOS="1164" WIDTH="60" HEIGHT="26" WC="0.95" CONTENT="ringa"/><SP WIDTH="26" VPOS="1164" HPOS="264"/>
							<String ID="string_253" HPOS="290" VPOS="1164" WIDTH="48" HEIGHT="20" WC="0.96" CONTENT="mån"/><SP WIDTH="25" VPOS="1164" HPOS="338"/>
							<String ID="string_254" HPOS="363" VPOS="1165" WIDTH="32" HEIGHT="19" WC="0.96" CONTENT="till"/><SP WIDTH="21" VPOS="1165" HPOS="395"/>
							<String ID="string_255" HPOS="416" VPOS="1166" WIDTH="55" HEIGHT="25" WC="0.96" CONTENT="godo"/><SP WIDTH="24" VPOS="1166" HPOS="471"/>
							<String ID="string_256" HPOS="495" VPOS="1166" WIDTH="71" HEIGHT="26" WC="0.95" CONTENT="sedda,"/><SP WIDTH="21" VPOS="1166" HPOS="566"/>
							<String ID="string_257" HPOS="587" VPOS="1166" WIDTH="45" HEIGHT="20" WC="0.96" CONTENT="ifall"/><SP WIDTH="16" VPOS="1166" HPOS="632"/>
							<String ID="string_258" HPOS="648" VPOS="1166" WIDTH="116" HEIGHT="19" WC="0.96" CONTENT="detsamma"/><SP WIDTH="15" VPOS="1166" HPOS="764"/>
							<String ID="string_259" HPOS="779" VPOS="1165" WIDTH="55" HEIGHT="20" WC="0.96" CONTENT="fotas"/><SP WIDTH="16" VPOS="1165" HPOS="834"/>
							<String ID="string_260" HPOS="850" VPOS="1165" WIDTH="54" HEIGHT="21" WC="0.96" CONTENT="blott"/><SP WIDTH="14" VPOS="1165" HPOS="904"/>
							<String ID="string_261" HPOS="918" VPOS="1165" WIDTH="28" HEIGHT="26" WC="0.96" CONTENT="på"/>
						</TextLine>
						<TextLine ID="line_30" HPOS="206" VPOS="1198" WIDTH="739" HEIGHT="28">
							<String ID="string_262" HPOS="206" VPOS="1200" WIDTH="30" HEIGHT="17" WC="0.96" CONTENT="ett"/><SP WIDTH="22" VPOS="1200" HPOS="236"/>
							<String ID="string_263" HPOS="258" VPOS="1198" WIDTH="54" HEIGHT="20" WC="0.96" CONTENT="enda"/><SP WIDTH="22" VPOS="1198" HPOS="312"/>
							<String ID="string_264" HPOS="334" VPOS="1205" WIDTH="74" HEIGHT="19" WC="0.96" CONTENT="vapen."/><SP WIDTH="30" VPOS="1205" HPOS="408"/>
							<String ID="string_265" HPOS="438" VPOS="1200" WIDTH="31" HEIGHT="19" WC="0.91" CONTENT="En"/><SP WIDTH="22" VPOS="1200" HPOS="469"/>
							<String ID="string_266" HPOS="491" VPOS="1200" WIDTH="123" HEIGHT="26" WC="0.96" CONTENT="fullständig"/><SP WIDTH="14" VPOS="1200" HPOS="614"/>
							<String ID="string_267" HPOS="628" VPOS="1200" WIDTH="125" HEIGHT="26" WC="0.96" CONTENT="krigsmakt,"/><SP WIDTH="15" VPOS="1200" HPOS="753"/>
							<String ID="string_268" HPOS="768" VPOS="1200" WIDTH="138" HEIGHT="19" WC="0.91" CONTENT="sammansatt"/><SP WIDTH="8" VPOS="1200" HPOS="906"/>
							<String ID="string_269" HPOS="914" VPOS="1198" WIDTH="31" HEIGHT="20" WC="0.91" CONTENT="så-"/>
						</TextLine>
						<TextLine ID="line_31" HPOS="203" VPOS="1231" WIDTH="742" HEIGHT="27">
							<String ID="string_270" HPOS="203" VPOS="1231" WIDTH="34" HEIGHT="19" WC="0.95" CONTENT="väl"/><SP WIDTH="24" VPOS="1231" HPOS="237"/>
							<String ID="string_271" HPOS="261" VPOS="1232" WIDTH="22" HEIGHT="18" WC="0.95" CONTENT="af"/><SP WIDTH="20" VPOS="1232" HPOS="283"/>
							<String ID="string_272" HPOS="303" VPOS="1232" WIDTH="83" HEIGHT="25" WC="0.96" CONTENT="fotfolk,"/><SP WIDTH="20" VPOS="1232" HPOS="386"/>
							<String ID="string_273" HPOS="406" VPOS="1239" WIDTH="44" HEIGHT="13" WC="0.96" CONTENT="som"/><SP WIDTH="25" VPOS="1239" HPOS="450"/>
							<String ID="string_274" HPOS="475" VPOS="1234" WIDTH="23" HEIGHT="18" WC="0.96" CONTENT="af"/><SP WIDTH="21" VPOS="1234" HPOS="498"/>
							<String ID="string_275" HPOS="519" VPOS="1233" WIDTH="92" HEIGHT="25" WC="0.95" CONTENT="artilleri,"/><SP WIDTH="24" VPOS="1233" HPOS="611"/>
							<String ID="string_276" HPOS="635" VPOS="1234" WIDTH="69" HEIGHT="18" WC="0.96" CONTENT="såsom"/><SP WIDTH="16" VPOS="1234" HPOS="704"/>
							<String ID="string_277" HPOS="720" VPOS="1233" WIDTH="35" HEIGHT="19" WC="0.93" CONTENT="det"/><SP WIDTH="16" VPOS="1233" HPOS="755"/>
							<String ID="string_278" HPOS="771" VPOS="1233" WIDTH="67" HEIGHT="19" WC="0.92" CONTENT="förras"/><SP WIDTH="15" VPOS="1233" HPOS="838"/>
							<String ID="string_279" HPOS="853" VPOS="1232" WIDTH="92" HEIGHT="19" WC="0.92" CONTENT="nödvän-"/>
						</TextLine>
						<TextLine ID="line_32" HPOS="204" VPOS="1264" WIDTH="742" HEIGHT="28">
							<String ID="string_280" HPOS="204" VPOS="1264" WIDTH="49" HEIGHT="26" WC="0.92" CONTENT="diga"/><SP WIDTH="19" VPOS="1264" HPOS="253"/>
							<String ID="string_281" HPOS="272" VPOS="1265" WIDTH="150" HEIGHT="26" WC="0.96" CONTENT="komplement,"/><SP WIDTH="26" VPOS="1265" HPOS="422"/>
							<String ID="string_282" HPOS="448" VPOS="1266" WIDTH="108" HEIGHT="20" WC="0.96" CONTENT="äfvensom"/><SP WIDTH="21" VPOS="1266" HPOS="556"/>
							<String ID="string_283" HPOS="577" VPOS="1266" WIDTH="23" HEIGHT="19" WC="0.96" CONTENT="af"/><SP WIDTH="13" VPOS="1266" HPOS="600"/>
							<String ID="string_284" HPOS="613" VPOS="1266" WIDTH="74" HEIGHT="26" WC="0.96" CONTENT="rytteri"/><SP WIDTH="16" VPOS="1266" HPOS="687"/>
							<String ID="string_285" HPOS="703" VPOS="1266" WIDTH="39" HEIGHT="19" WC="0.93" CONTENT="och"/><SP WIDTH="15" VPOS="1266" HPOS="742"/>
							<String ID="string_286" HPOS="757" VPOS="1266" WIDTH="189" HEIGHT="25" WC="0.92" CONTENT="ingeniörtrupper,"/>
						</TextLine>
						<TextLine ID="line_33" HPOS="204" VPOS="1298" WIDTH="744" HEIGHT="28">
							<String ID="string_287" HPOS="204" VPOS="1300" WIDTH="60" HEIGHT="24" WC="0.95" CONTENT="samt,"/><SP WIDTH="16" VPOS="1300" HPOS="264"/>
							<String ID="string_288" HPOS="280" VPOS="1305" WIDTH="33" HEIGHT="13" WC="0.96" CONTENT="om"/><SP WIDTH="16" VPOS="1305" HPOS="313"/>
							<String ID="string_289" HPOS="329" VPOS="1298" WIDTH="160" HEIGHT="22" WC="0.96" CONTENT="förhållandena"/><SP WIDTH="15" VPOS="1298" HPOS="489"/>
							<String ID="string_290" HPOS="504" VPOS="1300" WIDTH="35" HEIGHT="20" WC="0.96" CONTENT="det"/><SP WIDTH="18" VPOS="1300" HPOS="539"/>
							<String ID="string_291" HPOS="557" VPOS="1300" WIDTH="7" HEIGHT="20" WC="0.96" CONTENT="i"/><SP WIDTH="16" VPOS="1300" HPOS="564"/>
							<String ID="string_292" HPOS="580" VPOS="1306" WIDTH="24" HEIGHT="14" WC="0.96" CONTENT="en"/><SP WIDTH="16" VPOS="1306" HPOS="604"/>
							<String ID="string_293" HPOS="620" VPOS="1300" WIDTH="83" HEIGHT="20" WC="0.93" CONTENT="framtid"/><SP WIDTH="17" VPOS="1300" HPOS="703"/>
							<String ID="string_294" HPOS="720" VPOS="1299" WIDTH="112" HEIGHT="27" WC="0.92" CONTENT="medgifva,"/><SP WIDTH="16" VPOS="1299" HPOS="832"/>
							<String ID="string_295" HPOS="848" VPOS="1298" WIDTH="62" HEIGHT="20" WC="0.96" CONTENT="äfven"/><SP WIDTH="15" VPOS="1298" HPOS="910"/>
							<String ID="string_296" HPOS="925" VPOS="1298" WIDTH="23" HEIGHT="20" WC="0.96" CONTENT="af"/>
						</TextLine>
						<TextLine ID="line_34" HPOS="204" VPOS="1332" WIDTH="741" HEIGHT="28">
							<String ID="string_297" HPOS="204" VPOS="1334" WIDTH="31" HEIGHT="18" WC="0.96" CONTENT="ett"/><SP WIDTH="21" VPOS="1334" HPOS="235"/>
							<String ID="string_298" HPOS="256" VPOS="1332" WIDTH="69" HEIGHT="28" WC="0.93" CONTENT="billigt"/><SP WIDTH="21" VPOS="1332" HPOS="325"/>
							<String ID="string_299" HPOS="346" VPOS="1332" WIDTH="137" HEIGHT="27" WC="0.92" CONTENT="kustförsvar,"/><SP WIDTH="17" VPOS="1332" HPOS="483"/>
							<String ID="string_300" HPOS="500" VPOS="1340" WIDTH="62" HEIGHT="20" WC="0.96" CONTENT="synes"/><SP WIDTH="15" VPOS="1340" HPOS="562"/>
							<String ID="string_301" HPOS="577" VPOS="1341" WIDTH="50" HEIGHT="13" WC="0.96" CONTENT="vara"/><SP WIDTH="16" VPOS="1341" HPOS="627"/>
							<String ID="string_302" HPOS="643" VPOS="1334" WIDTH="35" HEIGHT="20" WC="0.96" CONTENT="det"/><SP WIDTH="15" VPOS="1334" HPOS="678"/>
							<String ID="string_303" HPOS="693" VPOS="1334" WIDTH="48" HEIGHT="26" WC="0.96" CONTENT="mål,"/><SP WIDTH="16" VPOS="1334" HPOS="741"/>
							<String ID="string_304" HPOS="757" VPOS="1334" WIDTH="32" HEIGHT="20" WC="0.96" CONTENT="till"/><SP WIDTH="14" VPOS="1334" HPOS="789"/>
							<String ID="string_305" HPOS="803" VPOS="1333" WIDTH="81" HEIGHT="20" WC="0.93" CONTENT="hvilket"/><SP WIDTH="14" VPOS="1333" HPOS="884"/>
							<String ID="string_306" HPOS="898" VPOS="1332" WIDTH="47" HEIGHT="20" WC="0.91" CONTENT="Fin-"/>
						</TextLine>
						<TextLine ID="line_35" HPOS="204" VPOS="1366" WIDTH="745" HEIGHT="29">
							<String ID="string_307" HPOS="204" VPOS="1366" WIDTH="60" HEIGHT="20" WC="0.93" CONTENT="lands"/><SP WIDTH="15" VPOS="1366" HPOS="264"/>
							<String ID="string_308" HPOS="279" VPOS="1366" WIDTH="184" HEIGHT="28" WC="0.92" CONTENT="krigsförfattning"/><SP WIDTH="15" VPOS="1366" HPOS="463"/>
							<String ID="string_309" HPOS="478" VPOS="1368" WIDTH="39" HEIGHT="20" WC="0.92" CONTENT="bör"/><SP WIDTH="15" VPOS="1368" HPOS="517"/>
							<String ID="string_310" HPOS="532" VPOS="1368" WIDTH="85" HEIGHT="21" WC="0.92" CONTENT="sträfva."/><SP WIDTH="30" VPOS="1368" HPOS="617"/>
							<String ID="string_311" HPOS="647" VPOS="1368" WIDTH="41" HEIGHT="20" WC="0.96" CONTENT="Väl"/><SP WIDTH="15" VPOS="1368" HPOS="688"/>
							<String ID="string_312" HPOS="703" VPOS="1368" WIDTH="64" HEIGHT="27" WC="0.96" CONTENT="bjuda"/><SP WIDTH="15" VPOS="1368" HPOS="767"/>
							<String ID="string_313" HPOS="782" VPOS="1367" WIDTH="130" HEIGHT="27" WC="0.96" CONTENT="synpunkter"/><SP WIDTH="14" VPOS="1367" HPOS="912"/>
							<String ID="string_314" HPOS="926" VPOS="1366" WIDTH="23" HEIGHT="21" WC="0.94" CONTENT="af"/>
						</TextLine>
						<TextLine ID="line_36" HPOS="206" VPOS="1402" WIDTH="741" HEIGHT="27">
							<String ID="string_315" HPOS="206" VPOS="1407" WIDTH="68" HEIGHT="13" WC="0.96" CONTENT="annan"/><SP WIDTH="23" VPOS="1407" HPOS="274"/>
							<String ID="string_316" HPOS="297" VPOS="1403" WIDTH="32" HEIGHT="17" WC="0.96" CONTENT="art"/><SP WIDTH="22" VPOS="1403" HPOS="329"/>
							<String ID="string_317" HPOS="351" VPOS="1403" WIDTH="31" HEIGHT="18" WC="0.95" CONTENT="att"/><SP WIDTH="22" VPOS="1403" HPOS="382"/>
							<String ID="string_318" HPOS="404" VPOS="1402" WIDTH="18" HEIGHT="26" WC="0.95" CONTENT="ej"/><SP WIDTH="24" VPOS="1402" HPOS="422"/>
							<String ID="string_319" HPOS="446" VPOS="1404" WIDTH="49" HEIGHT="25" WC="0.96" CONTENT="taga"/><SP WIDTH="19" VPOS="1404" HPOS="495"/>
							<String ID="string_320" HPOS="514" VPOS="1402" WIDTH="35" HEIGHT="20" WC="0.0" CONTENT="det"/><SP WIDTH="9" VPOS="1402" HPOS="549"/>
							<String ID="string_321" HPOS="558" VPOS="1403" WIDTH="66" HEIGHT="20" WC="0.0" CONTENT="första"/><SP WIDTH="15" VPOS="1403" HPOS="624"/>
							<String ID="string_322" HPOS="639" VPOS="1404" WIDTH="69" HEIGHT="25" WC="0.96" CONTENT="steget"/><SP WIDTH="15" VPOS="1404" HPOS="708"/>
							<String ID="string_323" HPOS="723" VPOS="1402" WIDTH="32" HEIGHT="20" WC="0.96" CONTENT="för"/><SP WIDTH="14" VPOS="1402" HPOS="755"/>
							<String ID="string_324" HPOS="769" VPOS="1402" WIDTH="66" HEIGHT="27" WC="0.96" CONTENT="långt,"/><SP WIDTH="16" VPOS="1402" HPOS="835"/>
							<String ID="string_325" HPOS="851" VPOS="1403" WIDTH="49" HEIGHT="18" WC="0.97" CONTENT="utan"/><SP WIDTH="16" VPOS="1403" HPOS="900"/>
							<String ID="string_326" HPOS="916" VPOS="1403" WIDTH="31" HEIGHT="18" WC="0.96" CONTENT="att"/>
						</TextLine>
						<TextLine ID="line_37" HPOS="205" VPOS="1435" WIDTH="741" HEIGHT="29">
							<String ID="string_327" HPOS="205" VPOS="1435" WIDTH="100" HEIGHT="21" WC="0.91" CONTENT="fastmera"/><SP WIDTH="23" VPOS="1435" HPOS="305"/>
							<String ID="string_328" HPOS="328" VPOS="1436" WIDTH="32" HEIGHT="20" WC="0.96" CONTENT="till"/><SP WIDTH="22" VPOS="1436" HPOS="360"/>
							<String ID="string_329" HPOS="382" VPOS="1442" WIDTH="25" HEIGHT="14" WC="0.96" CONTENT="en"/><SP WIDTH="22" VPOS="1442" HPOS="407"/>
							<String ID="string_330" HPOS="429" VPOS="1436" WIDTH="74" HEIGHT="27" WC="0.96" CONTENT="början"/><SP WIDTH="25" VPOS="1436" HPOS="503"/>
							<String ID="string_331" HPOS="528" VPOS="1437" WIDTH="65" HEIGHT="20" WC="0.96" CONTENT="under"/><SP WIDTH="16" VPOS="1437" HPOS="593"/>
							<String ID="string_332" HPOS="609" VPOS="1437" WIDTH="39" HEIGHT="19" WC="0.96" CONTENT="den"/><SP WIDTH="20" VPOS="1437" HPOS="648"/>
							<String ID="string_333" HPOS="668" VPOS="1437" WIDTH="99" HEIGHT="27" WC="0.93" CONTENT="tidigaste"/><SP WIDTH="16" VPOS="1437" HPOS="767"/>
							<String ID="string_334" HPOS="783" VPOS="1436" WIDTH="163" HEIGHT="27" WC="0.91" CONTENT="organisations-"/>
						</TextLine>
						<TextLine ID="line_38" HPOS="205" VPOS="1469" WIDTH="741" HEIGHT="29">
							<String ID="string_335" HPOS="205" VPOS="1469" WIDTH="100" HEIGHT="26" WC="0.95" CONTENT="perioden"/><SP WIDTH="24" VPOS="1469" HPOS="305"/>
							<String ID="string_336" HPOS="329" VPOS="1470" WIDTH="114" HEIGHT="20" WC="0.95" CONTENT="inskränka"/><SP WIDTH="18" VPOS="1470" HPOS="443"/>
							<String ID="string_337" HPOS="461" VPOS="1470" WIDTH="40" HEIGHT="20" WC="0.96" CONTENT="den"/><SP WIDTH="16" VPOS="1470" HPOS="501"/>
							<String ID="string_338" HPOS="517" VPOS="1470" WIDTH="68" HEIGHT="21" WC="0.93" CONTENT="finska"/><SP WIDTH="8" VPOS="1470" HPOS="585"/>
							<String ID="string_339" HPOS="593" VPOS="1470" WIDTH="155" HEIGHT="28" WC="0.92" CONTENT="härordningen"/><SP WIDTH="15" VPOS="1470" HPOS="748"/>
							<String ID="string_340" HPOS="763" VPOS="1471" WIDTH="32" HEIGHT="19" WC="0.96" CONTENT="till"/><SP WIDTH="15" VPOS="1471" HPOS="795"/>
							<String ID="string_341" HPOS="810" VPOS="1470" WIDTH="55" HEIGHT="21" WC="0.93" CONTENT="blott"/><SP WIDTH="14" VPOS="1470" HPOS="865"/>
							<String ID="string_342" HPOS="879" VPOS="1469" WIDTH="67" HEIGHT="21" WC="0.92" CONTENT="infan-"/>
						</TextLine>
					</TextBlock>
				</ComposedBlock>
				<ComposedBlock ID="cblock_2" HPOS="275" VPOS="1514" WIDTH="397" HEIGHT="24">
					<TextBlock ID="block_4" HPOS="275" VPOS="1514" WIDTH="397" HEIGHT="24">
						<TextLine ID="line_39" HPOS="275" VPOS="1514" WIDTH="397" HEIGHT="24">
							<String ID="string_343" HPOS="275" VPOS="1514" WIDTH="198" HEIGHT="24" WC="0.91" CONTENT="Värnepligtsutskottets"/><SP WIDTH="13" VPOS="1514" HPOS="473"/>
							<String ID="string_344" HPOS="486" VPOS="1516" WIDTH="112" HEIGHT="18" WC="0.96" CONTENT="Betänkande"/><SP WIDTH="12" VPOS="1516" HPOS="598"/>
							<String ID="string_345" HPOS="610" VPOS="1516" WIDTH="34" HEIGHT="17" WC="0.95" CONTENT="N:o"/><SP WIDTH="14" VPOS="1516" HPOS="644"/>
							<String ID="string_346" HPOS="658" VPOS="1516" WIDTH="14" HEIGHT="18" WC="0.96" CONTENT="1."/>
						</TextLine>
					</TextBlock>
				</ComposedBlock>
			</PrintSpace>
		</Page>
	</Layout>
</alto>
