1036 1695
228 157 26 22 14
559 155 53 25 N:o
628 155 51 22 44.

203 219 73 28 gjordt
290 220 7 20 i
313 219 42 20 den
369 217 251 27 evangelisk-lutherska
641 218 140 26 församlings
799 217 76 27 kyrka,
890 217 58 24 inom

203 254 64 20 hvars
290 252 86 22 område
400 252 95 26 qvinnan
518 253 23 19 är
563 252 79 21 bosatt.
672 251 228 27 Tillkännagifvandet
914 252 34 20 ut-

203 287 73 21 färdas
292 286 23 22 af
330 286 41 21 den
385 286 125 26 borgerliga
524 286 133 27 myndighet,
683 286 56 21 inför
764 286 86 21 hvilken
872 286 76 21 äkten-

204 322 76 26 skapet
296 320 54 22 skall
366 320 97 21 afslutas.
493 319 44 22 Vill
558 320 71 27 någon
648 322 53 24 göra
713 320 35 27 jäf
763 321 56 20 emot
834 319 114 22 äktenska-

203 357 43 25 pet,
262 354 83 22 anmäle
361 354 78 20 sådant
453 354 39 21 hos
508 353 47 27 den,
571 360 45 15 som
640 354 97 21 utfärdat
759 353 189 27 tillkännagifvan-

206 390 42 26 det,
265 388 40 22 och
322 388 55 27 gälle
392 388 7 20 i
415 388 67 26 öfrigt
497 388 56 21 hvad
569 389 13 20 3
597 387 11 28 $
624 388 13 20 7
652 388 49 27 kap.
717 388 26 21 G.
758 388 25 20 B.
800 388 94 26 stadgar.

272 422 113 27 Borgerlig
399 422 133 27 myndighet,
547 422 58 21 inför
619 422 88 21 hvilken
727 422 122 27 äktenskap
863 422 41 21 bör
918 422 32 22 af-

205 458 76 26 slutas,
295 463 52 15 vare
361 457 8 20 i
384 457 49 21 stad
448 456 113 27 magistrat
576 457 53 21 eller
644 456 150 27 ordningsrätt
809 456 39 21 och
863 455 30 28 pä
903 456 47 21 lan-

206 492 36 21 det
257 491 140 27 kronofogde.
426 491 69 21 Dessa
509 491 151 27 myndigheter
674 491 67 21 hafva
764 493 33 19 att
811 491 8 20 i
833 491 61 27 fråga
916 497 34 15 om

206 525 210 27 äktenskapshinder
431 525 47 26 och,
494 525 38 21 der
548 525 36 27 lag
598 525 26 21 sä
638 525 92 26 fordrar,
747 525 115 27 afvittring
876 525 74 22 utöfva

207 561 41 21 den
263 560 82 27 tillsyn,
361 566 45 15 som
421 560 163 21 vederbörande
598 561 61 26 prest
676 560 68 26 enligt
759 560 36 27 lag
815 560 89 27 äligger,
920 560 31 21 äf-

206 601 88 15 vensom
317 594 98 26 iakttaga
437 594 58 21 hvad
519 594 70 21 denne
610 594 8 21 i
633 593 102 22 afseende
749 594 13 21 å
777 594 131 27 anteckning
923 595 28 26 pä

206 627 304 28 upptedtäktenskapsförord
517 630 23 19 är
546 627 146 22 föreskrifvet.
707 628 83 21 Sedani
798 628 96 21 vittnens
902 630 49 19 när-

207 668 51 16 varo
270 661 58 22 såväl
338 668 91 15 mannen
445 667 45 16 som
505 663 93 26 gvinnan
606 662 58 21 inför
674 662 41 21 den
722 662 125 27 borgerliga
854 662 97 27 myndig-

206 697 66 22 heten
288 695 86 27 afgifvit
387 696 40 21 sitt
442 696 103 26 frivilliga
558 696 24 27 ja
596 696 40 21 och
652 696 109 27 samtycke
769 697 34 20 till
813 696 137 27 giftermälet,

208 730 66 22 varde
290 731 26 20 de
332 729 33 21 för
380 729 51 21 äkta
446 730 74 21 makar
535 730 129 21 förklarade.
695 731 65 20 Hvad
781 730 92 21 sälunda
895 730 57 21 före-

208 764 89 21 kommit
312 763 56 21 skall
390 765 107 25 upptagas
518 764 7 20 i
540 764 106 21 särskildt
668 763 62 22 öfver
751 764 83 21 sådana
857 764 94 22 ärenden

208 798 59 21 fördt
281 797 115 27 protokoll,
411 798 89 26 hvilket,
509 798 38 20 der
558 797 143 27 äktenskapet
709 800 24 18 är
749 798 58 20 inför
818 798 134 26 kronofogde

208 832 109 27 ingånget,
340 832 39 19 bör
401 831 24 21 af
446 832 82 20 vittnen
553 831 121 27 bestyrkas.
705 832 44 21 Det
771 832 119 27 äktenskap
913 838 39 21 ege

208 865 41 22 full
264 865 110 27 borgerlig
389 865 107 26 giltighet.

557 917 11 26 8
584 916 19 21 7.

276 949 113 27 Borgerlig
403 951 127 26 myndighet
545 950 56 22 skall
616 956 33 15 om
665 950 74 27 hvarje
753 950 58 22 inför
830 951 124 23 densamma

209 984 103 27 ingånget
327 984 119 26 äktenskap
462 985 57 20 inom
542 990 37 15 sex
601 984 79 21 veckor
695 985 95 20 derefter
814 985 85 21 anmäla
913 985 39 22 hos

209 1018 54 26 dem,
280 1024 45 15 som
340 1017 47 22 föra
402 1019 27 20 de
444 1018 155 27 kyrkoböcker,
615 1018 7 21 i
638 1018 73 21 hvilka
730 1018 103 21 makarne
848 1020 36 19 äro
900 1025 53 21 upp-

208 1053 74 26 tagna.

558 1086 11 27 $
585 1087 19 20 8.

278 1120 64 26 Barn,
358 1125 46 15 som
418 1120 62 21 födes
495 1120 8 21 i
518 1120 120 27 äktenskap
654 1120 90 22 emellan
760 1121 95 21 mosaisk
869 1120 83 22 trosbe-

210 1154 96 21 kännare
317 1154 39 21 och
366 1153 90 27 kristen,
467 1154 55 21 skall
533 1155 7 20 i
551 1154 40 21 den
603 1154 144 21 sistnämndes
757 1155 47 20 lära
821 1153 132 28 uppfostras.

559 1217 12 27 $
586 1217 20 21 9.

279 1249 11 22 I
305 1249 101 22 afseende
421 1250 13 20 å
449 1249 201 27 folkundervisning
664 1256 51 15 vare
730 1250 61 26 barn,
806 1249 86 22 hvilkas
912 1249 42 22 för-

210 1282 74 22 äldrar
306 1284 37 20 äro
364 1283 108 21 mosaiske
494 1283 176 26 trosbekännare,
698 1283 160 21 underkastade
880 1283 74 22 derom

211 1317 100 27 gällande
326 1317 108 21 allmänna
448 1317 134 27 stadganden
598 1318 40 21 och
653 1318 88 22 tillhöra
756 1318 37 21 det
808 1318 146 27 skoldistrikt,

211 1351 58 22 inom
284 1351 83 22 hvilket
383 1352 26 21 de
424 1354 38 19 äro
477 1352 93 26 bosatta;
585 1352 56 21 dock
656 1354 33 19 att
703 1353 82 21 sådana
799 1353 54 20 barn
869 1354 37 19 äro
916 1352 38 21 fri-

211 1388 67 25 tagna
292 1385 49 22 från
357 1386 40 21 den
407 1386 266 27 religionsundervisning,
683 1387 62 22 som
736 1381 15 37 i
761 1387 61 21 skola
837 1387 117 22 meddelas.

554 1449 12 28 s
582 1449 33 22 10.
734 1439 2 2 |
928 1459 3 2 :

279 1483 25 27 Ej
320 1482 35 21 må
369 1483 70 28 någon
455 1483 71 22 såsom
540 1484 69 21 vittne
622 1484 71 27 jäfvas
709 1484 34 21 för
757 1484 38 21 det
816 1485 45 20 han
875 1484 81 22 bekän-
