<?xml version="1.0" encoding="UTF-8"?>
<alto xmlns="http://www.loc.gov/standards/alto/ns-v3#" xmlns:xlink="http://www.w3.org/1999/xlink" xmlns:xsi="http://www.w3.org/2001/XMLSchema-instance" xsi:schemaLocation="http://www.loc.gov/standards/alto/ns-v3# http://www.loc.gov/alto/v3/alto-3-0.xsd">
	<Description>
		<MeasurementUnit>pixel</MeasurementUnit>
		<sourceImageInformation>
			<fileName>/tmp/tess_aqbjmq7q_input.PNG</fileName>
		</sourceImageInformation>
		<OCRProcessing ID="OCR_0">
			<ocrProcessingStep>
				<processingSoftware>
					<softwareName>tesseract 5.3.4</softwareName>
				</processingSoftware>
			</ocrProcessingStep>
		</OCRProcessing>
	</Description>
	<Layout>
		<Page WIDTH="1025" HEIGHT="1698" PHYSICAL_IMG_NR="0" ID="page_0">
			<PrintSpace HPOS="0" VPOS="0" WIDTH="1025" HEIGHT="1698">
				<ComposedBlock ID="cblock_0" HPOS="222" VPOS="122" WIDTH="499" HEIGHT="28">
					<TextBlock ID="block_0" HPOS="222" VPOS="122" WIDTH="499" HEIGHT="28">
						<TextLine ID="line_0" HPOS="222" VPOS="122" WIDTH="499" HEIGHT="28">
							<String ID="string_0" HPOS="222" VPOS="123" WIDTH="26" HEIGHT="23" WC="0.95" CONTENT="18"/><SP WIDTH="176" VPOS="123" HPOS="248"/>
							<String ID="string_1" HPOS="424" VPOS="122" WIDTH="23" HEIGHT="24" WC="0.89" CONTENT="U."/><SP WIDTH="17" VPOS="122" HPOS="447"/>
							<String ID="string_2" HPOS="464" VPOS="122" WIDTH="22" HEIGHT="23" WC="0.92" CONTENT="B."/><SP WIDTH="16" VPOS="122" HPOS="486"/>
							<String ID="string_3" HPOS="502" VPOS="134" WIDTH="27" HEIGHT="3" WC="0.93" CONTENT="—"/><SP WIDTH="17" VPOS="134" HPOS="529"/>
							<String ID="string_4" HPOS="546" VPOS="122" WIDTH="65" HEIGHT="28" WC="0.94" CONTENT="Prop."/><SP WIDTH="17" VPOS="122" HPOS="611"/>
							<String ID="string_5" HPOS="628" VPOS="122" WIDTH="38" HEIGHT="23" WC="0.96" CONTENT="N:o"/><SP WIDTH="16" VPOS="122" HPOS="666"/>
							<String ID="string_6" HPOS="682" VPOS="122" WIDTH="39" HEIGHT="22" WC="0.96" CONTENT="40."/>
						</TextLine>
					</TextBlock>
				</ComposedBlock>
				<ComposedBlock ID="cblock_1" HPOS="193" VPOS="186" WIDTH="755" HEIGHT="64">
					<TextBlock ID="block_1" HPOS="193" VPOS="186" WIDTH="755" HEIGHT="64">
						<TextLine ID="line_1" HPOS="193" VPOS="186" WIDTH="755" HEIGHT="30">
							<String ID="string_7" HPOS="193" VPOS="188" WIDTH="24" HEIGHT="22" WC="0.96" CONTENT="af"/><SP WIDTH="12" VPOS="188" HPOS="217"/>
							<String ID="string_8" HPOS="229" VPOS="188" WIDTH="117" HEIGHT="28" WC="0.96" CONTENT="lagtexten,"/><SP WIDTH="15" VPOS="188" HPOS="346"/>
							<String ID="string_9" HPOS="361" VPOS="187" WIDTH="34" HEIGHT="22" WC="0.96" CONTENT="får"/><SP WIDTH="15" VPOS="187" HPOS="395"/>
							<String ID="string_10" HPOS="410" VPOS="187" WIDTH="110" HEIGHT="21" WC="0.92" CONTENT="Utskottet"/><SP WIDTH="14" VPOS="187" HPOS="520"/>
							<String ID="string_11" HPOS="534" VPOS="188" WIDTH="110" HEIGHT="20" WC="0.93" CONTENT="vördsamt"/><SP WIDTH="14" VPOS="188" HPOS="644"/>
							<String ID="string_12" HPOS="658" VPOS="186" WIDTH="80" HEIGHT="22" WC="0.96" CONTENT="föreslå"/><SP WIDTH="12" VPOS="186" HPOS="738"/>
							<String ID="string_13" HPOS="750" VPOS="188" WIDTH="32" HEIGHT="20" WC="0.97" CONTENT="att"/><SP WIDTH="15" VPOS="188" HPOS="782"/>
							<String ID="string_14" HPOS="797" VPOS="188" WIDTH="34" HEIGHT="26" WC="0.86" CONTENT="$:n"/><SP WIDTH="7" VPOS="188" HPOS="831"/>
							<String ID="string_15" HPOS="838" VPOS="186" WIDTH="67" HEIGHT="22" WC="0.93" CONTENT="måtte"/><SP WIDTH="10" VPOS="186" HPOS="905"/>
							<String ID="string_16" HPOS="915" VPOS="194" WIDTH="33" HEIGHT="14" WC="0.93" CONTENT="er-"/>
						</TextLine>
						<TextLine ID="line_2" HPOS="193" VPOS="220" WIDTH="754" HEIGHT="30">
							<String ID="string_17" HPOS="193" VPOS="222" WIDTH="58" HEIGHT="22" WC="0.95" CONTENT="hålla"/><SP WIDTH="8" VPOS="222" HPOS="251"/>
							<String ID="string_18" HPOS="259" VPOS="222" WIDTH="94" HEIGHT="28" WC="0.96" CONTENT="följande"/><SP WIDTH="8" VPOS="222" HPOS="353"/>
							<String ID="string_19" HPOS="361" VPOS="221" WIDTH="47" HEIGHT="22" WC="0.96" CONTENT="från"/><SP WIDTH="8" VPOS="221" HPOS="408"/>
							<String ID="string_20" HPOS="416" VPOS="221" WIDTH="121" HEIGHT="21" WC="0.96" CONTENT="Utskottets"/><SP WIDTH="9" VPOS="221" HPOS="537"/>
							<String ID="string_21" HPOS="546" VPOS="221" WIDTH="92" HEIGHT="28" WC="0.96" CONTENT="tidigare"/><SP WIDTH="7" VPOS="221" HPOS="638"/>
							<String ID="string_22" HPOS="645" VPOS="220" WIDTH="82" HEIGHT="28" WC="0.93" CONTENT="förslag"/><SP WIDTH="8" VPOS="220" HPOS="727"/>
							<String ID="string_23" HPOS="735" VPOS="221" WIDTH="113" HEIGHT="21" WC="0.92" CONTENT="afvikande"/><SP WIDTH="8" VPOS="221" HPOS="848"/>
							<String ID="string_24" HPOS="856" VPOS="220" WIDTH="91" HEIGHT="28" WC="0.96" CONTENT="lydelse:"/>
						</TextLine>
					</TextBlock>
				</ComposedBlock>
				<ComposedBlock ID="cblock_2" HPOS="330" VPOS="273" WIDTH="620" HEIGHT="413">
					<TextBlock ID="block_2" HPOS="541" VPOS="273" WIDTH="61" HEIGHT="28">
						<TextLine ID="line_3" HPOS="541" VPOS="273" WIDTH="61" HEIGHT="28">
							<String ID="string_25" HPOS="541" VPOS="273" WIDTH="11" HEIGHT="28" WC="0.92" CONTENT="8"/><SP WIDTH="17" VPOS="273" HPOS="552"/>
							<String ID="string_26" HPOS="569" VPOS="273" WIDTH="33" HEIGHT="21" WC="0.96" CONTENT="56."/>
						</TextLine>
					</TextBlock>
					<TextBlock ID="block_3" HPOS="330" VPOS="312" WIDTH="620" HEIGHT="374">
						<TextLine ID="line_4" HPOS="401" VPOS="312" WIDTH="548" HEIGHT="28">
							<String ID="string_27" HPOS="401" VPOS="313" WIDTH="53" HEIGHT="21" WC="0.96" CONTENT="Med"/><SP WIDTH="12" VPOS="313" HPOS="454"/>
							<String ID="string_28" HPOS="466" VPOS="313" WIDTH="83" HEIGHT="27" WC="0.95" CONTENT="ledning"/><SP WIDTH="16" VPOS="313" HPOS="549"/>
							<String ID="string_29" HPOS="565" VPOS="313" WIDTH="27" HEIGHT="27" WC="0.95" CONTENT="af"/><SP WIDTH="11" VPOS="313" HPOS="592"/>
							<String ID="string_30" HPOS="603" VPOS="313" WIDTH="24" HEIGHT="21" WC="0.96" CONTENT="de"/><SP WIDTH="14" VPOS="313" HPOS="627"/>
							<String ID="string_31" HPOS="641" VPOS="314" WIDTH="9" HEIGHT="20" WC="0.96" CONTENT="i"/><SP WIDTH="14" VPOS="314" HPOS="650"/>
							<String ID="string_32" HPOS="664" VPOS="312" WIDTH="31" HEIGHT="28" WC="0.95" CONTENT="$$"/><SP WIDTH="17" VPOS="312" HPOS="695"/>
							<String ID="string_33" HPOS="712" VPOS="314" WIDTH="27" HEIGHT="20" WC="0.95" CONTENT="54"/><SP WIDTH="15" VPOS="314" HPOS="739"/>
							<String ID="string_34" HPOS="754" VPOS="314" WIDTH="37" HEIGHT="21" WC="0.96" CONTENT="och"/><SP WIDTH="21" VPOS="314" HPOS="791"/>
							<String ID="string_35" HPOS="812" VPOS="314" WIDTH="29" HEIGHT="20" WC="0.96" CONTENT="55"/><SP WIDTH="14" VPOS="314" HPOS="841"/>
							<String ID="string_36" HPOS="855" VPOS="313" WIDTH="94" HEIGHT="21" WC="0.96" CONTENT="nämnda"/>
						</TextLine>
						<TextLine ID="line_5" HPOS="331" VPOS="347" WIDTH="619" HEIGHT="28">
							<String ID="string_37" HPOS="331" VPOS="348" WIDTH="161" HEIGHT="27" WC="0.96" CONTENT="förteckningar,"/><SP WIDTH="16" VPOS="348" HPOS="492"/>
							<String ID="string_38" HPOS="508" VPOS="348" WIDTH="67" HEIGHT="21" WC="0.96" CONTENT="hvilka"/><SP WIDTH="15" VPOS="348" HPOS="575"/>
							<String ID="string_39" HPOS="590" VPOS="348" WIDTH="50" HEIGHT="21" WC="0.96" CONTENT="böra"/><SP WIDTH="16" VPOS="348" HPOS="640"/>
							<String ID="string_40" HPOS="656" VPOS="348" WIDTH="26" HEIGHT="27" WC="0.91" CONTENT="af"/><SP WIDTH="13" VPOS="348" HPOS="682"/>
							<String ID="string_41" HPOS="695" VPOS="348" WIDTH="189" HEIGHT="26" WC="0.91" CONTENT="uppbådsnämden"/><SP WIDTH="19" VPOS="348" HPOS="884"/>
							<String ID="string_42" HPOS="903" VPOS="347" WIDTH="47" HEIGHT="22" WC="0.95" CONTENT="med"/>
						</TextLine>
						<TextLine ID="line_6" HPOS="332" VPOS="382" WIDTH="617" HEIGHT="27">
							<String ID="string_43" HPOS="332" VPOS="382" WIDTH="119" HEIGHT="24" WC="0.92" CONTENT="hvarandra"/><SP WIDTH="10" VPOS="382" HPOS="451"/>
							<String ID="string_44" HPOS="461" VPOS="382" WIDTH="103" HEIGHT="27" WC="0.91" CONTENT="jemföras"/><SP WIDTH="16" VPOS="382" HPOS="564"/>
							<String ID="string_45" HPOS="580" VPOS="382" WIDTH="36" HEIGHT="22" WC="0.96" CONTENT="och"/><SP WIDTH="13" VPOS="382" HPOS="616"/>
							<String ID="string_46" HPOS="629" VPOS="382" WIDTH="111" HEIGHT="27" WC="0.96" CONTENT="granskas,"/><SP WIDTH="20" VPOS="382" HPOS="740"/>
							<String ID="string_47" HPOS="760" VPOS="384" WIDTH="114" HEIGHT="25" WC="0.93" CONTENT="upprättar"/><SP WIDTH="14" VPOS="384" HPOS="874"/>
							<String ID="string_48" HPOS="888" VPOS="384" WIDTH="61" HEIGHT="20" WC="0.92" CONTENT="näm-"/>
						</TextLine>
						<TextLine ID="line_7" HPOS="333" VPOS="416" WIDTH="616" HEIGHT="28">
							<String ID="string_49" HPOS="333" VPOS="417" WIDTH="39" HEIGHT="21" WC="0.92" CONTENT="den"/><SP WIDTH="14" VPOS="417" HPOS="372"/>
							<String ID="string_50" HPOS="386" VPOS="416" WIDTH="169" HEIGHT="28" WC="0.89" CONTENT="uppbådslängd,"/><SP WIDTH="16" VPOS="416" HPOS="555"/>
							<String ID="string_51" HPOS="571" VPOS="416" WIDTH="60" HEIGHT="22" WC="0.92" CONTENT="hvari"/><SP WIDTH="6" VPOS="416" HPOS="631"/>
							<String ID="string_52" HPOS="637" VPOS="417" WIDTH="131" HEIGHT="21" WC="0.90" CONTENT="kommunvis"/><SP WIDTH="12" VPOS="417" HPOS="768"/>
							<String ID="string_53" HPOS="780" VPOS="417" WIDTH="35" HEIGHT="21" WC="0.96" CONTENT="och"/><SP WIDTH="11" VPOS="417" HPOS="815"/>
							<String ID="string_54" HPOS="826" VPOS="417" WIDTH="9" HEIGHT="21" WC="0.92" CONTENT="i"/><SP WIDTH="10" VPOS="417" HPOS="835"/>
							<String ID="string_55" HPOS="845" VPOS="424" WIDTH="104" HEIGHT="14" WC="0.91" CONTENT="nummer-"/>
						</TextLine>
						<TextLine ID="line_8" HPOS="332" VPOS="451" WIDTH="618" HEIGHT="28">
							<String ID="string_56" HPOS="332" VPOS="452" WIDTH="53" HEIGHT="27" WC="0.96" CONTENT="följd"/><SP WIDTH="14" VPOS="452" HPOS="385"/>
							<String ID="string_57" HPOS="399" VPOS="454" WIDTH="105" HEIGHT="25" WC="0.95" CONTENT="upptagas"/><SP WIDTH="15" VPOS="454" HPOS="504"/>
							<String ID="string_58" HPOS="519" VPOS="452" WIDTH="41" HEIGHT="21" WC="0.96" CONTENT="alla"/><SP WIDTH="15" VPOS="452" HPOS="560"/>
							<String ID="string_59" HPOS="575" VPOS="452" WIDTH="24" HEIGHT="20" WC="0.96" CONTENT="de"/><SP WIDTH="14" VPOS="452" HPOS="599"/>
							<String ID="string_60" HPOS="613" VPOS="451" WIDTH="118" HEIGHT="28" WC="0.95" CONTENT="ynglingar,"/><SP WIDTH="16" VPOS="451" HPOS="731"/>
							<String ID="string_61" HPOS="747" VPOS="451" WIDTH="68" HEIGHT="22" WC="0.96" CONTENT="hvilka"/><SP WIDTH="7" VPOS="451" HPOS="815"/>
							<String ID="string_62" HPOS="822" VPOS="451" WIDTH="67" HEIGHT="22" WC="0.93" CONTENT="under"/><SP WIDTH="6" VPOS="451" HPOS="889"/>
							<String ID="string_63" HPOS="895" VPOS="451" WIDTH="55" HEIGHT="27" WC="0.92" CONTENT="före-"/>
						</TextLine>
						<TextLine ID="line_9" HPOS="331" VPOS="486" WIDTH="618" HEIGHT="28">
							<String ID="string_64" HPOS="331" VPOS="486" WIDTH="82" HEIGHT="28" WC="0.96" CONTENT="gående"/><SP WIDTH="10" VPOS="486" HPOS="413"/>
							<String ID="string_65" HPOS="423" VPOS="487" WIDTH="26" HEIGHT="21" WC="0.96" CONTENT="år"/><SP WIDTH="14" VPOS="487" HPOS="449"/>
							<String ID="string_66" HPOS="463" VPOS="487" WIDTH="92" HEIGHT="26" WC="0.93" CONTENT="uppnått"/><SP WIDTH="15" VPOS="487" HPOS="555"/>
							<String ID="string_67" HPOS="570" VPOS="486" WIDTH="88" HEIGHT="27" WC="0.91" CONTENT="tjuguett"/><SP WIDTH="8" VPOS="486" HPOS="658"/>
							<String ID="string_68" HPOS="666" VPOS="487" WIDTH="37" HEIGHT="21" WC="0.96" CONTENT="års"/><SP WIDTH="9" VPOS="487" HPOS="703"/>
							<String ID="string_69" HPOS="712" VPOS="486" WIDTH="64" HEIGHT="27" WC="0.96" CONTENT="ålder,"/><SP WIDTH="12" VPOS="486" HPOS="776"/>
							<String ID="string_70" HPOS="788" VPOS="486" WIDTH="47" HEIGHT="22" WC="0.96" CONTENT="med"/><SP WIDTH="5" VPOS="486" HPOS="835"/>
							<String ID="string_71" HPOS="840" VPOS="486" WIDTH="109" HEIGHT="27" WC="0.96" CONTENT="undantag"/>
						</TextLine>
						<TextLine ID="line_10" HPOS="333" VPOS="520" WIDTH="616" HEIGHT="28">
							<String ID="string_72" HPOS="333" VPOS="521" WIDTH="27" HEIGHT="27" WC="0.96" CONTENT="af"/><SP WIDTH="12" VPOS="521" HPOS="360"/>
							<String ID="string_73" HPOS="372" VPOS="520" WIDTH="51" HEIGHT="27" WC="0.95" CONTENT="dem,"/><SP WIDTH="9" VPOS="520" HPOS="423"/>
							<String ID="string_74" HPOS="432" VPOS="527" WIDTH="45" HEIGHT="15" WC="0.91" CONTENT="som"/><SP WIDTH="8" VPOS="527" HPOS="477"/>
							<String ID="string_75" HPOS="485" VPOS="520" WIDTH="82" HEIGHT="22" WC="0.91" CONTENT="inträdt"/><SP WIDTH="7" VPOS="520" HPOS="567"/>
							<String ID="string_76" HPOS="574" VPOS="520" WIDTH="35" HEIGHT="22" WC="0.96" CONTENT="vid"/><SP WIDTH="8" VPOS="520" HPOS="609"/>
							<String ID="string_77" HPOS="617" VPOS="523" WIDTH="113" HEIGHT="25" WC="0.96" CONTENT="trupperna"/><SP WIDTH="8" VPOS="523" HPOS="730"/>
							<String ID="string_78" HPOS="738" VPOS="521" WIDTH="72" HEIGHT="21" WC="0.93" CONTENT="såsom"/><SP WIDTH="8" VPOS="521" HPOS="810"/>
							<String ID="string_79" HPOS="818" VPOS="520" WIDTH="97" HEIGHT="28" WC="0.91" CONTENT="frivillige"/><SP WIDTH="8" VPOS="520" HPOS="915"/>
							<String ID="string_80" HPOS="923" VPOS="521" WIDTH="26" HEIGHT="21" WC="0.93" CONTENT="el-"/>
						</TextLine>
						<TextLine ID="line_11" HPOS="333" VPOS="550" WIDTH="615" HEIGHT="33">
							<String ID="string_81" HPOS="333" VPOS="556" WIDTH="30" HEIGHT="21" WC="0.96" CONTENT="ler"/><SP WIDTH="13" VPOS="556" HPOS="363"/>
							<String ID="string_82" HPOS="376" VPOS="555" WIDTH="125" HEIGHT="22" WC="0.96" CONTENT="volontärer."/><SP WIDTH="23" VPOS="555" HPOS="501"/>
							<String ID="string_83" HPOS="524" VPOS="550" WIDTH="62" HEIGHT="32" WC="0.93" CONTENT="Öfver"/><SP WIDTH="14" VPOS="550" HPOS="586"/>
							<String ID="string_84" HPOS="600" VPOS="556" WIDTH="59" HEIGHT="21" WC="0.91" CONTENT="desse"/><SP WIDTH="14" VPOS="556" HPOS="659"/>
							<String ID="string_85" HPOS="673" VPOS="556" WIDTH="59" HEIGHT="26" WC="0.96" CONTENT="föras"/><SP WIDTH="9" VPOS="556" HPOS="732"/>
							<String ID="string_86" HPOS="741" VPOS="556" WIDTH="107" HEIGHT="21" WC="0.96" CONTENT="särskilda"/><SP WIDTH="7" VPOS="556" HPOS="848"/>
							<String ID="string_87" HPOS="855" VPOS="555" WIDTH="93" HEIGHT="28" WC="0.96" CONTENT="längder,"/>
						</TextLine>
						<TextLine ID="line_12" HPOS="330" VPOS="590" WIDTH="619" HEIGHT="28">
							<String ID="string_88" HPOS="330" VPOS="591" WIDTH="33" HEIGHT="26" WC="0.96" CONTENT="på"/><SP WIDTH="13" VPOS="591" HPOS="363"/>
							<String ID="string_89" HPOS="376" VPOS="590" WIDTH="71" HEIGHT="27" WC="0.96" CONTENT="grund"/><SP WIDTH="15" VPOS="590" HPOS="447"/>
							<String ID="string_90" HPOS="462" VPOS="590" WIDTH="26" HEIGHT="27" WC="0.96" CONTENT="af"/><SP WIDTH="11" VPOS="590" HPOS="488"/>
							<String ID="string_91" HPOS="499" VPOS="590" WIDTH="24" HEIGHT="21" WC="0.96" CONTENT="de"/><SP WIDTH="14" VPOS="590" HPOS="523"/>
							<String ID="string_92" HPOS="537" VPOS="590" WIDTH="112" HEIGHT="28" WC="0.95" CONTENT="uppgifter,"/><SP WIDTH="23" VPOS="590" HPOS="649"/>
							<String ID="string_93" HPOS="672" VPOS="598" WIDTH="46" HEIGHT="14" WC="0.93" CONTENT="som"/><SP WIDTH="21" VPOS="598" HPOS="718"/>
							<String ID="string_94" HPOS="739" VPOS="591" WIDTH="133" HEIGHT="27" WC="0.88" CONTENT="krigsbefälet"/><SP WIDTH="23" VPOS="591" HPOS="872"/>
							<String ID="string_95" HPOS="895" VPOS="591" WIDTH="54" HEIGHT="27" WC="0.86" CONTENT="oför-"/>
						</TextLine>
						<TextLine ID="line_13" HPOS="333" VPOS="624" WIDTH="616" HEIGHT="28">
							<String ID="string_96" HPOS="333" VPOS="624" WIDTH="100" HEIGHT="28" WC="0.89" CONTENT="dröjligen"/><SP WIDTH="15" VPOS="624" HPOS="433"/>
							<String ID="string_97" HPOS="448" VPOS="625" WIDTH="51" HEIGHT="26" WC="0.96" CONTENT="efter"/><SP WIDTH="15" VPOS="625" HPOS="499"/>
							<String ID="string_98" HPOS="514" VPOS="625" WIDTH="33" HEIGHT="22" WC="0.95" CONTENT="det"/><SP WIDTH="14" VPOS="625" HPOS="547"/>
							<String ID="string_99" HPOS="561" VPOS="625" WIDTH="86" HEIGHT="27" WC="0.96" CONTENT="frivillig"/><SP WIDTH="15" VPOS="625" HPOS="647"/>
							<String ID="string_100" HPOS="662" VPOS="626" WIDTH="48" HEIGHT="21" WC="0.93" CONTENT="eller"/><SP WIDTH="14" VPOS="626" HPOS="710"/>
							<String ID="string_101" HPOS="724" VPOS="626" WIDTH="96" HEIGHT="21" WC="0.96" CONTENT="volontär"/><SP WIDTH="15" VPOS="626" HPOS="820"/>
							<String ID="string_102" HPOS="835" VPOS="626" WIDTH="68" HEIGHT="26" WC="0.93" CONTENT="blifvit"/><SP WIDTH="10" VPOS="626" HPOS="903"/>
							<String ID="string_103" HPOS="913" VPOS="632" WIDTH="36" HEIGHT="15" WC="0.93" CONTENT="an-"/>
						</TextLine>
						<TextLine ID="line_14" HPOS="334" VPOS="659" WIDTH="380" HEIGHT="27">
							<String ID="string_104" HPOS="334" VPOS="661" WIDTH="66" HEIGHT="25" WC="0.91" CONTENT="tagen,"/><SP WIDTH="17" VPOS="661" HPOS="400"/>
							<String ID="string_105" HPOS="417" VPOS="659" WIDTH="36" HEIGHT="21" WC="0.95" CONTENT="bör"/><SP WIDTH="16" VPOS="659" HPOS="453"/>
							<String ID="string_106" HPOS="469" VPOS="660" WIDTH="31" HEIGHT="21" WC="0.92" CONTENT="till"/><SP WIDTH="13" VPOS="660" HPOS="500"/>
							<String ID="string_107" HPOS="513" VPOS="660" WIDTH="90" HEIGHT="21" WC="0.92" CONTENT="nämden"/><SP WIDTH="16" VPOS="660" HPOS="603"/>
							<String ID="string_108" HPOS="619" VPOS="660" WIDTH="95" HEIGHT="26" WC="0.90" CONTENT="aflemna."/>
						</TextLine>
					</TextBlock>
				</ComposedBlock>
				<ComposedBlock ID="cblock_3" HPOS="193" VPOS="711" WIDTH="758" HEIGHT="174">
					<TextBlock ID="block_4" HPOS="542" VPOS="711" WIDTH="60" HEIGHT="28">
						<TextLine ID="line_15" HPOS="542" VPOS="711" WIDTH="60" HEIGHT="28">
							<String ID="string_109" HPOS="542" VPOS="711" WIDTH="11" HEIGHT="28" WC="0.91" CONTENT="8"/><SP WIDTH="16" VPOS="711" HPOS="553"/>
							<String ID="string_110" HPOS="569" VPOS="712" WIDTH="33" HEIGHT="21" WC="0.89" CONTENT="58."/>
						</TextLine>
					</TextBlock>
					<TextBlock ID="block_5" HPOS="193" VPOS="750" WIDTH="758" HEIGHT="135">
						<TextLine ID="line_16" HPOS="264" VPOS="750" WIDTH="687" HEIGHT="30">
							<String ID="string_111" HPOS="264" VPOS="752" WIDTH="10" HEIGHT="20" WC="0.93" CONTENT="I"/><SP WIDTH="15" VPOS="752" HPOS="274"/>
							<String ID="string_112" HPOS="289" VPOS="752" WIDTH="221" HEIGHT="22" WC="0.87" CONTENT="öfverensstämmelse"/><SP WIDTH="15" VPOS="752" HPOS="510"/>
							<String ID="string_113" HPOS="525" VPOS="752" WIDTH="48" HEIGHT="21" WC="0.93" CONTENT="med"/><SP WIDTH="16" VPOS="752" HPOS="573"/>
							<String ID="string_114" HPOS="589" VPOS="750" WIDTH="101" HEIGHT="23" WC="0.93" CONTENT="Ständets"/><SP WIDTH="16" VPOS="750" HPOS="690"/>
							<String ID="string_115" HPOS="706" VPOS="752" WIDTH="34" HEIGHT="21" WC="0.93" CONTENT="vid"/><SP WIDTH="14" VPOS="752" HPOS="740"/>
							<String ID="string_116" HPOS="754" VPOS="752" WIDTH="12" HEIGHT="28" WC="0.92" CONTENT="&amp;"/><SP WIDTH="16" VPOS="752" HPOS="766"/>
							<String ID="string_117" HPOS="782" VPOS="752" WIDTH="26" HEIGHT="22" WC="0.93" CONTENT="56"/><SP WIDTH="16" VPOS="752" HPOS="808"/>
							<String ID="string_118" HPOS="824" VPOS="752" WIDTH="75" HEIGHT="28" WC="0.93" CONTENT="gjorda"/><SP WIDTH="14" VPOS="752" HPOS="899"/>
							<String ID="string_119" HPOS="913" VPOS="760" WIDTH="38" HEIGHT="14" WC="0.92" CONTENT="an-"/>
						</TextLine>
						<TextLine ID="line_17" HPOS="196" VPOS="786" WIDTH="755" HEIGHT="28">
							<String ID="string_120" HPOS="196" VPOS="786" WIDTH="113" HEIGHT="28" WC="0.96" CONTENT="märkning"/><SP WIDTH="14" VPOS="786" HPOS="309"/>
							<String ID="string_121" HPOS="323" VPOS="786" WIDTH="41" HEIGHT="22" WC="0.93" CONTENT="har"/><SP WIDTH="14" VPOS="786" HPOS="364"/>
							<String ID="string_122" HPOS="378" VPOS="788" WIDTH="155" HEIGHT="24" WC="0.92" CONTENT="Borgareständet"/><SP WIDTH="14" VPOS="788" HPOS="533"/>
							<String ID="string_123" HPOS="547" VPOS="786" WIDTH="61" HEIGHT="22" WC="0.96" CONTENT="äfven"/><SP WIDTH="15" VPOS="786" HPOS="608"/>
							<String ID="string_124" HPOS="623" VPOS="786" WIDTH="7" HEIGHT="21" WC="0.96" CONTENT="i"/><SP WIDTH="16" VPOS="786" HPOS="630"/>
							<String ID="string_125" HPOS="646" VPOS="786" WIDTH="70" HEIGHT="22" WC="0.93" CONTENT="denna"/><SP WIDTH="15" VPOS="786" HPOS="716"/>
							<String ID="string_126" HPOS="731" VPOS="787" WIDTH="11" HEIGHT="27" WC="0.90" CONTENT="8"/><SP WIDTH="14" VPOS="787" HPOS="742"/>
							<String ID="string_127" HPOS="756" VPOS="786" WIDTH="54" HEIGHT="22" WC="0.93" CONTENT="efter"/><SP WIDTH="15" VPOS="786" HPOS="810"/>
							<String ID="string_128" HPOS="825" VPOS="787" WIDTH="62" HEIGHT="21" WC="0.93" CONTENT="ordet"/><SP WIDTH="14" VPOS="787" HPOS="887"/>
							<String ID="string_129" HPOS="901" VPOS="787" WIDTH="50" HEIGHT="26" WC="0.91" CONTENT=",fri-"/>
						</TextLine>
						<TextLine ID="line_18" HPOS="196" VPOS="820" WIDTH="755" HEIGHT="28">
							<String ID="string_130" HPOS="196" VPOS="820" WIDTH="84" HEIGHT="28" WC="0.83" CONTENT="villige*"/><SP WIDTH="17" VPOS="820" HPOS="280"/>
							<String ID="string_131" HPOS="297" VPOS="820" WIDTH="71" HEIGHT="28" WC="0.96" CONTENT="tillagt"/><SP WIDTH="17" VPOS="820" HPOS="368"/>
							<String ID="string_132" HPOS="385" VPOS="821" WIDTH="66" HEIGHT="26" WC="0.88" CONTENT=",eller"/><SP WIDTH="15" VPOS="821" HPOS="451"/>
							<String ID="string_133" HPOS="466" VPOS="820" WIDTH="141" HEIGHT="26" WC="0.81" CONTENT="volontärer&quot;,"/><SP WIDTH="23" VPOS="820" HPOS="607"/>
							<String ID="string_134" HPOS="630" VPOS="820" WIDTH="86" HEIGHT="22" WC="0.96" CONTENT="hvilken"/><SP WIDTH="22" VPOS="820" HPOS="716"/>
							<String ID="string_135" HPOS="738" VPOS="821" WIDTH="88" HEIGHT="21" WC="0.94" CONTENT="rättelse"/><SP WIDTH="15" VPOS="821" HPOS="826"/>
							<String ID="string_136" HPOS="841" VPOS="821" WIDTH="110" HEIGHT="22" WC="0.96" CONTENT="Utskottet"/>
						</TextLine>
						<TextLine ID="line_19" HPOS="193" VPOS="855" WIDTH="619" HEIGHT="30">
							<String ID="string_137" HPOS="193" VPOS="856" WIDTH="80" HEIGHT="27" WC="0.92" CONTENT="jemväl"/><SP WIDTH="14" VPOS="856" HPOS="273"/>
							<String ID="string_138" HPOS="287" VPOS="855" WIDTH="34" HEIGHT="22" WC="0.96" CONTENT="får"/><SP WIDTH="14" VPOS="855" HPOS="321"/>
							<String ID="string_139" HPOS="335" VPOS="856" WIDTH="109" HEIGHT="28" WC="0.96" CONTENT="tillstyrka"/><SP WIDTH="14" VPOS="856" HPOS="444"/>
							<String ID="string_140" HPOS="458" VPOS="856" WIDTH="32" HEIGHT="21" WC="0.96" CONTENT="till"/><SP WIDTH="16" VPOS="856" HPOS="490"/>
							<String ID="string_141" HPOS="506" VPOS="856" WIDTH="68" HEIGHT="29" WC="0.93" CONTENT="öfriga"/><SP WIDTH="16" VPOS="856" HPOS="574"/>
							<String ID="string_142" HPOS="590" VPOS="855" WIDTH="79" HEIGHT="22" WC="0.91" CONTENT="Stånds"/><SP WIDTH="16" VPOS="855" HPOS="669"/>
							<String ID="string_143" HPOS="685" VPOS="857" WIDTH="127" HEIGHT="27" WC="0.96" CONTENT="antagande."/>
						</TextLine>
					</TextBlock>
				</ComposedBlock>
				<ComposedBlock ID="cblock_4" HPOS="197" VPOS="914" WIDTH="755" HEIGHT="173">
					<TextBlock ID="block_6" HPOS="541" VPOS="914" WIDTH="62" HEIGHT="27">
						<TextLine ID="line_20" HPOS="541" VPOS="914" WIDTH="62" HEIGHT="27">
							<String ID="string_144" HPOS="541" VPOS="914" WIDTH="12" HEIGHT="27" WC="0.91" CONTENT="8"/><SP WIDTH="16" VPOS="914" HPOS="553"/>
							<String ID="string_145" HPOS="569" VPOS="915" WIDTH="34" HEIGHT="20" WC="0.95" CONTENT="63."/>
						</TextLine>
					</TextBlock>
					<TextBlock ID="block_7" HPOS="197" VPOS="953" WIDTH="755" HEIGHT="134">
						<TextLine ID="line_21" HPOS="264" VPOS="953" WIDTH="686" HEIGHT="29">
							<String ID="string_146" HPOS="264" VPOS="955" WIDTH="11" HEIGHT="20" WC="0.96" CONTENT="I"/><SP WIDTH="16" VPOS="955" HPOS="275"/>
							<String ID="string_147" HPOS="291" VPOS="953" WIDTH="93" HEIGHT="29" WC="0.96" CONTENT="enlighet"/><SP WIDTH="16" VPOS="953" HPOS="384"/>
							<String ID="string_148" HPOS="400" VPOS="954" WIDTH="48" HEIGHT="21" WC="0.96" CONTENT="med"/><SP WIDTH="16" VPOS="954" HPOS="448"/>
							<String ID="string_149" HPOS="464" VPOS="955" WIDTH="61" HEIGHT="21" WC="0.96" CONTENT="deras"/><SP WIDTH="16" VPOS="955" HPOS="525"/>
							<String ID="string_150" HPOS="541" VPOS="955" WIDTH="34" HEIGHT="21" WC="0.96" CONTENT="vid"/><SP WIDTH="13" VPOS="955" HPOS="575"/>
							<String ID="string_151" HPOS="588" VPOS="955" WIDTH="11" HEIGHT="27" WC="0.58" CONTENT="8"/><SP WIDTH="12" VPOS="955" HPOS="599"/>
							<String ID="string_152" HPOS="611" VPOS="955" WIDTH="12" HEIGHT="21" WC="0.96" CONTENT="9"/><SP WIDTH="11" VPOS="955" HPOS="623"/>
							<String ID="string_153" HPOS="634" VPOS="955" WIDTH="82" HEIGHT="21" WC="0.96" CONTENT="fattade"/><SP WIDTH="9" VPOS="955" HPOS="716"/>
							<String ID="string_154" HPOS="725" VPOS="955" WIDTH="72" HEIGHT="21" WC="0.96" CONTENT="beslut"/><SP WIDTH="11" VPOS="955" HPOS="797"/>
							<String ID="string_155" HPOS="808" VPOS="955" WIDTH="62" HEIGHT="22" WC="0.93" CONTENT="hafva"/><SP WIDTH="9" VPOS="955" HPOS="870"/>
							<String ID="string_156" HPOS="879" VPOS="957" WIDTH="71" HEIGHT="20" WC="0.92" CONTENT="Preste-"/>
						</TextLine>
						<TextLine ID="line_22" HPOS="197" VPOS="988" WIDTH="753" HEIGHT="29">
							<String ID="string_157" HPOS="197" VPOS="988" WIDTH="40" HEIGHT="22" WC="0.93" CONTENT="och"/><SP WIDTH="15" VPOS="988" HPOS="237"/>
							<String ID="string_158" HPOS="252" VPOS="990" WIDTH="141" HEIGHT="20" WC="0.92" CONTENT="Bondeständen"/><SP WIDTH="16" VPOS="990" HPOS="393"/>
							<String ID="string_159" HPOS="409" VPOS="989" WIDTH="61" HEIGHT="21" WC="0.96" CONTENT="äfven"/><SP WIDTH="14" VPOS="989" HPOS="470"/>
							<String ID="string_160" HPOS="484" VPOS="989" WIDTH="7" HEIGHT="21" WC="0.96" CONTENT="i"/><SP WIDTH="17" VPOS="989" HPOS="491"/>
							<String ID="string_161" HPOS="508" VPOS="989" WIDTH="69" HEIGHT="22" WC="0.96" CONTENT="denna"/><SP WIDTH="14" VPOS="989" HPOS="577"/>
							<String ID="string_162" HPOS="591" VPOS="989" WIDTH="12" HEIGHT="28" WC="0.77" CONTENT="8"/><SP WIDTH="18" VPOS="989" HPOS="603"/>
							<String ID="string_163" HPOS="621" VPOS="989" WIDTH="97" HEIGHT="22" WC="0.96" CONTENT="uteslutit"/><SP WIDTH="22" VPOS="989" HPOS="718"/>
							<String ID="string_164" HPOS="740" VPOS="989" WIDTH="66" HEIGHT="22" WC="0.96" CONTENT="orden"/><SP WIDTH="24" VPOS="989" HPOS="806"/>
							<String ID="string_165" HPOS="830" VPOS="990" WIDTH="65" HEIGHT="26" WC="0.86" CONTENT=",eller"/><SP WIDTH="22" VPOS="990" HPOS="895"/>
							<String ID="string_166" HPOS="917" VPOS="989" WIDTH="33" HEIGHT="22" WC="0.96" CONTENT="till"/>
						</TextLine>
						<TextLine ID="line_23" HPOS="197" VPOS="1022" WIDTH="755" HEIGHT="31">
							<String ID="string_167" HPOS="197" VPOS="1022" WIDTH="171" HEIGHT="28" WC="0.89" CONTENT="tukthusstraff*,"/><SP WIDTH="16" VPOS="1022" HPOS="368"/>
							<String ID="string_168" HPOS="384" VPOS="1023" WIDTH="86" HEIGHT="22" WC="0.95" CONTENT="hvilken"/><SP WIDTH="16" VPOS="1023" HPOS="470"/>
							<String ID="string_169" HPOS="486" VPOS="1024" WIDTH="89" HEIGHT="28" WC="0.96" CONTENT="ändring"/><SP WIDTH="11" VPOS="1024" HPOS="575"/>
							<String ID="string_170" HPOS="586" VPOS="1023" WIDTH="111" HEIGHT="22" WC="0.96" CONTENT="Utskottet"/><SP WIDTH="8" VPOS="1023" HPOS="697"/>
							<String ID="string_171" HPOS="705" VPOS="1023" WIDTH="71" HEIGHT="22" WC="0.93" CONTENT="såsom"/><SP WIDTH="8" VPOS="1023" HPOS="776"/>
							<String ID="string_172" HPOS="784" VPOS="1025" WIDTH="68" HEIGHT="28" WC="0.92" CONTENT="gifven"/><SP WIDTH="13" VPOS="1025" HPOS="852"/>
							<String ID="string_173" HPOS="865" VPOS="1025" WIDTH="53" HEIGHT="28" WC="0.96" CONTENT="följd"/><SP WIDTH="11" VPOS="1025" HPOS="918"/>
							<String ID="string_174" HPOS="929" VPOS="1025" WIDTH="23" HEIGHT="21" WC="0.96" CONTENT="af"/>
						</TextLine>
						<TextLine ID="line_24" HPOS="197" VPOS="1057" WIDTH="753" HEIGHT="30">
							<String ID="string_175" HPOS="197" VPOS="1058" WIDTH="49" HEIGHT="21" WC="0.96" CONTENT="dess"/><SP WIDTH="15" VPOS="1058" HPOS="246"/>
							<String ID="string_176" HPOS="261" VPOS="1057" WIDTH="34" HEIGHT="22" WC="0.93" CONTENT="vid"/><SP WIDTH="15" VPOS="1057" HPOS="295"/>
							<String ID="string_177" HPOS="310" VPOS="1058" WIDTH="11" HEIGHT="27" WC="0.92" CONTENT="$"/><SP WIDTH="16" VPOS="1058" HPOS="321"/>
							<String ID="string_178" HPOS="337" VPOS="1058" WIDTH="13" HEIGHT="21" WC="0.96" CONTENT="9"/><SP WIDTH="15" VPOS="1058" HPOS="350"/>
							<String ID="string_179" HPOS="365" VPOS="1057" WIDTH="135" HEIGHT="22" WC="0.96" CONTENT="framställda"/><SP WIDTH="14" VPOS="1057" HPOS="500"/>
							<String ID="string_180" HPOS="514" VPOS="1058" WIDTH="81" HEIGHT="29" WC="0.96" CONTENT="förslag"/><SP WIDTH="15" VPOS="1058" HPOS="595"/>
							<String ID="string_181" HPOS="610" VPOS="1058" WIDTH="118" HEIGHT="29" WC="0.96" CONTENT="tillstyrker"/><SP WIDTH="12" VPOS="1058" HPOS="728"/>
							<String ID="string_182" HPOS="740" VPOS="1059" WIDTH="32" HEIGHT="21" WC="0.96" CONTENT="till"/><SP WIDTH="15" VPOS="1059" HPOS="772"/>
							<String ID="string_183" HPOS="787" VPOS="1059" WIDTH="163" HEIGHT="28" WC="0.96" CONTENT="godkännande."/>
						</TextLine>
					</TextBlock>
				</ComposedBlock>
				<ComposedBlock ID="cblock_5" HPOS="196" VPOS="1111" WIDTH="754" HEIGHT="376">
					<TextBlock ID="block_8" HPOS="541" VPOS="1111" WIDTH="61" HEIGHT="27">
						<TextLine ID="line_25" HPOS="541" VPOS="1111" WIDTH="61" HEIGHT="27">
							<String ID="string_184" HPOS="541" VPOS="1111" WIDTH="12" HEIGHT="27" WC="0.90" CONTENT="8"/><SP WIDTH="16" VPOS="1111" HPOS="553"/>
							<String ID="string_185" HPOS="569" VPOS="1111" WIDTH="33" HEIGHT="20" WC="0.91" CONTENT="64."/>
						</TextLine>
					</TextBlock>
					<TextBlock ID="block_9" HPOS="196" VPOS="1149" WIDTH="754" HEIGHT="162">
						<TextLine ID="line_26" HPOS="265" VPOS="1149" WIDTH="685" HEIGHT="30">
							<String ID="string_186" HPOS="265" VPOS="1151" WIDTH="136" HEIGHT="20" WC="0.91" CONTENT="Presteståndet"/><SP WIDTH="22" VPOS="1151" HPOS="401"/>
							<String ID="string_187" HPOS="423" VPOS="1150" WIDTH="40" HEIGHT="21" WC="0.96" CONTENT="har"/><SP WIDTH="17" VPOS="1150" HPOS="463"/>
							<String ID="string_188" HPOS="480" VPOS="1150" WIDTH="33" HEIGHT="21" WC="0.96" CONTENT="till"/><SP WIDTH="14" VPOS="1150" HPOS="513"/>
							<String ID="string_189" HPOS="527" VPOS="1150" WIDTH="110" HEIGHT="22" WC="0.93" CONTENT="Utskottet"/><SP WIDTH="15" VPOS="1150" HPOS="637"/>
							<String ID="string_190" HPOS="652" VPOS="1149" WIDTH="136" HEIGHT="24" WC="0.92" CONTENT="äterförvisat"/><SP WIDTH="15" VPOS="1149" HPOS="788"/>
							<String ID="string_191" HPOS="803" VPOS="1152" WIDTH="69" HEIGHT="21" WC="0.96" CONTENT="denna"/><SP WIDTH="15" VPOS="1152" HPOS="872"/>
							<String ID="string_192" HPOS="887" VPOS="1153" WIDTH="18" HEIGHT="26" WC="0.79" CONTENT="8,"/><SP WIDTH="16" VPOS="1153" HPOS="905"/>
							<String ID="string_193" HPOS="921" VPOS="1151" WIDTH="29" HEIGHT="28" WC="0.96" CONTENT="på"/>
						</TextLine>
						<TextLine ID="line_27" HPOS="197" VPOS="1183" WIDTH="753" HEIGHT="32">
							<String ID="string_194" HPOS="197" VPOS="1184" WIDTH="37" HEIGHT="21" WC="0.96" CONTENT="det"/><SP WIDTH="13" VPOS="1184" HPOS="234"/>
							<String ID="string_195" HPOS="247" VPOS="1185" WIDTH="32" HEIGHT="20" WC="0.96" CONTENT="att"/><SP WIDTH="16" VPOS="1185" HPOS="279"/>
							<String ID="string_196" HPOS="295" VPOS="1184" WIDTH="61" HEIGHT="21" WC="0.96" CONTENT="ordet"/><SP WIDTH="16" VPOS="1184" HPOS="356"/>
							<String ID="string_197" HPOS="372" VPOS="1184" WIDTH="90" HEIGHT="26" WC="0.84" CONTENT=",häkte*"/><SP WIDTH="21" VPOS="1184" HPOS="462"/>
							<String ID="string_198" HPOS="483" VPOS="1183" WIDTH="65" HEIGHT="22" WC="0.93" CONTENT="måtte"/><SP WIDTH="21" VPOS="1183" HPOS="548"/>
							<String ID="string_199" HPOS="569" VPOS="1185" WIDTH="88" HEIGHT="28" WC="0.93" CONTENT="utbytas"/><SP WIDTH="22" VPOS="1185" HPOS="657"/>
							<String ID="string_200" HPOS="679" VPOS="1187" WIDTH="44" HEIGHT="20" WC="0.96" CONTENT="mot"/><SP WIDTH="22" VPOS="1187" HPOS="723"/>
							<String ID="string_201" HPOS="745" VPOS="1186" WIDTH="67" HEIGHT="21" WC="0.90" CONTENT="orden"/><SP WIDTH="23" VPOS="1186" HPOS="812"/>
							<String ID="string_202" HPOS="835" VPOS="1187" WIDTH="115" HEIGHT="28" WC="0.91" CONTENT=",fängsligt"/>
						</TextLine>
						<TextLine ID="line_28" HPOS="196" VPOS="1218" WIDTH="754" HEIGHT="29">
							<String ID="string_203" HPOS="196" VPOS="1218" WIDTH="91" HEIGHT="25" WC="0.88" CONTENT="förvar&quot;,"/><SP WIDTH="23" VPOS="1218" HPOS="287"/>
							<String ID="string_204" HPOS="310" VPOS="1218" WIDTH="40" HEIGHT="21" WC="0.96" CONTENT="och"/><SP WIDTH="16" VPOS="1218" HPOS="350"/>
							<String ID="string_205" HPOS="366" VPOS="1218" WIDTH="61" HEIGHT="21" WC="0.93" CONTENT="ordet"/><SP WIDTH="16" VPOS="1218" HPOS="427"/>
							<String ID="string_206" HPOS="443" VPOS="1218" WIDTH="132" HEIGHT="27" WC="0.90" CONTENT=",häktande*"/><SP WIDTH="22" VPOS="1218" HPOS="575"/>
							<String ID="string_207" HPOS="597" VPOS="1219" WIDTH="32" HEIGHT="21" WC="0.96" CONTENT="till"/><SP WIDTH="18" VPOS="1219" HPOS="629"/>
							<String ID="string_208" HPOS="647" VPOS="1219" WIDTH="51" HEIGHT="28" WC="0.96" CONTENT="följe"/><SP WIDTH="20" VPOS="1219" HPOS="698"/>
							<String ID="string_209" HPOS="718" VPOS="1220" WIDTH="64" HEIGHT="21" WC="0.96" CONTENT="häraf"/><SP WIDTH="13" VPOS="1220" HPOS="782"/>
							<String ID="string_210" HPOS="795" VPOS="1222" WIDTH="90" HEIGHT="20" WC="0.96" CONTENT="ersättas"/><SP WIDTH="16" VPOS="1222" HPOS="885"/>
							<String ID="string_211" HPOS="901" VPOS="1221" WIDTH="49" HEIGHT="22" WC="0.97" CONTENT="med"/>
						</TextLine>
						<TextLine ID="line_29" HPOS="196" VPOS="1251" WIDTH="753" HEIGHT="28">
							<String ID="string_212" HPOS="196" VPOS="1251" WIDTH="66" HEIGHT="28" WC="0.96" CONTENT="något"/><SP WIDTH="23" VPOS="1251" HPOS="262"/>
							<String ID="string_213" HPOS="285" VPOS="1254" WIDTH="65" HEIGHT="19" WC="0.96" CONTENT="annat"/><SP WIDTH="22" VPOS="1254" HPOS="350"/>
							<String ID="string_214" HPOS="372" VPOS="1252" WIDTH="91" HEIGHT="27" WC="0.94" CONTENT="uttryck,"/><SP WIDTH="15" VPOS="1252" HPOS="463"/>
							<String ID="string_215" HPOS="478" VPOS="1259" WIDTH="46" HEIGHT="14" WC="0.93" CONTENT="som"/><SP WIDTH="22" VPOS="1259" HPOS="524"/>
							<String ID="string_216" HPOS="546" VPOS="1253" WIDTH="61" HEIGHT="20" WC="0.92" CONTENT="stode"/><SP WIDTH="18" VPOS="1253" HPOS="607"/>
							<String ID="string_217" HPOS="625" VPOS="1253" WIDTH="7" HEIGHT="20" WC="0.93" CONTENT="i"/><SP WIDTH="16" VPOS="1253" HPOS="632"/>
							<String ID="string_218" HPOS="648" VPOS="1253" WIDTH="138" HEIGHT="22" WC="0.91" CONTENT="konformitet"/><SP WIDTH="22" VPOS="1253" HPOS="786"/>
							<String ID="string_219" HPOS="808" VPOS="1255" WIDTH="48" HEIGHT="21" WC="0.95" CONTENT="med"/><SP WIDTH="23" VPOS="1255" HPOS="856"/>
							<String ID="string_220" HPOS="879" VPOS="1255" WIDTH="70" HEIGHT="22" WC="0.96" CONTENT="denna"/>
						</TextLine>
						<TextLine ID="line_30" HPOS="197" VPOS="1285" WIDTH="96" HEIGHT="26">
							<String ID="string_221" HPOS="197" VPOS="1285" WIDTH="96" HEIGHT="26" WC="0.96" CONTENT="ändring."/>
						</TextLine>
					</TextBlock>
					<TextBlock ID="block_10" HPOS="197" VPOS="1319" WIDTH="752" HEIGHT="136">
						<TextLine ID="line_31" HPOS="264" VPOS="1319" WIDTH="685" HEIGHT="32">
							<String ID="string_222" HPOS="264" VPOS="1319" WIDTH="59" HEIGHT="22" WC="0.91" CONTENT="Enär"/><SP WIDTH="14" VPOS="1319" HPOS="323"/>
							<String ID="string_223" HPOS="337" VPOS="1319" WIDTH="8" HEIGHT="22" WC="0.96" CONTENT="i"/><SP WIDTH="14" VPOS="1319" HPOS="345"/>
							<String ID="string_224" HPOS="359" VPOS="1319" WIDTH="61" HEIGHT="29" WC="0.96" CONTENT="fråga"/><SP WIDTH="15" VPOS="1319" HPOS="420"/>
							<String ID="string_225" HPOS="435" VPOS="1321" WIDTH="98" HEIGHT="26" WC="0.96" CONTENT="varande,"/><SP WIDTH="20" VPOS="1321" HPOS="533"/>
							<String ID="string_226" HPOS="553" VPOS="1320" WIDTH="47" HEIGHT="22" WC="0.96" CONTENT="från"/><SP WIDTH="23" VPOS="1320" HPOS="600"/>
							<String ID="string_227" HPOS="623" VPOS="1321" WIDTH="40" HEIGHT="22" WC="0.96" CONTENT="den"/><SP WIDTH="23" VPOS="1321" HPOS="663"/>
							<String ID="string_228" HPOS="686" VPOS="1321" WIDTH="78" HEIGHT="29" WC="0.96" CONTENT="nådiga"/><SP WIDTH="22" VPOS="1321" HPOS="764"/>
							<String ID="string_229" HPOS="786" VPOS="1324" WIDTH="163" HEIGHT="27" WC="0.96" CONTENT="propositionen"/>
						</TextLine>
						<TextLine ID="line_32" HPOS="197" VPOS="1354" WIDTH="750" HEIGHT="32">
							<String ID="string_230" HPOS="197" VPOS="1354" WIDTH="99" HEIGHT="22" WC="0.96" CONTENT="hämtade"/><SP WIDTH="15" VPOS="1354" HPOS="296"/>
							<String ID="string_231" HPOS="311" VPOS="1354" WIDTH="85" HEIGHT="29" WC="0.96" CONTENT="uttryck"/><SP WIDTH="14" VPOS="1354" HPOS="396"/>
							<String ID="string_232" HPOS="410" VPOS="1355" WIDTH="48" HEIGHT="21" WC="0.96" CONTENT="icke"/><SP WIDTH="22" VPOS="1355" HPOS="458"/>
							<String ID="string_233" HPOS="480" VPOS="1355" WIDTH="61" HEIGHT="22" WC="0.96" CONTENT="torde"/><SP WIDTH="22" VPOS="1355" HPOS="541"/>
							<String ID="string_234" HPOS="563" VPOS="1355" WIDTH="72" HEIGHT="22" WC="0.96" CONTENT="kunna"/><SP WIDTH="19" VPOS="1355" HPOS="635"/>
							<String ID="string_235" HPOS="654" VPOS="1356" WIDTH="114" HEIGHT="23" WC="0.95" CONTENT="framkalla"/><SP WIDTH="23" VPOS="1356" HPOS="768"/>
							<String ID="string_236" HPOS="791" VPOS="1358" WIDTH="156" HEIGHT="28" WC="0.96" CONTENT="missförstånd,"/>
						</TextLine>
						<TextLine ID="line_33" HPOS="197" VPOS="1389" WIDTH="751" HEIGHT="32">
							<String ID="string_237" HPOS="197" VPOS="1389" WIDTH="63" HEIGHT="22" WC="0.95" CONTENT="hafva"/><SP WIDTH="16" VPOS="1389" HPOS="260"/>
							<String ID="string_238" HPOS="276" VPOS="1389" WIDTH="63" HEIGHT="22" WC="0.92" CONTENT="dessa"/><SP WIDTH="15" VPOS="1389" HPOS="339"/>
							<String ID="string_239" HPOS="354" VPOS="1389" WIDTH="169" HEIGHT="22" WC="0.92" CONTENT="Presteståndets"/><SP WIDTH="15" VPOS="1389" HPOS="523"/>
							<String ID="string_240" HPOS="538" VPOS="1390" WIDTH="166" HEIGHT="30" WC="0.96" CONTENT="anmärkningar"/><SP WIDTH="17" VPOS="1390" HPOS="704"/>
							<String ID="string_241" HPOS="721" VPOS="1392" WIDTH="48" HEIGHT="22" WC="0.93" CONTENT="icke"/><SP WIDTH="15" VPOS="1392" HPOS="769"/>
							<String ID="string_242" HPOS="784" VPOS="1393" WIDTH="60" HEIGHT="28" WC="0.91" CONTENT="gifvit"/><SP WIDTH="15" VPOS="1393" HPOS="844"/>
							<String ID="string_243" HPOS="859" VPOS="1393" WIDTH="89" HEIGHT="24" WC="0.90" CONTENT="Utskot-"/>
						</TextLine>
						<TextLine ID="line_34" HPOS="197" VPOS="1423" WIDTH="598" HEIGHT="32">
							<String ID="string_244" HPOS="197" VPOS="1426" WIDTH="32" HEIGHT="20" WC="0.96" CONTENT="tet"/><SP WIDTH="14" VPOS="1426" HPOS="229"/>
							<String ID="string_245" HPOS="243" VPOS="1424" WIDTH="115" HEIGHT="28" WC="0.96" CONTENT="anledning"/><SP WIDTH="15" VPOS="1424" HPOS="358"/>
							<String ID="string_246" HPOS="373" VPOS="1424" WIDTH="33" HEIGHT="21" WC="0.95" CONTENT="till"/><SP WIDTH="15" VPOS="1424" HPOS="406"/>
							<String ID="string_247" HPOS="421" VPOS="1423" WIDTH="71" HEIGHT="29" WC="0.96" CONTENT="någon"/><SP WIDTH="16" VPOS="1423" HPOS="492"/>
							<String ID="string_248" HPOS="508" VPOS="1425" WIDTH="89" HEIGHT="28" WC="0.96" CONTENT="ändring"/><SP WIDTH="15" VPOS="1425" HPOS="597"/>
							<String ID="string_249" HPOS="612" VPOS="1425" WIDTH="23" HEIGHT="22" WC="0.93" CONTENT="af"/><SP WIDTH="13" VPOS="1425" HPOS="635"/>
							<String ID="string_250" HPOS="648" VPOS="1427" WIDTH="44" HEIGHT="27" WC="0.85" CONTENT="$:ns"/><SP WIDTH="16" VPOS="1427" HPOS="692"/>
							<String ID="string_251" HPOS="708" VPOS="1427" WIDTH="87" HEIGHT="28" WC="0.96" CONTENT="lydelse."/>
						</TextLine>
					</TextBlock>
					<TextBlock ID="block_11" HPOS="268" VPOS="1465" WIDTH="389" HEIGHT="22">
						<TextLine ID="line_35" HPOS="268" VPOS="1465" WIDTH="389" HEIGHT="22">
							<String ID="string_252" HPOS="268" VPOS="1465" WIDTH="196" HEIGHT="22" WC="0.92" CONTENT="Värnepligtsutskottets"/><SP WIDTH="12" VPOS="1465" HPOS="464"/>
							<String ID="string_253" HPOS="476" VPOS="1466" WIDTH="106" HEIGHT="17" WC="0.96" CONTENT="betänkande"/><SP WIDTH="11" VPOS="1466" HPOS="582"/>
							<String ID="string_254" HPOS="593" VPOS="1467" WIDTH="36" HEIGHT="16" WC="0.90" CONTENT="N:o"/><SP WIDTH="12" VPOS="1467" HPOS="629"/>
							<String ID="string_255" HPOS="641" VPOS="1466" WIDTH="16" HEIGHT="18" WC="0.96" CONTENT="3."/>
						</TextLine>
					</TextBlock>
				</ComposedBlock>
			</PrintSpace>
		</Page>
	</Layout>
</alto>
