1017 1692
219 141 14 20 2
401 144 26 18 U.
443 144 29 17 B.
487 154 28 3 —
529 145 82 22 Prop.
626 144 45 18 N:o
687 144 35 18 35.

191 207 50 21 låtit
263 207 111 27 förelägga
393 209 85 21 landets
497 209 92 21 Ständer
603 216 29 14 nu
648 209 7 21 i
670 209 61 26 fråga
746 209 94 21 varande
855 208 79 26 nådiga

191 242 133 27 proposition
340 248 34 15 om
389 242 92 28 ändring
496 243 23 21 af
533 244 26 21 12
569 244 11 27 3
591 244 7 20 i
609 243 252 27 Landtdagsordningen.
885 242 50 22 Med

191 277 152 21 bibehållande
359 277 22 21 af
395 278 150 26 ordalydelsen
562 279 6 20 i
585 278 68 27 öfriga
669 278 60 21 delar
745 277 22 22 af
776 278 70 21 denna
853 273 9 36 &
880 278 55 21 före-

190 311 45 21 slås
251 311 57 21 deri:
329 312 22 26 1)
367 313 33 20 att
416 312 67 21 andra
499 312 84 27 stycket
598 313 6 20 i
620 313 65 26 sagde
701 312 18 27 8,
735 312 82 21 hvilket
831 319 29 14 nu
875 311 61 28 lyder

191 345 90 21 sålunda
289 353 4 12 :
305 345 153 28 ”Berättigade
467 347 46 20 att
506 341 10 36 i
522 347 57 20 valet
588 347 87 26 deltaga
683 348 47 19 äro:
739 346 98 27 borgare,
846 346 88 27 skepps-

190 380 82 26 redare,
288 380 166 27 fabriksidkare,
470 381 75 21 idkare
561 381 22 21 af
597 381 67 27 yrken
676 381 28 27 på
713 381 71 26 grund
794 380 23 21 af
827 381 108 20 särrkilda

189 415 125 26 privilegier
335 415 41 21 och
391 415 136 27 gårdsegare,
544 415 23 21 så
583 415 64 21 framt
663 416 26 20 de
704 417 37 19 äro
757 415 6 20 i
779 415 76 21 staden
866 415 68 21 skatt-

190 449 88 26 skrifne,
294 449 110 21 äfvensom
419 449 112 21 städernas
548 449 108 21 ordinarie
671 449 149 27 borgmästare
835 449 39 20 och
885 449 48 20 råd-

190 485 69 25 män”,
275 483 70 21 skulle
361 483 80 21 erhålla
457 483 93 27 följande
566 483 91 27 lydelse:
674 482 137 27 Berättigade
822 485 30 17 att
863 483 8 19 i
879 483 54 20 valet

190 516 85 28 deltaga
293 517 38 20 äro
345 517 135 20 medlemmar
495 517 28 28 af
535 516 161 25 stadskommun,
713 516 71 21 hvilka
800 516 63 28 enligt
878 517 56 21 näst-

189 551 124 28 föregående
328 551 109 20 allmänna
457 552 98 26 taxering
571 552 36 19 äro
623 551 94 28 skyldige
732 553 30 18 att
772 550 54 21 skatt
837 551 33 20 till
878 551 56 20 kom-

189 592 84 13 munens
290 592 152 21 gemensamma
458 585 62 28 behof
533 585 97 28 erlägga;
652 585 25 27 2)
693 587 32 20 att
740 585 47 22 från
804 585 26 21 de
846 585 88 21 dernäst

189 619 55 21 efter
258 620 43 21 kön
317 619 40 22 och
372 620 68 21 andra
455 619 149 22 förhållanden
621 620 104 27 uppgifna
735 626 109 21 personer,
860 620 73 22 hvilka

188 654 80 21 valrätt
283 654 18 27 ej
318 654 137 27 tillkommer,
477 655 69 20 skulle
566 655 36 20 det
617 656 49 19 näst
681 654 55 21 efter
751 655 66 21 orden
833 655 99 26 ”qvinna,

188 688 41 27 gift
251 689 53 21 eller
322 688 67 27 ogift”
412 689 174 21 förekommande
602 689 97 26 stycket:
725 689 54 21 ”den
795 689 137 27 gårdsegare,

188 729 45 14 som
259 725 23 19 är
304 723 115 21 frälseman
435 723 53 22 eller
502 723 64 22 hörer
581 723 34 21 till
630 723 184 27 Presteståndet”,
830 724 62 27 utgå;
908 724 23 27 3)

188 759 33 19 att
240 764 25 14 ur
280 758 37 21 det
332 763 76 16 senare
423 757 23 22 af
460 758 26 21 de
501 757 36 22 två
552 757 145 27 nästföljande
714 757 96 27 stycken,
832 757 7 21 i
858 757 72 22 hvilka

187 792 258 27 kofferdisjömanskapet,
469 793 159 26 gemenskapen
643 792 36 20 vid
694 792 114 26 militären,
824 792 108 21 allmänna

188 827 38 21 och
242 827 99 21 enskilda
351 828 63 20 verks
424 827 39 21 och
473 827 176 27 korporationers
659 827 169 26 vaktbetjening,
841 827 33 26 de,
884 833 45 15 som

187 863 37 19 äro
240 861 114 21 anstälde
345 857 9 36 i
365 867 82 15 annans
467 861 66 27 tjenst
544 861 52 21 eller
607 861 100 27 ständiga
718 861 81 27 arbete,
808 861 125 27 daglönare,

186 895 67 22 andra
269 895 80 27 dylika,
372 902 45 14 som
433 895 92 27 försörja
539 896 34 26 sig
587 896 48 20 med
651 896 106 26 tillfälligt
772 896 80 27 arbete,
875 898 57 19 samt

186 930 34 26 de,
234 930 75 21 hvilka
324 930 77 21 endast
416 930 33 21 för
465 930 178 27 sjelfförsörjning
658 936 39 20 ega
711 930 75 21 utöfva
796 930 66 26 något
873 930 59 28 yrke,

186 966 36 19 äro
238 964 47 21 från
301 964 79 22 valrätt
395 964 115 27 uteslutne,
526 965 62 21 ordet
603 971 37 21 ega
656 964 70 22 skulle
742 964 52 28 utgå
809 977 27 2 —
850 964 82 22 hvilket

187 999 82 26 förslag
287 999 56 21 dock
365 999 62 26 ingår
443 999 76 21 endast
534 999 7 21 i
557 999 99 27 svenska,
680 1005 49 15 men
746 999 18 27 ej
780 999 7 21 i
802 999 70 21 finska
886 1001 46 19 tex-

186 1036 36 18 ten
247 1032 23 22 af
291 1033 147 27 lagförslaget,
462 1033 110 21 äfvensom
593 1033 21 27 4)
631 1035 32 19 att
678 1034 60 20 strax
754 1033 94 21 derefter
863 1034 68 20 borde

186 1073 75 21 genom
277 1068 31 20 ett
323 1069 48 25 nytt
387 1068 74 26 stycke
475 1067 138 26 bestämmas,
629 1069 32 19 att
677 1067 80 21 valrätt
772 1067 18 27 ej
807 1067 68 21 heller
888 1068 44 20 till-

185 1102 107 21 kommer:
315 1101 53 26 dem,
390 1108 43 14 som
455 1101 61 29 häfta
531 1102 35 27 för
579 1101 52 26 flera
647 1102 26 20 än
689 1100 172 29 nästföregående
876 1102 56 20 årets

186 1136 92 27 oguldna
293 1135 173 28 stadsutskylder.

253 1170 82 21 Genom
351 1170 64 20 dessa
430 1170 152 26 förändringar
597 1170 84 22 komme
697 1170 41 21 den
752 1170 5 20 i
768 1170 60 26 fråga
838 1171 93 21 varande

185 1204 106 21 valrätten
307 1204 7 20 i
330 1204 102 21 städerna
447 1207 32 19 att
494 1204 55 21 ifrån
566 1204 26 21 de
603 1210 110 21 personer,
732 1204 74 21 hvilka
824 1211 28 14 nu
863 1204 68 27 enligt

185 1238 27 20 12
234 1238 39 20 och
290 1238 25 20 14
331 1238 24 26 $$
371 1239 7 19 i
394 1238 245 26 Landtdagsordningen
655 1245 109 13 ensamma
778 1238 85 26 åtnjuta
879 1239 51 19 den-

184 1277 86 20 samma,
285 1271 123 21 utsträckas
424 1272 33 20 till
473 1272 42 20 alla
531 1272 27 20 de
573 1271 138 21 medlemmar
727 1272 23 20 af
761 1272 168 25 stadskommun,

184 1305 73 21 hvilka
272 1305 47 21 icke
335 1307 36 18 äro
389 1305 105 22 särskildt
509 1306 140 26 undantagna
664 1305 6 21 i
687 1306 40 20 den
743 1305 123 26 föreslagna
881 1305 49 27 12
920 1301 14 36 $

184 1340 39 21 och
248 1340 18 27 ej
293 1340 68 21 heller
379 1340 7 20 i
401 1340 26 21 14
443 1341 12 26 &
470 1340 24 21 af
507 1340 254 27 Landtdagsordningen,
776 1340 68 21 under
860 1339 69 22 vilkor

183 1374 93 21 allenast
291 1376 32 19 att
339 1375 26 20 de
380 1375 69 26 enligt
468 1374 179 28 nästföregående
665 1375 108 20 allmänna
783 1374 99 26 taxering
892 1376 38 19 äro

184 1409 99 26 skyldige
305 1411 33 19 att
360 1409 88 26 erlägga
470 1409 59 21 skatt
551 1409 34 22 till
607 1409 142 21 kommunens
772 1415 157 21 gemensamma

184 1443 75 26 behof;
275 1443 40 21 och
331 1443 26 21 då
372 1443 139 22 valbarheten
528 1444 34 21 till
577 1443 184 26 Borgareståndet
774 1443 86 27 jemlikt
875 1443 26 20 14
917 1443 11 26 $

183 1477 63 22 beror
269 1477 22 22 af
305 1478 115 26 valrätten,
435 1478 85 21 komme
536 1479 63 20 äfven
614 1478 133 27 rättigheten
763 1480 32 19 att
810 1477 67 28 väljas
893 1477 34 21 till

248 1523 127 22 Lagutskottets
387 1525 106 16 betänkande
505 1525 34 16 N:o
553 1524 28 18 10.
