1023 1698
265 153 80 23 Ständ.
361 153 36 24 Sv.
414 166 25 3 —
454 154 71 27 Prop.
540 153 40 23 N:o
595 153 37 23 40.
763 153 26 22 15

79 222 116 29 bedrägligt
215 221 117 24 förfarande
353 223 50 21 eller
421 223 133 28 lemlästning
573 223 70 22 blifvit
657 222 8 22 i
679 217 58 38 aktiv
749 217 70 38 tjenst

80 257 85 26 anstäld,
188 265 63 20 synes
273 256 32 22 stä
325 257 9 21 i
356 257 51 22 strid
426 257 47 21 med
494 257 40 21 den
552 257 87 22 allmänt
652 257 95 28 gällande
762 260 57 19 rätts-

79 291 85 26 maxim,
181 291 64 28 enligt
264 291 87 21 hvilken
371 291 53 21 blott
438 291 46 25 den,
500 299 44 13 som
562 290 71 29 begätt
647 299 26 13 en
689 290 130 29 förbrytelse,

80 325 69 22 derför
163 325 24 22 af
198 325 61 28 lagen
277 325 37 21 bör
328 325 86 21 straffas.
444 325 48 21 Den
509 325 82 27 hänsyn
605 324 34 22 till
651 325 111 22 föräldrars
776 325 45 22 kär-

79 359 36 22 lek
129 359 32 22 för
175 359 46 22 sina
239 359 58 26 barn,
312 358 87 22 hvilken
417 361 61 26 utgör
491 359 88 22 motivet
593 359 33 21 till
641 359 68 22 denna
723 359 96 29 eftergift,

80 402 62 21 synes
163 393 28 29 pä
211 393 54 22 intet
279 395 47 24 sätt,
344 393 59 22 deraf
420 393 125 29 upphäfven,
561 395 30 20 att
605 401 26 14 en
646 393 23 22 af
674 394 65 22 deras
754 398 66 22 söner,

82 429 48 22 dem
145 427 74 31 sjelfva
233 428 103 23 mähända
350 428 101 22 ovetande
465 428 39 21 och
519 429 55 21 emot
588 428 59 22 deras
661 429 56 28 vilja,
727 428 54 29 gjort
790 429 31 28 sig

81 463 84 30 skyldig
178 463 34 22 till
226 463 143 22 försummelse
385 463 51 22 eller
450 463 89 28 svekligt
553 463 123 22 förfarande.
705 463 117 23 Ständerna

80 498 64 22 hafva
162 497 55 30 förty
235 501 68 19 ansett
322 497 68 22 denna
409 497 138 29 anmärkning
565 498 49 22 böra
628 497 46 23 frän
688 498 134 29 värnepligts-

81 533 61 29 lagen
156 532 56 28 utgä.

148 567 103 22 Deremot
269 567 38 21 har
328 568 30 20 ett
375 566 152 29 förtydligande
542 566 23 22 af
579 567 121 29 paragrafen
715 567 107 23 befunnits

82 601 72 29 nödigt
167 601 9 21 i
190 601 41 21 den
245 601 94 29 riktning
353 603 35 24 att,
404 609 34 13 om
453 609 25 14 en
492 602 65 21 redan
566 602 8 21 i
583 601 65 29 tjenst
661 602 80 22 anstäld
751 606 72 18 värne-

82 635 74 29 pligtig
169 643 76 21 genom
259 643 72 14 senare
346 635 97 22 inträffad
459 636 99 21 händelse
572 636 95 21 kommer
681 636 66 22 under
761 636 62 29 nägot

82 670 23 22 af
118 670 25 22 de
157 669 150 27 förhållanden,
322 669 73 23 hvilka
409 670 9 21 i
431 670 122 29 paragrafen
567 670 92 26 omtalas,
674 671 42 21 han
731 672 37 20 bör
782 671 39 21 till-

82 704 113 30 godonjuta
209 704 25 22 de
249 704 39 22 här
301 704 97 29 inrymda
408 704 120 30 eftergifter,
539 704 107 23 äfvensom
658 705 79 23 derhän
747 708 30 20 att
789 706 33 21 be

82 739 85 22 frielsen
186 738 72 23 endast
275 739 23 22 sä
314 740 60 28 länge
392 747 48 20 eger
457 748 52 17 rum,
525 747 44 14 som
584 740 25 21 de
624 739 8 22 i
645 740 123 29 paragrafen
782 748 42 14 om-

83 774 90 22 nämnda
187 773 224 29 familjeförhällanden
425 774 96 22 fortvara.

152 808 70 22 Den
209 804 14 39 i
240 808 123 30 paragrafen
383 808 77 29 gjorda,
479 808 46 23 frän
543 809 40 21 den
605 809 62 29 ryska
689 809 135 30 värnepligts-

84 844 87 28 stadgan
185 843 74 22 länade
273 843 136 30 indelningen
423 843 8 22 i
445 844 117 29 kategorier
573 843 23 22 af
603 844 54 27 dem,
668 852 44 14 som
721 844 28 29 pä
757 845 68 28 grund

84 879 24 22 af
122 877 223 30 familjeförhällanden
367 877 80 29 ätnjuta
465 878 91 29 eftergift
574 878 8 21 i
600 879 153 28 värnepligtens
768 881 57 28 utgö-

85 913 70 27 rande,
171 921 49 14 vore
234 913 103 22 mähända
354 912 90 29 behöflig
458 913 48 22 med
523 912 97 23 afseende
635 913 12 22 &
661 913 164 30 slutstadgandet

85 948 8 22 i
108 950 14 26 &
137 948 33 26 89,
186 948 65 29 enligt
270 948 83 22 hvilket
369 947 62 23 äfven
449 948 57 22 desse
521 948 70 21 kunde
609 948 89 22 inkallas
715 948 33 22 till
762 949 64 29 krigs-

85 982 70 30 tjenst,
170 982 33 22 för
217 982 40 22 den
271 982 99 22 händelse
385 982 26 22 de
425 982 32 22 till
474 978 56 39 aktiv
542 982 65 29 tjenst
616 983 87 22 utsedde
712 983 47 22 icke
768 984 58 29 fylde

87 1018 41 22 den
142 1017 107 22 bestämda
266 1017 190 29 ärskontingenten.
493 1018 35 21 Dä
545 1018 116 22 emellertid
682 1018 144 30 fördelningen

87 1052 27 30 pä
129 1052 24 22 de
169 1051 67 22 skilda
251 1051 111 23 områdena
371 1052 8 21 i
389 1052 92 22 Finland
490 1052 49 22 sker
548 1052 53 22 efter
611 1053 104 29 uppbädet
725 1054 38 21 och
772 1053 53 27 icke,

87 1087 67 22 säsom
176 1086 8 22 i
201 1086 112 29 Ryssland,
333 1086 44 22 före
399 1087 120 26 detsamma,
538 1089 53 20 samt
613 1087 35 22 det
669 1088 32 22 för
715 1088 26 22 de
756 1088 71 23 aktiva

87 1124 124 26 truppernas
225 1121 162 29 komplettering
402 1121 133 29 erforderliga
549 1122 78 22 antalet
636 1122 109 29 ynglingar
755 1123 73 22 endast

88 1158 61 27 utgör
163 1163 26 14 en
204 1156 81 21 mindre
301 1156 33 21 del
349 1156 23 21 af
384 1156 41 22 den
440 1156 149 29 värnepligtiga
598 1156 157 27 äldersklassen,
766 1165 61 21 synes

89 1191 68 21 denna
171 1190 108 28 indelning
293 1190 66 22 sakna
373 1191 29 21 all
415 1190 95 29 praktisk
519 1191 107 29 betydelse
639 1192 39 20 och
688 1191 80 23 derföre
778 1192 50 22 böra

88 1233 26 13 ur
128 1225 61 28 lagen
203 1224 56 28 utgå.

154 1258 96 22 Emedan
265 1258 117 22 Ständerna
400 1258 23 22 af
435 1258 63 22 sådan
517 1258 112 29 anledning
643 1262 74 24 ansett,
736 1262 31 20 att
780 1260 49 22 slut-

90 1293 122 28 stadgandet
229 1292 7 21 i
252 1293 13 26 $
281 1294 26 20 89
322 1293 37 21 bör
377 1292 46 22 från
440 1293 188 29 värnepligtslagen
647 1295 106 25 uteslutas,
768 1294 62 29 följer

90 1329 31 19 att
136 1328 14 25 &
163 1327 34 25 34,
213 1334 44 13 som
273 1326 69 22 dertill
355 1326 104 26 hänvisar,
475 1327 46 21 icke
535 1328 66 20 heller
615 1327 42 21 kan
672 1328 88 27 gvarstä.

157 1361 13 26 8
185 1360 28 21 35
227 1360 38 21 har
279 1360 111 28 undergätt
404 1365 76 17 smärre
493 1360 268 31 redaktionsförändringar,
771 1362 58 22 hvar-

89 1395 65 28 jemte
169 1394 22 22 åt
204 1393 111 23 befrielsen
329 1393 24 23 af
365 1394 37 21 här
417 1395 124 21 omnämnda
554 1402 99 21 personer
665 1395 72 28 gifvits
751 1404 79 14 samma

91 1428 149 29 utsträckning,
255 1436 44 14 som
314 1429 41 22 den
369 1429 66 21 under
449 1430 13 25 &
477 1429 27 22 33
520 1429 91 22 anförda.

157 1463 39 22 Uti
206 1464 13 26 $
229 1463 28 22 36
266 1471 63 20 synes
339 1471 72 14 senare
425 1463 61 22 delen
500 1464 83 22 befinna
597 1464 31 29 sig
642 1463 8 22 i
664 1464 51 22 strid
729 1465 48 22 med
790 1465 40 22 den

92 1497 60 23 förra.
186 1498 77 22 Medan
285 1497 106 30 nemligen
413 1497 43 22 deri
474 1498 67 22 under
558 1498 55 22 vissa
632 1498 67 23 vilkor
715 1499 115 31 medgifves
