1025 1695
327 103 22 24 U.
367 103 22 23 B.
405 116 28 3 —
449 103 65 29 Prop.
531 104 39 23 N:o
587 105 40 22 40.
796 106 27 21 39

97 168 100 21 ändamål
220 169 80 27 nödiga
323 169 134 27 förarbeten,
473 170 49 27 föga
538 169 197 23 öfverensstämma
745 171 50 21 med
811 172 42 21 den

97 203 130 27 varsamhet,
244 210 45 14 som
305 203 35 22 vid
352 204 147 27 påläggandet
509 204 23 21 af
540 211 42 20 nya
590 205 86 21 skatter
687 205 39 21 bör
736 205 117 28 iakttagas.

168 237 44 21 Det
229 237 61 21 torde
306 238 49 21 icke
371 238 70 21 heller
458 238 52 21 böra
524 237 101 28 förbises,
642 241 38 25 att,
690 239 26 21 då
724 239 78 28 jorden
815 240 38 21 Ut-

96 273 40 26 gör
152 272 80 20 största
244 272 64 21 delen
320 272 25 21 af
353 272 115 21 nationens
484 272 161 28 förmögenhet,
661 280 50 14 man
722 273 49 22 icke
782 275 71 20 skulle

97 305 75 21 kunna
187 305 80 28 undgå,
283 308 39 25 att,
337 306 36 21 vid
389 306 125 22 införandet
528 307 25 20 af
566 313 27 15 en
609 314 30 21 ny
654 307 80 22 allmän
751 307 58 22 skatt
820 308 33 21 för

96 340 209 27 försvarsväsendet,
322 340 89 22 dermed
422 341 34 20 till
467 341 121 28 väsendtlig
598 341 36 22 del
645 341 84 22 belasta
735 342 118 28 jordegen-

97 375 77 20 domen
186 375 54 21 eller
248 376 154 27 jordegarene,
411 375 75 22 hvilka
500 375 90 22 sålunda
600 376 169 28 mångenstädes
779 376 74 21 kunde

98 409 87 20 komma
201 410 30 19 att
246 409 59 21 finna
324 409 33 28 sig
377 416 61 14 mera
457 409 118 21 besvärade
594 409 25 21 af
634 410 41 21 den
697 417 42 20 nya
757 410 96 27 skatten,

97 445 27 19 än
141 443 24 20 af
178 443 42 21 den
235 444 81 27 gamla,
333 450 45 14 som
395 443 26 21 de
437 443 67 22 redan
520 443 71 22 blifvit
607 451 54 14 vana
673 447 32 18 att
717 445 78 27 utgöra
811 444 41 21 och

97 477 7 21 i
120 478 48 20 sina
183 477 146 29 beräkningar
345 478 81 27 intaga.

169 512 83 21 Vidare
268 513 43 20 kan
328 512 37 21 det
380 513 95 27 förtjena
493 513 96 26 beaktas,
605 514 31 19 att
647 513 43 21 den
700 520 44 21 nya
754 513 99 28 grunden

97 547 34 20 för
147 547 145 21 härväsendet
302 549 24 18 är
336 547 117 21 rättvisare
469 549 58 20 emot
540 547 140 28 jordegarne,
696 549 27 20 än
735 547 37 22 det
782 547 73 28 gamla

98 581 78 21 endast
187 581 27 28 på
222 581 79 28 jorden
312 581 103 22 hvilande
426 581 210 28 indelningsverket,
652 583 104 20 eftersom
773 581 80 22 hädan-

98 616 56 21 efter
170 616 42 21 alla
228 616 189 21 samhällsklasser
433 616 62 21 skola
511 617 7 20 i
533 616 45 21 lika
594 616 151 21 förhållanden
767 616 86 28 deltaga

97 651 7 20 i
120 651 178 28 militärtungan;
316 662 24 4 —
358 652 57 20 samt
433 653 31 19 att
483 651 26 21 de
525 651 12 20 6
553 651 111 21 millioner
687 651 69 27 mark,
779 651 75 21 hvilka

99 685 94 27 (utöfver
204 685 212 28 vakansafgifterna)
427 685 70 22 under
509 685 95 22 nämnda
618 685 158 28 femårsperiod
787 685 67 22 erfor-

98 719 50 22 dras
164 721 71 20 såsom
250 720 95 21 tillskott
356 720 33 21 till
399 720 167 28 militiefonden,
583 719 33 21 till
627 721 80 20 största
717 720 64 21 delen
793 720 63 21 skola

98 755 190 27 sammanbringas
304 755 93 21 medelst
412 755 226 28 inkomstbevillning,
653 755 78 21 hvaraf
741 754 76 22 endast
828 762 27 14 en

98 790 174 28 proportionsvis
287 790 65 28 högst
367 790 63 27 ringa
446 790 35 21 del
491 791 64 26 utgår
571 789 48 22 från
632 789 223 29 jordlägenheternas

99 825 134 27 afkastning.

170 858 66 22 Emot
249 866 27 14 en
288 859 68 21 redan
370 866 29 14 nu
416 859 96 21 skeende
526 858 111 29 rubbning
652 858 55 22 eller
722 858 133 28 afskrifning

99 894 23 20 af
137 894 204 28 vakansafgifterna
356 894 63 27 talar,
433 894 70 28 enligt
512 894 125 22 Utskottets
654 894 73 27 tanke,
738 894 64 21 äfven
813 894 42 21 den

101 928 199 28 omständigheten,
316 930 33 20 att
364 928 66 22 redan
447 929 49 21 frän
508 929 61 26 1883,
586 928 66 22 sedan
667 928 26 21 de
709 928 72 21 finska
796 930 60 26 trup-

101 970 69 21 perna
184 963 71 22 blifvit
269 963 140 28 fullständigt
429 966 108 26 uppsatta,
556 970 50 15 men
625 962 173 22 militiefondens
817 970 40 14 nu-
881 983 2 2 .

102 998 95 21 varande
220 998 145 28 besparingar
388 998 124 22 emellertid
526 998 34 21 till
576 997 179 29 organisationen
778 997 78 29 ätgätt,

101 1032 111 30 betydligt
227 1034 69 27 högre
312 1033 95 21 tillskott
422 1033 33 21 till
471 1033 67 27 sagda
561 1032 52 22 fond
636 1032 117 26 erfordras,
775 1033 27 20 än
823 1032 34 20 för

102 1068 136 21 närvarande
254 1069 24 19 är
293 1069 7 20 i
316 1068 69 28 fråga.
416 1068 114 27 Styrelsen
546 1067 42 21 kan
605 1066 85 22 således
710 1066 49 22 icke
777 1066 80 28 undgå,

102 1104 32 20 att
149 1102 69 22 redan
233 1103 37 21 vid
285 1104 64 20 nästa
371 1102 110 28 landtdag;
497 1102 121 28 framlägga
640 1101 83 28 förslag
745 1101 34 21 till
802 1100 56 22 ökad

102 1136 142 28 beskattning
259 1137 35 21 för
308 1138 214 20 försvarsväsendets
538 1136 71 22 skuld.
632 1136 84 21 Sådant
726 1135 82 28 förslag
820 1136 39 20 bör

102 1175 52 17 utan
170 1172 76 20 tvifvel
268 1172 96 27 grundas
379 1172 28 28 på
421 1171 139 29 omsorgsfull
582 1170 149 22 förberedelse
747 1170 40 21 och
803 1169 55 21 såle-

104 1206 37 20 des
158 1206 75 21 dervid
252 1206 84 28 jemväl
359 1206 74 21 kunna
455 1206 132 21 framställas
602 1205 117 28 utredning
735 1205 24 21 af
773 1204 86 27 frågan,

103 1241 107 21 huruvida
226 1241 36 22 det
273 1242 43 20 kan
332 1241 60 28 ligga
407 1241 8 21 i
428 1240 198 28 jordegendomens
641 1240 94 20 intresse
747 1241 32 19 att
789 1238 69 21 hellre

104 1282 79 21 genom
198 1282 73 14 annan
287 1275 58 21 skatt
360 1277 28 19 än
401 1275 203 27 vakansafgifterna
626 1273 92 28 bidraga
733 1273 34 21 till
783 1272 76 21 härvä-

104 1310 88 21 sendets
215 1309 142 22 bekostande.
387 1309 56 22 Näst
458 1308 203 23 sammanträdande
679 1308 96 21 Ständer
797 1306 63 21 skola

104 1343 86 21 således
206 1343 65 21 hafva
287 1343 91 27 tillfälle,
395 1345 32 19 att
442 1344 49 20 med
509 1344 75 24 större,
600 1342 111 26 säkerhet,
726 1342 27 20 än
770 1341 89 20 inneva-

104 1378 68 20 rande
188 1377 110 28 landtdag,
314 1377 77 28 pröfva
407 1377 44 21 alla
465 1377 26 20 de
506 1377 80 28 frågor,
603 1383 47 14 som
665 1375 92 21 inverka
768 1374 28 27 på
807 1373 54 21 eller

106 1412 70 22 blefve
192 1419 25 14 en
235 1412 55 28 följd
306 1412 23 21 af
344 1413 40 20 den
401 1413 83 27 åtgärd,
500 1411 163 22 Bondeståndet
679 1417 79 21 genom
775 1409 38 20 sitt
823 1408 38 21 be-

176 1454 199 23 Värnepligtsutskottets
387 1454 109 17 betänkande
508 1453 35 18 N:o
555 1451 16 18 3.
