1045 1692
325 150 28 23 U.
369 150 27 22 B.
411 163 29 4 —
454 150 75 29 Prop.
544 150 45 24 N:o
604 150 37 24 44.
818 152 11 19 3

109 215 133 21 beträffande
267 216 5 26 $
292 216 11 20 3
324 221 61 15 mom.
407 215 18 26 1,
444 215 11 27 $
472 216 18 24 7,
513 215 5 27 $
540 216 6 19 8
561 221 62 15 mom.
641 216 18 24 1,
675 215 11 27 $
703 216 11 19 9
731 221 62 15 mom.
811 216 18 25 1,
845 216 12 26 &

112 251 32 24 12,
163 250 11 27 8
196 251 31 25 14,
247 250 11 27 8
280 251 23 19 17
320 256 61 15 mom.
398 250 12 20 2
427 249 39 22 och
481 250 11 27 &
510 250 25 20 19
551 250 7 20 i
574 249 37 21 det
627 249 133 22 förstnämda
775 251 55 20 samt
845 250 12 27 &

112 285 6 18 1
137 284 7 21 i
160 284 35 21 det
210 291 74 14 senare
300 283 240 28 författningsförslaget
558 283 47 22 icke
619 283 120 26 förefinnes,
755 283 34 22 vid
804 284 53 21 hvil-

109 318 36 21 ket
163 317 133 23 förhållande
315 318 104 21 utskottet
438 317 68 22 finner
522 317 34 22 det
571 317 68 22 första
655 317 23 21 af
692 318 25 21 de
733 317 6 21 i
755 319 11 26 $
783 319 26 19 74
825 318 31 21 af-

109 353 65 20 sedda
196 352 44 27 fall,
264 353 51 21 eller
338 354 32 20 att
392 351 76 29 frägan
490 353 40 20 bör
548 354 52 19 utan
619 352 72 22 vidare
706 352 33 21 till
754 353 103 21 förstärkt

110 387 80 22 utskott
205 387 131 28 hänskjutas,
356 387 116 28 otvetydigt
487 386 105 29 föreligga
606 387 48 21 med
670 387 100 22 afseende
785 386 13 21 ä
813 387 43 22 alla

109 422 67 21 andra
190 421 191 29 nyssuppräknade
397 423 24 27 $$
436 423 59 20 utom
510 422 11 27 $
539 423 31 19 19.

176 456 169 22 Vidkommande
353 455 46 22 äter
408 456 157 28 denna
482 451 10 38 $
504 456 61 28 synes
584 456 39 26 väl,
640 455 27 22 dä
680 455 35 22 tvä
727 455 62 23 ständ
805 457 51 20 här-

107 492 89 21 utinnan
212 493 86 20 stannat
313 494 44 18 mot
371 490 41 27 tvä,
422 489 70 23 säsom
507 491 73 26 borde,
597 491 52 22 enär
663 490 192 29 Borgareständets

108 525 157 22 ofvannämnda
286 525 127 28 inbjudning
436 525 88 28 afböjts,
548 525 40 22 och
609 525 36 22 det
659 525 69 22 andra
743 525 24 22 af
781 525 26 22 de
821 526 7 21 i
843 527 12 26 8

108 562 27 19 74
150 560 88 21 afsedda
253 560 39 21 fall
307 559 28 22 dä
350 560 133 27 omröstning
497 560 8 20 i
519 560 104 21 förstärkt
645 560 82 21 utskott
750 560 54 21 skall
819 560 37 21 ske

107 594 83 23 således
210 594 46 22 icke
275 595 120 27 föreligger,
415 593 164 29 ifrågavarande
604 594 12 27 $
637 594 85 27 jemlikt
741 595 11 27 $
768 595 26 20 73
809 595 8 20 i
832 595 23 20 L.

107 629 24 22 O.
147 637 25 13 ur
191 629 41 21 den
250 629 107 22 blifvande
380 629 155 27 författningen
550 629 7 20 i
573 629 71 21 ämnet
663 627 58 29 utgå;
737 636 47 14 men
800 636 54 14 eme-

107 665 42 21 dan
171 665 41 21 den
233 664 24 22 af
276 664 104 21 utskottet
400 663 122 28 föreslagna
544 663 109 28 inledning
670 663 33 22 till
719 663 132 22 Ständernas

107 697 147 30 underdåniga
264 705 49 14 svar
327 698 7 21 i
349 699 78 24 ämnet,
446 705 45 14 som
508 697 22 22 af
543 699 33 20 tre
591 696 63 23 stånd
669 697 112 28 godkänts,
789 698 66 28 jemte

107 733 36 22 det
158 733 41 22 den
213 733 81 21 uttalar
309 740 82 14 samma
405 733 64 21 tanke
484 739 45 15 som
544 733 11 28 $
573 733 31 26 19,
621 732 51 22 eller
687 734 32 21 att
735 733 120 22 Ständerna

106 768 46 22 icke
174 768 106 28 lagstiftat
309 775 34 14 om
365 768 122 21 hbekännare
511 767 23 22 af
554 767 159 29 grekisk-ryska
741 768 112 27 trosläran,

107 803 125 21 förutsätter
254 804 30 20 ett
305 801 119 29 stadgande
446 802 75 21 härom
540 802 61 22 äfven
615 802 8 20 i
638 802 75 28 sjelfva
731 802 68 28 lagen,
815 803 40 21 har

106 837 104 22 utskottet
232 839 69 19 ansett
321 836 79 28 jemväl
422 836 76 28 frågan
522 844 34 14 om
578 837 69 21 denna
665 838 12 27 &
692 836 54 23 böra
770 838 85 22 komma

106 872 68 22 under
190 872 131 27 omröstning
336 872 7 20 i
359 872 35 21 det
408 871 118 22 förstärkta
540 872 109 21 utskottet.

174 906 10 21 I
207 906 93 28 enlighet
322 906 48 22 med
395 906 35 21 det
452 905 90 23 anförda
558 905 33 22 får
605 906 150 28 Lagutskottet
770 907 84 22 derföre

107 941 108 22 vördsamt
230 940 121 22 hemställa:

345 983 30 19 att
395 981 89 21 stånden
506 980 52 28 ville,
577 981 36 27 för
628 982 124 27 afgörandet
767 983 24 26 af
805 982 48 27 frå-

275 1022 68 22 gorna
364 1022 33 15 om
416 1016 15 28 $
451 1016 14 20 3
483 1022 60 15 mom.
563 1017 19 26 1,
597 1016 16 28 $
630 1018 20 24 7,
666 1016 15 28 $
697 1018 14 20 8
725 1024 60 15 mom.
802 1019 19 26 1,
837 1018 16 28 $

278 1053 14 19 9
305 1057 61 15 mom.
383 1051 18 25 1,
417 1050 16 28 $
447 1051 35 26 12,
498 1050 16 28 $
528 1052 29 20 14
572 1050 36 22 och
622 1051 16 28 $
653 1052 29 20 17
697 1058 60 16 mom.
774 1054 12 19 2
799 1055 56 20 samt

275 1086 16 28 S
310 1087 28 19 19
353 1086 9 20 i
376 1085 33 22 det
428 1085 74 27 första,
518 1085 36 22 och
569 1085 15 29 $
599 1087 12 19 1
626 1086 9 21 i
650 1086 33 22 det
697 1086 52 22 sista
766 1087 27 27 af
803 1088 25 21 de
843 1088 9 21 i

275 1120 107 22 utskottets
400 1119 128 22 betänkande
546 1120 102 28 ingående
668 1121 185 28 författningsför-

276 1155 51 27 slag,
341 1161 73 21 genom
433 1154 128 22 omedelbara
575 1156 33 21 val
622 1156 57 21 inom
693 1156 33 28 sig
741 1158 44 20 utse
799 1158 54 26 elfva

276 1190 111 21 ledamöter
397 1189 35 27 för
446 1188 153 28 Lagutskottets
612 1190 148 26 förstärkande
775 1191 32 22 till
821 1192 34 22 det

276 1224 57 22 antal
348 1224 15 28 $
380 1224 29 21 74
423 1224 9 21 i
446 1223 24 22 L.
490 1224 22 22 O.
528 1224 141 27 föreskrifver.

174 1272 46 21 Och
242 1270 89 23 emedan
354 1270 35 23 det
408 1270 80 29 jemväl
509 1270 81 29 åligger
608 1272 105 22 utskottet
727 1275 33 20 att
774 1272 79 23 föreslå

105 1306 302 27 omröstningspropositioner
429 1306 33 22 för
484 1307 150 27 voteringarna
655 1308 7 21 i
685 1307 36 23 det
735 1308 117 23 förstärkta

105 1341 109 25 utskottet,
230 1339 34 22 får
278 1339 155 28 Lagutskottet,
449 1347 46 14 som
510 1341 70 20 ansett
594 1341 32 27 sig
641 1340 60 27 böra,
717 1341 48 22 med
780 1342 72 22 anled-

104 1376 51 27 ning
178 1374 24 21 af
220 1373 254 28 Landtdagsordningens
489 1374 117 28 stadgande
621 1375 7 20 i
643 1376 78 26 ämnet,
743 1375 70 23 såsom
827 1377 26 27 ja

104 1409 157 30 propositioner
286 1408 109 28 uppställa
420 1408 55 22 hvad
501 1408 103 23 utskottet
633 1409 58 22 förut
721 1410 102 29 tillstyrkt
844 1413 7 20 i

106 1446 25 21 de
154 1445 66 25 delar,
241 1443 61 22 hvari
324 1442 101 23 ståndens
446 1442 70 23 beslut
535 1444 54 21 varit
603 1444 128 29 skiljaktiga,
747 1448 55 19 samt
816 1446 35 22 vid

105 1475 34 27 nej
162 1473 196 28 propositionernas
377 1472 127 28 fomulering
526 1473 54 28 tagit
602 1473 82 28 hänsyn
707 1474 32 21 till
754 1476 31 21 ett
799 1475 52 22 eller

172 1514 63 19 Andra
246 1513 70 24 bilagan
328 1513 28 16 till
367 1513 124 22 Lagutskottets
503 1513 103 18 betänkande
618 1514 35 17 N:o
665 1515 26 17 14.
