1034 1692
214 131 26 20 12
514 128 40 24 N:o
569 129 38 24 43.

184 194 68 27 enligt
266 194 27 22 de
307 194 34 22 för
354 194 60 25 länet
432 194 125 22 fastställda
575 194 99 27 grunder,
695 194 73 22 dervid
787 194 27 22 de
832 194 106 22 kontanta

184 228 117 27 utgifterna
315 228 116 28 förskjutas
446 228 24 22 af
482 228 93 26 kronan;
885 226 44 30 N

249 264 28 27 9)
296 262 42 22 den
357 262 60 27 skog,
438 268 47 16 som
503 262 98 22 kommer
620 263 33 20 att
671 261 85 22 tillfalla
776 262 161 27 lägenheterna,

183 295 39 28 får,
252 296 56 22 intill
327 297 49 21 dess
395 296 171 28 köpeskillingen
589 295 70 23 blifvit
677 296 34 22 till
731 296 53 22 fullo
807 296 80 28 erlagd,
903 295 38 24 af

184 330 165 23 innehafvarene
368 331 109 22 användas
495 331 34 21 till
547 330 113 27 husbehof,
678 337 49 16 men
742 331 48 22 icke
809 330 33 23 till
861 330 77 27 afsalu,

185 364 89 23 såframt
289 365 103 23 särskildt
406 365 98 22 tillstånd
520 365 71 22 dertill
606 365 19 28 ej
641 365 118 27 utverkats,
779 366 58 21 samt

252 399 27 26 h)
298 399 44 22 ifall
360 399 71 27 någon
446 399 23 22 af
481 400 132 21 landboarne
628 399 70 22 skulle
712 399 97 22 befinnas
824 399 115 30 afsigkom-

185 439 49 16 men
257 433 52 22 eller
332 433 52 28 eljes
403 433 33 22 för
450 433 120 28 åboskapet
589 433 107 28 olämplig,
720 440 51 21 eger
790 433 106 29 styrelsen
911 434 28 27 på

187 467 149 22 Guvernörens
346 467 80 28 förslag
440 468 127 27 bestämma,
589 467 64 23 hvem
671 468 129 27 lägenheten
819 468 35 22 må
872 468 67 22 tiller-

186 502 90 27 kännas,
292 502 88 23 hvarvid
394 503 104 22 landbons
514 504 109 21 närmaste
640 502 151 23 anförvandter
808 502 131 26 företrädes-

186 536 32 22 vis
233 536 67 23 borde
314 536 161 28 ifrågakomma.

252 571 72 22 Dessa
346 571 23 22 af
388 571 111 28 Styrelsen
521 571 123 22 fastställda
666 572 69 21 vilkor
759 571 34 22 för
815 571 124 22 donations-

186 604 166 28 lägenheternas
367 605 146 23 öfverlåtande
533 606 23 21 åt
573 605 132 23 landboarne
724 605 63 23 hafva
801 613 7 14 i
824 605 116 23 allmänhet

188 639 106 28 delgifvits
310 640 48 22 dem
372 640 65 22 innan
456 642 32 20 ett
502 640 34 22 till
550 641 84 21 inlösen
653 641 126 27 hembjudet
798 641 53 27 gods
871 640 70 23 blifvit

188 673 23 22 af
226 674 82 22 kronan
326 675 82 27 inköpt,
427 681 50 15 men
495 675 154 27 undantagsvis
669 675 28 22 då
713 675 153 22 donationerna
880 677 61 20 utom

186 708 234 29 landbolägenheterna
430 709 100 22 omfattat
541 710 101 26 antingen
652 709 139 28 betydligare,
807 710 33 21 till
854 709 86 28 försälj-

188 743 50 27 ning
260 743 24 22 ät
304 744 132 21 landboarne
457 744 48 22 icke
529 744 101 27 lämpliga
654 744 95 27 hofläger
774 744 52 22 eller
851 744 40 22 ock
916 743 25 22 sä

186 777 135 22 vidsträckta
345 778 151 27 skogsmarker
518 779 33 21 att
574 779 69 25 dessa,
666 778 85 22 utöfver
772 779 57 21 hvad
847 785 47 15 som
909 777 33 23 för

188 811 173 28 landboskapens
386 812 66 23 behof
474 813 96 27 pröfvats
594 813 145 26 erforderligt,
763 814 83 21 ansetts
869 812 73 22 kunna

188 846 106 28 medgifva
309 846 124 28 utbrytning
447 846 33 23 för
490 847 142 22 statsverkets
647 847 91 27 räkning
753 846 23 22 af
788 847 153 27 kronoparker,

187 882 41 21 har
241 881 43 27 köp
300 880 100 22 afslutats
415 882 54 21 utan
485 883 32 20 att
531 881 132 22 landboarne
683 880 148 23 dessförinnan
849 880 71 23 blifvit
934 881 8 21 i

189 915 67 22 saken
270 915 74 26 hörde,
360 915 90 22 emedan
468 916 41 21 den
524 916 63 21 andel
601 915 24 22 af
637 916 178 27 köpeskillingen,
841 922 47 15 som
906 915 36 22 vid

189 949 77 22 sädant
284 949 132 22 förhällande
435 950 68 21 borde
519 950 49 22 dem
586 949 93 27 päföras,
696 950 56 21 först
767 949 78 22 efterät
859 950 83 21 kunnat

188 984 138 21 bestämmas.
357 983 94 22 Sälunda
472 983 40 22 har
534 984 13 22 ä
561 984 77 21 Pällilä
657 983 65 22 frälse
745 984 4 21 i
771 983 73 22 Mohla
861 983 81 22 socken

189 1016 41 23 och
244 1017 77 22 Finans
336 1017 114 22 Ministerii
464 1017 134 23 vidsträckta
613 1018 53 27 gods
681 1018 8 21 i
705 1018 84 26 Salmis,
805 1017 136 27 Korpiselkä,

190 1052 108 21 Suistamo
314 1052 39 21 och
368 1052 108 22 Ruskeala
490 1052 125 22 kommuner
633 1054 56 20 samt
707 1053 27 21 de
754 1052 22 22 af
792 1052 71 22 Baron
878 1052 64 22 Free-

190 1085 97 22 dericksz
302 1085 95 23 försälda
412 1086 82 27 godsen
508 1086 8 22 i
529 1086 114 28 Pyhäjärvi
661 1087 40 21 och
719 1086 116 27 Walkjärvi
850 1087 93 21 socknar

188 1117 131 24 ländboarne
342 1119 113 23 affordrats
474 1120 161 28 ifrågavarande
654 1120 142 22 förbindelser
814 1120 56 22 först
889 1120 54 23 efter

191 1154 37 21 det
242 1154 66 22 dessa
323 1154 125 22 donationer
462 1154 71 22 blifvit
547 1154 23 22 af
583 1155 132 21 statsverket
729 1155 95 27 inköpta.

256 1186 74 28 Enligt
345 1187 154 23 ofvanberörda
512 1189 69 21 vilkor
590 1188 33 22 för
634 1188 135 23 öfverlätelse
779 1189 24 21 ät
811 1189 132 22 landboarne

190 1221 23 21 af
222 1222 26 21 de
262 1222 80 20 inlösta
352 1222 268 27 donationslägenheterna
629 1224 95 20 kommer
735 1223 42 21 den
791 1222 33 22 för
835 1223 108 21 desamma

189 1253 121 29 förskjutna
324 1256 170 27 köpeskillingen
510 1258 32 19 att
557 1256 121 27 ätergäldas
693 1256 33 22 till
741 1257 132 21 statsverket
888 1257 55 21 deri-

190 1294 82 22 genom,
293 1290 33 21 att
344 1290 130 22 landboarne
493 1290 8 22 i
521 1292 26 20 39
567 1291 35 21 ärs
622 1290 37 26 tid,
683 1290 93 22 räknadt
794 1289 47 23 frän
860 1290 83 23 skatte-

189 1323 99 23 brefvens
304 1323 133 29 utfärdande,
454 1324 88 29 erlägga
557 1325 42 27 6%
615 1324 7 22 i
637 1326 62 20 ränta
715 1325 41 21 och
770 1325 131 28 amortering
915 1326 29 28 pä

191 1359 41 22 den
247 1359 13 22 &
276 1360 89 22 enhvars
380 1359 103 28 lägenhet
496 1360 8 22 i
518 1359 133 23 förhällande
670 1360 32 22 till
717 1360 126 22 skattetalet
858 1360 33 28 sig
905 1361 38 22 be-

189 1394 93 27 löpande
305 1395 63 21 andel
389 1394 7 21 i
418 1394 177 28 köpeskillingen.
633 1395 34 21 En
691 1394 68 23 sådan
786 1396 97 21 annuitet
904 1396 40 21 har

191 1431 83 25 ansetts
288 1430 74 22 kunna
376 1428 22 23 af
412 1429 49 22 dem
475 1431 54 21 utan
543 1429 109 28 svärighet
670 1429 105 28 erläggas,
787 1432 56 25 enär,
859 1430 29 27 pä
898 1431 45 21 sätt

192 1464 61 22 ofvan
268 1464 133 27 framhällits,
417 1464 171 27 köpeskillingen
603 1465 7 20 i
625 1465 117 21 allmänhet
760 1465 48 22 icke
823 1464 121 28 öfverstigit
