1023 1692
265 159 81 23 Ständ.
362 159 37 23 Sv.
415 172 27 3 —
458 160 70 28 Prop.
543 160 40 22 N:o
597 160 38 22 40.
765 161 28 21 59

145 228 95 20 varande
251 234 103 21 personer
369 230 38 19 äro
424 220 131 36 berättigade
570 231 33 18 att
617 230 53 26 göra
681 228 140 21 anmärknin-

144 268 42 20 gar
200 264 43 18 mot
258 261 128 27 riktigheten
401 262 30 26 af
442 262 62 20 dessa
519 262 162 28 anteckningar,
691 262 38 21 och
740 269 33 14 om
784 270 38 13 an-

145 295 143 27 märkningen
310 295 92 27 befinnes
424 296 107 26 grundad,
552 296 57 20 skall
627 296 66 28 nödig
712 296 110 21 rättelse
811 291 15 37 i

146 328 92 28 längden
254 328 30 28 af
294 329 92 21 nämden
400 331 71 25 göras.

431 396 59 28 Kap.
506 397 30 21 X.

318 448 38 20 Om
372 448 116 27 besigtning
503 449 38 21 och
557 449 93 27 lottning.

453 495 15 27 $
482 496 35 20 66.

215 528 72 20 Sedan
308 528 135 28 granskning
466 529 29 27 af
511 528 222 28 uppbådslängderna
755 529 67 27 enligt

144 562 16 27 $
175 562 27 20 65
214 562 130 27 försiggått,
362 562 86 21 skrider
465 562 190 27 uppbådsnäthden
675 563 35 20 till
725 564 98 26 mätning

146 595 38 21 och
203 595 119 28 besigtning
342 595 29 27 af
382 596 24 20 de
421 596 135 28 uppbådade,
566 596 41 28 för
622 597 121 21 utrönande
757 597 65 21 huru-

145 629 51 21 vida
212 630 24 20 de
252 632 38 18 äro
306 630 35 20 till
356 630 127 27 krigstjenst
498 631 92 27 duglige.
620 630 41 21 Vid
670 631 96 21 nämnda
773 631 50 27 för-

146 664 132 27 rättningar,
298 670 44 14 som
364 664 128 22 verkställas
506 665 9 20 i
530 664 93 28 enlighet
642 665 47 21 med
708 665 25 21 de
751 665 71 21 derom

144 698 118 26 utfärdade
279 697 149 28 föreskrifter,
450 698 73 22 kunna
539 700 83 26 jemväl
643 702 97 18 närvara
754 700 9 20 i
773 699 49 27 för-

146 732 124 27 rättningen
288 732 44 20 icke
353 732 106 28 delaktige
479 739 110 21 personer,
604 733 53 27 ifall
672 734 92 20 nämden
775 734 47 26 fin-

146 773 38 14 ner
200 766 80 28 skäligt
294 766 80 21 sådant
390 767 78 20 tillåta.

453 812 15 27 $
482 813 35 20 67.

211 845 61 21 Från
287 846 97 27 mätning
400 845 38 21 och
454 845 120 28 besigtning
593 845 80 28 befrias
691 846 32 27 de,
734 853 44 14 som
784 846 39 27 fö-

142 882 44 18 rete
209 879 95 28 behörigt
327 879 129 21 läkarebevis
479 880 103 27 deröfver,
601 883 33 18 att
652 881 26 20 de
693 881 8 20 i
716 881 106 26 anseende

148 914 35 21 till
205 914 73 27 längd,
301 913 180 29 kroppsbyggnad
500 914 38 21 och
556 914 161 21 helsotillstånd
734 917 38 18 äro
788 915 35 20 till

148 947 125 29 krigstjenst
288 948 94 28 duglige.

452 983 16 26 $
482 984 35 20 68.

218 1016 118 28 Uppgifver
350 1017 143 27 värnepligtig
508 1017 37 20 vid
555 1016 148 28 besigtningen
721 1016 33 27 sig
772 1023 53 14 vara

146 1050 104 27 behäftad
264 1051 48 20 med
325 1050 137 28 fallandesot
474 1051 52 21 eller
541 1057 74 14 annan
620 1050 92 27 fördold
719 1050 104 28 sjukdom,

148 1091 44 14 som
207 1085 93 20 hindrar
315 1085 76 20 honom
406 1087 32 18 att
452 1085 95 21 uthärda
562 1085 132 27 krigstjenst,
709 1084 58 21 skall
782 1084 43 21 han

147 1119 79 20 sädant
248 1119 76 28 styrka
342 1125 75 22 genom
436 1119 95 28 behörigt
549 1119 130 20 läkarebevis
698 1119 52 20 eller
764 1119 60 27 intyg

149 1153 30 27 af
190 1153 219 28 kommunalstyrelse.

458 1188 15 27 $
487 1189 33 19 69.

219 1221 191 28 Uppbädsnämden
430 1223 26 19 är
476 1222 19 27 ej
513 1221 86 20 bunden
618 1221 36 20 vid
673 1220 84 21 läkares
773 1221 51 20 eller

150 1255 221 28 kommunalstyrelses
389 1255 113 21 utlätande
518 1255 109 27 angäende
643 1255 26 20 de
683 1254 143 28 besigtigades

149 1289 123 28 oduglighet
294 1289 35 21 till
351 1289 130 28 krigstjenst.
518 1289 39 20 Vid
580 1289 147 27 besigtningen
747 1291 80 18 närva-

148 1325 69 19 rande
230 1330 104 20 personer
348 1330 39 20 ega
402 1324 104 26 rättighet
521 1326 32 17 att
569 1324 86 19 anmäla
672 1324 102 25 missnöje
784 1326 42 17 mot

149 1357 73 25 beslut,
238 1357 136 27 hvarigenom
390 1357 71 26 nägon
471 1356 117 27 förklaras
604 1356 88 27 oduglig
708 1357 35 20 till
757 1356 69 27 krigs-

148 1391 72 28 tjenst.
252 1390 74 21 Sådan
342 1391 102 20 anmälan
458 1390 56 21 skall
524 1391 87 26 intagas
622 1391 9 19 i
641 1390 103 21 nämdens
752 1392 75 25 proto-

149 1425 50 25 koll,
218 1425 38 21 och
275 1427 26 19 är
321 1425 140 21 länenämden
478 1426 7 19 i
499 1425 79 21 sädant
599 1424 43 25 fall
660 1425 121 27 berättigad
795 1427 32 18 att

149 1460 47 21 med
212 1460 40 21 den
268 1459 30 28 af
309 1459 189 28 uppbädsnämden
513 1459 142 21 underkände
672 1459 45 21 låta
731 1459 96 21 anställa

151 1502 29 21 ny
196 1494 126 28 besigtning.
