1045 1700
217 157 12 21 4
397 158 27 18 U.
440 158 30 19 B.
487 168 23 3 —
526 158 83 22 Prop.
625 155 48 21 N:o
693 158 34 18 35.

188 224 72 27 derpä,
297 225 32 20 att
365 223 123 28 begreppen
520 223 86 28 borgare
638 223 38 21 och
701 222 132 28 borgerskap,
859 222 73 22 hvilka

189 259 68 22 under
276 259 96 21 tidernas
391 258 51 27 lopp
461 258 115 22 efterhand
595 257 73 22 blifvit
682 256 129 23 inskränkta
826 257 33 21 till
875 257 58 21 vissa

188 294 74 27 yrken,
278 293 76 27 skulle,
370 293 7 21 i
392 293 38 21 fall
446 293 80 27 nådiga
539 293 163 27 propositionen
718 292 39 21 N:o
772 293 34 25 25,
821 291 112 28 angående

189 328 126 27 förordning
331 334 33 15 om
379 327 137 28 näringarne,
531 328 83 21 komme
629 329 33 19 att
677 327 6 21 i
699 327 50 21 dess
757 326 176 21 hufvudbestäm-

188 363 78 26 ningar
282 363 36 21 vid
334 363 70 20 denna
419 362 105 27 landtdag
540 363 97 26 antagas,
651 361 104 22 bortfalla
765 361 72 21 såsom
846 361 86 21 beteck-

189 398 77 26 ningar
288 397 33 21 för
344 404 26 15 en
392 397 94 21 särskild
509 397 58 22 klass
587 397 23 21 af
631 396 114 22 städernas
769 396 109 25 invånare,
894 395 40 21 och

189 433 34 20 att
244 433 7 20 i
272 431 55 28 följd
350 431 62 22 deraf
433 432 7 21 i
456 432 27 21 12
498 433 11 26 8
525 432 22 21 af
561 431 248 27 Landtdagsordningen
825 430 109 21 erfordras

188 467 71 26 någon
282 466 136 27 bestämning
438 466 6 21 i
460 466 74 21 stället
549 466 33 21 för
597 465 62 22 ordet
675 465 91 28 borgare.
797 465 83 21 Jemväl
895 464 39 21 fin-

191 507 38 14 ner
250 500 120 26 Utskottet,
394 500 26 21 då
435 500 184 27 Borgareståndet
633 501 64 26 utgör
712 500 32 22 ett
759 499 23 22 af
796 499 85 22 landets
892 500 42 20 stä-

192 535 38 21 der
245 535 60 22 valdt
320 535 64 21 stånd
400 535 56 21 inom
473 534 70 22 finska
551 534 79 21 folkets
641 534 178 27 representation,
836 534 37 21 det
883 540 51 15 vara

189 570 64 21 häraf
273 569 117 27 påkalladt,
416 570 32 20 att
464 570 61 21 detta
540 569 63 21 stånd
619 568 63 22 äfven
698 568 67 27 väljes
781 568 23 22 af
819 569 54 25 dem,
889 574 46 16 som

190 607 38 19 äro
243 604 141 22 medlemmar
399 604 23 21 af
436 604 26 21 de
478 603 122 27 borgerliga
608 603 243 22 kommunerna
768 599 12 36 i
791 599 59 36 dessa
862 603 73 21 städer

191 639 39 22 och
246 645 40 21 ega
300 639 92 21 rösträtt
407 638 7 21 i
430 638 63 21 deras
508 644 158 21 gemensamma
674 637 188 28 angelägenheter.
878 637 56 27 Men,

192 673 91 22 likasom
306 673 112 26 undantag
440 673 57 21 ifrån
513 673 70 21 denna
598 673 113 21 abstrakta
726 673 84 26 princip
826 673 109 21 erfordras

192 710 56 19 samt
263 707 87 22 derföre
367 707 65 21 också
447 707 17 27 ej
481 707 84 21 mindre
580 707 7 21 i
602 707 27 21 12
644 707 39 21 och
699 707 26 20 14
735 707 23 27 $$
768 706 23 21 af
800 707 134 26 Landtdags-

192 742 126 27 ordningen,
334 744 28 19 än
377 741 62 22 äfven
455 742 6 21 i
477 748 29 15 nu
522 741 122 27 föreslagna
659 741 114 21 redaktion
789 741 22 21 af
826 741 45 27 128
887 741 48 21 blif-

193 777 31 21 vit
248 776 117 27 uppstälda
384 776 34 21 för
436 777 32 20 att
488 776 85 26 skydda
591 776 86 21 ståndet
692 778 57 19 emot
764 775 119 27 inflytande
898 776 36 20 vid

192 811 62 22 valen
271 811 22 21 af
307 811 83 21 sådana
403 817 110 20 personer,
529 810 74 22 hvilka
617 811 28 26 på
655 811 70 26 grund
737 809 23 22 af
769 810 33 21 sin
815 809 47 22 utaf
869 811 67 20 andra

192 846 108 21 beroende
322 845 212 26 samhällsställning,
557 845 52 21 eller
625 845 33 21 sin
673 844 105 27 vanfräjd,
796 845 53 20 eller
864 851 70 14 annan

193 880 48 21 med
257 879 64 22 dessa
333 879 112 27 jemförlig
460 879 160 27 omständighet
635 879 73 21 kunde
722 879 8 20 i
745 885 26 14 en
782 879 154 21 samhällsväd-

193 915 30 26 lig
238 914 96 27 rigtning
349 913 92 22 inverka
456 914 28 27 pä
499 913 73 22 valens
588 913 87 27 utgäng,
691 913 69 21 häller
772 913 164 27 Lagutskottets

194 948 118 28 pluralitet,
336 948 28 21 dä
388 947 65 22 ocksä
469 948 140 21 valbarheten
625 947 33 22 till
674 947 184 27 Borgareständet
874 948 63 21 beror

194 983 23 22 af
231 983 115 26 valrätten,
355 983 53 25 före,
416 984 33 20 att
460 983 163 26 tillämpningen
635 982 23 21 af
667 988 80 15 samma
757 982 113 22 abstrakta
880 983 57 26 prin-

196 1018 34 26 cip
253 1017 40 22 bör
314 1017 140 26 fortfarande,
479 1017 91 21 likasom
585 1017 85 26 hittills,
692 1017 130 21 inskränkas
834 1017 104 27 jämväl
924 1013 18 35 i

193 1052 58 27 syfte
266 1053 32 20 att
313 1051 147 27 upprätthälla
476 1052 26 20 de
517 1052 47 26 fyra
579 1051 102 21 ständens
692 1051 108 27 egenskap
812 1053 38 25 att,
866 1052 70 20 fastän

195 1087 27 20 de
236 1086 102 21 förenade
353 1087 77 25 utgöra
446 1092 25 14 en
487 1085 69 21 finska
571 1085 81 21 folkets
667 1085 179 27 representation,
871 1086 66 20 likväl

195 1120 64 21 hvart
278 1120 33 21 för
326 1120 33 27 sig
375 1119 115 27 tillgodose
506 1120 26 21 de
547 1119 108 22 särskilda
669 1120 114 26 intressen,
805 1119 34 21 för
854 1119 84 22 hvilkas

195 1154 126 22 bevakande
336 1154 112 21 stiftarene
464 1154 24 21 af
501 1153 247 28 Landtdagsordningen
764 1155 71 20 ansett
850 1154 27 21 de
891 1153 48 27 fyra

196 1188 91 21 ständen
305 1188 53 21 böra
377 1187 127 22 bibehällas.

262 1222 57 22 Vore
341 1223 36 20 det
395 1229 29 15 nu
439 1223 62 26 fråga
515 1229 33 14 om
564 1223 32 22 ett
609 1222 132 27 frängäende
760 1222 23 22 af
797 1222 139 27 fyrkammar-

197 1257 103 25 systemet
316 1256 39 21 och
371 1262 33 15 om
420 1256 26 21 de
461 1257 101 26 grunder,
579 1256 72 21 hvilka
666 1257 7 20 i
689 1256 49 21 stad
752 1256 67 21 borde
830 1257 63 26 följas
904 1257 36 20 vid

196 1291 58 21 valet
277 1290 23 21 af
320 1291 175 25 representanter
509 1290 34 21 till
566 1297 26 14 en
611 1290 68 21 andra
693 1290 115 26 kammare,
831 1291 24 20 sä
870 1290 70 21 skulle

197 1325 113 22 Utskottet
334 1324 18 27 ej
372 1324 65 21 hafva
451 1324 67 27 nägot
532 1324 7 21 i
555 1323 122 22 hufvudsak
692 1325 33 20 att
740 1324 71 21 erinra
825 1325 58 20 emot
898 1324 41 21 den

197 1359 151 27 utsträckning
370 1359 23 21 af
406 1359 114 26 valrätten,
544 1365 45 15 som
603 1359 8 21 i
627 1359 41 22 den
683 1359 80 27 nädiga
777 1359 162 27 propositionen

197 1394 88 28 äsyftas.
322 1393 51 22 Men
396 1393 28 22 dä
438 1393 104 28 förslaget
557 1394 128 21 förutsätter
699 1393 163 22 bibehällandet
877 1394 23 21 af
913 1394 27 21 de

198 1429 48 28 fyra
260 1429 98 26 ständen,
374 1429 81 27 nödgas
471 1429 154 26 Lagutskottet
640 1430 57 21 emot
707 1429 119 22 detsamma
837 1431 52 25 göra
899 1429 41 21 den

199 1463 150 27 anmärkning,
375 1465 33 20 att
429 1463 37 22 det
486 1465 24 19 är
529 1464 80 26 egnadt
627 1465 33 20 att
675 1465 52 25 göra
742 1463 86 27 inträng
843 1463 28 27 pä
885 1470 55 15 sam-

199 1498 174 26 mansättningen
389 1497 23 21 af
426 1497 26 21 de
467 1498 37 21 tvä
519 1497 69 22 första
603 1498 92 22 ständen
711 1498 35 22 vid
761 1498 112 26 landtdag,
896 1498 7 20 i
918 1499 22 25 ty

267 1542 125 24 Lagutskottets
407 1543 105 18 betänkande
524 1542 32 20 N:o
570 1542 27 18 10.
