1031 1692
323 118 22 22 U.
363 118 21 22 B.
401 129 28 3 —
445 117 64 29 Prop.
527 118 38 22 N:o
581 116 35 24 37.

108 245 229 29 Fartygsförpassning
352 246 48 21 frän
417 246 154 26 tullkammare,
587 246 135 27 Magistrats-

137 280 54 21 folk-
207 280 51 21 eller
273 281 83 26 sjöpass
373 280 108 21 äfvensom
497 280 155 27 sjömansrulla.

167 317 21 21 a)
203 314 33 21 för
251 315 82 21 utrikes
349 314 82 27 gäende
445 314 79 27 fartyg:

165 348 66 22 finskt
247 349 40 22 och
303 349 66 28 ryskt,
388 349 92 22 däckadt

331 400 10 10 »
383 384 127 21 Odäckadt.

165 401 109 39 utländskt
292 436 5 9 ,
329 435 75 5 sas

165 453 21 25 d)
201 453 32 22 för
248 436 80 39 inrikes
337 453 52 22 eller
397 453 33 22 till
436 435 111 74 Ryssland
552 435 84 74 gående
645 434 80 75 fartyg:
735 449 2 3 |

165 488 93 22 däckadt
400 506 4 4 N
507 505 4 5 N

166 523 130 22 odäckadt
282 519 18 36 .

108 557 125 27 Patentbref
251 558 98 22 karteras
371 558 29 27 pä
423 540 52 39 sätt
489 563 34 16 om
543 540 155 45 privileglibref
720 538 4 5 i
718 557 7 22 i

136 598 63 16 mom.
217 595 9 19 1
243 595 24 19 är
283 593 108 26 stadgadt.

107 633 162 27 Pensionsbref:

138 676 34 20 1:0
194 674 35 22 vid
252 674 75 22 afsked
349 674 46 22 från
418 674 84 27 embete
525 674 51 22 eller
594 674 67 27 tjenst
675 674 49 21 med

164 709 90 27 pension
267 716 26 14 ur
308 709 99 26 kronans,
423 709 70 27 nägon
509 709 59 22 stads
585 709 52 21 eller
654 715 70 15 annan

166 744 76 21 allmän
264 744 72 26 kassa,
360 751 26 14 en
407 743 46 22 half
465 745 89 26 procent
577 743 22 22 af
613 743 109 28 pensions-

164 778 102 27 beloppet
281 778 33 21 för
330 780 32 20 ett
377 778 30 21 är.

136 820 34 20 2:0
187 819 13 20 å
214 818 90 27 pension
319 825 25 15 ur
359 818 248 27 krigsmanshusfonden,
621 820 55 20 samt
691 818 33 22 för

165 853 55 22 enka
240 853 40 21 och
293 853 54 22 barn
363 852 54 22 efter
431 854 93 21 embets-
541 853 39 22 och
595 854 129 27 tjensteman

164 888 36 22 vid
221 887 75 23 landet
310 888 97 26 militär-,
423 888 65 26 civil-,
505 889 56 20 samt
576 888 147 22 ecklesiastik-

165 923 40 21 och
220 922 123 27 skolstater,
361 922 108 22 äfvensom
485 922 13 22 ä
507 923 96 27 pension,
613 928 46 16 som
670 923 54 22 enka

164 958 41 21 och
228 958 53 20 barn
304 957 81 22 erhålla
407 963 26 15 ur
455 958 26 21 de
504 956 23 22 af
546 957 177 27 borgerskapet
711 952 17 37 i

163 992 58 21 vissa
243 992 74 21 städer
334 992 107 21 inrättade
457 992 211 26 understödskassor,
686 994 36 20 äro

163 1026 34 22 för
219 1026 116 27 stämpladt
357 1032 81 21 papper
459 1025 46 27 fria,
525 1026 65 26 enligt
605 1026 11 27 $
634 1028 25 19 14
672 1032 44 16 mo-

163 1062 81 20 mentet
261 1062 31 20 16.

136 1103 33 20 3:0
186 1101 13 21 å
214 1102 59 20 extra
286 1100 114 28 pensioner
415 1100 41 22 och
472 1100 66 22 andra
548 1107 25 15 ur
582 1101 140 21 statsmedlen

163 1135 108 27 utgående
291 1135 220 26 understöds-anslag,
527 1134 110 22 äfvensom
653 1134 11 22 å
680 1135 42 21 till-

163 1170 61 22 skott
238 1170 13 21 å
265 1170 8 20 i
287 1169 176 27 författningarne
479 1168 140 23 föreskrifven
627 1170 94 26 pension,

164 1207 38 19 när
218 1204 98 27 anslaget
333 1203 126 28 öfverstiger
474 1206 41 19 200
530 1204 47 27 Zn
592 1203 33 22 för
641 1204 51 26 året,
709 1206 13 19 4

163 1241 89 25 procent
267 1238 23 22 af
303 1238 49 22 dess
368 1239 85 27 belopp.

135 1282 34 19 4:0
192 1279 33 22 för
247 1280 42 21 alla
304 1278 68 28 öfriga
386 1285 109 21 personer,
511 1278 22 22 af
546 1279 56 21 hvad
616 1285 63 15 namn
695 1279 26 21 de

163 1320 51 15 vara
228 1314 46 25 må,
286 1315 55 19 samt
357 1314 68 20 ehvad
439 1314 118 25 pensionen
566 1313 64 26 utgår
638 1320 24 14 ur
672 1314 49 20 kro-

163 1354 59 20 nans,
243 1348 71 26 någon
329 1348 59 21 stads
405 1347 52 21 eller
473 1354 69 14 annan
557 1347 78 21 allmän
650 1348 70 25 kassa,

163 1384 39 19 när
223 1382 117 27 pensionen
362 1382 52 21 eller
436 1382 141 21 understödet
595 1380 127 28 öfverstiger

164 1418 41 21 200
223 1417 47 27 Frye
285 1416 33 22 för
334 1417 51 26 året,
402 1418 13 19 4
430 1418 90 25 procent
535 1415 23 22 af
571 1416 49 22 dess
635 1416 84 27 belopp.

159 1460 205 24 Bevillningsutskottets
377 1460 114 18 betänkande
505 1459 38 19 N.o
559 1457 19 21 1.
