1031 1692
316 161 26 19 U.
354 162 28 18 B.
395 172 22 4 —
427 163 79 23 Prop.
517 163 44 18 N:o
572 164 36 17 4?.
771 162 13 21 5

88 230 86 21 komma
188 231 7 20 i
210 230 66 28 fråga,
291 232 24 20 så
329 232 118 21 innehåller
455 234 137 20 testamentet
606 232 81 26 härom,
703 234 60 19 utom
777 232 36 20 be-

88 265 137 21 stämmelsen
244 272 33 14 om
297 265 41 21 den
353 267 22 20 åt
393 266 90 21 Finland
497 267 109 20 tilldelade
621 273 107 14 summans
743 266 70 21 förde-

88 298 63 21 lande
172 299 7 20 i
201 300 75 20 tvenne
302 300 105 21 särskilda
421 300 81 26 fonder,
517 302 44 20 Litt.
576 302 23 20 A.
615 301 39 20 och
668 301 44 21 Litt.
728 301 30 26 B,
773 300 40 21 föl-

86 332 72 28 jande:

144 367 42 26 »De
200 367 56 20 ifrån
271 367 90 26 231,250
377 367 69 22 Rubel
460 368 34 21 för
509 368 89 21 Finland
613 368 48 21 med
673 369 26 26 2/;
711 368 59 21 delar
782 370 33 19 ut-

89 401 81 28 gående
191 401 77 26 92,500
287 401 69 21 Rubel
379 402 127 21 bestämmes
530 402 33 21 till
581 402 51 21 fond
646 402 69 21 under
728 403 87 20 benäm-

90 435 50 27 ning
161 434 39 21 L:a
214 435 24 20 B.
254 435 34 21 för
302 435 156 28 Vettenskaper
473 436 40 21 och
527 436 67 21 sköna
611 435 99 26 Konster,
725 437 90 20 Litterä-

89 476 25 13 ra
128 469 93 20 Arbeten
243 469 39 21 och
304 469 97 21 skrifters
423 470 66 27 gratis
503 469 110 28 utdelning
627 469 34 21 till
675 470 98 27 allmoge,
788 471 28 26 pä

89 503 36 20 det
139 503 65 26 nödig
226 503 80 20 förtida
326 503 118 21 kännedom
467 503 40 21 och
529 503 42 27 hog
591 503 129 26 förberedes,
735 504 35 21 för
785 506 32 19 att

89 536 147 27 upprätthålla
250 537 40 20 och
308 537 93 21 förvalta
417 537 138 21 förtecknade
570 537 82 26 fonder;
668 540 55 18 samt
737 538 34 21 för
786 539 31 20 af-

88 571 105 26 löningar,
216 571 151 21 omkostnader
388 571 40 21 och
449 578 60 14 resor
523 571 34 21 till
572 571 40 21 och
626 571 35 21 för
675 571 54 26 dem,
745 572 72 21 hvilka

89 605 31 21 uti
136 605 108 28 Styrelse-,
253 605 189 28 Kontrollerings-,
450 605 157 27 förvaltnings-,
620 605 141 28 räkenskaps-
777 607 39 20 och

89 639 166 28 bokföringsväg
270 639 62 22 skola
346 639 105 28 redogöra
465 639 34 22 för
514 639 42 22 alla
570 639 92 22 fonder”.

146 673 39 26 vAf
205 673 69 21 denna
294 674 52 21 fond
367 674 38 21 L:a
428 674 23 20 B.
475 673 34 22 för
527 673 90 22 Finland
639 673 81 28 årligen
734 675 83 20 utkom-

91 715 77 13 mande
183 709 68 24 ränta,
267 708 62 21 deraf
343 708 94 27 deltager
453 709 39 20 och
507 707 107 22 utbetalar
623 707 91 22 Finland
729 709 48 20 med
792 709 26 28 %;

90 741 60 22 delar
172 742 31 21 uti
226 742 25 21 de
268 742 242 26 honorationssummor,
525 741 72 22 hvilka
617 741 33 21 till
666 742 25 21 de
707 741 62 22 deraf
782 743 35 21 be-

90 776 112 27 rättigade,
225 776 60 21 skola
307 777 29 26 på
357 776 136 21 föreskrifvet
511 777 42 20 sätt
569 777 56 26 utgå;
644 776 117 28 hvarjemte
775 777 43 21 alla

90 810 140 28 förvaltnings
246 810 156 21 Omkostnader
417 810 40 22 och
474 810 96 21 Arvoden
586 818 46 13 som
643 812 55 26 angå
713 810 104 22 hvardera

90 844 105 22 fonderna
216 844 38 22 L:a
274 845 25 20 A.
316 845 39 21 och
375 845 23 20 B.
422 845 61 21 skola
501 844 24 21 af
540 844 69 22 denna
624 845 71 21 dertill
710 845 109 22 bestämda

90 879 52 21 fond
164 878 57 22 intill
239 878 65 28 Sjette
325 879 79 21 seriens
423 878 43 22 slut
488 878 6 21 i
509 878 37 21 L:a
561 879 24 20 A.
601 880 58 26 utgå;
675 879 40 21 och
730 880 39 20 bör
784 886 35 15 om

90 912 142 28 förvaltnings
247 913 95 21 Arvodet
358 913 193 21 öfverenskommas
567 920 26 20 pr
603 913 27 27 %
644 913 23 21 af
680 914 33 20 för
728 914 46 21 året
788 914 31 20 in-

90 948 68 21 flutna
173 948 147 26 räntebelopp,
338 949 13 19 t.
367 954 32 14 ex.
417 948 45 27 19/,
477 948 33 20 för
526 949 52 19 1:sta
591 948 80 26 Serien,
685 948 48 21 med
749 948 70 28 afpas-

91 982 38 22 sad
144 982 137 28 nedsättning
295 982 35 21 för
349 982 148 28 efterföljande
526 982 75 26 Serier,
621 982 56 21 ända
691 983 66 21 intills
774 983 46 21 7:de

91 1017 73 21 Serien
178 1017 32 21 uti
225 1017 38 21 L:a
277 1018 25 19 A.
313 1019 60 25 tager
388 1017 33 21 sin
439 1016 82 28 början,
537 1016 28 22 dä
583 1016 110 28 utdelning
707 1017 33 21 till
755 1017 65 21 Kom-

90 1058 104 14 munerna
211 1051 105 27 påbjuder
335 1051 90 21 förökad
446 1051 149 27 Förvaltnings
618 1052 99 26 personal
735 1052 40 20 och
790 1052 30 20 af-

148 1120 30 21 Pä
200 1120 35 20 det
256 1120 69 21 denna
342 1119 51 21 fond
412 1119 47 21 icke
477 1120 66 20 mätte
558 1119 87 27 betagas
660 1119 81 21 önskad
756 1119 64 25 kraft,

92 1156 56 19 samt
162 1155 32 20 att
212 1154 118 26 nägonting
349 1154 6 20 i
371 1155 54 19 stort
442 1154 66 20 mätte
525 1154 7 19 i
547 1160 25 14 en
587 1152 86 21 framtid
688 1153 73 21 kunna
775 1160 46 14 ver-

92 1188 38 21 kas
146 1188 40 20 och
202 1187 90 26 utföras,
308 1188 23 20 sä
346 1188 33 20 fär
393 1187 33 21 till
440 1187 130 27 Aflöningar,
590 1186 162 26 Omkostnader,
767 1189 55 19 samt

94 1222 32 21 till
147 1222 107 20 Litterära
274 1222 103 21 behofver
397 1229 26 13 m.
446 1229 27 13 m.
497 1221 140 21 tillsammans
661 1220 46 21 icke
726 1228 45 14 mer
795 1222 27 20 än

94 1256 81 21 hälften
191 1256 23 21 af
226 1256 69 27 ärliga
309 1258 77 19 räntan
401 1256 125 21 användas".

150 1290 60 26 vAlla
228 1291 70 20 Löner
322 1291 39 20 och
375 1290 198 27 Kostnadsutgifter
592 1291 51 26 utgå
658 1290 76 21 främst
748 1289 33 21 till
798 1290 24 20 sä

94 1327 56 18 stort
162 1325 78 26 belopp
256 1332 46 13 som
318 1325 35 20 det
371 1325 105 26 nägonsin
499 1324 112 25 erfordras,
630 1324 107 20 hvarefter
751 1326 71 17 resten

96 1358 24 21 af
132 1357 68 27 ärliga
217 1358 71 20 halfva
302 1359 76 19 räntan
394 1357 95 21 tillfaller
504 1357 99 21 behofvet
619 1357 34 20 för
667 1357 156 26 Vettenskaper

96 1391 39 22 och
149 1391 67 21 sköna
231 1391 103 22 konster*.

152 1425 73 21 Sävidt
238 1425 111 22 Utskottet
371 1425 83 21 kunnat
475 1425 58 20 finna
553 1426 23 19 är
590 1424 87 21 härmed
693 1424 40 21 och
747 1431 76 20 genom

94 1461 149 20 testamentets
266 1460 161 21 bestämmelser
447 1460 7 20 i
469 1459 64 28 öfrigt
549 1459 23 21 af
584 1460 91 20 testator
690 1458 133 21 förordnadt:

96 1496 32 21 att
142 1494 82 22 hälften
239 1494 24 21 af
276 1495 26 21 de
317 1495 68 28 ärliga
407 1495 80 25 räntor,
511 1501 45 14 som
575 1493 74 30 inflyta
662 1493 7 22 i
684 1493 78 22 fonden
777 1494 45 21 Litt.

165 1535 191 19 Ekonomiutskottets
369 1535 116 19 betänkande
497 1534 34 19 N:o
541 1535 15 17 9.
