<?xml version="1.0" encoding="UTF-8"?>
<alto xmlns="http://www.loc.gov/standards/alto/ns-v3#" xmlns:xlink="http://www.w3.org/1999/xlink" xmlns:xsi="http://www.w3.org/2001/XMLSchema-instance" xsi:schemaLocation="http://www.loc.gov/standards/alto/ns-v3# http://www.loc.gov/alto/v3/alto-3-0.xsd">
	<Description>
		<MeasurementUnit>pixel</MeasurementUnit>
		<sourceImageInformation>
			<fileName>/tmp/tess_vzq4k_vc_input.PNG</fileName>
		</sourceImageInformation>
		<OCRProcessing ID="OCR_0">
			<ocrProcessingStep>
				<processingSoftware>
					<softwareName>tesseract 5.3.4</softwareName>
				</processingSoftware>
			</ocrProcessingStep>
		</OCRProcessing>
	</Description>
	<Layout>
		<Page WIDTH="1025" HEIGHT="1692" PHYSICAL_IMG_NR="0" ID="page_0">
			<PrintSpace HPOS="0" VPOS="0" WIDTH="1025" HEIGHT="1692">
				<ComposedBlock ID="cblock_0" HPOS="204" VPOS="129" WIDTH="495" HEIGHT="29">
					<TextBlock ID="block_0" HPOS="204" VPOS="129" WIDTH="495" HEIGHT="29">
						<TextLine ID="line_0" HPOS="204" VPOS="129" WIDTH="495" HEIGHT="29">
							<String ID="string_0" HPOS="204" VPOS="133" WIDTH="28" HEIGHT="19" WC="0.96" CONTENT="44"/><SP WIDTH="174" VPOS="133" HPOS="232"/>
							<String ID="string_1" HPOS="406" VPOS="131" WIDTH="22" HEIGHT="23" WC="0.93" CONTENT="U."/><SP WIDTH="17" VPOS="131" HPOS="428"/>
							<String ID="string_2" HPOS="445" VPOS="130" WIDTH="24" HEIGHT="22" WC="0.90" CONTENT="B."/><SP WIDTH="15" VPOS="130" HPOS="469"/>
							<String ID="string_3" HPOS="484" VPOS="142" WIDTH="28" HEIGHT="3" WC="0.90" CONTENT="—"/><SP WIDTH="16" VPOS="142" HPOS="512"/>
							<String ID="string_4" HPOS="528" VPOS="130" WIDTH="65" HEIGHT="28" WC="0.96" CONTENT="Prop."/><SP WIDTH="17" VPOS="130" HPOS="593"/>
							<String ID="string_5" HPOS="610" VPOS="129" WIDTH="38" HEIGHT="23" WC="0.96" CONTENT="N:o"/><SP WIDTH="16" VPOS="129" HPOS="648"/>
							<String ID="string_6" HPOS="664" VPOS="129" WIDTH="35" HEIGHT="22" WC="0.97" CONTENT="37."/>
						</TextLine>
					</TextBlock>
				</ComposedBlock>
				<ComposedBlock ID="cblock_1" HPOS="175" VPOS="193" WIDTH="755" HEIGHT="97">
					<TextBlock ID="block_1" HPOS="175" VPOS="193" WIDTH="755" HEIGHT="97">
						<TextLine ID="line_1" HPOS="244" VPOS="193" WIDTH="684" HEIGHT="29">
							<String ID="string_7" HPOS="244" VPOS="196" WIDTH="46" HEIGHT="26" WC="0.95" CONTENT="Lag"/><SP WIDTH="15" VPOS="196" HPOS="290"/>
							<String ID="string_8" HPOS="305" VPOS="202" WIDTH="81" HEIGHT="15" WC="0.93" CONTENT="samma"/><SP WIDTH="14" VPOS="202" HPOS="386"/>
							<String ID="string_9" HPOS="400" VPOS="202" WIDTH="50" HEIGHT="15" WC="0.92" CONTENT="vare"/><SP WIDTH="16" VPOS="202" HPOS="450"/>
							<String ID="string_10" HPOS="466" VPOS="201" WIDTH="34" HEIGHT="15" WC="0.93" CONTENT="om"/><SP WIDTH="15" VPOS="201" HPOS="500"/>
							<String ID="string_11" HPOS="515" VPOS="196" WIDTH="76" HEIGHT="26" WC="0.90" CONTENT="nägon,"/><SP WIDTH="3" VPOS="196" HPOS="591"/>
							<String ID="string_12" HPOS="594" VPOS="189" WIDTH="10" HEIGHT="37" WC="0.92" CONTENT="i"/><SP WIDTH="-2" VPOS="189" HPOS="604"/>
							<String ID="string_13" HPOS="602" VPOS="194" WIDTH="89" HEIGHT="21" WC="0.92" CONTENT="stället"/><SP WIDTH="8" VPOS="194" HPOS="691"/>
							<String ID="string_14" HPOS="699" VPOS="194" WIDTH="33" HEIGHT="21" WC="0.96" CONTENT="för"/><SP WIDTH="7" VPOS="194" HPOS="732"/>
							<String ID="string_15" HPOS="739" VPOS="193" WIDTH="100" HEIGHT="27" WC="0.93" CONTENT="behörigt"/><SP WIDTH="8" VPOS="193" HPOS="839"/>
							<String ID="string_16" HPOS="847" VPOS="194" WIDTH="81" HEIGHT="25" WC="0.92" CONTENT="stämp-"/>
						</TextLine>
						<TextLine ID="line_2" HPOS="175" VPOS="226" WIDTH="755" HEIGHT="31">
							<String ID="string_17" HPOS="175" VPOS="230" WIDTH="46" HEIGHT="22" WC="0.89" CONTENT="ladt"/><SP WIDTH="21" VPOS="230" HPOS="221"/>
							<String ID="string_18" HPOS="242" VPOS="236" WIDTH="82" HEIGHT="21" WC="0.92" CONTENT="papper"/><SP WIDTH="23" VPOS="236" HPOS="324"/>
							<String ID="string_19" HPOS="347" VPOS="230" WIDTH="51" HEIGHT="21" WC="0.93" CONTENT="eller"/><SP WIDTH="24" VPOS="230" HPOS="398"/>
							<String ID="string_20" HPOS="422" VPOS="229" WIDTH="173" HEIGHT="27" WC="0.91" CONTENT="stämpelmärke,"/><SP WIDTH="16" VPOS="229" HPOS="595"/>
							<String ID="string_21" HPOS="611" VPOS="228" WIDTH="110" HEIGHT="27" WC="0.93" CONTENT="begagnar"/><SP WIDTH="16" VPOS="228" HPOS="721"/>
							<String ID="string_22" HPOS="737" VPOS="228" WIDTH="52" HEIGHT="21" WC="0.93" CONTENT="eller"/><SP WIDTH="14" VPOS="228" HPOS="789"/>
							<String ID="string_23" HPOS="803" VPOS="226" WIDTH="127" HEIGHT="28" WC="0.92" CONTENT="utpränglar"/>
						</TextLine>
						<TextLine ID="line_3" HPOS="176" VPOS="262" WIDTH="615" HEIGHT="28">
							<String ID="string_24" HPOS="176" VPOS="264" WIDTH="84" HEIGHT="26" WC="0.92" CONTENT="sädant,"/><SP WIDTH="16" VPOS="264" HPOS="260"/>
							<String ID="string_25" HPOS="276" VPOS="270" WIDTH="46" HEIGHT="15" WC="0.96" CONTENT="som"/><SP WIDTH="14" VPOS="270" HPOS="322"/>
							<String ID="string_26" HPOS="336" VPOS="264" WIDTH="44" HEIGHT="21" WC="0.96" CONTENT="han"/><SP WIDTH="14" VPOS="264" HPOS="380"/>
							<String ID="string_27" HPOS="394" VPOS="265" WIDTH="37" HEIGHT="21" WC="0.96" CONTENT="vet"/><SP WIDTH="14" VPOS="265" HPOS="431"/>
							<String ID="string_28" HPOS="445" VPOS="270" WIDTH="51" HEIGHT="15" WC="0.93" CONTENT="vara"/><SP WIDTH="14" VPOS="270" HPOS="496"/>
							<String ID="string_29" HPOS="510" VPOS="263" WIDTH="66" HEIGHT="22" WC="0.93" CONTENT="falskt"/><SP WIDTH="16" VPOS="263" HPOS="576"/>
							<String ID="string_30" HPOS="592" VPOS="262" WIDTH="52" HEIGHT="22" WC="0.93" CONTENT="eller"/><SP WIDTH="14" VPOS="262" HPOS="644"/>
							<String ID="string_31" HPOS="658" VPOS="262" WIDTH="133" HEIGHT="22" WC="0.91" CONTENT="förfalskadt."/>
						</TextLine>
					</TextBlock>
				</ComposedBlock>
				<ComposedBlock ID="cblock_2" HPOS="176" VPOS="309" WIDTH="754" HEIGHT="137">
					<TextBlock ID="block_2" HPOS="176" VPOS="309" WIDTH="754" HEIGHT="137">
						<TextLine ID="line_4" HPOS="526" VPOS="309" WIDTH="59" HEIGHT="28">
							<String ID="string_32" HPOS="526" VPOS="309" WIDTH="10" HEIGHT="28" WC="0.87" CONTENT="8"/><SP WIDTH="16" VPOS="309" HPOS="536"/>
							<String ID="string_33" HPOS="552" VPOS="310" WIDTH="33" HEIGHT="20" WC="0.92" CONTENT="25."/>
						</TextLine>
						<TextLine ID="line_5" HPOS="244" VPOS="346" WIDTH="686" HEIGHT="31">
							<String ID="string_34" HPOS="244" VPOS="350" WIDTH="80" HEIGHT="22" WC="0.90" CONTENT="Blifver"/><SP WIDTH="18" VPOS="350" HPOS="324"/>
							<String ID="string_35" HPOS="342" VPOS="350" WIDTH="48" HEIGHT="21" WC="0.91" CONTENT="frän"/><SP WIDTH="13" VPOS="350" HPOS="390"/>
							<String ID="string_36" HPOS="403" VPOS="349" WIDTH="58" HEIGHT="23" WC="0.92" CONTENT="förut"/><SP WIDTH="15" VPOS="349" HPOS="461"/>
							<String ID="string_37" HPOS="476" VPOS="350" WIDTH="113" HEIGHT="27" WC="0.92" CONTENT="begagnad"/><SP WIDTH="15" VPOS="350" HPOS="589"/>
							<String ID="string_38" HPOS="604" VPOS="350" WIDTH="63" HEIGHT="20" WC="0.93" CONTENT="karta"/><SP WIDTH="15" VPOS="350" HPOS="667"/>
							<String ID="string_39" HPOS="682" VPOS="348" WIDTH="129" HEIGHT="27" WC="0.93" CONTENT="anteckning"/><SP WIDTH="14" VPOS="348" HPOS="811"/>
							<String ID="string_40" HPOS="825" VPOS="346" WIDTH="105" HEIGHT="28" WC="0.92" CONTENT="utplänad"/>
						</TextLine>
						<TextLine ID="line_6" HPOS="178" VPOS="381" WIDTH="751" HEIGHT="31">
							<String ID="string_41" HPOS="178" VPOS="385" WIDTH="51" HEIGHT="21" WC="0.92" CONTENT="eller"/><SP WIDTH="15" VPOS="385" HPOS="229"/>
							<String ID="string_42" HPOS="244" VPOS="385" WIDTH="51" HEIGHT="27" WC="0.92" CONTENT="eljes"/><SP WIDTH="15" VPOS="385" HPOS="295"/>
							<String ID="string_43" HPOS="310" VPOS="385" WIDTH="114" HEIGHT="27" WC="0.96" CONTENT="borttagen"/><SP WIDTH="15" VPOS="385" HPOS="424"/>
							<String ID="string_44" HPOS="439" VPOS="385" WIDTH="7" HEIGHT="21" WC="0.93" CONTENT="i"/><SP WIDTH="16" VPOS="385" HPOS="446"/>
							<String ID="string_45" HPOS="462" VPOS="384" WIDTH="98" HEIGHT="22" WC="0.96" CONTENT="ändamål"/><SP WIDTH="16" VPOS="384" HPOS="560"/>
							<String ID="string_46" HPOS="576" VPOS="386" WIDTH="32" HEIGHT="19" WC="0.93" CONTENT="att"/><SP WIDTH="16" VPOS="386" HPOS="608"/>
							<String ID="string_47" HPOS="624" VPOS="384" WIDTH="40" HEIGHT="21" WC="0.95" CONTENT="slik"/><SP WIDTH="14" VPOS="384" HPOS="664"/>
							<String ID="string_48" HPOS="678" VPOS="384" WIDTH="64" HEIGHT="20" WC="0.93" CONTENT="karta"/><SP WIDTH="20" VPOS="384" HPOS="742"/>
							<String ID="string_49" HPOS="762" VPOS="384" WIDTH="53" HEIGHT="26" WC="0.96" CONTENT="ånyo"/><SP WIDTH="10" VPOS="384" HPOS="815"/>
							<String ID="string_50" HPOS="825" VPOS="381" WIDTH="104" HEIGHT="27" WC="0.96" CONTENT="använda,"/>
						</TextLine>
						<TextLine ID="line_7" HPOS="176" VPOS="417" WIDTH="715" HEIGHT="29">
							<String ID="string_51" HPOS="176" VPOS="425" WIDTH="51" HEIGHT="16" WC="0.95" CONTENT="vare"/><SP WIDTH="14" VPOS="425" HPOS="227"/>
							<String ID="string_52" HPOS="241" VPOS="419" WIDTH="42" HEIGHT="27" WC="0.96" CONTENT="lag,"/><SP WIDTH="17" VPOS="419" HPOS="283"/>
							<String ID="string_53" HPOS="300" VPOS="425" WIDTH="46" HEIGHT="15" WC="0.93" CONTENT="som"/><SP WIDTH="15" VPOS="425" HPOS="346"/>
							<String ID="string_54" HPOS="361" VPOS="421" WIDTH="62" HEIGHT="25" WC="0.96" CONTENT="säges"/><SP WIDTH="16" VPOS="421" HPOS="423"/>
							<String ID="string_55" HPOS="439" VPOS="419" WIDTH="7" HEIGHT="21" WC="0.94" CONTENT="i"/><SP WIDTH="15" VPOS="419" HPOS="446"/>
							<String ID="string_56" HPOS="461" VPOS="421" WIDTH="12" HEIGHT="19" WC="0.93" CONTENT="3"/><SP WIDTH="17" VPOS="421" HPOS="473"/>
							<String ID="string_57" HPOS="490" VPOS="419" WIDTH="10" HEIGHT="27" WC="0.89" CONTENT="8"/><SP WIDTH="17" VPOS="419" HPOS="500"/>
							<String ID="string_58" HPOS="517" VPOS="421" WIDTH="11" HEIGHT="19" WC="0.93" CONTENT="8"/><SP WIDTH="16" VPOS="421" HPOS="528"/>
							<String ID="string_59" HPOS="544" VPOS="418" WIDTH="92" HEIGHT="27" WC="0.93" CONTENT="kapitlet"/><SP WIDTH="14" VPOS="418" HPOS="636"/>
							<String ID="string_60" HPOS="650" VPOS="417" WIDTH="241" HEIGHT="28" WC="0.92" CONTENT="Missgerningsbalken."/>
						</TextLine>
					</TextBlock>
				</ComposedBlock>
				<ComposedBlock ID="cblock_3" HPOS="177" VPOS="464" WIDTH="757" HEIGHT="813">
					<TextBlock ID="block_3" HPOS="527" VPOS="464" WIDTH="60" HEIGHT="28">
						<TextLine ID="line_8" HPOS="527" VPOS="464" WIDTH="60" HEIGHT="28">
							<String ID="string_61" HPOS="527" VPOS="464" WIDTH="11" HEIGHT="28" WC="0.85" CONTENT="8"/><SP WIDTH="16" VPOS="464" HPOS="538"/>
							<String ID="string_62" HPOS="554" VPOS="466" WIDTH="33" HEIGHT="20" WC="0.88" CONTENT="26."/>
						</TextLine>
					</TextBlock>
					<TextBlock ID="block_4" HPOS="177" VPOS="501" WIDTH="755" HEIGHT="267">
						<TextLine ID="line_9" HPOS="245" VPOS="501" WIDTH="686" HEIGHT="29">
							<String ID="string_63" HPOS="245" VPOS="505" WIDTH="167" HEIGHT="21" WC="0.92" CONTENT="Vederbörande"/><SP WIDTH="23" VPOS="505" HPOS="412"/>
							<String ID="string_64" HPOS="435" VPOS="504" WIDTH="86" HEIGHT="22" WC="0.92" CONTENT="fiskaler"/><SP WIDTH="23" VPOS="504" HPOS="521"/>
							<String ID="string_65" HPOS="544" VPOS="504" WIDTH="40" HEIGHT="22" WC="0.93" CONTENT="och"/><SP WIDTH="22" VPOS="504" HPOS="584"/>
							<String ID="string_66" HPOS="606" VPOS="503" WIDTH="170" HEIGHT="27" WC="0.91" CONTENT="kronoäklagare"/><SP WIDTH="15" VPOS="503" HPOS="776"/>
							<String ID="string_67" HPOS="791" VPOS="502" WIDTH="8" HEIGHT="22" WC="0.93" CONTENT="i"/><SP WIDTH="15" VPOS="502" HPOS="799"/>
							<String ID="string_68" HPOS="814" VPOS="501" WIDTH="117" HEIGHT="23" WC="0.92" CONTENT="allmänhet"/>
						</TextLine>
						<TextLine ID="line_10" HPOS="178" VPOS="536" WIDTH="752" HEIGHT="30">
							<String ID="string_69" HPOS="178" VPOS="539" WIDTH="81" HEIGHT="27" WC="0.92" CONTENT="äligger"/><SP WIDTH="23" VPOS="539" HPOS="259"/>
							<String ID="string_70" HPOS="282" VPOS="541" WIDTH="32" HEIGHT="19" WC="0.96" CONTENT="att"/><SP WIDTH="21" VPOS="541" HPOS="314"/>
							<String ID="string_71" HPOS="335" VPOS="539" WIDTH="29" HEIGHT="27" WC="0.96" CONTENT="pä"/><SP WIDTH="22" VPOS="539" HPOS="364"/>
							<String ID="string_72" HPOS="386" VPOS="539" WIDTH="37" HEIGHT="22" WC="0.93" CONTENT="det"/><SP WIDTH="22" VPOS="539" HPOS="423"/>
							<String ID="string_73" HPOS="445" VPOS="540" WIDTH="160" HEIGHT="26" WC="0.91" CONTENT="noggrannaste"/><SP WIDTH="14" VPOS="540" HPOS="605"/>
							<String ID="string_74" HPOS="619" VPOS="538" WIDTH="56" HEIGHT="22" WC="0.93" CONTENT="vaka"/><SP WIDTH="16" VPOS="538" HPOS="675"/>
							<String ID="string_75" HPOS="691" VPOS="537" WIDTH="58" HEIGHT="22" WC="0.96" CONTENT="öfver"/><SP WIDTH="16" VPOS="537" HPOS="749"/>
							<String ID="string_76" HPOS="765" VPOS="538" WIDTH="69" HEIGHT="21" WC="0.93" CONTENT="denna"/><SP WIDTH="14" VPOS="538" HPOS="834"/>
							<String ID="string_77" HPOS="848" VPOS="536" WIDTH="82" HEIGHT="22" WC="0.93" CONTENT="förord-"/>
						</TextLine>
						<TextLine ID="line_11" HPOS="177" VPOS="570" WIDTH="753" HEIGHT="31">
							<String ID="string_78" HPOS="177" VPOS="574" WIDTH="62" HEIGHT="27" WC="0.90" CONTENT="nings"/><SP WIDTH="25" VPOS="574" HPOS="239"/>
							<String ID="string_79" HPOS="264" VPOS="574" WIDTH="127" HEIGHT="22" WC="0.90" CONTENT="efterlefnad"/><SP WIDTH="24" VPOS="574" HPOS="391"/>
							<String ID="string_80" HPOS="415" VPOS="574" WIDTH="41" HEIGHT="21" WC="0.93" CONTENT="och"/><SP WIDTH="21" VPOS="574" HPOS="456"/>
							<String ID="string_81" HPOS="477" VPOS="573" WIDTH="154" HEIGHT="23" WC="0.92" CONTENT="öfverträdelse"/><SP WIDTH="23" VPOS="573" HPOS="631"/>
							<String ID="string_82" HPOS="654" VPOS="572" WIDTH="62" HEIGHT="22" WC="0.92" CONTENT="deraf"/><SP WIDTH="19" VPOS="572" HPOS="716"/>
							<String ID="string_83" HPOS="735" VPOS="572" WIDTH="96" HEIGHT="27" WC="0.92" CONTENT="lagligen"/><SP WIDTH="25" VPOS="572" HPOS="831"/>
							<String ID="string_84" HPOS="856" VPOS="570" WIDTH="74" HEIGHT="27" WC="0.88" CONTENT="beifra,"/>
						</TextLine>
						<TextLine ID="line_12" HPOS="177" VPOS="606" WIDTH="754" HEIGHT="30">
							<String ID="string_85" HPOS="177" VPOS="609" WIDTH="89" HEIGHT="21" WC="0.89" CONTENT="hvarvid"/><SP WIDTH="23" VPOS="609" HPOS="266"/>
							<String ID="string_86" HPOS="289" VPOS="609" WIDTH="27" HEIGHT="21" WC="0.93" CONTENT="de"/><SP WIDTH="22" VPOS="609" HPOS="316"/>
							<String ID="string_87" HPOS="338" VPOS="611" WIDTH="43" HEIGHT="25" WC="0.92" CONTENT="äga"/><SP WIDTH="20" VPOS="611" HPOS="381"/>
							<String ID="string_88" HPOS="401" VPOS="609" WIDTH="62" HEIGHT="27" WC="0.92" CONTENT="njuta"/><SP WIDTH="20" VPOS="609" HPOS="463"/>
							<String ID="string_89" HPOS="483" VPOS="609" WIDTH="57" HEIGHT="26" WC="0.92" CONTENT="hägn"/><SP WIDTH="24" VPOS="609" HPOS="540"/>
							<String ID="string_90" HPOS="564" VPOS="608" WIDTH="40" HEIGHT="22" WC="0.93" CONTENT="och"/><SP WIDTH="21" VPOS="608" HPOS="604"/>
							<String ID="string_91" HPOS="625" VPOS="608" WIDTH="98" HEIGHT="26" WC="0.91" CONTENT="beskydd"/><SP WIDTH="18" VPOS="608" HPOS="723"/>
							<String ID="string_92" HPOS="741" VPOS="607" WIDTH="45" HEIGHT="21" WC="0.96" CONTENT="lika"/><SP WIDTH="19" VPOS="607" HPOS="786"/>
							<String ID="string_93" HPOS="805" VPOS="613" WIDTH="45" HEIGHT="15" WC="0.96" CONTENT="som"/><SP WIDTH="15" VPOS="613" HPOS="850"/>
							<String ID="string_94" HPOS="865" VPOS="606" WIDTH="66" HEIGHT="22" WC="0.96" CONTENT="andre"/>
						</TextLine>
						<TextLine ID="line_13" HPOS="178" VPOS="640" WIDTH="753" HEIGHT="30">
							<String ID="string_95" HPOS="178" VPOS="643" WIDTH="93" HEIGHT="22" WC="0.90" CONTENT="embets-"/><SP WIDTH="24" VPOS="643" HPOS="271"/>
							<String ID="string_96" HPOS="295" VPOS="643" WIDTH="40" HEIGHT="22" WC="0.93" CONTENT="och"/><SP WIDTH="22" VPOS="643" HPOS="335"/>
							<String ID="string_97" HPOS="357" VPOS="643" WIDTH="129" HEIGHT="27" WC="0.91" CONTENT="tjenstemän"/><SP WIDTH="23" VPOS="643" HPOS="486"/>
							<String ID="string_98" HPOS="509" VPOS="644" WIDTH="55" HEIGHT="20" WC="0.93" CONTENT="samt"/><SP WIDTH="19" VPOS="644" HPOS="564"/>
							<String ID="string_99" HPOS="583" VPOS="642" WIDTH="116" HEIGHT="28" WC="0.91" CONTENT="skyndsam"/><SP WIDTH="16" VPOS="642" HPOS="699"/>
							<String ID="string_100" HPOS="715" VPOS="642" WIDTH="40" HEIGHT="22" WC="0.93" CONTENT="och"/><SP WIDTH="14" VPOS="642" HPOS="755"/>
							<String ID="string_101" HPOS="769" VPOS="640" WIDTH="80" HEIGHT="28" WC="0.92" CONTENT="kraftig"/><SP WIDTH="14" VPOS="640" HPOS="849"/>
							<String ID="string_102" HPOS="863" VPOS="640" WIDTH="68" HEIGHT="22" WC="0.91" CONTENT="hand-"/>
						</TextLine>
						<TextLine ID="line_14" HPOS="177" VPOS="675" WIDTH="753" HEIGHT="29">
							<String ID="string_103" HPOS="177" VPOS="678" WIDTH="105" HEIGHT="26" WC="0.56" CONTENT="räekning"/><SP WIDTH="21" VPOS="678" HPOS="282"/>
							<String ID="string_104" HPOS="303" VPOS="677" WIDTH="41" HEIGHT="22" WC="0.96" CONTENT="hos"/><SP WIDTH="23" VPOS="677" HPOS="344"/>
							<String ID="string_105" HPOS="367" VPOS="677" WIDTH="161" HEIGHT="22" WC="0.92" CONTENT="vederbörande"/><SP WIDTH="24" VPOS="677" HPOS="528"/>
							<String ID="string_106" HPOS="552" VPOS="676" WIDTH="148" HEIGHT="22" WC="0.93" CONTENT="auktoriteter."/><SP WIDTH="38" VPOS="676" HPOS="700"/>
							<String ID="string_107" HPOS="738" VPOS="676" WIDTH="102" HEIGHT="27" WC="0.90" CONTENT="Fullgöra"/><SP WIDTH="23" VPOS="676" HPOS="840"/>
							<String ID="string_108" HPOS="863" VPOS="675" WIDTH="26" HEIGHT="21" WC="0.93" CONTENT="de"/><SP WIDTH="23" VPOS="675" HPOS="889"/>
							<String ID="string_109" HPOS="912" VPOS="675" WIDTH="18" HEIGHT="27" WC="0.91" CONTENT="ej"/>
						</TextLine>
						<TextLine ID="line_15" HPOS="178" VPOS="711" WIDTH="754" HEIGHT="28">
							<String ID="string_110" HPOS="178" VPOS="712" WIDTH="56" HEIGHT="21" WC="0.91" CONTENT="hvad"/><SP WIDTH="23" VPOS="712" HPOS="234"/>
							<String ID="string_111" HPOS="257" VPOS="712" WIDTH="49" HEIGHT="22" WC="0.92" CONTENT="dem"/><SP WIDTH="22" VPOS="712" HPOS="306"/>
							<String ID="string_112" HPOS="328" VPOS="712" WIDTH="89" HEIGHT="21" WC="0.91" CONTENT="sälunda"/><SP WIDTH="18" VPOS="712" HPOS="417"/>
							<String ID="string_113" HPOS="435" VPOS="712" WIDTH="74" HEIGHT="27" WC="0.90" CONTENT="älagdt"/><SP WIDTH="19" VPOS="712" HPOS="509"/>
							<String ID="string_114" HPOS="528" VPOS="714" WIDTH="30" HEIGHT="24" WC="0.93" CONTENT="är,"/><SP WIDTH="15" VPOS="714" HPOS="558"/>
							<String ID="string_115" HPOS="573" VPOS="718" WIDTH="50" HEIGHT="15" WC="0.92" CONTENT="vare"/><SP WIDTH="16" VPOS="718" HPOS="623"/>
							<String ID="string_116" HPOS="639" VPOS="711" WIDTH="84" HEIGHT="22" WC="0.92" CONTENT="derföre"/><SP WIDTH="14" VPOS="711" HPOS="723"/>
							<String ID="string_117" HPOS="737" VPOS="711" WIDTH="50" HEIGHT="27" WC="0.93" CONTENT="laga"/><SP WIDTH="14" VPOS="711" HPOS="787"/>
							<String ID="string_118" HPOS="801" VPOS="716" WIDTH="78" HEIGHT="16" WC="0.92" CONTENT="ansvar"/><SP WIDTH="14" VPOS="716" HPOS="879"/>
							<String ID="string_119" HPOS="893" VPOS="716" WIDTH="39" HEIGHT="15" WC="0.91" CONTENT="un-"/>
						</TextLine>
						<TextLine ID="line_16" HPOS="180" VPOS="746" WIDTH="135" HEIGHT="22">
							<String ID="string_120" HPOS="180" VPOS="746" WIDTH="135" HEIGHT="22" WC="0.92" CONTENT="derkastade."/>
						</TextLine>
					</TextBlock>
					<TextBlock ID="block_5" HPOS="180" VPOS="786" WIDTH="753" HEIGHT="145">
						<TextLine ID="line_17" HPOS="512" VPOS="786" WIDTH="88" HEIGHT="28">
							<String ID="string_121" HPOS="512" VPOS="788" WIDTH="12" HEIGHT="20" WC="0.96" CONTENT="6"/><SP WIDTH="15" VPOS="788" HPOS="524"/>
							<String ID="string_122" HPOS="539" VPOS="786" WIDTH="61" HEIGHT="28" WC="0.96" CONTENT="Kap."/>
						</TextLine>
						<TextLine ID="line_18" HPOS="180" VPOS="830" WIDTH="753" HEIGHT="23">
							<String ID="string_123" HPOS="180" VPOS="831" WIDTH="37" HEIGHT="20" WC="0.93" CONTENT="Om"/><SP WIDTH="12" VPOS="831" HPOS="217"/>
							<String ID="string_124" HPOS="229" VPOS="832" WIDTH="93" HEIGHT="19" WC="0.80" CONTENT="domstol"/><SP WIDTH="11" VPOS="832" HPOS="322"/>
							<String ID="string_125" HPOS="333" VPOS="832" WIDTH="9" HEIGHT="18" WC="0.93" CONTENT="i"/><SP WIDTH="11" VPOS="832" HPOS="342"/>
							<String ID="string_126" HPOS="353" VPOS="832" WIDTH="45" HEIGHT="19" WC="0.96" CONTENT="mål"/><SP WIDTH="11" VPOS="832" HPOS="398"/>
							<String ID="string_127" HPOS="409" VPOS="832" WIDTH="96" HEIGHT="19" WC="0.92" CONTENT="rörande"/><SP WIDTH="12" VPOS="832" HPOS="505"/>
							<String ID="string_128" HPOS="517" VPOS="832" WIDTH="172" HEIGHT="19" WC="0.82" CONTENT="öfverträdelser"/><SP WIDTH="8" VPOS="832" HPOS="689"/>
							<String ID="string_129" HPOS="697" VPOS="832" WIDTH="26" HEIGHT="17" WC="0.96" CONTENT="af"/><SP WIDTH="4" VPOS="832" HPOS="723"/>
							<String ID="string_130" HPOS="727" VPOS="832" WIDTH="70" HEIGHT="18" WC="0.93" CONTENT="denna"/><SP WIDTH="6" VPOS="832" HPOS="797"/>
							<String ID="string_131" HPOS="803" VPOS="830" WIDTH="130" HEIGHT="23" WC="0.96" CONTENT="förordning"/>
						</TextLine>
						<TextLine ID="line_19" HPOS="210" VPOS="859" WIDTH="693" HEIGHT="26">
							<String ID="string_132" HPOS="210" VPOS="861" WIDTH="56" HEIGHT="18" WC="0.93" CONTENT="samt"/><SP WIDTH="11" VPOS="861" HPOS="266"/>
							<String ID="string_133" HPOS="277" VPOS="861" WIDTH="126" HEIGHT="24" WC="0.92" CONTENT="fördelning"/><SP WIDTH="13" VPOS="861" HPOS="403"/>
							<String ID="string_134" HPOS="416" VPOS="861" WIDTH="25" HEIGHT="18" WC="0.93" CONTENT="af"/><SP WIDTH="9" VPOS="861" HPOS="441"/>
							<String ID="string_135" HPOS="450" VPOS="861" WIDTH="70" HEIGHT="23" WC="0.93" CONTENT="böter,"/><SP WIDTH="12" VPOS="861" HPOS="520"/>
							<String ID="string_136" HPOS="532" VPOS="866" WIDTH="45" HEIGHT="14" WC="0.96" CONTENT="som"/><SP WIDTH="12" VPOS="866" HPOS="577"/>
							<String ID="string_137" HPOS="589" VPOS="861" WIDTH="70" HEIGHT="23" WC="0.91" CONTENT="enligt"/><SP WIDTH="12" VPOS="861" HPOS="659"/>
							<String ID="string_138" HPOS="671" VPOS="861" WIDTH="124" HEIGHT="18" WC="0.92" CONTENT="densamma"/><SP WIDTH="12" VPOS="861" HPOS="795"/>
							<String ID="string_139" HPOS="807" VPOS="859" WIDTH="96" HEIGHT="19" WC="0.92" CONTENT="ädömas."/>
						</TextLine>
						<TextLine ID="line_20" HPOS="529" VPOS="903" WIDTH="61" HEIGHT="28">
							<String ID="string_140" HPOS="529" VPOS="903" WIDTH="11" HEIGHT="28" WC="0.80" CONTENT="8"/><SP WIDTH="16" VPOS="903" HPOS="540"/>
							<String ID="string_141" HPOS="556" VPOS="904" WIDTH="34" HEIGHT="20" WC="0.93" CONTENT="27."/>
						</TextLine>
					</TextBlock>
					<TextBlock ID="block_6" HPOS="180" VPOS="941" WIDTH="753" HEIGHT="166">
						<TextLine ID="line_21" HPOS="247" VPOS="941" WIDTH="684" HEIGHT="28">
							<String ID="string_142" HPOS="247" VPOS="941" WIDTH="122" HEIGHT="28" WC="0.92" CONTENT="Angifvelse"/><SP WIDTH="24" VPOS="941" HPOS="369"/>
							<String ID="string_143" HPOS="393" VPOS="949" WIDTH="34" HEIGHT="15" WC="0.95" CONTENT="om"/><SP WIDTH="21" VPOS="949" HPOS="427"/>
							<String ID="string_144" HPOS="448" VPOS="943" WIDTH="60" HEIGHT="21" WC="0.95" CONTENT="brott"/><SP WIDTH="22" VPOS="943" HPOS="508"/>
							<String ID="string_145" HPOS="530" VPOS="944" WIDTH="58" HEIGHT="20" WC="0.96" CONTENT="emot"/><SP WIDTH="15" VPOS="944" HPOS="588"/>
							<String ID="string_146" HPOS="603" VPOS="942" WIDTH="70" HEIGHT="22" WC="0.93" CONTENT="denna"/><SP WIDTH="14" VPOS="942" HPOS="673"/>
							<String ID="string_147" HPOS="687" VPOS="942" WIDTH="124" HEIGHT="27" WC="0.93" CONTENT="förordning"/><SP WIDTH="14" VPOS="942" HPOS="811"/>
							<String ID="string_148" HPOS="825" VPOS="943" WIDTH="106" HEIGHT="26" WC="0.91" CONTENT="upptages"/>
						</TextLine>
						<TextLine ID="line_22" HPOS="180" VPOS="976" WIDTH="751" HEIGHT="27">
							<String ID="string_149" HPOS="180" VPOS="977" WIDTH="40" HEIGHT="22" WC="0.93" CONTENT="och"/><SP WIDTH="16" VPOS="977" HPOS="220"/>
							<String ID="string_150" HPOS="236" VPOS="976" WIDTH="95" HEIGHT="23" WC="0.74" CONTENT="atdömes"/><SP WIDTH="16" VPOS="976" HPOS="331"/>
							<String ID="string_151" HPOS="347" VPOS="976" WIDTH="22" HEIGHT="22" WC="0.96" CONTENT="af"/><SP WIDTH="13" VPOS="976" HPOS="369"/>
							<String ID="string_152" HPOS="382" VPOS="977" WIDTH="41" HEIGHT="21" WC="0.93" CONTENT="den"/><SP WIDTH="15" VPOS="977" HPOS="423"/>
							<String ID="string_153" HPOS="438" VPOS="977" WIDTH="59" HEIGHT="26" WC="0.95" CONTENT="Rätt,"/><SP WIDTH="17" VPOS="977" HPOS="497"/>
							<String ID="string_154" HPOS="514" VPOS="977" WIDTH="38" HEIGHT="22" WC="0.96" CONTENT="der"/><SP WIDTH="14" VPOS="977" HPOS="552"/>
							<String ID="string_155" HPOS="566" VPOS="977" WIDTH="82" HEIGHT="22" WC="0.93" CONTENT="brottet"/><SP WIDTH="15" VPOS="977" HPOS="648"/>
							<String ID="string_156" HPOS="663" VPOS="976" WIDTH="70" HEIGHT="23" WC="0.96" CONTENT="blifvit"/><SP WIDTH="14" VPOS="976" HPOS="733"/>
							<String ID="string_157" HPOS="747" VPOS="976" WIDTH="126" HEIGHT="27" WC="0.94" CONTENT="uppenbart,"/><SP WIDTH="9" VPOS="976" HPOS="873"/>
							<String ID="string_158" HPOS="882" VPOS="982" WIDTH="49" HEIGHT="15" WC="0.96" CONTENT="men"/>
						</TextLine>
						<TextLine ID="line_23" HPOS="180" VPOS="1010" WIDTH="751" HEIGHT="29">
							<String ID="string_159" HPOS="180" VPOS="1011" WIDTH="50" HEIGHT="22" WC="0.96" CONTENT="sker"/><SP WIDTH="22" VPOS="1011" HPOS="230"/>
							<String ID="string_160" HPOS="252" VPOS="1011" WIDTH="38" HEIGHT="22" WC="0.96" CONTENT="det"/><SP WIDTH="20" VPOS="1011" HPOS="290"/>
							<String ID="string_161" HPOS="310" VPOS="1011" WIDTH="37" HEIGHT="22" WC="0.93" CONTENT="vid"/><SP WIDTH="22" VPOS="1011" HPOS="347"/>
							<String ID="string_162" HPOS="369" VPOS="1011" WIDTH="135" HEIGHT="22" WC="0.91" CONTENT="embetsverk"/><SP WIDTH="18" VPOS="1011" HPOS="504"/>
							<String ID="string_163" HPOS="522" VPOS="1011" WIDTH="52" HEIGHT="22" WC="0.93" CONTENT="eller"/><SP WIDTH="14" VPOS="1011" HPOS="574"/>
							<String ID="string_164" HPOS="588" VPOS="1011" WIDTH="40" HEIGHT="22" WC="0.96" CONTENT="ock"/><SP WIDTH="15" VPOS="1011" HPOS="628"/>
							<String ID="string_165" HPOS="643" VPOS="1011" WIDTH="39" HEIGHT="22" WC="0.93" CONTENT="hos"/><SP WIDTH="16" VPOS="1011" HPOS="682"/>
							<String ID="string_166" HPOS="698" VPOS="1012" WIDTH="136" HEIGHT="27" WC="0.91" CONTENT="tjensteman,"/><SP WIDTH="17" VPOS="1012" HPOS="834"/>
							<String ID="string_167" HPOS="851" VPOS="1016" WIDTH="46" HEIGHT="15" WC="0.93" CONTENT="som"/><SP WIDTH="15" VPOS="1016" HPOS="897"/>
							<String ID="string_168" HPOS="912" VPOS="1010" WIDTH="19" HEIGHT="27" WC="0.95" CONTENT="ej"/>
						</TextLine>
						<TextLine ID="line_24" HPOS="182" VPOS="1044" WIDTH="751" HEIGHT="29">
							<String ID="string_169" HPOS="182" VPOS="1048" WIDTH="51" HEIGHT="25" WC="0.93" CONTENT="äger"/><SP WIDTH="15" VPOS="1048" HPOS="233"/>
							<String ID="string_170" HPOS="248" VPOS="1046" WIDTH="112" HEIGHT="26" WC="0.91" CONTENT="domsrätt,"/><SP WIDTH="15" VPOS="1046" HPOS="360"/>
							<String ID="string_171" HPOS="375" VPOS="1045" WIDTH="90" HEIGHT="22" WC="0.93" CONTENT="förvises"/><SP WIDTH="15" VPOS="1045" HPOS="465"/>
							<String ID="string_172" HPOS="480" VPOS="1046" WIDTH="66" HEIGHT="21" WC="0.93" CONTENT="mälet"/><SP WIDTH="14" VPOS="1046" HPOS="546"/>
							<String ID="string_173" HPOS="560" VPOS="1046" WIDTH="33" HEIGHT="21" WC="0.96" CONTENT="till"/><SP WIDTH="8" VPOS="1046" HPOS="593"/>
							<String ID="string_174" HPOS="601" VPOS="1046" WIDTH="161" HEIGHT="21" WC="0.93" CONTENT="vederbörande"/><SP WIDTH="8" VPOS="1046" HPOS="762"/>
							<String ID="string_175" HPOS="770" VPOS="1044" WIDTH="163" HEIGHT="23" WC="0.91" CONTENT="underdomstol"/>
						</TextLine>
						<TextLine ID="line_25" HPOS="180" VPOS="1079" WIDTH="592" HEIGHT="28">
							<String ID="string_176" HPOS="180" VPOS="1080" WIDTH="29" HEIGHT="27" WC="0.92" CONTENT="pä"/><SP WIDTH="15" VPOS="1080" HPOS="209"/>
							<String ID="string_177" HPOS="224" VPOS="1080" WIDTH="79" HEIGHT="27" WC="0.92" CONTENT="stället,"/><SP WIDTH="16" VPOS="1080" HPOS="303"/>
							<String ID="string_178" HPOS="319" VPOS="1081" WIDTH="34" HEIGHT="20" WC="0.96" CONTENT="att"/><SP WIDTH="14" VPOS="1081" HPOS="353"/>
							<String ID="string_179" HPOS="367" VPOS="1080" WIDTH="38" HEIGHT="21" WC="0.97" CONTENT="der"/><SP WIDTH="15" VPOS="1080" HPOS="405"/>
							<String ID="string_180" HPOS="420" VPOS="1080" WIDTH="23" HEIGHT="21" WC="0.96" CONTENT="af"/><SP WIDTH="12" VPOS="1080" HPOS="443"/>
							<String ID="string_181" HPOS="455" VPOS="1079" WIDTH="96" HEIGHT="28" WC="0.93" CONTENT="offentlig"/><SP WIDTH="16" VPOS="1079" HPOS="551"/>
							<String ID="string_182" HPOS="567" VPOS="1080" WIDTH="99" HEIGHT="27" WC="0.93" CONTENT="äklagare"/><SP WIDTH="16" VPOS="1080" HPOS="666"/>
							<String ID="string_183" HPOS="682" VPOS="1080" WIDTH="90" HEIGHT="22" WC="0.92" CONTENT="utföras."/>
						</TextLine>
					</TextBlock>
					<TextBlock ID="block_7" HPOS="181" VPOS="1114" WIDTH="752" HEIGHT="62">
						<TextLine ID="line_26" HPOS="248" VPOS="1114" WIDTH="685" HEIGHT="27">
							<String ID="string_184" HPOS="248" VPOS="1115" WIDTH="47" HEIGHT="21" WC="0.93" CONTENT="Har"/><SP WIDTH="15" VPOS="1115" HPOS="295"/>
							<String ID="string_185" HPOS="310" VPOS="1114" WIDTH="132" HEIGHT="22" WC="0.91" CONTENT="embetsman"/><SP WIDTH="14" VPOS="1114" HPOS="442"/>
							<String ID="string_186" HPOS="456" VPOS="1114" WIDTH="60" HEIGHT="27" WC="0.92" CONTENT="felat,"/><SP WIDTH="18" VPOS="1114" HPOS="516"/>
							<String ID="string_187" HPOS="534" VPOS="1114" WIDTH="138" HEIGHT="22" WC="0.92" CONTENT="öfverlemnas"/><SP WIDTH="16" VPOS="1114" HPOS="672"/>
							<String ID="string_188" HPOS="688" VPOS="1115" WIDTH="66" HEIGHT="21" WC="0.92" CONTENT="mälet"/><SP WIDTH="15" VPOS="1115" HPOS="754"/>
							<String ID="string_189" HPOS="769" VPOS="1115" WIDTH="32" HEIGHT="21" WC="0.96" CONTENT="till"/><SP WIDTH="16" VPOS="1115" HPOS="801"/>
							<String ID="string_190" HPOS="817" VPOS="1115" WIDTH="41" HEIGHT="21" WC="0.93" CONTENT="den"/><SP WIDTH="16" VPOS="1115" HPOS="858"/>
							<String ID="string_191" HPOS="874" VPOS="1114" WIDTH="59" HEIGHT="21" WC="0.92" CONTENT="dom-"/>
						</TextLine>
						<TextLine ID="line_27" HPOS="181" VPOS="1148" WIDTH="750" HEIGHT="28">
							<String ID="string_192" HPOS="181" VPOS="1149" WIDTH="48" HEIGHT="26" WC="0.91" CONTENT="stol,"/><SP WIDTH="23" VPOS="1149" HPOS="229"/>
							<String ID="string_193" HPOS="252" VPOS="1155" WIDTH="47" HEIGHT="15" WC="0.96" CONTENT="som"/><SP WIDTH="23" VPOS="1155" HPOS="299"/>
							<String ID="string_194" HPOS="322" VPOS="1148" WIDTH="58" HEIGHT="22" WC="0.96" CONTENT="öfver"/><SP WIDTH="14" VPOS="1148" HPOS="380"/>
							<String ID="string_195" HPOS="394" VPOS="1149" WIDTH="54" HEIGHT="21" WC="0.96" CONTENT="hans"/><SP WIDTH="16" VPOS="1149" HPOS="448"/>
							<String ID="string_196" HPOS="464" VPOS="1149" WIDTH="65" HEIGHT="21" WC="0.93" CONTENT="andra"/><SP WIDTH="15" VPOS="1149" HPOS="529"/>
							<String ID="string_197" HPOS="544" VPOS="1149" WIDTH="195" HEIGHT="27" WC="0.93" CONTENT="tjensteförseelser"/><SP WIDTH="15" VPOS="1149" HPOS="739"/>
							<String ID="string_198" HPOS="754" VPOS="1151" WIDTH="51" HEIGHT="25" WC="0.93" CONTENT="äger"/><SP WIDTH="16" VPOS="1151" HPOS="805"/>
							<String ID="string_199" HPOS="821" VPOS="1149" WIDTH="110" HEIGHT="21" WC="0.91" CONTENT="domsrätt."/>
						</TextLine>
					</TextBlock>
					<TextBlock ID="block_8" HPOS="180" VPOS="1182" WIDTH="754" HEIGHT="95">
						<TextLine ID="line_28" HPOS="248" VPOS="1182" WIDTH="685" HEIGHT="28">
							<String ID="string_200" HPOS="248" VPOS="1183" WIDTH="43" HEIGHT="21" WC="0.89" CONTENT="Vill"/><SP WIDTH="19" VPOS="1183" HPOS="291"/>
							<String ID="string_201" HPOS="310" VPOS="1183" WIDTH="71" HEIGHT="26" WC="0.92" CONTENT="nägon"/><SP WIDTH="14" VPOS="1183" HPOS="381"/>
							<String ID="string_202" HPOS="395" VPOS="1183" WIDTH="78" HEIGHT="22" WC="0.93" CONTENT="tilltala"/><SP WIDTH="15" VPOS="1183" HPOS="473"/>
							<String ID="string_203" HPOS="488" VPOS="1182" WIDTH="355" HEIGHT="28" WC="0.89" CONTENT="kartasigillata-försäljningsman"/><SP WIDTH="14" VPOS="1182" HPOS="843"/>
							<String ID="string_204" HPOS="857" VPOS="1182" WIDTH="34" HEIGHT="22" WC="0.96" CONTENT="för"/><SP WIDTH="14" VPOS="1182" HPOS="891"/>
							<String ID="string_205" HPOS="905" VPOS="1182" WIDTH="28" HEIGHT="22" WC="0.97" CONTENT="fel"/>
						</TextLine>
						<TextLine ID="line_29" HPOS="180" VPOS="1217" WIDTH="754" HEIGHT="28">
							<String ID="string_206" HPOS="180" VPOS="1217" WIDTH="8" HEIGHT="20" WC="0.96" CONTENT="i"/><SP WIDTH="22" VPOS="1217" HPOS="188"/>
							<String ID="string_207" HPOS="210" VPOS="1217" WIDTH="40" HEIGHT="21" WC="0.96" CONTENT="och"/><SP WIDTH="22" VPOS="1217" HPOS="250"/>
							<String ID="string_208" HPOS="272" VPOS="1217" WIDTH="33" HEIGHT="21" WC="0.96" CONTENT="för"/><SP WIDTH="15" VPOS="1217" HPOS="305"/>
							<String ID="string_209" HPOS="320" VPOS="1217" WIDTH="49" HEIGHT="21" WC="0.93" CONTENT="dess"/><SP WIDTH="23" VPOS="1217" HPOS="369"/>
							<String ID="string_210" HPOS="392" VPOS="1217" WIDTH="126" HEIGHT="26" WC="0.93" CONTENT="befattning,"/><SP WIDTH="17" VPOS="1217" HPOS="518"/>
							<String ID="string_211" HPOS="535" VPOS="1217" WIDTH="83" HEIGHT="22" WC="0.92" CONTENT="anmäle"/><SP WIDTH="16" VPOS="1217" HPOS="618"/>
							<String ID="string_212" HPOS="634" VPOS="1217" WIDTH="78" HEIGHT="22" WC="0.96" CONTENT="sådant"/><SP WIDTH="14" VPOS="1217" HPOS="712"/>
							<String ID="string_213" HPOS="726" VPOS="1217" WIDTH="40" HEIGHT="22" WC="0.96" CONTENT="hos"/><SP WIDTH="16" VPOS="1217" HPOS="766"/>
							<String ID="string_214" HPOS="782" VPOS="1218" WIDTH="41" HEIGHT="21" WC="0.93" CONTENT="den"/><SP WIDTH="14" VPOS="1218" HPOS="823"/>
							<String ID="string_215" HPOS="837" VPOS="1217" WIDTH="97" HEIGHT="28" WC="0.92" CONTENT="myndig-"/>
						</TextLine>
						<TextLine ID="line_30" HPOS="180" VPOS="1250" WIDTH="332" HEIGHT="27">
							<String ID="string_216" HPOS="180" VPOS="1250" WIDTH="44" HEIGHT="27" WC="0.96" CONTENT="het,"/><SP WIDTH="16" VPOS="1250" HPOS="224"/>
							<String ID="string_217" HPOS="240" VPOS="1256" WIDTH="46" HEIGHT="15" WC="0.96" CONTENT="som"/><SP WIDTH="15" VPOS="1256" HPOS="286"/>
							<String ID="string_218" HPOS="301" VPOS="1250" WIDTH="79" HEIGHT="21" WC="0.92" CONTENT="honom"/><SP WIDTH="14" VPOS="1250" HPOS="380"/>
							<String ID="string_219" HPOS="394" VPOS="1250" WIDTH="118" HEIGHT="22" WC="0.92" CONTENT="förordnat."/>
						</TextLine>
					</TextBlock>
				</ComposedBlock>
				<ComposedBlock ID="cblock_4" HPOS="530" VPOS="1295" WIDTH="60" HEIGHT="28">
					<TextBlock ID="block_9" HPOS="530" VPOS="1295" WIDTH="60" HEIGHT="28">
						<TextLine ID="line_31" HPOS="530" VPOS="1295" WIDTH="60" HEIGHT="28">
							<String ID="string_220" HPOS="530" VPOS="1295" WIDTH="10" HEIGHT="28" WC="0.57" CONTENT="8"/><SP WIDTH="16" VPOS="1295" HPOS="540"/>
							<String ID="string_221" HPOS="556" VPOS="1297" WIDTH="34" HEIGHT="20" WC="0.81" CONTENT="28."/>
						</TextLine>
					</TextBlock>
				</ComposedBlock>
				<ComposedBlock ID="cblock_5" HPOS="182" VPOS="1335" WIDTH="753" HEIGHT="172">
					<TextBlock ID="block_10" HPOS="182" VPOS="1335" WIDTH="753" HEIGHT="132">
						<TextLine ID="line_32" HPOS="249" VPOS="1335" WIDTH="685" HEIGHT="30">
							<String ID="string_222" HPOS="249" VPOS="1337" WIDTH="53" HEIGHT="26" WC="0.96" CONTENT="Den,"/><SP WIDTH="24" VPOS="1337" HPOS="302"/>
							<String ID="string_223" HPOS="326" VPOS="1342" WIDTH="47" HEIGHT="16" WC="0.93" CONTENT="som"/><SP WIDTH="20" VPOS="1342" HPOS="373"/>
							<String ID="string_224" HPOS="393" VPOS="1335" WIDTH="112" HEIGHT="23" WC="0.90" CONTENT="underslef"/><SP WIDTH="21" VPOS="1335" HPOS="505"/>
							<String ID="string_225" HPOS="526" VPOS="1338" WIDTH="57" HEIGHT="21" WC="0.96" CONTENT="emot"/><SP WIDTH="23" VPOS="1338" HPOS="583"/>
							<String ID="string_226" HPOS="606" VPOS="1336" WIDTH="69" HEIGHT="22" WC="0.93" CONTENT="denna"/><SP WIDTH="19" VPOS="1336" HPOS="675"/>
							<String ID="string_227" HPOS="694" VPOS="1336" WIDTH="124" HEIGHT="29" WC="0.92" CONTENT="förordning"/><SP WIDTH="15" VPOS="1336" HPOS="818"/>
							<String ID="string_228" HPOS="833" VPOS="1336" WIDTH="101" HEIGHT="28" WC="0.92" CONTENT="angifver,"/>
						</TextLine>
						<TextLine ID="line_33" HPOS="182" VPOS="1371" WIDTH="751" HEIGHT="28">
							<String ID="string_229" HPOS="182" VPOS="1371" WIDTH="90" HEIGHT="22" WC="0.89" CONTENT="erhäller"/><SP WIDTH="20" VPOS="1371" HPOS="272"/>
							<String ID="string_230" HPOS="292" VPOS="1371" WIDTH="37" HEIGHT="22" WC="0.92" CONTENT="tvä"/><SP WIDTH="14" VPOS="1371" HPOS="329"/>
							<String ID="string_231" HPOS="343" VPOS="1371" WIDTH="130" HEIGHT="28" WC="0.92" CONTENT="tredjedeler"/><SP WIDTH="16" VPOS="1371" HPOS="473"/>
							<String ID="string_232" HPOS="489" VPOS="1371" WIDTH="17" HEIGHT="28" WC="0.92" CONTENT="ej"/><SP WIDTH="16" VPOS="1371" HPOS="506"/>
							<String ID="string_233" HPOS="522" VPOS="1371" WIDTH="82" HEIGHT="22" WC="0.96" CONTENT="mindre"/><SP WIDTH="16" VPOS="1371" HPOS="604"/>
							<String ID="string_234" HPOS="620" VPOS="1371" WIDTH="23" HEIGHT="22" WC="0.96" CONTENT="af"/><SP WIDTH="14" VPOS="1371" HPOS="643"/>
							<String ID="string_235" HPOS="657" VPOS="1371" WIDTH="26" HEIGHT="22" WC="0.93" CONTENT="de"/><SP WIDTH="15" VPOS="1371" HPOS="683"/>
							<String ID="string_236" HPOS="698" VPOS="1372" WIDTH="69" HEIGHT="27" WC="0.92" CONTENT="böter,"/><SP WIDTH="17" VPOS="1372" HPOS="767"/>
							<String ID="string_237" HPOS="784" VPOS="1378" WIDTH="46" HEIGHT="15" WC="0.92" CONTENT="som"/><SP WIDTH="15" VPOS="1378" HPOS="830"/>
							<String ID="string_238" HPOS="845" VPOS="1372" WIDTH="88" HEIGHT="22" WC="0.89" CONTENT="ädömas"/>
						</TextLine>
						<TextLine ID="line_34" HPOS="182" VPOS="1405" WIDTH="753" HEIGHT="29">
							<String ID="string_239" HPOS="182" VPOS="1406" WIDTH="40" HEIGHT="22" WC="0.93" CONTENT="den"/><SP WIDTH="15" VPOS="1406" HPOS="222"/>
							<String ID="string_240" HPOS="237" VPOS="1405" WIDTH="109" HEIGHT="28" WC="0.92" CONTENT="felaktige,"/><SP WIDTH="17" VPOS="1405" HPOS="346"/>
							<String ID="string_241" HPOS="363" VPOS="1408" WIDTH="26" HEIGHT="19" WC="0.97" CONTENT="än"/><SP WIDTH="16" VPOS="1408" HPOS="389"/>
							<String ID="string_242" HPOS="405" VPOS="1405" WIDTH="22" HEIGHT="22" WC="0.97" CONTENT="af"/><SP WIDTH="14" VPOS="1405" HPOS="427"/>
							<String ID="string_243" HPOS="441" VPOS="1406" WIDTH="41" HEIGHT="21" WC="0.93" CONTENT="den"/><SP WIDTH="15" VPOS="1406" HPOS="482"/>
							<String ID="string_244" HPOS="497" VPOS="1405" WIDTH="162" HEIGHT="23" WC="0.92" CONTENT="undansnillade"/><SP WIDTH="17" VPOS="1405" HPOS="659"/>
							<String ID="string_245" HPOS="676" VPOS="1406" WIDTH="194" HEIGHT="28" WC="0.92" CONTENT="stämpelafgiften;"/><SP WIDTH="16" VPOS="1406" HPOS="870"/>
							<String ID="string_246" HPOS="886" VPOS="1413" WIDTH="49" HEIGHT="16" WC="0.96" CONTENT="men"/>
						</TextLine>
						<TextLine ID="line_35" HPOS="182" VPOS="1440" WIDTH="557" HEIGHT="27">
							<String ID="string_247" HPOS="182" VPOS="1441" WIDTH="41" HEIGHT="22" WC="0.93" CONTENT="den"/><SP WIDTH="16" VPOS="1441" HPOS="223"/>
							<String ID="string_248" HPOS="239" VPOS="1440" WIDTH="137" HEIGHT="23" WC="0.96" CONTENT="återstående"/><SP WIDTH="16" VPOS="1440" HPOS="376"/>
							<String ID="string_249" HPOS="392" VPOS="1440" WIDTH="134" HEIGHT="27" WC="0.96" CONTENT="tredjedelen"/><SP WIDTH="14" VPOS="1440" HPOS="526"/>
							<String ID="string_250" HPOS="540" VPOS="1440" WIDTH="96" HEIGHT="23" WC="0.96" CONTENT="tillfaller"/><SP WIDTH="15" VPOS="1440" HPOS="636"/>
							<String ID="string_251" HPOS="651" VPOS="1441" WIDTH="88" HEIGHT="22" WC="0.96" CONTENT="kronan."/>
						</TextLine>
					</TextBlock>
					<TextBlock ID="block_11" HPOS="249" VPOS="1482" WIDTH="418" HEIGHT="25">
						<TextLine ID="line_36" HPOS="249" VPOS="1482" WIDTH="418" HEIGHT="25">
							<String ID="string_252" HPOS="249" VPOS="1484" WIDTH="204" HEIGHT="23" WC="0.87" CONTENT="Bevillningsutskottets"/><SP WIDTH="15" VPOS="1484" HPOS="453"/>
							<String ID="string_253" HPOS="468" VPOS="1484" WIDTH="114" HEIGHT="18" WC="0.96" CONTENT="betänkande"/><SP WIDTH="16" VPOS="1484" HPOS="582"/>
							<String ID="string_254" HPOS="598" VPOS="1484" WIDTH="34" HEIGHT="19" WC="0.96" CONTENT="N:o"/><SP WIDTH="16" VPOS="1484" HPOS="632"/>
							<String ID="string_255" HPOS="648" VPOS="1482" WIDTH="19" HEIGHT="21" WC="0.75" CONTENT="4."/>
						</TextLine>
					</TextBlock>
				</ComposedBlock>
			</PrintSpace>
		</Page>
	</Layout>
</alto>
