1028 1692
266 111 85 27 Ständ.
369 116 40 23 Sv.
427 130 26 2 —
476 116 73 30 Prop.
569 117 44 23 N:o
627 118 34 22 37.
783 120 24 20 11

150 182 14 20 å
175 182 145 26 pennivärden
343 184 25 20 är
391 184 53 21 brun
466 187 58 19 samt
543 184 35 28 för
596 185 46 21 dem
657 186 14 20 å
686 192 25 14 en
725 185 59 22 mark
800 185 35 21 och

149 216 117 27 derutöfver
280 216 40 22 blå.
354 216 36 23 Uti
404 219 68 22 denna
488 220 88 26 stämpel
589 220 68 26 finnes
669 220 33 26 pä
717 222 28 19 ett
760 219 76 28 tydligt

150 250 37 21 och
201 250 41 21 lätt
256 251 8 20 i
278 252 80 26 ögonen
370 252 97 28 fallande
482 255 44 20 säti
540 256 67 19 utsatt
621 254 82 21 valören
712 254 48 21 med
769 256 67 19 större

149 283 73 26 siffror
235 287 57 18 samt
306 285 74 21 svensk
395 286 36 21 och
444 287 57 26 finsk
516 289 48 19 text.
595 286 66 21 Såväl
673 287 102 26 siffrorna
790 293 45 15 som

149 318 68 21 texten
232 319 38 20 äro
286 318 56 22 hvita
353 320 33 25 pä
399 314 35 27 det
448 321 88 26 färgade
551 321 82 20 bottnet.
662 320 115 22 Dessutom
791 320 43 27 för-

148 358 34 15 ses
197 352 69 27 hvarje
282 352 36 21 ark
334 353 14 21 å
361 353 68 27 första
443 354 63 22 sidan
520 355 48 21 med
580 354 254 27 kontrollstämpe!
764 348 11 38 i
778 348 60 38 rödt,

148 386 80 22 hvilken
249 388 89 26 stämpel
355 389 79 26 jemväl
456 389 114 28 anbringas
592 391 14 20 &
626 389 76 27 verlar,
716 389 120 27 fullmakter

149 421 36 21 och
208 421 67 22 andra
296 422 131 29 handlingar,
454 431 45 14 som
521 425 32 26 pä
578 423 257 28 Kartasigillatakontoret

149 455 93 27 undergå
257 457 120 28 stämpling.
406 457 54 22 Mcd
474 459 108 21 enahanda
597 459 88 26 stämpel
702 458 68 27 förses
780 458 53 27 jem-

147 490 37 22 väl
198 491 193 26 stämpelmärkena.

436 551 16 20 2
472 549 71 28 Kap.

217 593 118 22 Angående
346 593 101 24 beloppet
459 595 26 18 af
494 595 34 18 det
542 594 121 24 stämplade
674 599 90 19 papper,

284 627 46 14 som
341 623 9 18 i
362 622 78 23 hvarje
451 623 42 19 fall
507 623 60 19 skall
578 623 117 23 begagnas.

464 664 15 28 $
497 666 19 20 4.

216 703 94 22 Landets
331 705 119 25 domstolar,
476 705 122 22 embetsverk
623 705 37 22 och
684 704 148 29 myndigheter,

150 738 34 21 vid
202 738 68 22 hvilka
291 739 169 29 stämpelpapper
484 740 54 21 skall
564 740 109 27 begagnas,
698 739 102 28 hänföras
824 740 9 21 i

149 773 56 22 detta
220 773 96 27 afseende
332 774 31 21 till
376 775 49 28 fyra
440 775 105 21 särskilda
560 774 137 28 afdelningar,
715 774 117 27 nämligen:

215 807 79 22 Första
309 808 143 27 afdelningen:
467 808 90 23 Senaten
573 809 36 22 och
619 809 48 22 dess
673 809 157 26 Enpeditioner,

147 841 312 23 Minister-Statssekreteraren
474 844 36 20 och
524 843 63 21 Hans
602 843 104 27 Majestät
716 843 116 27 Kejsarens

147 876 69 22 kansli
229 876 34 27 för
278 876 94 22 Finland
385 879 56 19 samt
462 878 40 21 den
515 878 37 21 vid
571 877 203 22 Statssekretariatet
789 877 42 22 till-

147 912 58 20 satta
219 910 86 22 Komitö
317 912 34 26 för
367 906 77 37 finska”
450 906 96 37 ärenden.

216 945 75 22 Andra
306 946 144 27 afdelningen:
458 946 118 27 Hofrätter,
590 941 240 33 Öfverkrigsdomstolen,

149 979 215 28 Generalguvernören
379 980 57 27 öfver
449 980 95 22 Finland
554 980 36 22 och
600 981 47 21 dess
657 980 75 27 kansli,
741 980 91 22 Alexan-

148 1014 57 22 ders-
214 1010 162 35 Universitetets
386 1014 93 22 Kansler
502 1015 36 21 och
564 1014 135 27 Vicekansler,
725 1014 105 22 Prokura-

147 1049 129 22 torsembetet
289 1050 9 20 i
312 1048 92 22 Senaten
418 1052 55 18 samt
490 1048 131 23 Ständernas
631 1049 199 27 Bankfullmäktige.

215 1083 73 27 Tredje
303 1083 143 27 afdelningen:
460 1083 186 28 Länestyrelserna
660 1085 56 20 samt
726 1084 106 21 ordinarie

148 1118 36 21 och
198 1118 44 21 vice
264 1118 198 21 Landssekreterare
486 1118 36 21 och
543 1117 196 27 Landskamrerare,
761 1118 70 26 finska

147 1152 199 26 Passerpeditionen
367 1152 9 21 i
399 1151 33 21 S:t
454 1152 132 30 Petersburg,
612 1147 164 32 Öfverstyrelsen
797 1152 35 26 för

146 1186 177 22 medicinalverket
338 1186 35 22 och
391 1185 114 34 Collegium
517 1186 107 26 medicum,
646 1186 137 21 Direktionen
797 1186 34 26 för

147 1221 125 26 därvärden,
288 1220 187 27 Postdirektionen,
494 1215 164 33 Öfverstyrelsen
675 1220 34 27 för
724 1220 107 21 allmänna

147 1251 152 36 byggnaderna,
318 1234 162 52 Öfverstyrelsen
501 1256 35 26 för
546 1255 176 26 pressärendena,
745 1254 85 27 Inspek-

147 1292 57 19 tören
218 1290 34 26 för
265 1289 142 28 fängelserna,
424 1289 123 22 Statistiska
562 1289 148 25 embetsverket,
725 1288 107 22 Finlands

148 1323 140 27 Statskontor,
303 1323 105 21 Finlands
427 1323 64 21 Bank
511 1324 48 20 med
579 1323 158 27 underlydande
757 1324 76 20 kontor

147 1357 37 21 och
202 1359 114 25 agenturer,
334 1356 261 27 Generaltulldirektionen,
620 1352 164 32 Öfverstyrelsen
797 1356 35 27 för

146 1392 50 21 lots-
212 1392 36 21 och
262 1392 185 27 fyrinrättningen,
470 1391 165 28 Bergstyrelsen,
658 1390 173 28 Manufakturdi-

145 1426 111 27 rektionen,
272 1426 115 22 Allmänna
401 1425 187 28 Revisionsrätten,
599 1425 114 23 Direktorn
722 1426 34 27 för
763 1425 69 28 finska
