1025 1700
231 143 14 21 8
394 142 81 23 Ständ.
490 142 37 23 Sv.
542 154 28 4 —
584 143 71 27 Prop.
669 142 41 23 N:o
724 142 38 22 40.

205 211 67 22 såsom
293 211 50 25 6:9,
359 211 8 21 i
380 211 107 21 Preussen
506 210 67 22 såsom
590 211 50 25 3:4,
656 211 7 21 i
677 210 120 22 Frankrike
815 211 67 22 såsom
898 211 49 26 5:4,

205 245 68 22 skulle
287 244 139 23 förhållandet
440 245 8 22 i
463 245 91 22 Finland
567 244 66 23 blifva
648 245 35 21 det
697 244 23 22 af
732 245 50 22 3:8.

273 278 123 27 Ständerna,
412 287 44 14 som
471 279 18 29 ej
504 279 95 22 förbisett
613 279 122 28 betydelsen
749 278 22 23 af
780 281 30 20 att
824 279 41 22 den
877 279 72 22 aktiva

205 313 86 29 styrkan
309 313 66 22 förses
394 313 48 22 med
462 313 76 22 talrika
557 314 39 21 och
610 313 147 29 stridsdugliga
770 321 100 18 reserver,
886 313 63 23 hafva

205 347 52 22 dock
271 349 51 20 trott
337 347 57 22 detta
407 347 43 22 mål
464 350 51 20 utan
530 347 105 29 svårighet
649 348 72 21 kunna
736 347 60 22 ernås
810 347 26 30 på
851 349 31 20 ett
891 348 57 22 såväl

205 382 48 22 med
267 382 87 22 rättvisa
368 383 39 21 och
421 382 100 29 billighet,
537 390 45 14 som
596 382 48 21 med
653 382 110 22 nationens
774 382 136 22 ekonomiska
919 383 30 21 in-

205 418 79 21 tressen
298 425 58 14 mera
371 417 225 22 öfverensstämmande
611 418 46 21 sätt.
680 417 13 21 I
708 417 69 22 stället
790 416 32 22 för
831 419 31 20 att
872 425 77 15 reserv-

205 450 173 29 organisationen,
398 452 65 29 enligt
480 452 41 21 den
537 451 76 29 nådiga
634 451 161 30 propositionen,
816 451 83 22 komme
919 454 30 19 att

205 485 132 22 uteslutande
352 486 59 22 stöda
425 487 31 28 sig
471 486 26 29 på
507 487 25 21 de
542 485 157 30 värnepligtige,
710 485 73 22 hvilka
793 486 64 21 redan
867 494 82 21 genom-

204 520 45 29 gått
263 521 40 21 den
319 520 71 23 aktiva
404 520 155 29 krigstjensten,
569 520 63 22 hafva
643 519 117 23 Ständerna
772 520 27 29 på
808 520 87 22 anförda
904 521 45 22 skäl

204 554 71 24 funnit
293 555 99 29 riktigare
414 558 30 20 att
463 555 80 29 grunda
562 563 97 14 reserven
676 554 177 30 hufvudsakligen
867 555 28 29 pä
909 555 40 23 den

206 589 33 22 del
253 589 24 22 af
289 589 40 22 den
344 590 151 30 värnepligtiga
509 590 155 29 befolkningen,
680 598 44 14 som
739 590 47 22 icke
800 590 79 22 inträdt
893 590 8 22 i
915 591 34 21 ak-

205 624 31 22 tiv
255 626 70 27 trupp.
354 624 33 22 På
406 627 41 20 sätt
466 625 64 22 redan
547 625 66 21 under
628 625 13 26 &
657 626 12 20 8
684 624 130 27 framhållits,
830 625 63 22 borde
908 625 41 22 den

206 658 34 22 del
253 658 24 22 af
289 658 26 23 de
329 659 122 29 uppbådade
465 659 156 30 värnepligtige,
637 659 89 22 hvilken
739 659 47 22 icke
799 659 82 29 ålägges
891 659 59 23 aktiv

205 693 142 30 tjenstgöring,
366 694 8 21 i
392 695 70 22 stället
480 694 33 22 för
530 696 36 24 att,
582 693 67 22 såsom
663 694 8 21 i
686 694 154 29 propositionen
854 694 94 26 föreslås,

205 728 128 23 omedelbart
348 728 112 23 öfverföras
474 729 33 22 till
522 729 137 26 landtvärnet,
674 728 113 23 inskrifvas
801 729 37 22 vid
852 737 97 14 reserven

205 763 39 22 och
259 763 36 22 der
314 763 57 22 öfvas
386 763 8 22 i
408 771 93 22 vapnens
515 764 60 21 bruk.
606 763 47 22 Och
671 763 68 22 denna
752 763 121 30 förändring
887 771 62 22 synes

205 798 46 21 icke
269 798 53 22 blott
341 800 73 27 utgöra
432 800 30 21 ett
481 798 68 22 medel
563 800 31 20 att
608 798 66 22 bättre
690 799 38 20 och
743 799 83 22 säkrare
840 799 110 28 tillgodose

205 832 96 29 billighet
315 833 39 21 och
368 833 93 26 rättvisa,
477 835 51 20 utan
542 833 69 22 tillika
625 841 50 14 vara
690 833 41 22 den
742 833 53 22 enda
804 836 97 25 utvägen,
913 835 36 24 att,

204 867 49 22 med
267 867 135 22 undvikande
412 867 23 22 af
450 867 71 22 landet
530 867 125 22 ruinerande
669 867 141 29 uppoffringar
820 868 7 21 i
837 868 112 29 penninge-

205 902 39 21 och
259 901 130 27 arbetskraft,
404 901 64 30 skapa
478 902 39 22 och
527 901 32 22 för
568 901 112 22 framtiden
691 902 142 29 upprätthålla
843 904 31 20 ett
883 903 67 22 starkt

205 936 177 23 nationalförsvar.

272 971 78 21 Medan
364 970 104 29 nemligen
484 969 35 24 det
533 971 8 21 i
555 971 154 29 propositionen
723 971 116 29 föreslagna
848 973 102 27 systemet

205 1005 37 22 har
256 1005 126 22 karakteren
396 1005 23 22 af
432 1013 26 14 en
472 1005 201 29 tvångsutskrifning
688 1005 23 22 af
724 1008 30 19 ett
768 1005 50 22 fåtal
833 1006 24 22 af
868 1007 81 22 landets

204 1039 141 29 krigsduglige
364 1044 62 17 söner
444 1039 33 23 till
496 1048 25 13 en
540 1039 107 29 långvarig
664 1040 39 21 och
717 1041 131 27 betungande
863 1041 86 22 militär-

204 1074 70 28 tjenst,
292 1074 52 22 först
359 1074 8 21 i
386 1074 71 22 aktiva
474 1074 88 28 styrkan
581 1074 39 22 och
634 1074 64 22 sedan
713 1074 8 21 i
736 1074 46 22 dess
796 1082 77 18 reserv,
889 1076 60 21 hvar-

205 1111 56 19 emot
275 1108 48 21 hela
337 1108 40 22 den
392 1108 130 22 återstående
536 1108 50 22 vida
600 1112 78 25 vägnar
688 1108 99 22 talrikare
798 1109 151 30 värnepligtiga

204 1143 150 28 befolkningen
375 1143 53 22 blott
449 1143 111 22 inskrifves
582 1143 36 22 vid
637 1143 139 26 landtvärnet,
792 1151 62 21 synes
873 1144 41 21 den
929 1144 22 21 af

205 1177 118 22 Ständerna
336 1176 111 30 godkända
461 1177 166 28 organisationen
636 1185 59 13 mera
705 1177 184 22 öfverensstämma
900 1179 49 20 med

205 1211 40 22 den
259 1212 105 21 allmänna
377 1211 155 30 värnepligtens
546 1211 39 26 idé,
600 1211 88 22 hvilken
702 1211 88 22 innebär
800 1213 30 20 att
840 1211 107 22 fosterlan-

205 1245 44 21 dets
264 1245 80 21 försvar
358 1249 22 17 är
395 1253 26 12 en
436 1245 71 28 hvarje
521 1245 133 28 medborgare
669 1245 109 28 åliggande
793 1245 58 28 pligt,
863 1246 46 21 icke
921 1253 25 14 en

204 1279 91 28 tillfällig
312 1279 70 25 börda,
401 1287 45 13 som
467 1279 23 21 af
506 1287 27 13 en
547 1286 100 21 ogynsam
667 1279 40 21 lott
721 1278 108 23 åhvälfves
845 1281 30 20 ett
889 1279 56 22 fåtal.

203 1313 80 23 Vidare
302 1312 116 30 upphäfves
434 1320 76 22 genom
528 1313 68 22 denna
609 1313 117 29 anordning
740 1313 36 22 det
789 1313 34 22 för
837 1313 110 23 nationens

204 1347 188 23 rättsmedvetande
407 1347 147 30 motbjudande
569 1347 8 22 i
592 1347 40 22 den
647 1347 159 29 omständighet,
818 1350 32 20 att
863 1348 84 23 lottnin-

203 1390 41 21 gen
262 1382 48 22 med
332 1382 45 22 deri
393 1382 130 23 inneboende
537 1382 77 22 hazard
627 1383 131 25 bestämmer,
774 1383 105 22 huruvida
892 1383 56 22 med-

203 1419 101 27 borgaren
319 1417 53 22 skall
386 1417 95 29 uppfylla
496 1417 67 22 denna
578 1417 78 29 vigtiga
669 1417 152 30 samhällspligt
832 1418 50 22 eller
892 1418 53 23 icke.

204 1451 139 29 Lottningens
363 1452 106 28 betydelse
488 1451 123 22 inskränkes
631 1451 86 22 sålunda
736 1452 33 22 till
783 1454 31 20 att
828 1452 71 29 afgöra
913 1461 34 13 om

203 1486 36 21 det
256 1490 23 18 är
293 1485 8 22 i
315 1485 59 23 aktiv
393 1485 136 30 tjenstgöring
544 1486 50 21 eller
613 1493 75 21 genom
703 1486 172 28 öfningsmötena,
892 1487 55 22 med-
