1036 1695
397 152 50 21 N:o
461 149 54 24 44.
781 153 26 20 13

91 215 40 22 hos
146 213 171 28 poliskammare,
333 214 39 21 der
387 213 67 22 sädan
470 214 75 27 finnes,
559 219 50 16 men
623 214 63 27 eljest
705 214 38 21 hos
765 214 68 27 magi-

91 250 58 20 strat
162 248 54 21 eller
230 248 155 27 ordningsrätt.

159 281 25 28 Ej
200 281 36 22 mä
253 282 98 21 tillträde
373 282 34 21 till
431 281 151 28 gudstjensten
604 281 112 27 förvägras
739 282 97 27 offentlig

91 315 134 29 myndighet.

440 362 12 27 8
466 364 21 19 5.

158 400 45 23 Vill
218 401 93 22 medlem
328 401 23 22 af
365 401 247 27 evangelisk-lutherska
622 402 84 26 kyrkan
716 401 55 22 efter
781 401 54 27 upp-

90 435 59 22 nädd
171 435 91 22 aderton
285 435 35 21 ärs
343 435 61 31 älder
418 436 35 21 till
468 435 108 22 mosaiska
589 435 61 22 läran
666 436 95 27 öfvergä,
776 436 58 27 gifve

90 467 38 25 det
141 470 41 21 hos
196 470 35 21 sin
245 469 138 27 församlings
398 469 137 28 kyrkoherde
548 469 113 22 tillkänna.
690 470 144 21 Framhärdar

89 502 44 24 han
148 504 9 21 i
172 504 71 21 denna
258 504 33 21 sin
306 503 75 27 afsigt,
395 504 88 21 inställe
498 504 39 26 sig,
553 504 67 21 sedan
634 504 67 21 minst
715 504 37 22 tvä
762 504 72 21 mäna-

90 539 39 21 der
144 538 55 22 efter
214 538 159 21 ofvannämnda
391 538 209 27 tillkännagifvande
615 538 99 27 förflutit,
729 538 105 28 personli-

89 579 42 21 gen
146 572 40 22 hos
200 572 153 27 kyrkoherden
368 572 40 22 och
423 572 77 28 förnye
515 572 33 22 sin
563 572 105 22 anmälan.
698 572 90 28 Styrkes
803 572 31 22 ef-

89 608 34 20 ter
137 606 94 22 sälunda
252 605 104 28 fullgjord
378 607 106 26 anmälan,
507 606 113 22 hvaröfver
643 607 60 21 bevis
718 606 24 22 af
755 606 79 28 kyrko-

89 640 82 22 herden
186 640 19 27 ej
221 640 35 21 mä
270 641 85 26 vägras,
371 643 33 19 att
418 640 68 22 sådan
501 640 230 28 församlingsmedlem
750 641 84 21 inträdt

89 675 33 21 uti
136 674 96 22 mosaisk
254 674 132 28 församling,
402 675 67 21 varde
484 675 37 21 det
535 675 23 21 af
572 675 151 27 kyrkoherden
746 675 87 22 anteck-

89 709 54 23 nadt
157 710 8 21 i
179 709 55 21 hans
255 708 138 28 församlings
413 709 115 27 kyrkobok
546 712 57 19 samt
617 710 39 20 hos
672 709 81 21 stiftets
768 709 65 22 Dom-

89 743 84 28 kapitel
188 743 40 21 och
241 743 73 21 länets
330 743 114 22 Guvernör
459 744 181 27 tillkännagifvet.

158 777 30 23 Så
201 776 64 28 länge
287 778 117 26 utredning
425 778 48 21 icke
495 778 99 22 företetts
610 779 33 20 att
658 778 41 21 den
714 777 34 21 till
763 778 70 21 öfver-

89 812 58 28 gäng
169 811 99 22 anmälde
292 811 83 21 inträdt
392 812 33 20 uti
439 812 95 21 mosaisk
549 812 133 26 församling,
697 811 77 22 stände
790 812 43 21 han

90 853 53 21 qvar
157 846 8 21 i
180 846 42 21 den
237 846 61 21 förra
312 846 165 26 församlingens
492 846 119 27 kyrkobok,
627 846 38 21 der
675 846 40 21 ock
725 846 40 21 allt
775 845 58 22 hvad

89 881 54 21 hans
158 879 57 28 frejd
230 879 40 22 och
286 878 70 28 öfriga
370 880 173 27 medborgerliga
560 879 149 22 förhällanden
724 882 51 19 röra
789 879 43 22 kan

89 914 57 22 skall
169 913 91 26 införas;
284 913 55 22 dock
361 920 52 15 vare
435 913 165 28 församlingens
622 915 60 25 prest
703 913 95 22 derefter
813 914 18 27 ej

88 948 79 27 pligtig
181 949 34 20 att
228 953 80 16 annars
324 949 27 20 än
365 947 28 28 pä
407 948 54 21 hans
483 954 53 21 egen
562 949 96 48 begäran
682 947 78 22 honom
784 948 49 21 med

88 981 116 34 presterlig
219 981 67 28 tjenst
301 981 141 27 tillhandagå.

158 1011 106 32 Öfvergår
278 1016 92 21 medlem
385 1015 23 22 af
421 1017 67 20 annat
507 1016 7 21 i
533 1016 75 21 landet
622 1015 118 22 bestående
754 1015 80 22 kristet

87 1049 172 29 kyrkosamfund
274 1052 28 19 än
317 1051 37 21 det
369 1050 247 27 evangelisk-lutherska
630 1050 35 22 till
679 1050 95 22 mosaisk
789 1050 44 21 för-

89 1084 98 27 samling,
202 1084 84 28 åligger
302 1085 134 21 densammas
451 1084 149 22 föreståndare
616 1086 33 19 att
664 1085 73 21 derom
752 1084 79 22 under-

88 1120 59 20 rätta
160 1118 166 22 föreståndaren
341 1118 34 22 för
391 1118 41 22 den
448 1118 132 27 församling,
596 1118 48 22 från
659 1118 87 22 hvilken
762 1118 70 21 öfver-

88 1152 84 27 gången
186 1152 57 22 sker.

435 1204 12 28 $
463 1205 20 20 6.

156 1239 127 32 Äktenskap
294 1244 91 22 emellan
396 1244 96 22 mosaisk
502 1244 171 21 trosbekännare
686 1244 40 21 och
741 1243 91 27 kristen,

87 1277 55 22 eller
164 1277 40 22 ock
226 1277 108 22 mosaiske
356 1278 169 21 trosbekännare
544 1277 110 26 inbördes,
669 1277 56 22 skall
740 1276 92 22 afslutas

87 1310 58 22 inför
159 1311 111 26 borgerlig
284 1311 127 27 myndighet
425 1313 9 20 i
449 1313 40 20 den
506 1313 40 24 ort,
562 1311 39 22 der
615 1311 84 22 bruden
714 1313 25 19 är
752 1311 79 21 bosatt.

155 1345 55 21 Före
226 1345 155 27 äktenskapets
396 1345 106 27 ingående
517 1345 57 22 skall
593 1345 73 21 derom
684 1344 148 27 tillkännagif-

87 1384 38 17 vas
139 1379 30 27 på
182 1380 44 21 sätt
240 1379 15 22 2
270 1379 12 28 $
297 1379 13 21 7
325 1379 49 28 kap.
390 1379 26 22 G.
431 1379 25 22 B.
472 1385 34 16 om
521 1379 87 28 lysning
620 1378 96 27 stadgar,
726 1378 13 21 å
749 1378 83 27 söndag

87 1413 54 22 eller
157 1413 132 27 sabbatsdag
303 1413 8 22 i
326 1414 42 21 den
392 1413 132 28 församling,
548 1414 90 22 hvarest
652 1413 93 27 gvinnan
761 1413 24 20 är
800 1412 33 21 in-

87 1447 107 28 skrifven;
209 1454 49 15 men
274 1454 34 16 om
322 1448 43 22 hon
381 1449 18 26 ej
416 1448 75 22 tillhör
511 1447 70 29 någon
596 1448 7 21 i
618 1448 74 21 landet
713 1446 118 28 behörigen

88 1482 96 22 inrättad
199 1482 134 29 församling,
348 1483 65 21 varde
429 1483 37 21 det
480 1483 126 22 tillämnade
620 1481 143 27 äktenskapet
778 1481 54 21 kun-
