1028 1686
279 157 26 18 U.
321 157 29 18 B.
366 166 25 5 —
409 157 81 22 Prop.
507 157 45 18 N:o
567 158 38 17 40.
768 155 26 19 29

75 222 44 21 tills
133 222 7 20 i
156 223 24 20 så
195 223 63 19 måtto
274 223 35 24 egt
325 229 53 18 rum,
394 225 30 17 att
439 223 35 19 två
491 227 57 15 rotar
563 221 58 21 ställt
636 222 40 20 och
691 220 133 21 underhållit

75 264 26 13 en
119 256 76 21 soldat.
224 255 12 21 I
251 255 154 27 sammanhang
428 255 87 21 härmed
540 255 133 21 förklarades
693 259 31 17 att
738 255 40 20 den
795 262 29 13 nu

77 289 92 20 varande
193 288 168 27 vakansafgiften
384 288 56 28 finge
463 288 65 21 blifva
554 288 118 22 tillsvidare
687 288 137 26 oförändrad,

76 330 49 14 men
141 323 114 27 pröfvades
271 322 68 21 tillika
356 322 69 28 billigt
441 328 30 16 att
485 323 27 20 de
527 327 65 21 rotar,
601 322 72 21 hvilka
685 323 139 28 förpligtades

78 357 96 21 anskaffa
190 357 99 24 soldater,
306 357 66 21 borde
388 358 22 20 af
423 357 26 21 de
466 361 64 21 rotar,
546 357 72 21 hvilka
634 357 96 21 härifrån
745 358 80 25 åtnjöto

78 392 105 25 befrielse,
199 391 31 21 till
246 392 56 27 godo
318 391 82 22 komma
408 392 89 28 lämplig
507 392 141 27 godtgörelse.
672 392 106 28 Slutligen
787 400 37 12 an-

81 427 77 20 befalte
181 426 124 21 förenämda
328 426 79 28 nådiga
429 426 98 20 manifest
549 430 29 16 att
598 426 32 21 till
652 430 116 24 yttermera
791 426 34 22 be-

79 460 120 28 tryggande
225 460 22 21 af
261 460 103 21 Finlands
386 460 133 21 kustförsvar
543 461 36 20 det
594 460 103 28 ständiga
709 461 117 21 båtsmans-

81 495 64 21 hållet
168 495 6 20 i
197 489 50 27 Åbo
268 496 46 20 läng
329 495 104 27 skärgård
444 494 67 22 borde
526 495 33 20 till
574 495 140 28 tjenstgöring
730 495 96 25 inkallas,

80 535 55 16 samt
150 529 62 22 deraf
225 534 53 16 stam
294 530 32 20 för
341 533 28 17 ett
384 528 133 29 sjöeqvipage
533 531 28 26 på
576 529 67 22 indelt
665 530 30 21 fot
710 534 116 24 uppsättas.

81 564 121 27 Angående
217 564 61 20 dessa
294 563 79 21 besluts
393 564 119 26 bringande
535 564 31 20 till
583 564 162 28 verkställighet
759 564 68 22 utfär-

81 598 67 21 dades
163 598 40 20 den
219 598 26 20 25
260 598 92 21 Januari
369 598 54 21 1858
439 606 24 12 en
479 599 66 26 nådig
561 599 135 27 kungörelse,
715 600 113 20 hvarföru-

82 638 42 15 tom
141 632 68 21 under
225 632 73 28 loppet
313 632 22 20 af
349 640 79 13 samma
443 634 24 19 år
482 632 105 22 särskilda
600 633 66 21 andra
676 634 152 27 förordningar

83 666 133 24 emanerade,
232 666 148 22 behandlande
396 666 108 28 åtskilliga
525 668 25 20 de
566 668 79 20 indelta
660 672 117 24 trupperna
793 671 35 18 rö-

84 701 66 21 rande
165 700 73 27 frågor
253 701 23 20 af
288 700 95 22 finansiel
399 702 38 20 och
461 701 156 21 administrativ
633 707 70 20 natur,
719 702 110 22 deribland

84 743 28 20 ny
128 740 41 16 stat
184 736 34 20 för
232 734 80 22 indelta
329 736 144 26 bataljonerna
489 736 50 28 (den
555 737 12 19 7
583 736 45 28 Maj
646 737 69 27 1858).

153 769 83 22 Medels
259 778 25 13 en
300 770 127 28 kungörelse
448 770 40 22 den
504 771 26 21 28
546 770 60 22 Mars
622 772 54 21 1859
692 771 139 21 förordnades

85 810 30 17 att
131 807 135 26 manskapets
282 805 57 21 antal
355 806 35 20 vid
406 805 48 21 4:de
465 806 88 28 Kuopio
567 806 78 20 indelta
657 806 93 26 bataljon
762 806 69 21 skulle

85 845 116 21 yttermera
216 840 94 20 minskas
326 839 31 20 till
373 840 42 21 240
430 847 55 18 man,
501 840 54 20 intill
575 840 47 20 dess
641 840 117 20 storskiftet
773 840 58 20 inom

86 874 39 21 den
142 873 107 22 Karelska
264 874 61 21 delen
342 875 21 19 af
377 873 86 29 Kuopio
480 875 35 20 län
530 873 77 22 hunnit
621 874 107 21 fulländas
740 874 38 21 och
791 874 41 21 alla

86 910 38 21 der
140 909 108 26 befintliga
264 909 123 27 lägenheter
406 909 69 21 blifvit
498 909 7 20 i
520 909 135 25 vederbörlig
670 909 93 27 ordning
780 914 52 15 rote-

85 945 58 20 rade.
174 943 84 22 Genom
280 951 25 14 en
322 951 69 13 annan
407 943 127 27 kungörelse
549 943 23 20 af
586 942 40 21 den
642 943 27 20 23
684 942 53 21 Juni
753 950 80 14 samma

86 981 24 20 år
125 979 117 22 anbefaltes
256 983 113 24 yttermera
386 978 105 21 särskilda
507 977 81 21 mindre
605 977 137 21 reduktioner
756 978 7 20 i
776 977 56 21 befä-

87 1015 39 21 lets
137 1015 39 20 och
189 1015 136 26 manskapets
337 1016 101 17 numerär
449 1012 34 20 vid
495 1012 97 26 samtliga
602 1011 121 28 bataljoner.
747 1011 86 22 Samma

87 1052 23 18 år
125 1049 88 26 indrogs
229 1048 40 21 den
286 1049 24 19 år
326 1047 54 22 1845
396 1051 101 23 uppsatta
513 1046 69 20 finska
597 1045 235 28 grenadierskarpskyt-

87 1084 150 27 tebataljonen,
253 1082 86 21 bvilken
356 1081 53 21 1857
419 1081 122 20 omformats
549 1080 31 20 till
592 1079 66 28 finska
666 1079 168 28 undervisnings-

87 1113 257 38 skarpskyttebataljonen.
375 1116 8 20 I
408 1116 48 20 dess
479 1114 60 21 ställe
554 1118 110 24 uppsattes
689 1121 77 18 genom
782 1113 52 21 kun-

89 1152 84 30 görelse
188 1152 40 21 den
244 1151 27 22 23
286 1150 54 22 Juni
356 1157 80 14 samma
451 1150 23 19 år
490 1156 25 13 en
526 1148 53 27 finsk
589 1147 188 29 skarpskytteskola
787 1146 47 21 med

89 1193 28 16 ett
139 1183 394 30 undervisningsskarpskyttekompani,
556 1183 33 20 för
613 1181 72 21 hvilka
707 1181 129 27 reglemente

89 1221 125 23 utfärdades
228 1220 69 21 under
320 1226 80 14 samma
424 1218 49 26 dag.
503 1217 85 22 Nämda
607 1216 59 21 skola
681 1216 39 21 och
737 1215 99 28 kompani

90 1256 69 22 skulle
174 1255 6 20 i
196 1254 67 21 likhet
288 1253 47 21 med
351 1249 425 30 undervisningsskarpskyttebataljonen
795 1249 41 20 för-

90 1292 75 26 läggas
181 1290 6 20 i
203 1289 73 21 staden
292 1287 140 25 Tavastehus,
449 1286 38 21 och
503 1285 48 22 dess
566 1284 86 29 uppgift
666 1291 38 14 var
720 1288 30 16 att
759 1283 78 21 bereda

91 1325 125 22 officerarne
231 1323 39 20 och
286 1321 156 27 gemenskapen
455 1321 34 18 vid
501 1319 79 20 indelta
590 1318 103 20 militären
707 1317 54 20 både
773 1318 64 27 prak-

91 1359 42 22 tisk
148 1358 39 21 och
202 1356 101 22 teoretisk
317 1354 155 26 undervisning
483 1354 6 19 i
501 1351 159 28 målskjutning,
668 1358 95 21 vapnens
772 1350 65 21 hand-

91 1392 94 25 terande,
210 1390 129 29 gymnastik,
356 1387 97 27 fäktning
473 1387 40 21 och
527 1385 207 28 fronttjenstgöring.
763 1383 75 22 Redan

93 1426 121 31 påföljande
236 1426 24 20 år
282 1424 102 28 indrogos
400 1422 117 22 emellertid
536 1421 59 21 såväl
610 1419 75 22 skolan
701 1426 47 14 som
762 1418 77 21 under-

94 1459 220 31 visningskompaniet
330 1465 75 21 genom
422 1456 81 22 brefvet
523 1456 40 21 den
587 1455 25 21 19
627 1454 46 22 Juli
690 1454 62 22 1860.

162 1496 84 22 Medels
254 1493 128 29 kungörelse
391 1493 20 21 d.
428 1492 5 21 3
439 1491 122 23 November
570 1490 54 21 1862
635 1488 142 22 omformades
789 1488 51 21 1:sta

165 1542 197 23 Värnepligtsutskottets
375 1539 112 18 Betänkande
500 1538 33 17 N:o
547 1538 16 16 1.
