1045 1692
231 156 11 19 6
421 155 27 18 U.
464 155 30 17 B.
510 164 24 4 —
551 155 81 22 Prop.
647 154 46 18 N:o
708 155 38 17 40.

202 222 45 20 folk
268 222 73 20 hvilka
363 222 31 19 till
419 220 113 27 gärdarnes
551 220 70 20 kultur
635 220 39 20 och
689 219 61 24 bruk,
766 222 53 18 samt
834 220 32 20 till
881 222 65 17 ersät-

203 256 64 21 tande
282 256 23 20 af
317 255 135 26 manskapets
468 254 78 27 afgäng
560 254 131 26 nödvändigt
705 253 69 20 kunde
790 254 109 26 behöfvas,
915 253 33 20 för

204 290 150 26 utskrifningar
376 289 39 20 och
435 289 40 19 alle
500 288 73 19 dervid
591 287 111 27 hängande
717 288 83 25 besvär,
815 288 55 19 hvad
885 294 62 13 namn

204 325 25 19 de
251 324 55 19 helst
328 323 64 20 hafva
415 323 77 25 kunna,
514 324 54 17 samt
591 321 158 27 fördubblingar
764 322 40 19 och
819 322 129 20 väldsamma

203 357 129 27 värfningar,
347 364 26 12 nu
390 357 39 19 och
444 357 6 19 i
466 355 159 21 tillkommande
640 355 54 20 tider
709 362 51 13 vara
780 355 86 20 alldeles
882 356 65 26 gvitte

204 392 39 20 och
258 391 114 20 befriade.”

259 425 30 20 Ur
304 425 60 19 detta
379 424 116 26 stadgande
513 423 69 20 kunde
591 424 46 19 med
655 423 137 20 användande
801 424 23 19 af
830 430 25 13 en
865 424 82 20 formelt

204 460 83 27 rättslig
302 459 102 26 tolkning,
421 458 39 20 den
476 457 94 27 slutföljd
585 464 60 13 anses
661 458 87 27 framgå,
764 459 31 18 att
808 459 7 18 i
824 458 36 20 fall
871 458 23 20 af
902 461 46 17 vär-

205 495 117 26 nepligtens
345 493 109 20 införande
477 492 201 27 vakansafgifterna,
696 492 72 20 hvilka
784 493 54 19 1810
854 493 73 20 trädde
942 494 6 19 i

206 529 70 21 stället
300 528 33 20 för
357 527 157 26 uppställandet
536 527 23 19 af
577 527 66 20 indelt
658 527 84 26 militär,
756 527 67 20 borde
839 527 33 20 för
887 527 61 21 fram-

205 563 58 20 tiden
285 562 100 27 upphöra.
415 562 48 19 Men
485 563 43 18 mot
549 567 26 14 en
590 561 59 26 dylik
665 561 134 26 uppfattning
813 568 63 19 synas
891 562 58 20 hefo-

205 597 54 27 gade
274 595 153 26 invändningar
441 595 71 20 kunna
527 597 68 25 göras,
610 595 143 20 hvarförutom
770 595 79 20 erinras
864 595 44 27 bör,
920 598 30 17 att

206 631 40 20 den
261 631 6 19 i
282 631 53 19 intet
350 629 99 20 afseende
474 629 66 20 finner
555 629 31 20 sin
604 629 147 26 tillämplighet
765 629 28 26 pä
808 630 141 26 rustningsbe-

206 667 76 24 sväret,
297 665 62 19 hvars
374 663 113 27 uppkomst
502 663 39 20 och
557 657 121 32 utveckling
698 664 32 19 stå
745 664 128 26 fullkomligt
888 664 61 20 främ-

205 699 76 20 mande
297 699 31 20 för
342 697 206 21 knektekontrakten
572 697 38 20 och
626 697 35 20 det
675 698 48 19 med
739 698 46 19 stöd
801 697 23 20 af
837 698 48 20 dem
899 705 51 20 upp-

205 733 79 20 komna
299 731 209 27 roteringsbesväret.

274 760 19 27 Å
309 773 40 14 ena
363 766 59 20 sidan
438 772 51 14 voro
505 766 25 20 de
546 765 157 27 utskrifningar,
719 766 45 20 från
772 766 73 20 hvilka
852 766 98 27 jordega-

206 808 49 14 rene
271 808 76 20 genom
369 800 103 27 ingående
495 801 27 26 på
544 800 207 20 knektekontrakten
769 801 92 27 friköpte
877 802 37 26 sig,
931 802 23 19 af

206 836 131 26 väsentligen
360 841 69 14 annan
455 837 33 17 art
510 838 26 16 än
552 834 40 21 den
607 842 26 12 nu
649 835 121 27 föreslagna
785 836 106 20 allmänna
905 839 45 16 vär-

206 871 114 26 nepligten.
349 870 72 20 Under
443 869 35 19 det
502 871 30 18 att
554 870 105 26 nämligen
682 870 68 19 denna
764 870 118 20 institution
898 870 54 20 efter

205 905 57 19 vissa
276 904 111 20 bestämda
402 903 68 26 regler
485 903 72 20 träffar
572 903 77 20 folkets
661 904 41 19 alla
712 904 187 26 samhällsklasser,
912 904 40 20 och

207 939 32 20 till
260 937 158 28 utgångspunkt
439 937 87 20 sålunda
545 937 38 20 har
597 937 113 26 individen,
726 938 159 27 medborgaren,
900 945 51 13 voro

207 973 26 20 de
248 974 93 18 närmast
362 972 46 19 före
430 971 203 27 indelningsverkets
653 972 140 26 upprättande
808 972 97 27 brukliga
919 975 31 17 ut-

207 1006 155 26 skrifningarna
383 1006 31 19 till
436 1005 148 27 hufvudsaklig
599 1006 34 19 del
648 1006 82 20 fästade
744 1006 36 20 vid
793 1006 158 26 jordbesittnin-

207 1048 41 20 gen
271 1040 39 20 och
333 1040 107 26 företogos
464 1039 70 20 derför
549 1039 62 20 äfven
627 1040 116 20 merendels
759 1040 54 20 efter
827 1041 123 26 gärdetalet.

207 1074 210 22 Knektekontrakten
432 1073 86 21 hiföllos
534 1073 22 20 af
569 1073 105 27 allmogen
689 1074 69 20 såsom
779 1074 129 27 bidragande
919 1074 32 20 till

208 1109 88 26 ordning
312 1108 40 20 och
367 1108 51 20 reda
432 1108 6 18 i
454 1107 116 27 utgörande
586 1108 23 19 af
624 1108 68 20 denna
703 1108 47 20 dess
762 1108 127 27 skyldighet,
900 1109 51 19 eller

207 1144 70 19 säsom
293 1142 35 20 det
342 1142 7 19 i
364 1142 36 19 det
415 1142 39 19 den
470 1142 12 18 5
502 1141 51 20 Dec.
571 1141 52 19 1682
639 1142 33 19 för
688 1142 90 26 Upland,
795 1138 155 30 Östergötland,

208 1176 172 25 Södermanland,
394 1175 161 20 Westmanland
570 1175 39 19 och
624 1175 77 19 Nerike
718 1175 130 20 stadfästade
862 1176 88 20 knekte-

207 1210 123 20 kontraktet
343 1209 66 25 heter,
425 1209 99 20 ”emedan
540 1208 40 20 den
585 1204 12 35 i
612 1209 70 19 stället
694 1209 33 19 för
736 1209 113 26 manskaps
862 1209 88 20 förskaf-

207 1243 63 19 fande
293 1248 75 20 genom
390 1242 157 26 utskrifningar,
570 1247 44 13 som
636 1242 71 18 härtill
721 1242 7 18 i
743 1242 55 19 riket
813 1242 62 26 öflige
890 1242 60 26 varit,

208 1276 31 19 till
253 1276 25 19 K.
301 1275 48 20 M:ts
370 1275 83 19 milities
469 1274 126 26 beständiga
612 1275 39 19 och
666 1275 78 26 riktiga
758 1275 193 20 vidmakthällande

207 1317 25 12 en
255 1310 73 26 ginare
342 1310 64 25 utväg
425 1309 40 19 och
480 1309 76 20 lättare
571 1308 68 20 medel
655 1308 86 20 funnit.”
769 1309 51 20 Icke
835 1309 66 20 heller
915 1309 35 20 be-

207 1343 107 21 traktades
330 1343 40 20 den
386 1343 64 20 sedan
465 1343 55 20 älsta
534 1343 54 20 tider
602 1343 6 19 i
626 1342 87 28 Sverige
721 1343 133 20 existerande
865 1343 85 20 allmän-

207 1384 28 13 na
257 1378 39 19 och
318 1377 120 27 personliga
460 1377 224 27 tjensteskyldigheten
707 1378 68 19 säsom
799 1383 75 22 genom
890 1377 62 20 dessa

207 1411 101 21 kontrakt
332 1412 33 19 för
386 1411 154 21 rotehällarene
566 1411 98 27 upphäfd.
702 1412 109 20 Fastmera
835 1411 116 28 medgifver

209 1447 53 19 1720
284 1447 40 26 års,
346 1446 45 20 före
413 1445 203 28 indelningsverkets
631 1447 137 26 fullständiga
782 1447 118 20 afslutande
916 1454 34 13 an-

207 1483 64 24 tagna
286 1481 23 20 R.
325 1481 22 19 F.
362 1481 7 20 i
385 1481 47 20 dess
447 1481 11 19 5
475 1481 40 20 och
531 1482 11 19 6
558 1483 22 23 $$
603 1481 165 20 statsmakterna
782 1481 112 26 ovilkorlig
909 1483 42 18 rätt

278 1526 196 23 Värnepligtsutskottets
486 1527 111 18 Betänkande
609 1527 34 18 N:o
656 1527 15 18 1.
