1039 1692
229 175 25 20 66
412 175 28 21 U,
456 176 28 17 B.
500 185 24 2 --
540 175 83 22 Prop.
639 174 46 19 N:o
700 175 39 18 40,

506 243 10 22 $
532 241 32 20 51.
580 240 56 25 (58.)

266 280 165 28 Reseersättning
461 281 22 20 åt
507 280 220 21 kommunalnämdens
757 279 128 25 ordförande
908 279 37 20 och

199 315 25 20 de
244 316 28 25 af
290 314 146 21 kommunerna
458 315 84 20 utsedde
560 314 111 21 ledamöter
687 315 8 20 i
710 313 187 29 uppbådsnämden
913 313 30 20 be-

198 349 66 20 kostas
279 349 27 28 af
318 349 152 20 kommunerna.
502 344 77 32 Öfriga
595 348 109 21 kostnader
712 348 35 28 för
757 347 117 28 uppbådets
887 347 56 20 v-rk-

198 382 102 22 ställande
315 382 100 21 bestridas
430 383 27 27 af
470 383 85 20 kronan.

503 447 10 22 $
529 445 33 19 52.
578 446 57 25 (ny.)

269 485 40 20 Vid
332 484 158 28 handläggning
513 484 27 27 af
559 484 44 21 mål
621 484 89 20 rörande
729 483 144 28 värnepligten
889 487 53 17 samt

196 519 36 21 vid
254 518 152 29 skriftvexling,
430 517 138 28 ansökningar
591 518 37 21 och
652 518 95 20 besvär
740 513 13 38 i
766 518 59 21 dessa
841 518 44 21 mål
907 525 36 13 an-

196 553 76 21 vändes
295 552 128 29 ostämpladt
443 559 91 21 papper.
566 553 65 20 Lösen
650 552 36 28 för
701 551 69 29 utslag
787 552 36 21 och
837 551 105 22 resolutio-

196 595 36 13 ner
246 588 9 20 i
270 586 220 29 värnepligtsärenden
504 593 46 21 eger
566 587 18 27 ej
599 593 53 14 rum.

488 651 69 22 Kap.
576 651 74 18 VIII.

264 691 33 20 Om
312 690 134 27 upprättande
458 690 24 21 af
490 689 177 27 uppbädslängder
677 691 51 18 samt
737 689 138 27 ansökningar

279 731 31 14 om
322 725 102 20 särskilda
438 725 115 26 eftergifter
562 725 7 20 i
578 724 150 26 värnepligtens
739 724 112 26 utgörande

505 778 9 22 $
531 776 32 20 53.
582 776 56 24 (59.)

264 816 148 26 Värnepligtig
433 816 39 20 hör
493 816 32 19 till
548 816 35 20 det
606 816 92 25 omräde,
722 822 45 14 som
787 816 99 20 omfattar
902 816 40 19 den

197 850 123 26 församling
336 850 8 19 i
359 849 62 21 hvars
436 849 104 28 kyrkobok
556 850 43 20 han
615 850 25 20 är
655 850 122 28 inskrijven.
806 850 43 20 Har
872 850 69 26 någon

195 885 64 19 innan
282 884 40 20 han
344 884 94 26 fullgjort
454 884 31 19 sin
501 884 119 26 värnepligt
635 884 35 20 vid
685 884 72 20 aktiva
773 886 121 24 trupperna,
910 890 31 13 re-

194 925 74 13 serven
285 918 39 20 och
339 918 134 19 landtvärnet
488 918 76 26 uttagit
580 918 176 26 flyttningsbetyg
771 918 32 19 till
819 924 69 14 annan
897 918 42 19 för-

194 952 96 26 samling,
314 952 32 19 får
370 952 40 19 han
426 951 65 20 likväl
506 952 48 19 icke
569 958 24 12 ur
609 952 138 26 kyrkoboken
764 952 83 26 afföras,
871 952 71 20 förrän

194 985 178 27 pastorsembetet
387 985 84 20 erhållit
486 985 88 26 behörig
590 986 153 20 underrättelse
759 988 31 17 att
805 986 40 19 han
854 985 70 20 blifvit
934 986 9 18 i

195 1026 70 13 annan
296 1019 124 26 församling
450 1019 122 19 inskrifven.
611 1018 69 20 Sådan
709 1020 153 19 underrättelse
889 1020 54 19 skall

191 1053 178 27 pastorsembetet
384 1054 7 17 i
408 1055 36 17 den
452 1052 132 27 församling,
593 1052 32 20 dit
634 1053 143 27 inflyttningen
787 1052 50 21 skett
845 1054 35 19 vid
889 1054 52 26 tjen-

192 1089 109 25 steansvar
316 1086 151 26 ofördröjligen
482 1093 76 19 genum
574 1087 195 20 embetsskrifvelse
785 1087 103 20 meddela.

501 1152 10 21 s
527 1150 33 19 54.
575 1149 56 25 (60.)

259 1194 66 20 Innan
348 1194 39 20 den
412 1194 24 19 15
459 1194 86 20 Januari
565 1194 73 26 hvarje
663 1194 23 20 är
710 1194 53 20 skall
780 1195 159 20 vederbörande

194 1228 136 25 presterskap
345 1228 32 18 till
393 1228 185 25 uppbädsnämden
595 1228 90 19 aflemna
700 1228 137 26 specificerad
849 1229 91 19 förteck-

189 1262 51 25 ning
255 1261 60 20 öfver
330 1261 42 20 alla
386 1261 6 19 i
409 1260 149 27 församlingen
573 1261 103 20 inskrifna
691 1268 100 19 personer
807 1262 22 19 af
842 1262 98 26 mankön,

189 1301 44 14 som
258 1295 56 20 inom
338 1295 128 26 föregäende
481 1295 23 20 är
518 1295 89 26 uppnätt
630 1295 89 26 tjuguett
735 1295 33 20 ärs
784 1295 65 27 älder,
865 1296 73 20 äfven-

189 1336 44 13 som
256 1329 60 20 öfver
339 1329 41 20 alla
405 1329 26 20 de
452 1329 114 27 ynglingar
589 1329 23 20 af
625 1329 64 27 sagde
715 1329 64 25 ålder,
797 1330 72 21 hvilka
893 1331 46 20 året

195 1363 57 20 förut
267 1363 45 20 frän
342 1363 150 27 församlingen
514 1363 127 27 bortflyttat,
662 1365 66 25 jemte
750 1364 83 27 uppgift
851 1365 27 26 pä
898 1365 40 20 den

189 1398 130 27 församling,
336 1398 30 19 dit
380 1397 122 28 flyttningen
518 1398 55 21 skett,
607 1398 177 27 Förteckningen,
799 1399 84 20 hvartill
900 1403 35 17 nö-

188 1433 46 26 digt
255 1433 57 20 antal
331 1432 126 26 blanketter,
479 1433 126 27 upprättade
627 1433 7 19 i
657 1433 93 27 enlighet
768 1433 69 21 med
826 1428 15 36 i
861 1434 74 20 sådant

187 1467 100 20 afseende
306 1467 106 20 faststäldt
434 1467 106 27 formulär,
564 1467 53 20 skall
634 1474 75 20 genom
738 1468 197 27 uppbädsnämdens

188 1501 83 27 försorg
286 1497 12 36 —
306 1501 159 27 presterskapet
495 1502 178 27 tillhandahållas,
699 1505 70 18 senast
794 1503 57 20 inom
877 1503 57 20 förra

253 1547 195 23 Värnepligtsutskottets
461 1548 111 17 Betänkande
584 1547 33 19 N:o
630 1549 17 17 1.
