1036 1695
215 156 26 21 12
403 153 29 23 U.
447 153 28 22 B.
490 166 27 3 —
529 153 74 28 Prop.
619 153 45 22 N:o
679 153 34 22 39.

186 218 39 20 och
243 217 194 22 statsunderstödet
455 216 55 22 efter
527 216 88 27 behörig
634 216 120 27 fördelning
777 217 69 20 skulle
868 216 65 21 föras.

185 251 110 22 Utskottet
309 251 39 21 har
370 250 54 22 dock
445 250 71 21 funnit
531 251 26 21 de
572 250 67 21 redan
654 250 34 21 vid
704 250 112 21 sisthållne
832 250 102 27 landtdag

186 285 95 26 anförda,
311 285 62 21 ofvan
402 284 120 27 åberopade
551 284 75 21 skälen
655 283 33 22 för
716 285 219 26 pensionsanstaltens

187 319 164 27 organiserande
366 319 71 21 såsom
452 325 26 15 en
492 319 34 20 för
540 318 49 21 hela
602 318 74 21 landet
686 325 122 20 gemensam
817 319 118 26 inrättning

186 360 51 15 vara
252 354 23 21 af
289 354 41 21 den
344 353 50 27 vigt,
410 355 33 20 att
457 353 104 21 utskottet
575 353 47 21 icke
638 353 68 21 skulle
720 353 74 21 tvekat
804 354 32 20 att
845 353 90 22 omfatta

186 394 81 15 samma
293 389 55 25 äsigt
372 387 63 21 äfven
463 394 33 14 om
519 387 47 22 icke
591 389 75 19 trenne
696 388 62 20 stånd
786 387 35 21 vid
842 387 93 21 berörde

186 422 102 27 landtdag
307 422 70 21 skulle
394 422 78 21 uttalat
490 422 32 26 sig
541 422 8 20 i
571 422 72 20 saken.
680 422 40 26 Nu,
743 422 27 20 då
792 421 143 22 förhållandet

186 459 24 18 är
225 456 82 27 sådant,
323 456 68 21 skulle
410 456 105 21 utskottet
532 456 46 21 icke
598 461 38 16 ens
655 457 69 20 ansett
740 456 36 21 det
790 455 98 28 lämpligt
902 457 34 20 att

187 491 124 26 Ständerna,
322 492 51 19 utan
392 491 26 21 de
432 493 55 19 mest
501 490 115 27 tvingande
632 491 53 26 skäl,
700 490 95 21 uttalade
812 490 32 27 sig
858 491 7 20 i
881 492 53 19 mot-

187 527 42 19 satt
250 525 61 28 syfte.
341 525 112 21 Utskottet
473 525 42 21 kan
538 525 24 21 så
582 525 86 27 mycket
689 525 81 21 mindre
794 524 87 22 förorda
903 527 32 19 att

187 560 119 21 Ständerna
320 566 29 15 nu
364 559 69 23 skulle
448 559 107 28 tillstyrka
570 565 27 16 en
612 566 69 15 annan
696 559 118 27 anordning
829 560 7 21 i
851 560 83 21 föreva-

186 595 66 21 rande
275 594 107 27 afseende,
405 601 45 15 som
469 594 91 22 flertalet
579 595 23 20 af
620 594 154 21 ofvannämnda
788 595 148 26 underdåniga

185 629 114 27 yttranden
314 629 94 26 afgifvits
423 629 67 21 under
505 629 157 26 förutsättning,
678 630 30 19 att
724 635 25 15 en
761 629 54 21 enda
824 629 111 26 pensions-

186 663 79 22 anstalt
280 663 84 22 komme
380 663 33 21 till
429 663 67 26 stånd,
512 663 84 22 hvadan
612 664 36 20 det
663 669 61 22 synes
740 663 71 21 såsom
821 663 69 22 skulle
901 664 33 25 de,

185 697 73 22 hvilka
273 698 66 21 saken
360 699 95 20 närmast
477 699 66 25 rörer,
566 697 199 27 öfverhufvudtaget
783 698 52 27 gilla
854 704 81 15 samma

186 733 123 26 anordning.

253 767 103 22 Deremot
374 767 41 22 kan
433 767 105 21 utskottet
555 767 19 27 ej
590 769 65 19 annat
669 769 27 19 än
712 767 48 21 dela
776 768 25 21 de
816 767 119 27 betänklig-

185 801 67 27 heter,
267 801 74 22 hvilka
354 802 57 21 inom
425 801 159 22 Bondeståndet
602 801 88 22 uttalats
704 803 45 20 mot
765 802 37 21 det
816 802 122 27 stadgande

185 837 7 19 i
208 836 146 26 reglemeutet,
373 836 28 26 på
419 836 69 26 grund
506 835 76 22 hvaraf
599 842 26 14 en
639 836 59 25 hvar,
714 842 46 14 som
775 838 24 18 är
814 837 7 19 i
836 836 99 26 sjötjenst

185 870 99 27 anställd,
304 870 70 22 blefve
392 870 116 27 förpligtad
526 872 31 19 att
574 869 164 28 pensionsafgift
756 870 93 27 erlägga,
871 870 63 21 äfven

186 912 34 14 om
234 905 42 22 han
295 906 19 26 ej
333 905 49 21 låtit
400 905 7 21 i
423 905 132 27 sjömanshus
574 904 104 21 inskrifva
695 904 39 28 sig.
764 905 85 21 Främst
871 910 64 15 anser

186 940 32 26 sig
233 940 105 21 utskottet
353 939 53 21 dock
421 939 52 21 böra
492 939 108 26 anmärka,
616 940 32 20 att
663 938 86 27 afgifter
764 939 23 21 af
800 940 7 20 i
822 939 61 27 fråga
897 945 37 15 va-

185 974 66 22 rande
273 974 152 26 beskaffenhet,
449 974 67 26 enligt
535 974 117 20 utskottets
674 974 70 26 tanke,
760 973 28 27 på
802 974 68 26 grund
885 973 24 21 af
922 974 11 26 8

185 1008 50 22 45
226 1004 15 35 i
253 1008 203 27 Regeringsformen
474 1008 23 21 af
514 1008 40 21 den
572 1008 26 21 21
618 1008 90 26 Augusti
729 1008 55 21 1772
801 1008 47 21 icke
862 1008 73 21 kunna

185 1044 52 20 utan
251 1043 56 21 båda
322 1042 176 22 statsmakternas
516 1042 129 22 medverkan
660 1042 66 22 finske
742 1042 140 27 medborgare
897 1043 38 27 på-

185 1077 85 27 läggas;
287 1077 38 21 och
344 1082 63 16 anser
424 1077 104 21 utskottet
547 1076 84 22 derföre
651 1077 127 26 stadgandet
796 1076 81 26 härom,
893 1077 41 21 lik-

186 1117 46 16 som
254 1112 39 20 ock
315 1118 26 14 en
365 1110 23 22 af
410 1111 116 21 detsamma
548 1110 112 22 föranledd
681 1110 163 27 mellanmening
863 1110 7 22 i
889 1111 12 27 $
920 1110 13 22 5

186 1152 62 15 mom.
265 1147 10 20 1
291 1146 54 20 böra
362 1145 57 27 utgå.
448 1146 34 20 En
501 1145 65 21 sådan
585 1145 89 27 ändring
692 1145 84 21 komme
795 1145 47 21 icke
861 1147 32 19 att
906 1145 29 27 på

185 1180 65 26 något
265 1181 43 20 sätt
330 1179 67 22 rubba
420 1179 185 27 bestämningarna
624 1186 33 14 om
675 1179 152 27 pensionernas
849 1179 84 27 belopp,

187 1214 88 22 emedan
291 1214 108 21 desamma
417 1214 35 21 vid
471 1214 26 21 de
515 1214 33 21 till
563 1214 69 26 grund
646 1214 34 20 för
695 1213 103 27 förslaget
812 1213 64 27 lagda
892 1215 43 19 sta-

185 1247 86 21 tistiska
289 1247 124 26 kalkylerna
431 1248 46 20 icke
502 1247 121 26 påräknats.
653 1247 38 21 Att
710 1248 101 24 deremot,
823 1248 28 25 på
869 1247 65 21 sätt
924 1243 14 34 i

187 1281 36 21 det
237 1287 40 15 ena
292 1281 23 20 af
329 1281 153 21 ofvananförda
497 1281 150 25 andraganden
662 1281 32 20 till
705 1280 170 21 Bondeståndets
885 1286 49 21 pro-

185 1316 68 21 tokoll
267 1315 80 28 yrkats,
366 1316 79 26 bevilja
462 1315 62 21 äfven
542 1315 73 26 andra,
634 1316 27 19 än
676 1315 54 26 dem,
746 1321 46 14 som
806 1315 48 20 låtit
868 1315 7 20 i
891 1314 42 27 sjö-

185 1350 101 22 manshus
304 1349 103 23 inskrifva
425 1350 39 27 sig,
483 1349 131 28 delaktighet
632 1349 8 21 i
658 1349 184 28 pensionskassan,
861 1349 73 22 dertill

186 1385 67 22 finner
267 1385 105 22 utskottet
386 1385 46 22 icke
448 1385 37 21 det
499 1385 94 26 ringaste
608 1385 54 21 skäl.

253 1420 51 22 Icke
332 1420 68 22 heller
426 1420 41 21 den
488 1419 7 21 i
518 1425 81 16 samma
628 1419 136 27 andragande
793 1419 75 28 gjorda
897 1425 37 15 an-

186 1455 145 26 märkningen,
341 1456 31 20 att
386 1454 187 28 pensionsafgifter
592 1454 46 21 icke
653 1454 66 21 borde
735 1454 105 27 uppbäras
856 1454 23 21 af
892 1454 42 26 sjö-

255 1501 166 17 Ekonomiutskottets
434 1500 102 17 betänkande
549 1500 34 17 N:o
598 1500 26 16 13.
