1014 1698
205 159 13 24 ä
503 154 50 37 N:o
573 154 47 37 44.

177 230 23 22 af
213 230 81 21 tillätet
308 229 170 28 kyrkosamfund
492 229 84 21 inrätta
590 235 27 20 ny
633 228 132 28 församling,
776 229 80 28 begäre
880 229 41 22 ock

176 264 118 28 Kejsarens
308 263 100 22 tillständ
423 263 80 22 dertill.

524 308 12 28 8
551 309 19 20 3.

244 349 82 28 Hvarje
352 349 67 22 sådan
438 348 133 27 församling,
586 354 46 15 som
647 347 49 23 med
712 348 147 29 vederbörligt
873 351 48 20 till-

177 384 63 22 ständ
265 383 88 27 bildats,
377 389 51 15 vare
452 383 125 26 berättigad
600 384 33 19 att
655 382 51 27 sjelf
719 382 59 22 kalla
792 385 60 25 prest
867 384 54 21 eller

175 419 70 20 lärare
270 419 56 20 samt
349 417 80 27 pligtig
443 419 33 19 att
490 416 70 21 säsom
575 416 150 22 föreständare
740 416 34 22 för
789 417 80 22 värden
885 424 34 15 om

175 451 166 27 församlingens
356 451 182 27 angelägenheter
553 451 93 21 anställa
653 450 74 22 dertill
737 450 89 28 lämplig
833 458 87 20 person.

175 487 70 21 Innan
259 486 35 22 val
310 485 24 22 af
346 485 150 23 föreständare
511 485 59 21 skett
585 485 40 21 och
636 484 139 23 Guvernören
785 485 60 23 öfver
853 486 68 28 länet,

175 521 40 22 hos
236 521 88 21 hvilken
346 520 100 21 anmälan
466 526 35 16 om
515 520 59 21 valet
588 519 40 21 bör
643 522 70 24 göras,
728 520 120 22 detsamma
867 521 54 27 god-

175 555 59 27 känt,
259 561 39 21 ege
322 554 155 27 församlingen
502 554 18 27 ej
543 553 63 22 träda
628 552 7 22 i
654 554 101 27 utöfning
770 554 24 21 af
807 554 27 22 de
848 554 73 22 henne

175 568 163 53 tillkommande
352 584 136 36 rättigheter.

242 622 158 23 Föreständare
410 622 64 22 hafve
485 622 74 28 tillsyn
580 622 58 26 derä,
653 624 33 20 att
701 622 36 22 vid
752 596 167 59 församlingens

175 658 111 26 offentliga
307 656 124 28 gudstjenst
454 656 39 21 och
518 656 68 22 andra
610 656 195 28 andaktsöfningar
826 656 37 28 lag
878 657 40 21 och

174 692 110 27 sedlighet
306 691 19 27 ej
349 690 95 22 kränkas
464 690 53 22 eller
532 690 42 28 god
589 690 92 27 ordning
696 690 137 22 äsidosättes.
863 690 56 22 Sker

175 726 61 27 dylik
257 724 157 23 öfverträdelse
430 724 40 22 och
483 724 79 22 varder
576 724 28 28 på
619 724 142 28 anmärkning
776 725 23 21 af
812 724 108 22 förestån-

174 760 67 22 daren
256 760 38 21 det
308 758 106 27 felaktiga
428 758 19 27 ej
463 759 89 26 rättadt,
568 758 83 22 anmäle
665 758 44 22 han
724 758 147 23 förhållandet
878 759 41 21 hos

173 794 147 22 Guvernören.

242 828 172 22 Föreståndaren
437 826 83 28 åligger
538 828 34 20 att
586 826 48 22 föra
648 826 137 29 förteckning
800 827 60 22 öfver
875 827 43 21 för-

174 863 130 27 samlingens
319 862 139 22 medlemmar
473 861 110 22 äfvensom
592 861 68 22 andra
667 861 168 28 förteckningar,
843 862 76 21 hvilka

173 897 24 22 af
209 897 86 21 landets
310 896 96 27 Styrelse
421 895 151 27 föreskrifvas;
588 897 33 20 att
634 895 35 22 vid
678 895 117 22 anfordran
809 896 110 22 desamma

173 931 57 22 inför
253 931 93 21 domstol
368 931 53 21 eller
443 930 113 22 Guvernör
573 930 70 22 förete
657 932 56 20 samt
727 930 62 28 intyg
803 931 28 27 på
846 931 72 27 grund

173 965 25 21 af
217 965 48 21 dem
288 965 98 25 utfärda;
405 966 34 19 att
453 964 57 21 inom
525 970 27 15 en
566 964 79 21 månad
660 964 55 22 efter
732 964 75 28 hvarje
821 964 36 22 års
872 965 45 21 slut

172 1000 35 21 till
229 999 139 21 Guvernören
390 998 90 22 aflemna
499 998 136 27 förteckning
650 998 12 22 å
677 997 166 29 församlingens
858 999 59 21 med-

173 1034 95 25 lemmar,
292 1034 55 20 samt
366 1034 32 20 att
413 1032 34 21 för
463 1032 65 27 öfrigt
543 1032 65 21 ställa
622 1032 34 27 sig
670 1032 35 22 till
720 1032 146 22 efterrättelse
880 1033 38 27 lag

173 1068 40 21 och
236 1067 26 21 de
285 1066 107 22 särskilda
411 1066 143 27 föreskrifter,
570 1072 46 15 som
631 1066 23 22 af
666 1066 137 28 vederbörlig
818 1067 98 27 myndig-

172 1101 38 21 het
232 1102 79 20 honom
334 1100 117 22 meddelas.
487 1100 158 22 Föreståndare
667 1106 50 16 vare
737 1100 40 22 ock
792 1100 123 28 berättigad

172 1137 33 20 att
229 1142 34 14 om
281 1134 166 28 församlingens
465 1135 138 21 medlemmar
618 1134 48 22 från
681 1135 234 27 embetsmyndigheter

172 1169 41 22 och
236 1170 129 26 tjenstemän
390 1169 83 22 erhålla
496 1168 81 22 sådana
598 1169 161 27 upplysningar,
782 1175 45 15 som
847 1170 70 26 enligt

172 1203 100 27 gällande
294 1202 154 28 författningar
469 1204 54 21 böra
542 1203 109 23 meddelas
667 1203 249 27 evangelisk-lutherska

171 1237 95 27 kyrkans
281 1237 145 27 presterskap.

239 1270 68 27 Afgår
328 1270 150 21 föreståndare
500 1270 48 22 från
570 1270 34 21 sin
619 1270 130 28 befattning,
764 1270 92 22 anställe
870 1271 43 20 för-

171 1304 119 27 samlingen
312 1303 154 28 ofördröjligen
491 1310 70 16 annan
586 1304 40 22 och
649 1304 82 22 anmäle
747 1304 80 27 derom,
843 1304 71 22 såsom

171 1337 63 23 ofvan
248 1340 26 19 är
288 1337 73 29 sagdt.

518 1384 11 29 8
545 1386 19 21 4.

238 1425 142 22 Främmande
401 1425 83 22 kristne
506 1425 180 22 trosbekännares
704 1426 153 28 församlingar
878 1427 37 21 må

169 1458 48 22 icke
239 1461 53 19 utan
314 1459 116 28 Kejsarens
453 1460 99 21 tillstånd
567 1460 110 22 förvärfva
691 1461 40 21 och
747 1461 80 22 besitta
841 1467 71 15 annan

169 1492 45 23 fast
232 1493 104 27 egendom
374 1494 73 22 landet
463 1496 27 19 än
506 1494 40 22 den
562 1495 34 22 för
610 1494 70 28 kyrka
695 1495 40 22 och
763 1495 150 28 begrafnings-
