1025 1695
317 108 22 23 U.
357 108 23 22 B.
398 119 22 4 —
440 108 64 27 Prop.
521 107 39 24 N:o
576 108 38 23 40.
798 107 12 20 9

436 173 11 28 s
463 174 33 20 22.

149 207 30 22 Af
185 208 112 21 enahanda
304 208 54 26 skäl,
367 215 47 15 som
422 208 54 27 vid
466 203 9 36 $
486 209 25 20 17
522 208 89 25 anförts,
622 207 61 22 torde
695 209 148 20 Presteständets

90 244 44 20 mot
143 243 61 21 ordet
210 238 11 37 ,,
224 243 114 28 krigsrätt"
347 243 135 21 framställda
490 243 140 26 anmärkning
635 243 60 20 äfven
703 242 39 21 här
750 242 92 22 förfalla.

436 283 11 26 $
463 284 34 21 23.

160 315 55 22 Från
235 317 11 27 $
262 317 27 20 23
300 316 64 21 hafva
375 315 59 22 såväl
445 318 68 20 Preste-
525 323 46 15 som
582 317 140 20 Bondeständen
733 317 77 20 önskat
820 323 23 14 se

90 351 108 21 utesluten
213 351 54 21 sista
276 351 68 25 delen,
360 351 103 27 börjande
473 350 48 22 från
531 351 67 22 orden
610 368 8 9 ,
623 349 89 23 såframt
721 351 43 21 han
774 351 69 21 icke".

162 385 33 22 Då
219 385 40 22 den
275 385 24 22 af
312 384 36 23 två
367 384 68 23 Stånd
454 385 89 22 sålunda
558 385 109 22 uteslutna
682 385 164 28 bestämningen

91 420 49 22 med
156 420 99 21 afseende
272 419 12 22 å
301 420 130 28 stadgandet
445 420 8 21 i
468 421 12 27 $
496 422 39 20 116
551 420 48 21 icke
614 421 62 20 torde
692 427 50 14 vara
757 421 34 20 för
800 420 44 20 för-

91 454 119 28 fattningen
225 454 100 28 behöflig,
340 454 34 21 får
389 454 111 22 Utskottet
514 454 108 22 vördsamt
637 454 90 22 föreslå:

297 492 31 19 att
349 489 155 27 RBidderskapet
525 490 37 21 och
583 490 70 21 Adeln
668 492 55 19 samt
738 489 106 27 Borgare-

229 524 85 21 ståndet
332 524 65 21 måtte
415 524 84 22 biträda
518 524 39 21 den
573 524 27 27 af
610 524 82 22 Preste-
708 524 37 22 och
759 524 85 21 Bonde-

230 558 91 22 stånden
335 558 76 27 gjorda
425 559 157 27 förändringen.

161 593 41 21 Till
216 592 8 21 i
239 592 61 28 fråga
321 593 94 21 varande
434 594 11 26 &
464 593 39 21 har
517 595 136 19 Presteständet
669 593 103 27 derjämte
788 592 58 22 velat

92 628 63 21 hafva
169 628 92 28 tillagdt,
285 626 61 22 såväl
366 630 32 18 att
413 628 99 21 befrielse
527 627 48 21 från
590 628 147 27 värnepligten
752 627 93 22 tillkom-

92 670 46 14 mer
154 661 87 26 sädana,
261 668 47 15 som
326 662 46 21 lida
392 662 23 21 af
432 662 67 28 fysisk
517 662 52 21 eller
584 662 88 28 psykisk
688 662 94 27 svaghet,
798 669 47 14 som

94 697 40 21 ock
149 698 32 20 att
196 703 109 21 personer,
326 696 72 21 hvilka
415 696 29 27 pä
459 696 68 28 grund
546 696 23 22 af
582 696 101 28 religiösa
698 696 148 28 betänklighe-

92 734 34 19 ter
148 732 52 27 göra
219 729 95 28 anspräk
332 730 29 28 pä
375 731 101 21 befrielse
490 730 48 22 frän
553 731 130 28 krigstjenst,
700 730 40 26 mä,
756 730 90 22 säframt

94 766 63 21 deras
176 765 173 28 betänkligheter
367 765 48 21 icke
435 766 71 20 kunna
521 765 73 21 häfvas
610 765 40 21 och
665 765 64 21 deras
744 766 102 20 samvets-

94 801 72 21 ömhet
180 800 8 20 i
204 800 64 28 öfrigt
289 799 69 22 finnes
378 800 88 26 erkänd,
482 800 107 22 användas
604 800 35 21 vid
654 799 82 22 sådana
751 799 95 21 militära

93 834 152 27 befattningar,
261 834 138 28 hvarigenom
414 835 63 21 deras
492 837 107 19 samveten
615 834 47 21 icke
677 834 101 21 kränkas.

162 869 57 21 Enär
235 869 36 21 det
285 869 60 22 förra
360 870 23 20 af
397 869 63 21 dessa
474 869 81 28 tillägg,
565 869 67 28 enligt
639 868 121 22 Utskottets
773 868 72 25 tanke,

94 904 67 21 redan
183 903 68 29 ligger
273 904 8 21 i
299 904 109 27 uttrycket
429 904 136 27 ,kroppslyte
585 903 52 22 eller
653 903 133 28 sjuklighet",
806 903 40 21 och

95 940 36 21 det
146 945 75 15 senare
237 938 188 28 önskningsmålet,
434 939 33 20 för
482 938 24 22 så
521 939 44 21 vidt
579 939 118 20 detsamma
706 938 56 21 låter
770 937 76 22 förena

95 974 32 27 sig
150 974 48 21 med
220 973 181 28 värnepligtsidén
424 973 41 22 kan
484 981 63 20 synas
567 973 83 27 framgå
672 980 26 14 ur
720 973 26 21 de
761 971 29 29 på
805 972 40 21 sid.

96 1008 83 21 88—89
198 1007 98 28 inrymda
311 1007 147 26 uttalandena,
474 1009 39 20 har
533 1007 109 21 Utskottet
661 1009 71 19 ansett
748 1007 62 21 dessa
826 1006 23 21 af

94 1041 163 23 Presteståndet
279 1042 77 28 gjorda
375 1043 167 27 anmärkningar
557 1042 46 21 icke
619 1041 53 22 böra
687 1041 112 22 föranleda
814 1041 33 20 till

95 1077 71 29 någon
181 1076 74 23 vidare
270 1076 82 29 åtgärd.

164 1112 29 21 Af
207 1111 67 23 sådan
297 1111 117 29 anledning
435 1112 39 22 har
490 1111 108 22 Utskottet
617 1111 61 21 äfven
698 1113 71 19 ansett
784 1118 26 14 en
826 1110 23 21 af

96 1148 137 21 Presteståndet
251 1148 4 20 i
271 1147 153 28 sammanhang
444 1147 49 21 med
508 1147 63 21 dessa
586 1146 183 28 ändringsförslag
783 1146 65 21 fram-

97 1181 57 21 stäld
176 1182 86 21 erinran
284 1184 46 18 mot
353 1182 149 21 öfverskriften
523 1181 33 21 till
580 1181 135 28 afdelningen
736 1181 28 27 A)
780 1180 68 21 under

98 1216 58 22 detta
171 1217 49 27 kap.
236 1216 54 22 böra
304 1216 91 22 förfalla.

439 1251 11 27 s
466 1252 27 20 24

97 1285 40 21 har
162 1286 23 20 af
206 1285 135 25 Ridderskapet
363 1287 34 19 och
420 1287 57 19 Adeln
499 1284 68 22 blifvit
586 1283 48 22 från
648 1284 140 27 lagförslaget
802 1285 46 20 ute-

98 1319 76 20 sluten.

167 1353 142 21 Alldenstund
325 1352 121 21 Utskottets
468 1352 81 27 förslag
567 1352 8 21 i
590 1352 70 21 denna
682 1351 69 28 punkt
772 1358 77 20 genom

98 1389 33 20 tre
151 1386 78 23 Stånds
252 1387 160 27 samstämmiga
433 1386 72 22 beslut
525 1385 84 23 erhållit
624 1386 94 27 lagenlig
733 1385 116 28 pluralitet,

99 1424 56 21 samt
177 1423 44 27 &ns
243 1422 136 21 uteslutande
402 1429 48 14 vore
474 1421 79 28 egnadt
575 1423 33 19 att
630 1421 71 21 lemna
716 1420 85 22 tillfälle
815 1420 35 22 för

171 1459 198 22 Värnepligtsutskottets
382 1458 106 17 betänkande
500 1457 35 17 N:o
547 1456 17 18 3.
