1025 1695
265 140 81 23 Ständ.
361 140 38 23 Sv.
414 153 27 3 —
456 141 71 28 Prop.
542 141 41 22 N:o
597 141 38 23 40.
780 142 13 21 9

80 210 100 28 borgaren
201 209 53 22 skall
275 209 118 22 förberedas
412 209 33 22 till
462 211 30 20 att
511 210 8 21 i
537 209 68 23 farans
620 210 63 22 stund
697 210 72 21 kunna
783 210 38 22 för-

80 251 60 14 svara
149 243 37 22 sitt
200 243 55 22 land.
281 243 104 28 Slutligen
400 243 42 22 kan
457 243 68 22 denna
539 243 119 30 förändring
672 244 8 21 i
695 244 73 29 sjelfva
778 252 44 14 ver-

79 277 37 22 ket
129 277 48 22 icke
196 277 129 22 annorlunda
339 285 66 16 anses,
421 282 27 17 än
462 277 67 23 såsom
549 285 26 14 en
590 278 155 29 billighetsgärd
760 278 62 22 äfven

79 313 44 20 mot
137 311 36 22 det
190 315 55 18 stora
263 311 68 22 flertal
345 311 156 28 värnepligtige,
517 311 81 22 hvilket
613 313 64 27 enligt
692 312 41 21 den
747 312 75 27 nådiga

79 345 154 29 propositionen
247 345 63 22 borde
325 345 113 22 inskrifvas
452 345 36 23 vid
501 345 133 23 landtvärnet
648 347 39 20 och
702 346 36 21 der
751 346 71 22 kunde

79 382 88 19 utsättas
187 379 32 22 för
240 380 41 21 alla
303 381 29 20 ett
351 379 56 29 krigs
426 380 64 22 vädor
505 380 38 21 och
557 381 78 24 mödor,
650 383 51 20 utan
716 382 30 20 att
760 380 62 22 hafva

80 413 82 23 erhällit
177 414 40 21 den
231 413 71 23 härför
317 413 133 29 erforderliga
460 414 79 29 fysiska
549 415 39 21 och
597 415 90 21 militära
697 415 123 28 utbildning.

146 448 13 22 I
174 450 47 20 rent
239 448 123 22 militäriskt
381 448 118 23 hänseende
513 448 45 22 åter
575 457 62 20 synes
651 450 41 21 den
706 449 116 29 föreslagna

78 482 168 30 organisationen
260 483 8 21 i
282 482 57 29 längt
353 483 63 29 högre
431 483 51 22 män
496 488 27 17 än
533 483 40 22 den
584 484 74 28 nädiga
667 484 155 29 propositionen

78 517 45 21 lösa
138 517 41 22 den
193 518 32 21 för
235 518 40 21 alla
285 518 99 21 moderna
394 518 205 29 värnepligtssystem
608 526 156 20 gemensamma
772 526 51 21 upp-

78 551 67 29 giften
163 554 36 24 att,
218 552 47 21 med
287 551 77 23 minsta
381 552 84 28 möjliga
486 552 141 30 uppoffringar
645 554 67 21 under
729 553 93 26 fredstid,

80 586 64 29 skapa
159 586 35 22 det
209 587 101 21 starkaste
325 586 39 22 och
378 588 54 20 mest
446 586 143 30 krigsdugliga
598 587 88 27 försvar;
702 590 23 26 ty
734 588 28 29 pä
771 596 51 14 sam-

79 629 34 14 ma
127 620 55 29 gäng
195 621 41 21 alla
255 621 24 21 de
294 621 157 29 värnepligtige,
467 622 72 21 hvilka
554 622 67 21 under
635 630 26 13 en
675 622 55 22 ända
744 622 32 22 till
791 624 31 20 tre

79 655 23 22 år
116 654 82 23 fortsatt
212 655 137 29 tjenstgöring
363 655 9 21 i
386 655 72 22 aktiva
472 656 93 28 styrkan,
581 656 36 21 der
632 656 83 22 erhållit
728 656 94 22 fullstän-

79 690 35 29 dig
124 690 147 28 vapenöfning,
282 692 114 26 yttermera
409 689 32 22 för
455 690 36 22 två
505 690 23 22 år
541 690 50 29 ingå
604 690 8 21 i
626 698 103 19 reserven,
745 690 77 23 införas

79 725 31 21 dit
128 724 63 22 äfven
208 724 31 22 för
259 732 26 14 en
299 724 31 22 tid
348 724 23 22 af
386 724 44 22 fem
444 724 22 22 år
480 725 95 29 samtlige
591 724 64 30 öfrige
670 726 151 29 värnepligtige

79 760 39 22 och
132 759 90 23 utbildas
237 760 67 21 under
318 759 120 29 upprepade
453 759 153 29 öfningsmöten
620 759 8 22 i
642 760 25 21 de
682 760 34 22 till
732 760 90 29 krigare-

79 795 62 29 yrket
155 794 92 22 hörande
262 794 132 29 färdigheter.

146 829 42 22 Att
205 837 26 13 en
249 828 151 29 öfvervägande
420 828 34 21 del
474 828 23 22 af
513 829 69 21 denna
600 836 70 15 reserv
689 829 84 22 komme
792 829 30 22 att

78 864 66 21 bildas
160 863 23 22 af
195 863 157 29 värnepligtige,
367 863 74 22 hvilka
456 862 18 29 ej
490 863 119 29 genomgått
623 862 135 30 tjenstetiden
771 864 8 21 i
788 864 34 21 ak-

78 898 44 22 tiva
141 898 92 29 styrkan,
250 898 37 21 bör
306 897 47 22 icke
370 898 73 21 kunna
457 897 104 22 betraktas
577 897 66 22 såsom
658 900 30 19 ett
702 898 75 21 hinder
792 898 31 22 för

78 933 46 22 dess
139 933 172 29 krigsduglighet,
327 932 26 22 då
367 933 69 21 denna
450 932 33 21 del
498 932 23 21 af
533 940 97 14 reserven
641 933 53 22 skall
704 933 67 21 under
780 933 42 29 lop-

78 970 37 27 pet
128 967 24 22 af
164 967 26 22 de
205 969 31 20 tre
251 967 64 22 första
329 966 51 22 åren
396 967 159 21 sammankallas
566 967 33 22 till
609 967 100 29 öfningar,
720 968 40 21 och
769 967 54 22 dess-

79 1004 66 24 utom,
160 1002 68 22 såsom
243 1002 64 21 redan
321 1001 71 22 blifvit
405 1001 124 26 framhållet,
545 1009 27 14 en
587 1003 53 20 stam
654 1002 23 21 af
690 1001 48 22 fullt
748 1010 75 19 vapen-

80 1037 71 22 öfvadt
165 1037 102 28 manskap
282 1036 79 29 årligen
376 1036 30 22 dit
420 1036 60 28 ingår
493 1035 46 22 från
554 1036 72 22 aktiva
641 1039 75 20 armén.

147 1071 117 23 Ständerna
278 1070 63 23 hafva
355 1070 74 22 härvid
443 1071 47 21 icke
505 1070 100 26 förbisett,
617 1073 30 20 att
662 1072 59 22 dessa
735 1072 87 21 bestäm-

79 1106 74 28 ningar
174 1106 84 22 komme
279 1108 31 20 att
331 1105 101 22 åhvälfva
449 1105 99 23 nationen
565 1105 8 21 i
590 1106 67 28 någon
671 1106 49 22 mån
736 1106 86 29 drygare

79 1140 141 29 uppoffringar
235 1140 57 22 såväl
306 1140 67 21 under
387 1139 54 22 form
456 1140 22 21 af
490 1140 178 22 möteskostnader
682 1142 39 20 och
731 1140 91 29 aflöning

79 1174 23 21 af
119 1174 154 26 reservbefälet,
292 1182 45 13 som
357 1182 75 20 genom
452 1174 39 21 den
509 1174 36 26 tid,
561 1174 87 21 hvilken
663 1175 23 21 af
698 1175 125 27 öfningsmö-

80 1210 48 20 tena
149 1209 103 27 borttages
270 1208 46 22 från
337 1208 35 21 det
391 1208 125 28 produktiva
530 1208 85 22 arbetet.
645 1209 48 21 Den
717 1208 106 29 betydliga

79 1242 113 28 tillökning
210 1242 8 21 i
235 1242 152 26 försvarskraft,
408 1250 44 13 som
473 1242 120 29 härigenom
611 1242 65 27 ernås,
693 1251 61 20 synes
770 1243 52 21 dock

80 1276 48 23 vida
142 1281 79 24 vägnar
235 1276 112 29 öfverväga
361 1276 112 22 tillskottet
487 1277 7 20 i
508 1276 81 22 bördor.

147 1311 51 21 Men
217 1311 32 21 för
267 1313 31 19 att
316 1311 41 21 den
374 1311 68 21 finska
460 1311 154 27 härordningen
633 1311 34 21 må
685 1311 72 21 kunna
771 1311 52 28 fylla

79 1345 32 22 sin
132 1343 89 29 uppgift,
241 1343 103 22 erfordras
366 1346 30 19 att
415 1343 40 21 den
470 1346 156 19 sammansättes
641 1344 23 21 af
676 1344 146 29 stridsdugliga

79 1379 39 21 och
132 1377 143 29 vapenöfvade
290 1379 96 20 element.
416 1377 116 22 Ständerne
546 1377 64 22 hafva
624 1378 80 21 derföre
714 1381 69 20 ansett
792 1380 30 21 att

80 1413 25 26 de
124 1412 157 29 värnepligtige,
302 1413 73 21 hvilka
395 1412 128 23 omedelbart
541 1413 77 22 införas
632 1413 8 21 i
655 1421 102 18 reserven,
773 1414 49 21 böra

81 1448 36 21 der
131 1447 67 22 under
212 1447 25 21 de
252 1449 31 20 tre
298 1447 65 22 första
376 1447 50 22 åren
441 1447 57 22 öfvas
512 1447 8 22 i
535 1455 92 22 vapnens
642 1448 54 21 bruk
706 1448 67 21 under
782 1448 41 22 till-

80 1490 94 16 samman
193 1482 61 22 nittio
277 1483 68 28 dagar.
375 1482 46 23 Och
442 1482 38 22 har
497 1482 35 23 det
551 1485 58 26 synts
624 1482 118 31 lämpligast
756 1485 30 20 att
800 1483 22 23 åt
