1031 1695
311 112 22 23 U.
350 112 21 22 B.
389 123 26 4 —
432 111 64 29 Prop.
513 112 39 22 N:o
567 111 37 23 37.
792 114 12 20 3

82 177 158 27 behandlingen
256 176 22 22 af
290 176 139 24 förevarande
444 178 59 27 fråga
517 178 73 27 utgått
603 177 46 21 från
665 178 41 21 den
720 177 114 23 förutsätt-

82 212 57 27 ning,
164 214 32 19 att
218 213 6 21 i
241 212 94 27 enlighet
349 212 49 22 med
414 213 41 21 den
469 212 78 27 nådiga
560 212 162 27 propositionen
737 214 95 25 475,000

82 246 61 22 mark
154 252 35 16 om
204 247 52 26 året,
273 246 51 22 eller
339 247 36 21 det
390 246 133 27 ungefärliga
537 246 85 27 belopp,
638 246 86 22 hvartill
739 247 41 21 den
794 247 38 21 be-

82 280 74 23 hållna
177 281 306 27 stämpelpappersinkomsten
498 281 68 21 under
581 286 76 16 senare
672 281 24 21 år
710 281 7 20 i
732 280 101 22 medeltal

82 316 98 27 uppgått,
194 316 70 21 skulle
280 315 75 21 ställas
371 315 32 21 till
419 315 119 27 Styrelsens
553 315 139 21 uteslutande
706 314 126 28 förfogande

82 350 40 21 och
146 352 32 19 att
199 349 134 28 följaktligen
355 350 77 21 endast
454 350 40 21 den
510 349 34 22 del
559 349 23 21 af
594 349 239 27 kartasigillatainkom-

82 386 54 24 sten,
153 391 46 15 som
214 390 76 21 genom
306 390 26 15 en
346 383 121 28 förhöjning
477 384 23 21 af
508 383 274 28 stämpelpappersafgiften
789 384 43 21 kan

82 418 122 22 derutöfver
218 418 80 27 inflyta,
314 418 55 27 finge
384 420 62 25 tagas
462 419 6 20 i
482 418 118 27 beräkning
614 418 33 21 för
662 419 26 20 de
702 418 82 27 anslag,
799 418 34 21 till

81 453 83 21 hvilkas
179 453 138 21 bestridande
332 453 142 21 statsverkets
490 452 105 22 ordinarie
606 452 118 22 inkomster
731 455 37 18 äro
776 452 56 22 otill-

81 487 102 26 räckliga.

150 521 163 28 Otvifvelaktigt
331 521 71 22 kunde
425 521 306 28 stämpelpappersinkomsten
755 527 77 21 genom

81 563 27 15 en
130 556 131 21 omfattande
275 556 123 27 förändring
413 555 23 22 af
448 563 29 14 nu
491 556 100 27 gällande
606 556 135 27 stadganden
755 556 8 21 i
778 562 52 20 gan-

81 591 39 21 ska
134 591 95 27 betydlig
243 591 50 21 män
308 591 60 22 ökas.
397 591 39 21 Ett
451 591 77 21 alltför
535 591 69 21 starkt
612 591 109 21 anlitande
729 589 23 22 af
759 590 72 21 denna

80 627 67 25 utväg
164 626 62 21 torde
242 626 56 21 dock
316 626 48 21 icke
378 632 52 15 vara
444 627 32 20 att
490 625 92 26 förorda,
597 625 98 22 hvarföre
710 625 41 21 och
766 624 28 22 dä
809 625 23 20 ät

79 661 128 21 kommande
223 660 93 22 Ständer
337 659 62 23 äfven
420 660 66 21 borde
500 660 81 21 lemnas
596 659 114 27 möjlighet
725 661 34 20 att
771 659 9 21 i
793 658 38 22 fall

80 694 23 22 af
123 694 67 22 behof
202 695 124 27 ytterligare
340 694 50 27 höja
404 693 161 28 ifrägavarande
580 693 120 28 bevillning,
716 693 114 22 Utskottet

80 730 55 20 trott
140 729 33 26 sig
180 729 54 21 böra
240 729 80 21 föreslä
328 730 32 20 att
368 729 40 21 dei
417 730 86 20 senaste
510 727 280 27 kartasigillataförfattning
796 729 36 19 ut-

80 764 72 20 talade
166 763 175 27 grundprinciper
356 763 40 21 och
404 763 102 21 särskildt
514 763 47 26 den,
569 764 33 20 att
610 762 123 26 afhandling
741 761 91 22 emellan

80 798 98 22 enskilda
190 804 103 20 personer
308 798 76 21 endast
397 797 45 22 ifall
458 798 122 20 densamma
593 796 55 22 inför
669 796 161 22 vederbörande

79 832 147 27 myndigheter
240 834 79 25 upptes
335 832 101 21 behöfver
445 832 103 26 karteras,
556 832 73 21 kunde
638 831 130 22 ätminstone
775 830 54 22 tills-

78 867 74 22 vidare
173 866 125 27 bibehållas,
315 866 41 22 och
370 865 175 28 förändringarna
559 866 127 21 inskränkas
702 865 34 22 till
751 864 77 28 aflägs-

79 902 71 21 nande
173 901 23 22 af
215 902 67 27 nägra
302 901 200 22 missförhällanden
518 901 8 21 i
541 900 101 22 afseende
657 901 13 20 ä
684 900 146 27 stämpelpap-

78 936 151 28 persafgiftens
252 936 120 27 utgörande
394 937 56 20 samt
468 935 34 22 till
516 935 120 27 förhöjning
650 935 24 21 af
686 941 29 15 nu
730 935 100 26 gällande

78 972 229 27 kartasigillatasatser
319 971 67 27 jemte
400 971 106 26 reglering
521 970 23 21 af
556 971 42 21 den
612 969 190 28 förbegagnandet
810 969 24 22 af

79 1007 173 27 stämpelpapper
267 1005 127 22 föreskrifna
407 1005 168 26 klassindelning
590 1004 22 22 af
629 1005 115 21 embetsver
752 1000 48 38 ken.

146 1041 11 21 I
172 1041 76 21 sådant
264 1040 99 22 afseende
378 1039 32 22 får
424 1040 113 21 Utskottet
551 1039 33 21 till
599 1039 130 22 Ständernas
745 1038 85 27 bepröf-

79 1076 69 21 vande
170 1076 7 21 i
198 1075 89 22 främsta
308 1076 92 20 rummet
418 1074 132 26 öfverlemna,
566 1074 105 21 huruvida
683 1073 49 22 icke
749 1073 41 22 den
805 1073 24 22 ät

80 1111 105 27 allmogen
208 1110 12 21 &
242 1110 78 26 landet,
344 1109 158 27 gemenskapen
522 1108 36 21 vid
574 1108 106 21 militären
696 1108 42 21 och
752 1113 26 16 en
794 1107 35 22 del

80 1147 50 20 dess
145 1145 120 22 vederlikar
280 1144 23 21 af
316 1144 59 21 älder
389 1143 107 27 medgifna
509 1142 100 22 befrielse
624 1142 40 21 och
678 1142 92 27 lindring
784 1141 46 22 iaf-

80 1181 79 22 seende
180 1181 14 20 &
214 1179 79 22 bruket
315 1178 22 21 af
357 1178 178 27 stämpelpapper,
550 1177 64 22 hvars
628 1176 151 28 upphäfvande
793 1176 36 21 vid

80 1217 86 20 senaste
188 1216 32 19 tre
242 1214 127 25 landtdagar
383 1213 108 26 päyrkats,
506 1218 48 15 men
569 1211 23 22 af
604 1211 162 22 Bondeständet
780 1211 50 21 här-

80 1249 66 22 intills
161 1250 112 25 motsagts,
288 1248 72 21 kunde
374 1247 33 21 för
421 1246 112 22 framtiden
547 1246 46 21 helt
601 1245 39 22 och
647 1245 68 21 hället
724 1244 104 27 upphöra.

148 1284 76 20 Denna
236 1281 208 27 undantagsförmän,
461 1286 45 15 som
520 1280 68 21 under
602 1279 116 27 förgängna
726 1278 58 22 tider
791 1278 37 22 be-

80 1318 80 26 tingats
183 1317 45 20 dels
251 1316 23 21 af
292 1316 27 20 dä
334 1316 97 25 gällande
443 1314 153 27 jemförelsevis
611 1314 57 26 höga
682 1313 146 26 stämpelpap-

80 1350 142 28 persafgifter,
244 1350 44 21 dels
304 1349 41 21 ock
359 1348 21 21 af
393 1348 206 26 penningestockens
614 1347 85 26 ringhet
714 1346 41 21 och
769 1352 58 20 myn-

80 1386 44 21 tets
140 1383 62 23 deraf
214 1383 106 22 beroende
336 1381 126 28 sällsynthet
476 1381 140 27 synnerligast
630 1381 28 26 pä
672 1379 154 28 landsbygden,

81 1420 39 21 har
134 1425 88 16 numera
236 1418 55 21 intet
305 1416 155 27 berättigande,
476 1415 40 22 och
532 1415 64 27 enligt
604 1415 36 22 det
647 1414 115 22 Utskottet
769 1413 59 22 med-

151 1461 205 24 Bevillningsutskottets
371 1459 113 19 betänkande
498 1459 36 18 N:o
549 1457 17 20 1.
