1023 1695
237 151 13 21 6
398 150 79 23 Ständ.
492 149 37 24 Sv.
545 163 27 3 —
586 150 71 27 Prop.
672 151 40 22 N:o
725 150 39 26 40,

212 218 49 29 ling,
280 217 70 23 funnit
371 218 126 28 lottningens
519 218 144 22 bibehällande
683 218 46 22 icke
750 218 72 22 kunna
841 218 109 23 undvikas.

213 253 102 21 Deremot
327 253 44 26 har,
386 252 24 22 af
421 253 51 26 skäl,
487 253 72 21 hvilka
573 253 67 21 under
655 253 13 26 &
684 253 27 21 14
725 252 58 22 skola
797 252 99 29 angifvas,
912 252 40 22 den

214 287 120 28 förändring
351 287 8 21 i
376 288 13 25 8
409 288 12 21 8
439 287 103 28 vidtagits,
561 289 30 20 att
609 287 25 22 de
656 287 121 29 uppbädade
796 287 156 29 värnepligtige,

213 321 74 22 hvilka
300 321 47 22 icke
361 321 106 29 förpligtas
482 321 33 22 till
528 321 81 22 inträde
622 321 8 21 i
643 321 71 22 aktiva
724 324 76 23 armen,
811 321 19 28 ej
840 321 112 22 inskrifvas

213 355 37 23 vid
263 355 138 27 landtvärnet,
416 358 50 19 utan
484 357 97 21 anställas
598 355 36 22 vid
648 363 103 14 reserven.
785 355 83 22 Genom
886 355 68 22 denna

213 390 121 29 förändring
348 390 73 22 vinnes
436 390 61 23 äfven
512 391 40 21 den
567 390 129 29 väsendtliga
706 390 72 26 fördel,
789 392 30 20 att
832 391 65 21 lotten
907 390 46 22 icke

214 433 58 14 mera
286 425 40 22 blir
340 424 144 29 skiljedomare
500 425 78 22 mellan
599 425 12 22 &
625 433 40 13 ena
679 425 59 22 sidan
755 427 31 19 tre
801 424 32 22 års
848 425 106 29 tjenstetid

214 459 8 22 i
239 459 72 22 aktiva
332 462 71 19 armén
425 460 39 21 och
480 459 44 22 åtta
544 459 32 22 års
595 459 8 22 i
623 466 103 19 reserven,
741 460 54 21 samt
808 459 13 21 &
836 459 39 21 den
890 459 64 22 andra

215 493 40 22 den
269 495 74 20 nästan
357 493 118 22 illusoriska
488 494 143 29 värnepligten
646 493 8 22 i
668 493 137 26 landtvärnet,
816 495 52 20 utan
882 493 73 22 endast

214 527 78 22 mellan
313 527 80 22 inträde
415 527 8 22 i
445 528 40 21 den
506 528 72 22 aktiva
599 530 70 19 armén
684 527 51 22 eller
749 527 8 21 i
770 535 104 14 reserven.
904 527 49 22 Den

214 561 71 29 tyngd,
301 569 48 17 som.
360 561 93 22 vidläder
469 562 122 29 lottningen,
606 562 63 21 sädan
688 562 40 21 den
742 561 8 22 i
764 561 154 29 propositionen
932 567 23 16 är

214 595 121 30 föreslagen,
351 596 75 22 blifver
440 597 120 28 härigenom
575 597 7 21 i
596 597 41 28 hög
651 596 51 29 grad
716 595 133 23 förminskad.

282 631 13 21 I
310 632 13 25 8
339 631 12 21 9
366 631 38 21 har
419 633 29 20 ett
462 631 151 28 förtydligande
627 630 72 29 tillägg
713 630 23 22 af
749 630 57 22 ordet
819 630 75 27 »året»,
906 631 48 21 mel-

215 665 34 22 lan
264 665 64 22 orden
345 665 94 22 »hvilka>
457 666 39 21 och
512 665 67 22 »före»
596 665 107 22 befunnits
717 665 78 28 nödigt.

283 700 14 26 $
313 700 25 21 11
353 700 44 26 har,
412 699 67 22 såsom
494 699 127 29 öfverflödig,
636 701 77 20 ansetts
728 699 72 22 kunna
814 699 55 29 utgå.

282 734 50 21 Den
345 733 9 22 i
369 735 13 26 $
398 735 26 20 12
438 734 109 29 uppstälda
565 734 86 29 princip,
668 733 65 29 enligt
751 733 87 22 hvilken
856 734 36 21 det
906 741 48 14 vore

216 777 26 13 en
259 769 54 21 finsk
333 769 91 28 yngling,
443 769 46 22 från
508 769 35 22 det
560 769 41 21 han
616 768 40 29 fylt
670 768 79 29 sjutton
763 768 28 26 år,
806 767 105 29 förbjudet
924 770 31 20 att

215 803 46 22 från
275 803 71 22 landet
360 803 88 28 utflytta,
464 811 61 21 synes
542 805 73 26 utgöra
629 805 30 19 ett
673 803 115 28 betänkligt
802 803 86 28 ingrepp
903 803 52 22 både

215 838 8 21 i
238 837 40 22 den
292 837 129 22 individuela
435 837 90 22 friheten
540 838 39 21 och
592 837 8 22 i
614 837 137 22 föräldrarnes
761 837 103 28 naturliga
874 839 41 20 rätt
925 839 30 20 att

215 873 114 20 bestämma
343 879 33 14 om
392 872 58 21 deras
464 877 56 16 ännu
535 871 112 29 omyndiga
656 872 61 21 barns
727 871 147 29 uppehållsort.
894 871 60 22 Bibe-

216 906 106 22 hållandet
343 905 23 22 af
385 906 56 22 detta
463 907 112 28 stadgande
593 906 72 21 kunde
681 906 34 22 till
729 906 95 29 exempel
838 905 62 22 hafva
915 906 40 21 den

215 940 84 29 påföljd,
317 942 31 20 att
367 948 25 14 en
412 941 49 28 rysk
475 941 100 28 inföding,
590 940 89 22 hvilken
693 940 70 22 blifvit
776 940 54 21 finsk
844 939 110 22 undersåte

216 975 38 22 och
268 975 38 22 har
320 975 39 22 här
372 983 114 21 uppvuxna
500 980 66 21 söner,
582 975 73 26 skulle,
666 975 45 21 ifall
725 975 42 21 han
781 975 50 21 ville
845 974 33 22 till
892 975 63 28 Ryss-

216 1009 49 22 land
286 1009 109 29 återflytta,
414 1009 31 22 för
466 1011 30 21 att
517 1009 37 22 der
568 1009 41 22 låta
627 1009 47 21 dem
689 1008 92 29 undergå
795 1009 122 28 värnepligt,
933 1016 21 14 se

216 1044 31 29 sig
261 1043 92 23 härifrån
367 1044 93 22 hindrad.
490 1044 49 22 Med
557 1044 45 22 skäl
615 1043 59 22 torde
689 1043 62 22 äfven
765 1044 72 21 kunna
850 1043 105 29 ifrågasät-

216 1081 37 23 tas,
273 1078 104 22 huruvida
391 1079 35 21 det
443 1083 23 17 är
480 1079 47 21 med
543 1087 26 13 en
583 1079 54 21 sund
656 1077 130 29 lagstiftning
800 1077 156 22 öfverensstäm-

216 1113 81 26 mande,
318 1114 31 20 att
366 1120 26 14 en
411 1112 249 30 värnepligtsförfattning
678 1112 53 21 skall
749 1111 21 22 få
784 1112 88 21 inverka
886 1111 26 30 på
927 1111 29 22 så-

217 1147 53 21 dana
284 1154 107 21 personers
411 1147 104 28 ställning,
530 1147 72 22 hvilka
621 1151 57 17 ännu
692 1146 47 22 icke
754 1151 35 17 äro
803 1146 152 22 underkastade

217 1181 149 28 värnepligten.
397 1181 116 22 Ständerna
531 1181 63 22 hafva
607 1181 130 21 fördenskull
752 1183 67 19 ansett
834 1180 121 29 paragrafen

217 1216 49 21 böra
280 1223 25 14 ur
319 1216 60 28 lagen
393 1215 55 29 utgå.

284 1249 44 21 Det
346 1249 8 21 i
372 1250 13 25 8
406 1249 25 21 13
449 1249 101 28 ingående
569 1249 118 27 stadgande,
706 1251 31 19 att
757 1249 62 21 äfven
836 1249 31 24 de,
883 1249 72 20 hvilka

217 1282 69 22 blifvit
300 1282 74 22 dömde
391 1282 33 22 till
442 1282 151 26 tukthusstraff,
609 1282 18 28 ej
643 1283 53 27 finge
711 1282 81 21 inträda
806 1282 8 21 i
828 1282 126 28 krigstjenst,

217 1317 38 22 har
273 1319 77 20 ansetts
368 1317 50 22 böra
436 1317 50 29 utgå
504 1316 23 22 af
543 1317 45 22 skäl
603 1318 30 20 att
651 1317 86 21 brottets
752 1317 37 21 och
804 1316 47 22 icke
865 1317 90 22 straffets

217 1353 32 20 art
263 1351 37 22 bör
314 1359 49 14 vara
378 1351 40 22 den
432 1351 8 22 i
454 1351 135 22 förevarande
603 1351 37 22 fall
654 1351 154 22 bestämmande
823 1351 88 27 faktorn,
928 1351 27 22 äf-

218 1393 85 15 vensom
317 1387 31 21 att
362 1386 147 22 tukthusstraff
520 1386 47 22 icke
581 1385 159 30 nödvändigtvis
750 1385 120 23 förutsätter
880 1394 26 13 en
916 1386 39 21 för-

217 1421 96 28 brytelse,
329 1428 44 14 som
393 1420 93 23 vittnade
506 1428 34 14 om
554 1420 73 22 sådant
645 1420 108 22 moraliskt
766 1420 79 22 förderf
860 1421 37 21 hos
912 1429 42 20 ger-

217 1455 158 30 ningsmannen,
390 1457 31 20 att
435 1456 51 24 hans
501 1455 131 25 uteslutande
647 1463 25 13 ur
686 1455 120 30 krigstjenst
820 1455 60 22 deraf
889 1455 65 22 måste
