1042 1692
228 146 13 20 8
539 144 53 22 N:o
607 143 45 23 839.

201 212 170 26 kofferdifartyg,
387 214 56 19 samt
457 212 109 21 enskildes
581 212 137 26 tjenstehjon,
734 212 109 21 äfvensom
852 213 43 21 alla
905 213 38 21 här

200 246 142 28 uppräknade
356 252 114 20 personers
486 246 88 21 hustrur
589 246 40 20 och
645 245 67 21 enkor
720 245 95 27 lindring
825 246 8 21 i
848 246 19 21 så
876 246 68 22 måtto

202 282 33 20 att
254 280 33 21 för
306 280 48 21 dem
370 280 109 27 begagnas
494 280 174 27 stämpelpapper
683 279 77 22 endast
776 280 34 21 till
824 279 84 23 hälften
923 280 23 21 af

203 315 37 21 det
254 314 72 27 värde,
342 320 45 15 som
402 314 7 20 i
425 315 70 20 denna
510 313 11 27 $
536 314 33 21 för
585 314 74 26 hvarje
674 313 39 22 fall
725 313 68 22 finnes
804 315 75 25 utsatt,
890 314 55 21 dock

202 349 18 26 ej
243 349 6 20 i
272 348 72 27 nägon
366 347 102 22 händelse
490 348 69 21 under
581 347 62 28 tjugu
666 347 66 27 penni
754 347 34 22 för
803 348 68 21 arket.
901 348 43 21 An-

202 383 84 26 gäende
305 382 165 27 ifrägavarande
489 388 115 21 personers
623 381 102 26 befrielse
739 381 47 22 frän
802 383 143 26 stämpelpap-

202 423 38 20 per
263 417 39 20 hos
324 416 60 21 Hans
405 416 122 27 Kejserliga
547 416 103 27 Majestät
670 416 40 21 och
725 416 94 22 Senaten
835 417 110 26 stadgas
933 412 15 36 i

202 451 12 26 8
230 451 26 20 14
271 456 62 15 mom.
349 450 33 21 38.

272 483 145 28 Anmärkning
435 483 21 20 2.
492 484 42 21 För
552 483 79 27 bilaga,
647 489 45 15 som
707 483 74 22 består
797 483 22 22 af
833 483 52 22 flera
900 483 45 27 ark,

204 518 109 21 erfordras
335 517 63 22 karta
415 519 78 20 endast
515 518 71 21 säsom
605 517 34 22 för
657 519 33 20 ett
705 517 46 22 ark.
781 517 98 22 Skrifvas
894 517 52 22 flera

202 553 85 26 bilagor
302 552 28 27 pä
344 553 32 20 ett
391 552 45 26 ark,
452 552 107 21 beräknas
574 551 63 22 karta
652 551 33 21 för
699 551 75 27 hvarje
790 551 73 22 sädan.

271 585 147 28 Anmärkning
435 585 22 21 3.
489 586 142 27 Handlingar,
654 591 45 16 som
719 585 57 22 inför
790 586 103 21 Notarius
907 592 38 21 pu-

204 621 68 22 blicus
288 620 80 21 företes
383 620 7 21 i
406 620 101 21 afseende
522 620 12 21 &
550 620 41 21 den
605 619 28 28 pä
648 620 78 21 honom
737 619 156 23 ankommande
903 627 42 14 em-

203 655 134 27 betsätgärd,
352 654 93 22 behöfva
460 655 48 20 icke
522 654 34 21 för
571 654 78 22 sådant
664 654 98 21 ändamål
777 655 105 21 karteras.

272 688 146 28 Anmärkning
434 688 18 20 4.
481 689 133 21 Instrument
629 687 60 22 öfver
704 688 181 28 bouppteckning,
901 695 45 15 som

205 722 23 21 af
248 722 205 27 Magistratsperson
476 723 109 25 förrättas,
610 721 103 22 behöfver
736 722 47 21 icke
803 723 143 26 ovilkorligen

205 756 93 21 skrifvas
317 756 27 27 pä
360 757 178 26 stämpelpapper,
560 758 51 19 utan
626 756 42 21 kan
684 755 64 22 äfven
763 757 28 26 pä
805 757 83 26 vanligt
904 758 43 20 sätt

204 790 110 27 beläggas.

272 824 147 28 Anmärkning
439 824 20 20 5.
488 824 104 22 Finlands
607 824 72 22 Banks
695 825 74 21 vexlar
784 825 39 21 och
839 825 107 22 anvisnin-

204 866 39 20 gar
265 859 102 23 hänföras
391 858 48 22 icke
458 859 33 21 till
506 859 81 21 sädana
603 859 174 22 embetsverkens
792 860 155 26 expeditioner,

205 899 45 15 som
265 892 63 22 skola
341 892 99 22 utfärdas
456 892 27 27 pä
498 893 178 27 stämpelpapper.

552 967 11 27 8
579 969 20 19 5.

272 1029 142 26 Domstolars,
429 1029 154 21 auktoriteters
598 1031 56 19 samt
662 1030 143 21 embetsmäns
816 1032 70 25 öppna
894 1030 53 27 bref,

204 1063 140 27 intyganden,
369 1063 61 21 bevis
453 1063 39 21 och
515 1063 70 27 öfriga
604 1063 155 27 expeditioner,
779 1070 46 15 som
841 1064 18 27 ej
875 1064 74 22 kunna

204 1096 103 22 hänföras
333 1097 68 21 under
423 1097 27 21 de
472 1097 7 20 i
502 1098 11 26 &
536 1097 11 21 4
570 1098 133 25 omnämnda,
727 1097 62 21 skola
809 1098 92 20 skrifvas
921 1098 28 26 pä

205 1130 116 27 stämpladt
340 1136 83 22 papper
442 1131 33 21 till
500 1132 180 26 nedanupptagna
695 1132 88 25 värden,
798 1138 45 14 som
859 1134 37 19 äro
912 1132 37 22 be-

205 1165 85 20 stämda
313 1164 33 21 för
368 1164 49 22 hela
438 1165 158 26 expeditionen,
612 1166 53 20 utan
681 1164 104 22 afseende
801 1166 12 20 å
828 1165 51 21 vidd
895 1166 53 20 eller

205 1198 77 21 arktal.
313 1198 45 21 Och
373 1198 107 28 iakttages
496 1199 75 21 härvid
586 1198 34 22 för
635 1199 66 27 öfrigt
716 1200 39 25 att,
771 1199 38 21 der
819 1200 129 26 stämpelbe-

205 1232 74 26 loppet
298 1232 88 20 utfaller
407 1233 8 19 i
441 1232 76 21 sådant
536 1233 37 25 tal,
589 1233 67 20 hvarå
671 1233 90 25 stämpel
777 1233 19 26 ej
812 1232 68 22 finnes
896 1233 52 21 eller

204 1264 89 21 hvartill
312 1264 52 22 flera
382 1265 104 27 stämplar
500 1266 14 20 å
527 1266 84 21 mindre
625 1266 81 20 värden
721 1266 19 26 ej
755 1266 74 20 kunna
843 1272 105 15 samman-

202 1298 90 26 jemkas,
307 1298 36 22 må
357 1298 34 21 till
406 1299 151 26 expeditionen
572 1299 110 28 begagnas
699 1299 40 22 den
753 1299 61 27 lägre
822 1299 69 27 karta,
902 1306 46 16 som

204 1334 25 19 är
244 1332 66 28 sagde
325 1332 32 22 tal
372 1334 102 20 närmast.
