1045 1695
213 172 12 19 4
401 171 29 22 U.
446 171 27 22 B.
489 171 73 28 Prop.
581 184 23 3 —
621 171 45 22 N:o
681 171 36 22 44.

183 233 52 22 flere
250 233 73 22 ständs
339 233 94 21 derifrän
455 234 112 21 afvikande
587 233 78 26 beslut,
682 234 123 27 härigenom
825 233 108 22 vördsamt

184 268 32 21 till
231 267 100 23 ständens
347 269 130 26 granskning
493 268 39 21 och
548 268 155 28 godkännande
716 268 113 21 hemställa
840 268 93 27 följande

184 302 81 29 förslag
280 303 41 21 till:

320 372 90 23 Första
428 372 367 29 omröstningspropositioren.

320 413 47 21 Den
390 420 45 14 som
458 413 123 27 godkänner
604 414 11 26 $
640 415 11 18 3
675 421 62 13 mom.
764 414 6 19 1
793 414 5 19 i
819 414 115 20 utskottets

252 446 313 29 sammanjemnkningsförslag
584 448 32 20 till
632 447 124 28 förordning
772 446 110 29 angäende
897 447 35 21 be-

252 481 94 21 kännare
362 481 24 21 af
399 481 132 22 främmande
553 482 80 21 kristen
656 481 93 22 troslära
763 482 7 20 i
788 481 89 22 Finland
894 481 38 22 och

253 515 62 22 deras
330 515 167 28 religionsfrihet
512 517 70 20 röstar

539 551 40 28 ja;

321 596 39 21 den
377 603 45 15 som
438 597 45 22 icke
499 597 123 28 godkänner
638 597 58 22 detta
711 599 94 20 moment
820 598 71 21 röstar

533 644 52 28 nej;

319 689 74 21 vinner
416 689 33 27 nej
471 689 96 22 kommer
591 689 164 28 ifrägavarande
782 693 92 18 moment
902 693 32 18 att

252 723 82 22 erhälla
349 723 40 22 den
405 724 35 21 för
460 724 119 22 detsamma
593 725 7 20 i
616 725 40 21 den
676 724 79 28 nädiga
773 725 160 27 propositionen

252 758 123 27 föreslagna
391 757 86 29 lydelse.

321 822 87 23 Andra
431 823 365 29 omröstningspropositionen.

322 863 46 21 Den
383 870 45 15 som
444 864 123 27 godkänner
582 865 11 27 &
605 866 11 20 7
627 865 7 20 i
645 865 113 21 utskottets
769 865 163 28 sammanjemk-

252 897 150 29 ningsförslag,
417 899 70 21 röstar

536 934 39 28 ja;

322 979 41 22 den
378 986 46 15 som
438 979 47 22 icke
499 979 124 28 godkänner
638 980 58 22 detta
712 981 79 28 förslag
807 982 70 21 röstar

532 1020 53 29 nej;

320 1072 73 21 vinner
408 1072 40 27 nej,
464 1072 95 22 kommer
578 1073 68 21 denna
665 1075 11 26 &
696 1075 32 20 att
747 1073 81 22 erhålla
847 1074 40 21 den
902 1075 30 28 ly-

253 1106 57 21 delse
325 1107 149 21 motsvarande
489 1107 12 27 $
516 1106 40 22 har
571 1107 6 21 i
593 1107 40 22 den
648 1106 80 29 nädiga
742 1109 166 26 propositionen.

320 1181 90 30 Tredje
429 1183 366 28 omröstningspropositionen.

320 1229 46 20 Den
385 1235 44 14 som
452 1229 123 26 godkänner
595 1231 9 18 1
626 1237 62 13 mom.
704 1229 24 21 af
741 1231 11 25 $
768 1231 13 18 8
797 1231 6 19 i
819 1230 113 21 utskottets

254 1262 80 27 förslag
350 1263 70 20 röstar

539 1296 39 29 ja;

321 1354 47 27 den,
385 1362 45 15 som
445 1355 46 22 icke
506 1355 123 28 godkänner
644 1356 93 22 berörda
752 1360 99 24 moment,
862 1359 71 20 röstar

531 1397 53 28 nej;

320 1454 73 21 vinner
416 1455 38 26 nej,
477 1456 25 19 är
524 1455 40 22 den
587 1455 79 28 nådiga
687 1457 173 26 propositionens
887 1458 46 21 för-

252 1489 185 28 fattningsförslag
451 1489 7 20 i
475 1489 69 22 denna
559 1489 34 22 del
608 1492 93 26 antaget.

253 1530 61 17 Andra
326 1529 70 22 bilagan
409 1530 27 17 till
447 1531 124 22 Lagutskottets
583 1531 103 18 betänkande
699 1532 34 17 N:o
746 1532 26 17 14.
