1045 1698
296 139 25 18 U.
337 140 29 16 B.
382 149 28 3 —
426 139 80 23 Prop.
522 139 47 17 N:o
584 141 39 16 40.
772 138 24 19 39

85 205 96 26 inrymda
204 205 134 26 stadganden.
368 205 63 28 Utom
453 207 32 19 för
507 206 25 19 de
555 207 64 18 under
642 206 75 19 nämda
746 206 80 25 lagrum

87 239 82 26 angifna
192 239 127 26 kategorier,
342 245 61 19 synes
418 239 81 20 ilikhet
514 239 46 19 med
583 239 54 19 hvad
652 239 6 19 i
674 239 65 19 andra
753 242 72 16 värne-

86 273 213 26 pligtsförfattningar
314 276 22 16 är
351 273 58 19 fallet
419 273 81 20 tillfälle
513 273 51 20 böra
587 273 72 19 beredas
668 273 77 19 enhvar
756 273 69 19 strids-

88 307 69 26 duglig
174 307 39 19 och
228 307 45 18 välfi

87 340 86 27 obligat
516 341 19 19 la
551 341 4 19 i
572 341 38 20 den
627 341 152 26 värnepligtiga
794 347 31 13 ar-

88 377 56 18 méns
167 375 63 19 leder,
262 375 44 20 Och
322 375 33 25 då,
371 375 64 26 enligt
451 375 117 20 Utskottets
584 376 53 25 åsigt
652 375 153 25 volontärerne,
819 375 5 18 i

305 307 39 19 dad
361 307 51 19 finsk
430 307 136 25 medborgare
583 309 30 17 att
628 306 33 19 vid
677 307 59 19 sidan
752 306 22 19 af
786 306 38 20 den

213 340 26 19 ka
261 341 168 26 militärtjensten
453 341 41 19 intr

87 409 62 20 likhet
169 409 45 19 med
230 409 32 19 det
280 410 6 18 i
303 411 8 22 $
329 409 24 19 82
371 409 110 20 omnämda
497 409 45 20 slag
559 407 23 22 af
596 409 103 26 frivillige,
715 409 51 20 böra
781 409 45 19 från

87 444 84 19 årskont

210 445 61 18 enten
280 444 23 19 af
316 444 150 26 värnepligtige
483 444 103 26 afräknas,
606 451 63 18 synas
685 443 142 26 stadgandena

88 478 72 19 härom
182 477 57 26 långt
262 477 53 20 ifrån
338 479 30 17 att
391 478 31 19 stå
439 477 127 20 främmande
583 478 31 19 för
631 476 195 27 värnepligtslagen,

88 511 60 20 fastm
208 512 5 17 i
230 511 121 20 densamma
373 511 63 20 hafva
458 512 30 19 sin
512 516 103 21 naturliga
630 511 59 26 plats.
721 510 28 19 Af
762 511 64 19 sådan

89 545 111 26 anledning
214 545 38 20 har
267 545 105 20 Utskottet
390 553 23 12 ur
429 545 34 20 det
480 545 22 20 af
515 553 25 12 en
555 546 135 19 kommission
705 544 121 20 utarbetade

89 579 38 20 och
149 579 107 20 Utskottet
273 579 92 26 deloifna
380 580 78 25 förslag
475 580 29 19 till
520 580 170 25 värnepligislag,
706 579 52 19 efter
774 579 52 19 före-

87 614 90 26 tagande
200 615 23 18 af
240 614 65 26 några
320 617 78 16 smärre
414 614 117 27 ändringar,
547 614 6 19 i
579 613 126 27 lagförslaget
719 613 63 20 infört
798 614 30 17 ett

86 648 80 25 kapitel
189 655 32 12 om
248 649 128 19 volontärer,
399 648 78 19 hvilket
498 649 111 18 återfinnes
625 648 64 19 under
704 650 21 21 $$
742 647 38 19 100
796 647 31 19 till

87 682 40 19 104
142 683 6 18 i
164 682 39 19 den
220 683 23 19 af
257 683 106 19 Utskottet
378 683 119 25 föreslagna
513 683 112 24 lagtexten.

156 722 54 27 Kap.
227 722 44 21 XV
288 723 114 25 uppställer
417 723 108 26 principen
541 725 29 17 att
586 724 66 18 staten
669 722 51 19 eller
734 721 92 20 kommu-

87 763 39 13 nen
150 757 80 26 åligger
250 757 79 19 vården
348 763 31 13 om
404 757 25 19 de
446 757 104 26 krigsmän
567 756 33 20 vid
617 757 70 18 aktiva
703 758 69 17 armén
788 754 38 20 och

512 790 79 26 lande,
613 790 68 19 blifvit
706 783 121 32 oförmögne

542 824 107 20 äfvensom
665 830 33 13 om
720 823 26 20 de
761 822 66 20 famil-

85 861 40 25 jer,
148 860 68 19 hvilka
241 866 75 20 genom
332 859 162 26 familjefadrens
510 858 119 20 inkallande
645 858 29 19 till
684 857 144 27 ijenstgöring,

87 894 69 20 blifvit
178 894 114 20 beröfvade
315 894 35 19 sitt
372 894 136 18 ekonomiska
532 893 52 19 stöd.
613 892 48 20 Med
683 892 86 19 rättvisa
788 890 39 20 och

87 928 93 26 Dillighet
205 928 228 20 öfverensstämmande
448 934 62 20 synes
526 927 61 20 äfven
603 934 56 18 vara,
674 928 31 18 att
720 925 109 21 samhället

87 964 5 18 i
109 964 47 19 dess
172 964 75 19 helhet,
265 963 5 18 i
286 963 78 19 sådana
379 962 42 25 fall,
438 962 119 25 öfvertager
572 960 143 27 förpligtelsen
725 962 29 18 att
765 956 64 35 lindra

86 797 104 14 reserven,
213 791 77 20 hvilka,
314 793 47 17 utan
385 794 47 23 eget
457 790 50 20 förvä

492 831 26 14 ns

88 828 30 17 att
133 825 71 19 vidare
223 825 95 19 fortsätta
334 825 30 19 sin
381 825 89 26 tjenstgö

88 998 25 19 de
135 997 105 23 lidanden,
262 997 71 19 hvilka
355 996 147 26 skyldigheten
526 997 29 18 att
577 996 94 19 försvara
693 993 136 21 fosterlandet

87 1032 40 18 kan
146 1032 76 19 bereda
238 1031 39 19 den
293 1030 100 21 enskilde.

154 1083 70 19 Under
233 1082 152 26 godkännande
394 1082 22 20 af
423 1082 88 26 kapitlet
526 1082 6 19 i
547 1081 114 20 hufvudsak
678 1081 37 19 har
725 1080 105 20 Utskottet

89 1118 53 20 dock
166 1119 67 17 ansett
257 1119 27 17 ett
302 1117 73 25 tillägg
391 1116 30 19 till
437 1116 12 26 $
466 1115 37 20 112
519 1116 23 19 af
556 1115 98 20 behofvet
670 1114 114 26 påkalladt,
799 1113 30 20 af-

89 1152 76 20 seende
182 1155 20 15 att
227 1153 29 17 ett
272 1151 23 19 af
307 1151 126 19 kommunen
449 1150 65 26 gifvet
528 1149 113 20 understöd
656 1150 21 18 åt
685 1149 83 19 hustrur
780 1147 50 20 eller

89 1186 113 26 omyndiga
225 1186 40 19 och
288 1184 117 27 oförsörjda
427 1184 57 25 barn,
499 1184 82 20 hvilkas
596 1186 47 17 män
659 1183 50 20 eller
725 1182 58 19 fäder
798 1181 31 20 stå

88 1221 6 19 i
110 1221 57 19 aktiv
183 1221 62 25 tjenst
260 1220 47 19 icke
323 1219 33 19 må
374 1219 24 19 af
411 1218 167 26 familjefäderna
586 1217 108 20 affordras.
724 1217 106 24 Derjämte

88 1255 39 20 har
150 1254 106 19 Utskottet
276 1253 66 20 funnit
364 1253 77 26 skäligt
457 1254 29 17 att
503 1253 45 18 från
561 1251 71 27 ofvan?
642 1251 68 20 nämda
721 1250 109 20 kommité-

90 1289 132 20 betänkande
245 1287 68 20 införa
336 1286 116 27 stadgande
474 1286 78 26 derom,
576 1288 29 17 att
621 1284 88 21 särskild
725 1283 106 21 föreskrift

89 1323 54 18 skall
164 1321 94 19 utfärdas
280 1321 109 24 angående
413 1320 79 18 vården
514 1320 23 18 af
553 1319 25 18 de
595 1319 94 24 familjer,
703 1318 82 19 hvilkas
800 1317 29 19 fa-

90 1354 116 25 miljefäder
231 1356 70 23 stupat
316 1353 51 19 eller
383 1353 117 19 försvunnit
514 1353 6 18 i
538 1352 52 25 krig,
607 1352 51 19 eller
673 1351 46 19 dött
733 1351 31 18 till
780 1350 51 25 följd

90 1388 23 20 af
126 1388 100 25 blesyrer.

837 720 47 27 Kap.
892 719 34 21 XV.

156 1434 46 19 Den
217 1434 6 19 i
238 1433 56 27 Kap.
314 1432 56 21 XVI
383 1432 100 25 stadgade
500 1431 87 26 ordning
597 1431 33 19 för
646 1430 73 20 besvär
734 1431 7 18 i
756 1433 72 16 värne-
836 1429 94 27 Kap.XVI.

87 1469 156 28 pligtsärenden
265 1469 36 18 har
317 1468 6 19 i
337 1466 117 21 hufvudsak
471 1465 67 20 blifvit
554 1465 23 19 af
589 1465 107 20 Utskottet
717 1464 112 27 godkändt.

159 1508 196 23 Värnepligtsutskottets
368 1506 110 18 Betänkande
491 1505 33 17 N:o
538 1505 14 17 1.
