1045 1700
233 171 26 20 60
411 170 27 18 U.
451 172 29 16 B.
498 181 8 2 -—
529 172 80 22 Prop.
622 172 45 16 N:o
679 172 32 16 44

203 239 69 21 skulle
290 239 37 27 jag
351 240 27 26 pä
401 240 77 26 mänga
502 239 54 27 goda
582 239 44 21 skäl
649 239 109 21 vördsamt
779 239 50 27 vilja
844 239 87 27 tillägga

206 274 146 20 Universitetets
367 274 42 20 vice
425 274 92 20 Kansler.

258 307 42 21 Det
314 306 6 21 i
335 306 78 28 nädiga
428 307 161 27 propositionen
603 307 88 27 intagna
706 307 81 27 förslag
802 307 32 21 till
849 307 83 21 törord-

201 341 56 27 ning,
284 341 108 27 angäende
416 341 45 21 icke
485 340 80 22 kristne
580 341 168 21 trosbekännare
763 342 6 20 i
786 341 89 21 Finland
891 342 39 20 och

200 375 47 21 dem
255 375 119 27 medgifven
382 375 172 27 religionsfrihet,
570 375 39 21 och
618 376 160 26 Lagutskottets
794 376 96 21 deröfver
900 377 30 20 af-

199 409 59 21 lätna
272 409 134 21 betänkande
420 410 42 20 kan
474 410 37 27 jag
526 410 18 28 ej
566 410 84 21 biträda
665 410 23 21 af
699 410 95 28 följande
809 410 56 21 skäl:
896 411 34 21 det

198 444 109 20 förefaller
321 444 43 27 mig
375 444 64 20 minst
449 444 63 30 sagdt
526 444 121 28 oegentligt,
663 447 32 18 att
709 444 96 28 lagstifta
819 445 34 21 för
868 446 61 20 säda-

198 485 28 14 na
240 478 120 27 kategorier
375 478 23 21 af
411 479 127 25 menniskor,
554 486 46 14 som
615 478 117 22 tillsvidare
747 479 18 27 ej
780 479 69 21 finnas
865 480 7 20 i
884 480 45 21 lan-

200 512 41 21 det.
279 512 105 21 Judarnes
408 512 184 28 medborgarerätt
613 514 24 19 är
652 513 128 21 åtminstone
796 513 18 27 ej
831 514 56 20 ännu
903 521 25 14 en

199 546 123 28 verklighet,
346 547 40 21 och
407 546 101 22 Finlands
527 547 134 28 lagstiftning
676 547 62 22 torde
753 548 18 27 ej
787 548 92 21 behöfva
893 549 35 21 be-

198 581 75 28 kymrä
287 581 32 27 sig
334 581 34 20 för
383 581 66 21 andra
465 583 26 19 än
506 581 69 21 finska
589 581 146 28 medborgare.
765 582 32 21 De
812 583 67 27 några
894 584 34 20 10-

199 615 50 21 eller
267 616 48 20 100-
330 615 30 21 tal
375 615 68 21 Judar
457 623 46 13 som
518 623 27 13 nu
562 615 68 21 finnas
645 616 6 20 i
666 615 73 22 landet
754 617 40 20 och
809 617 72 21 hvilka
895 618 33 20 till

198 649 35 21 det
255 651 67 19 mesta
343 649 61 21 torde
423 650 112 21 inkommit
552 657 75 20 genom
643 650 40 21 den
698 650 39 21 här
751 650 98 28 förlagda
863 652 64 27 ryska

196 683 113 26 militären,
333 683 85 21 komma
442 684 62 21 äfven
520 684 143 27 antagligtvis,
678 684 46 21 ifall
741 684 40 21 den
794 685 65 28 ryska
872 685 55 21 mili-

196 719 61 20 tären
271 718 45 25 här,
330 717 66 22 sedan
410 718 55 21 finsk
480 718 79 21 militär
575 719 117 26 uppsättes,
707 718 34 21 till
756 719 36 21 det
799 721 68 19 mesta
879 720 47 21 dra-

197 759 36 20 ges
249 752 47 21 från
311 752 78 26 landet,
405 752 7 20 i
428 759 81 14 samma
523 760 50 13 mon
588 754 32 19 att
635 753 135 26 förminskas,
781 753 100 22 hvarföre
896 755 30 20 äf-

197 793 39 14 ven
261 787 39 20 allt
320 786 137 27 lagstiftande
480 787 6 20 i
510 787 24 21 sä
555 787 39 20 fall
611 787 34 21 väl
660 786 40 22 kan
717 787 118 22 tillsvidare
858 789 67 20 anstä.

195 821 42 20 För
260 827 126 19 mormoner,
412 821 166 21 muhamedaner
603 821 40 21 och
665 821 117 28 hedningar
805 823 46 20 äter
865 822 61 21 torde

195 854 136 28 lagstiftning
346 855 18 27 ej
381 862 51 13 vara
446 855 135 28 synnerligen
596 855 23 21 af
632 855 100 22 behofvet
746 855 107 28 päkallad.

251 889 30 20 Pä
305 889 62 20 dessa
390 889 47 21 skäl
460 896 63 14 anser
541 889 44 27 jag,
603 889 8 20 i
625 889 67 21 likhet
707 889 48 21 med
769 890 156 27 kyrkomötet
913 885 15 36 i

194 917 46 26 Åbo
257 923 53 25 stad,
327 923 130 21 sistberörda
472 923 116 28 lagförslag
603 923 118 22 tillsvidare
735 924 73 21 kunna
817 924 106 22 umbäras.

568 975 36 22 El.
619 975 52 22 Mal.
687 976 143 27 Rosengren.

249 1034 69 21 Jemte
333 1033 35 22 det
380 1034 38 27 jag
433 1035 95 20 biträder
542 1035 151 22 ofvanstående
713 1037 130 21 reservation
860 1045 63 14 anser

190 1069 37 27 jag
252 1069 43 26 mig
317 1069 54 20 böra
394 1069 68 21 uttala
478 1069 39 21 den
532 1069 139 29 öfvertygelse
686 1072 32 19 att
733 1071 166 28 dissenterlagen
914 1073 7 20 i

192 1103 67 26 fråga,
284 1103 122 27 isynnerhet
430 1103 65 21 sådan
515 1103 39 21 den
573 1111 28 13 nu
617 1105 24 19 är
656 1104 137 27 formulerad,
809 1105 6 20 i
831 1105 91 22 Finland

192 1136 117 21 tillsvidare
324 1137 82 21 saklöst
421 1137 70 22 kunde
506 1138 106 21 umbäras.

638 1184 48 22 Jos.
702 1184 128 30 Grönberg.

247 1296 32 20 Då
292 1296 37 27 jag
344 1296 6 20 i
366 1296 105 28 egenskap
486 1296 24 21 af
523 1297 113 27 suppleant
651 1298 103 28 deltagiti
765 1299 152 29 behandlingen

191 1331 23 21 af
235 1331 118 27 Kejserliga
373 1331 160 27 propositionen
551 1332 92 21 rörande
658 1332 115 22 dissenters
789 1334 40 20 och
845 1334 73 22 dervid

190 1368 88 18 stannat
296 1366 7 20 i
319 1372 25 14 en
360 1365 46 21 från
421 1365 109 22 Utskottet
544 1366 113 22 afvikande
671 1368 57 27 åsigt
743 1368 132 22 beträffande
889 1370 29 21 22

189 1400 11 27 8
225 1400 6 20 i
253 1399 103 28 förslaget
377 1400 109 27 angående
506 1400 121 22 bekännare
650 1402 23 21 af
689 1402 132 22 främmande
835 1403 82 23 kristen

188 1434 92 21 troslära
302 1434 8 20 i
328 1434 98 26 Finland,
445 1434 67 22 finner
524 1435 37 28 jag
576 1436 43 27 mig
633 1436 64 21 häraf
709 1436 113 22 föranledd
837 1440 32 19 att
883 1445 33 15 re-

188 1468 149 21 servationsvis
359 1468 118 28 framlägga
499 1470 43 20 min
565 1470 136 28 uppfattning
719 1472 24 20 af
757 1472 76 26 denna,
848 1473 68 22 under

187 1503 50 21 våra
253 1502 148 22 förhållanden
416 1504 102 27 granlaga
532 1504 65 28 fråga.

253 1543 137 22 Lagutskottets
403 1544 115 19 betänkande
530 1545 34 18 N:o
578 1546 25 16 14.
