1028 1695
393 100 23 23 w

212 165 12 20 6
371 163 80 23 Ständ.
466 163 38 23 Sv.
519 176 27 3 —
561 164 70 27 Prop.
646 164 40 22 N:o
701 163 35 23 41.

183 231 141 30 komplicerad
338 231 161 29 sysselsättning.
529 231 89 22 Derföre
640 231 68 26 borde,
724 239 34 14 om
775 231 38 22 ock
826 231 8 21 i
848 230 72 29 början

183 274 26 14 en
224 268 42 20 stor
279 266 95 29 personal
395 265 101 22 befunnes
517 265 68 28 nödig,
602 273 26 14 en
642 265 34 22 del
690 265 60 22 deraf
762 265 46 22 icke
822 265 27 28 pä
870 264 52 22 ordi-

183 301 57 22 narie
254 302 42 21 stat
310 300 102 25 anställas,
430 302 51 19 utan
503 299 67 22 såsom
592 301 58 20 extra
671 299 95 22 hiträden
787 299 80 26 anlitas,
883 299 39 21 och

183 334 153 23 embetsverket
356 333 57 30 sjelft
433 336 106 27 upprättas
561 334 52 21 blott
627 334 8 21 i
649 334 35 22 det
698 333 116 29 mättligare
831 333 89 29 omfäng,

182 377 44 15 som
240 369 32 23 för
286 369 114 22 ärendenas
415 369 92 21 normala
521 368 54 29 gäng
589 368 108 29 verkligen
711 368 104 22 behöfves.

249 404 64 22 Hvad
334 403 64 29 angår
419 403 97 29 förslaget
529 403 8 21 i
551 403 83 28 bilagan
648 403 40 26 VI,
707 403 84 22 komma
812 402 44 22 deri
871 410 50 21 upp-

181 438 58 23 förda
253 438 86 29 utgifter
359 439 31 20 att
410 437 62 30 nägot
493 438 55 26 ökas,
565 437 67 22 derest
651 437 126 22 Ständernas
799 437 68 22 beslut
888 445 34 13 an-

181 473 79 29 gående
273 473 148 22 länenämdens
435 472 185 29 sammansättning
637 471 22 22 af
674 472 84 22 Eders
771 471 151 30 Kejserliga

181 507 127 30 Majestät
322 507 125 29 godkännes,
463 507 32 28 ity
509 509 31 20 att
555 507 24 22 de
597 507 62 21 bland
676 506 245 22 kommunalnämdernas

181 542 123 22 ordförande
318 541 86 22 utsedde
419 543 77 20 tvenne
511 541 113 22 ledamöter
638 541 63 22 borde
716 541 78 22 erhälla
808 541 113 22 resemedel

181 577 39 22 och
234 576 183 29 dagtraktamente.

247 611 45 21 Det
306 610 8 22 i
327 610 83 29 bilagan
424 610 25 21 II
463 609 101 30 ingående
581 609 149 22 «summariska
739 609 76 29 förslag
832 609 32 22 till
881 609 42 22 ärs-

180 645 78 28 budget
272 645 32 21 för
318 645 26 21 de
358 645 67 21 finska
439 646 86 27 trupper
539 644 38 21 och
591 643 91 22 militära
694 644 144 29 inrättningar,
848 643 74 23 hvilka

180 679 94 28 betingas
288 679 24 21 af
323 678 153 29 värnepligtens
491 678 114 26 införande,
621 677 106 23 äfvensom
747 678 32 22 för
798 678 65 29 öfriga
877 679 44 21 der-

181 714 48 22 med
242 713 99 22 förenade
355 712 106 29 utgifter»,
477 713 65 22 måste
551 712 78 29 jemväl
639 713 92 28 undergå
740 713 126 29 förändring,
877 713 44 22 der-

181 750 31 20 est
226 748 40 22 den
281 747 23 22 af
316 747 117 23 Ständerna
447 749 90 27 antagna
551 747 187 29 värnepligtslagen
753 747 74 23 vinner
836 748 84 22 Eders

180 782 152 29 Kejserliga
346 781 135 29 Majestäts
491 781 75 29 nådiga
576 781 134 22 stadfästelse.
733 782 115 29 Angående
858 783 62 22 titeln

179 817 162 28 färdpenningar
355 816 31 22 för
405 816 35 22 det
461 816 121 29 uppbådade
604 816 122 28 manskapet
740 817 49 21 böra
804 817 116 22 Ständerna

181 851 33 23 till
224 851 51 22 först
289 856 82 21 nämna,
384 852 30 21 att
424 850 122 27 Ständerna,
562 858 43 14 som
616 850 36 23 vid
661 850 153 30 behandlingen
828 852 24 21 af
865 852 13 27 8
893 852 27 22 95

179 886 8 21 i
201 886 75 29 nådiga
290 885 154 29 propositionen
459 892 34 14 om
507 883 108 23 införande
630 884 23 22 af
664 885 78 22 allmän
756 885 116 30 värnepligt
886 894 34 14 an-

180 921 52 28 tagit
246 919 122 23 förändrade
385 919 154 28 bestämningar
552 919 79 26 härom,
646 919 8 21 i
668 919 52 28 följd
734 919 60 22 deraf
806 922 68 21 ansett
888 920 32 29 sig

179 956 50 21 böra
242 955 49 28 höja
307 954 156 29 ifrågavarande
478 954 71 27 anslag
563 953 32 22 till
609 954 78 25 20,000
700 955 66 20 mark.

247 988 214 22 Möteskostnaderna
464 987 41 28 för
515 987 196 28 reservmanskapet
718 993 35 17 äro
760 989 118 22 beräknade
886 997 34 14 en-

180 1023 45 22 dast
234 1023 33 22 till
282 1023 91 25 100,000
382 1022 60 21 mark
451 1021 33 22 för
493 1021 54 27 året;
563 1021 40 22 och
616 1021 56 22 detta
687 1030 49 14 vore
748 1023 35 21 väl
791 1023 127 29 tillräckligt,

179 1065 34 14 om
228 1065 107 14 reservens
357 1056 138 29 organisation
509 1055 69 22 blefve
593 1055 69 27 sådan,
678 1063 44 15 som
736 1057 8 21 i
758 1057 59 22 2:dra
830 1057 89 29 kapitlet

179 1091 23 22 af
209 1091 137 29 nyssberörda
354 1090 75 29 nådiga
443 1090 127 29 proposition
585 1095 22 16 är
621 1089 116 30 föreslaget.
762 1091 51 22 Men
824 1092 26 21 då
860 1091 59 23 Stän-

179 1126 63 21 derna
256 1125 32 22 för
303 1125 33 22 sin
350 1125 34 21 del
398 1125 85 21 beslutit
497 1124 32 22 till
545 1132 26 13 en
585 1124 64 21 sådan
670 1124 156 30 fullständigare
840 1126 79 29 organi-

179 1161 65 22 sation
260 1159 23 22 af
294 1166 104 19 reserven,
413 1166 44 14 som
472 1159 126 22 Ständernas
612 1158 8 21 i
635 1159 39 28 dag
688 1159 77 22 aflätna
778 1167 47 15 svar
840 1160 12 22 &
866 1168 52 14 sam-

177 1202 35 13 ma
226 1193 75 28 nådiga
315 1193 127 28 proposition
456 1197 94 17 närmare
565 1192 85 27 utvisar,
661 1193 66 22 måste
738 1193 117 22 Ständerna
867 1193 51 30 jem-

178 1229 34 21 väl
226 1235 50 15 vara
289 1227 91 22 beredda
400 1227 27 25 pä
442 1229 29 20 ett
485 1227 102 28 betydligt
608 1227 89 22 tillskott
711 1227 8 21 i
734 1227 138 22 kostnaderna
886 1228 32 21 för

177 1262 68 21 denna
260 1261 33 21 del
308 1260 23 22 af
343 1260 158 28 härordningen,
516 1260 58 22 såväl
593 1261 66 20 under
677 1260 55 22 form
753 1261 24 21 af
789 1261 88 21 särskild
890 1261 29 22 af-

177 1294 71 30 löning
262 1294 32 22 för
308 1293 153 28 reservbefälet,
477 1301 44 15 som
535 1294 39 22 ock
588 1302 75 21 genom
677 1294 25 23 de
718 1295 65 22 ökade
798 1295 120 23 möteskost-

177 1330 69 26 nader,
257 1329 73 22 hvilka
340 1328 23 23 af
370 1329 203 29 reservmanskapets
587 1329 112 22 inöfvande
713 1329 122 24 föranledas.
855 1331 63 22 Kost-

177 1365 68 22 naden
266 1363 32 22 för
319 1363 157 23 reservbefälets
497 1364 90 29 aflöning
606 1365 41 21 kan
669 1365 101 22 beräknas
784 1365 33 22 till
831 1365 87 30 ungefär

177 1400 91 26 173,000
282 1399 66 26 mark,
364 1401 53 20 samt
431 1399 32 22 för
477 1399 202 30 reservmanskapets
694 1400 119 30 utrustning
827 1401 39 22 och
881 1409 37 14 un-

177 1434 79 23 derhäll
270 1433 36 23 vid
320 1435 84 20 mötena
418 1434 33 22 till
465 1434 96 29 omkring
575 1435 92 26 535,000
680 1435 67 26 mark,
762 1435 82 23 hvilket
858 1436 60 22 alltså

176 1469 67 22 skulle
258 1467 93 22 medföra
366 1475 26 15 en
407 1468 96 29 ärsutgift
517 1469 23 22 af
552 1469 150 29 sammanlagdt
716 1469 96 30 omkring
826 1471 91 26 700,000

178 1503 66 26 mark,
260 1503 50 21 eller
325 1503 91 26 600,000
437 1504 60 21 mark
518 1511 45 14 mer
581 1508 27 17 än
622 1503 115 23 kostnaden
758 1503 32 23 för
807 1504 40 23 den
861 1505 8 22 i
883 1505 35 22 nä-
