1020 1686
402 188 55 22 N:o
474 187 48 23 35.

359 420 68 23 Hans
443 419 147 31 Kejserliga
605 419 137 29 Majestäts
758 418 79 31 nädiga

291 455 129 29 proposition
442 454 31 23 till
496 454 101 24 Finlands
617 454 95 29 Ständer,
727 452 113 31 angäende:

290 489 127 29 utvidgning
433 488 23 24 af
469 489 80 24 valrätt
561 488 38 24 och
611 488 108 25 valbarhet
729 489 29 23 till
769 488 67 24 landt-

291 523 103 29 dagsman
408 524 8 22 i
432 521 184 30 Borgareständet.

157 597 139 27 Rättigheten
312 599 32 20 att
359 597 85 27 deltaga
460 598 6 20 i
482 598 33 20 val
531 597 23 22 af
567 597 163 27 landtdagsman
742 597 31 20 uti
783 597 54 21 Bor-

86 632 139 27 gareständet
246 632 136 25 tillkommer,
404 632 86 27 jemlikt
511 633 13 20 2
542 638 63 15 mom.
623 633 24 19 12
663 631 12 28 $
690 632 7 21 i
712 631 126 27 landtdags-

86 667 117 26 ordningen
226 667 24 20 af
263 667 41 20 den
322 667 24 20 15
362 667 62 26 April
441 667 60 25 1869,
518 667 76 20 endast
609 666 97 26 borgare,
722 667 113 25 skeppsre-

86 701 58 26 dare,
167 701 163 26 fabriksidkare,
354 701 75 21 idkare
446 701 24 21 af
482 701 67 27 yrken
564 701 28 26 pä
607 700 69 27 grund
691 701 23 20 af
727 700 109 21 särskilda

86 735 123 28 privilegier
231 736 40 21 och
292 735 137 27 gårdsägare,
442 736 96 30 såframt
557 735 26 21 de
599 737 37 19 äro
652 735 6 20 i
675 735 75 21 staden
766 735 68 20 skatt-

86 769 87 27 skrifne,
190 770 107 21 äfvensom
314 771 113 20 städernas
442 770 108 21 ordinarie
566 770 147 26 borgmästare
728 769 39 22 och
786 769 50 21 räd-

85 805 55 24 män,
163 804 124 27 hvarjemte,
310 804 68 27 enligt
394 805 25 20 14
438 805 11 27 8
468 805 7 20 i
497 803 238 28 landtdagsordningen,
759 803 78 22 valbar

85 838 34 21 till
140 839 165 26 landtdagsman
323 839 7 20 i
348 839 93 20 nämnda
455 839 64 21 ständ
534 841 30 23 är,
580 839 48 20 med
644 838 58 21 vissa
716 838 118 26 undantag,

85 872 53 21 hvar
160 872 39 20 och
222 878 25 15 en
269 872 58 21 inom
343 872 52 21 eller
411 874 58 19 utom
484 872 147 21 valdistriktet
645 872 82 21 boende
741 872 94 21 medlem

85 906 23 22 af
122 906 91 26 ständet,
230 913 45 15 som
291 906 51 27 sjelf
354 909 24 19 är
394 906 121 27 berättigad
531 908 33 19 att
578 906 5 21 i
601 907 33 20 val
649 906 23 22 af
685 906 83 21 elektor
781 906 53 22 eller

84 940 122 28 fullmäktig
221 941 7 21 i
244 947 81 15 samma
340 941 63 21 stånd
419 941 91 26 deltaga.
531 940 49 22 Men
597 941 87 21 emedan
699 947 75 20 genom
790 940 48 22 för-

85 975 118 26 ordningen
225 976 111 26 angående
358 975 253 26 kommunalförvaltning
627 976 6 19 i
649 975 48 21 stad
720 975 23 20 af
763 976 41 20 den
820 976 17 19 8

85 1009 118 22 December
227 1011 60 24 1873,
305 1016 89 15 numera
412 1009 104 27 stadgats,
532 1011 32 20 att
580 1010 100 26 samtliga
694 1010 140 21 medlemmar

83 1044 24 21 af
128 1044 160 21 stadskommun
312 1046 37 19 äro
372 1045 47 21 icke
441 1044 91 21 allenast
554 1043 97 28 skyldige
671 1045 37 25 att,
724 1044 7 21 i
747 1044 48 21 män
811 1044 23 21 af

83 1079 49 21 dem
154 1079 35 20 vid
208 1079 99 26 taxering
325 1079 91 26 päförda
434 1079 117 26 skattören,
571 1079 70 20 lemna
656 1079 76 26 bidrag
747 1079 33 20 till
796 1079 38 21 be-

83 1113 111 21 stridande
217 1113 22 21 af
260 1113 89 26 utgifter
371 1113 34 21 för
427 1113 139 21 kommunens
588 1119 158 20 gemensamma
760 1113 73 26 behof,

83 1149 52 19 utan
150 1146 40 22 ock
205 1147 7 20 i
227 1146 116 22 allmänhet
358 1147 134 26 berättigade
507 1148 32 20 att
552 1147 6 21 i
570 1147 111 21 enahanda
691 1147 143 26 förhällande.,.

83 1181 61 21 äfven
167 1187 34 15 om
224 1181 25 21 de
265 1181 87 21 tillhöra
366 1180 75 22 frälse-
456 1181 52 21 eller
523 1182 165 26 presteständet,
706 1183 51 25 taga
775 1181 34 21 del
824 1182 6 20 i

80 1215 80 21 vården
183 1215 40 21 och
244 1215 114 26 ledningen
380 1215 24 21 af
423 1216 139 21 kommunens
585 1215 106 22 samfälda
715 1216 117 26 ordnings--

83 1250 39 21 och
141 1248 344 28 hushällnings-angelägenheter,
506 1256 62 20 synes
584 1250 39 21 ock
639 1256 25 15 en
680 1250 155 21 motsvarande

82 1284 127 26 utvidgning
231 1283 23 21 af
275 1283 152 26 behörigheten
447 1285 32 20 att
497 1284 86 26 deltaga
601 1283 7 21 i
624 1284 33 20 val
673 1284 23 20 af
709 1284 38 21 och
763 1284 72 27 väljas

81 1318 34 20 till
131 1317 163 25 landtdagsman
309 1318 7 19 i
331 1317 183 26 Borgareständet
527 1324 52 14 vara
589 1317 22 21 af
620 1318 211 26 omständigheterna

81 1351 107 27 päkallad.
219 1351 60 21 Hans
300 1351 121 26 Kejserliga
443 1351 103 27 Majestät
567 1351 39 21 har
628 1351 85 21 derföre
731 1352 57 20 velat
802 1352 28 26 pä

82 1386 70 26 grund
167 1385 23 21 af
205 1386 23 20 71
246 1385 11 27 $
273 1385 6 21 i
295 1384 233 27 landtdagsordningen
543 1385 33 21 till
592 1385 131 21 Ständernas
736 1385 99 22 behand-

81 1420 45 26 ling
142 1419 130 22 öfverlemna
287 1419 69 21 denna
370 1419 63 26 fråga
448 1419 36 21 och
502 1419 85 26 föreslå,
604 1421 33 19 att
653 1420 25 20 12
694 1420 10 27 $
720 1419 23 22 af
760 1420 74 21 landt-

81 1454 172 27 dagsordningen
270 1453 69 22 skulle
355 1453 82 22 erhälla
452 1454 93 27 följande
560 1453 128 22 förändrade
703 1454 91 27 lydelse:

283 1539 9 11 1
296 1522 180 31 Borgareständet
496 1524 83 26 utgöres
597 1523 30 28 af
634 1523 143 29 fullmäktige
789 1523 46 27 för
