1025 1698
210 97 12 20 8
361 95 87 23 Ständ.
463 94 40 24 Sv.
519 108 26 3 —
560 95 74 28 Prop.
650 94 45 23 N:o
710 94 34 23 37.

521 161 12 28 g
550 162 33 19 11.

249 206 45 21 Till
309 206 110 21 vinnande
439 207 23 20 af
476 207 69 20 större
562 205 104 22 enkelhet
681 206 41 21 och
737 205 109 28 tydlighet
861 205 7 21 i
884 205 49 20 här-

181 241 46 21 tills
242 241 103 28 gällande
368 241 139 21 föreskrifter
525 241 65 21 hafva
606 240 124 23 Ständerna
746 240 89 22 beslutit
850 241 31 20 att
897 239 36 22 det

182 275 57 22 skall
261 276 74 27 åligga
358 275 163 22 vederbörande
540 276 141 27 tjensteman,
697 282 46 14 som
760 276 108 27 mottager
883 274 50 21 med

182 310 186 29 stämpelmärken
392 310 92 28 belagda
503 311 86 27 inlagor
609 310 40 21 och
664 310 69 21 andra
747 309 138 28 handlingar,
901 311 33 20 att

181 347 53 19 utan
250 344 58 22 skild
329 345 123 28 ersättning
471 345 123 28 ombesörja
609 344 211 29 stämpelmärkenas
836 344 97 21 makule-

181 380 51 27 ring
254 379 106 28 antingen
382 386 81 22 genom
484 379 148 29 påtryckning
651 380 23 20 af
688 379 94 28 stämpel
798 379 69 28 enligt
882 378 52 21 fast-

182 414 57 21 stäld
254 414 57 21 form
327 414 53 21 eller
396 415 41 20 ock
453 415 6 20 i
474 414 38 21 fall
529 414 61 28 dylik
603 414 95 28 stämpel
710 414 50 21 icke
770 413 74 22 blifvit
853 413 80 22 honom

182 448 185 21 tillhandahållen
390 448 40 22 och
453 448 120 28 sakegaren
596 448 49 21 icke
668 448 53 28 sjelf
740 454 80 21 genom
843 454 28 14 en
887 447 49 21 kort

182 483 98 28 skriftlig
294 482 142 29 anteckning,
458 483 114 22 utvisande
594 483 33 21 till
643 482 89 22 hvilken
748 482 107 28 handling
869 483 66 21 stäm-

182 518 124 28 pelmärket
328 518 72 27 hörer,
422 519 60 27 gjort
504 518 120 22 detsamma
646 518 34 20 till
699 518 75 21 vidare
789 517 146 29 begagnande

183 552 158 28 oanvändbart,
350 552 92 22 medelst
458 559 27 15 en
501 553 67 21 sådan
583 552 144 28 anteckning;
743 553 7 21 i
766 552 169 21 öfverensstäm-

182 587 68 22 melse
265 587 106 22 hvarmed
386 588 12 28 $
415 588 22 21 11
456 588 71 21 blifvit
538 588 158 28 omredigerad.

524 670 12 27 8
553 670 33 20 14.

251 716 11 22 I
278 716 99 27 enlighet
390 716 50 21 med
456 716 42 21 den
517 716 141 28 bestämning
673 715 125 22 Ständerna
812 716 70 21 under
897 718 10 24 $
923 716 13 21 5

183 750 69 21 infört
266 750 136 22 beträffande
413 750 335 28 bouppteckningsinstruments
759 750 120 28 kartering,
891 757 46 14 som

184 786 84 20 ansetts
282 784 55 22 böra
358 784 161 28 ifrägakomma
541 784 76 22 endast
639 785 7 21 i
662 784 36 22 det
713 784 45 28 fall,
774 786 32 20 att
821 785 62 22 boets
899 785 38 21 be-

183 819 101 29 hållning
299 820 85 28 uppgår
406 820 35 21 till
456 820 67 22 minst
537 820 42 21 500
593 819 70 25 mark,
679 820 40 21 har
735 826 64 15 mom.
817 820 25 21 21
860 820 7 21 i
883 820 11 28 8
911 820 26 21 14

184 854 131 21 förändrats.
334 854 51 21 Med
400 854 104 22 afseende
519 855 13 21 &
547 855 42 21 den
605 854 49 22 icke
669 854 127 28 obetydliga
810 855 127 28 förhöjning

183 889 9 21 i
200 889 280 28 stämpelpappersafgiften
491 889 34 22 för
536 888 328 29 bouppteckningsinstrument,
875 889 64 22 Stän-

183 923 69 23 derna
276 923 96 27 beslutit,
394 923 66 22 hafva
481 923 123 23 Ständerna
625 923 72 22 funnit
720 923 42 22 den
778 924 69 28 enligt
862 924 75 29 nugäl-

185 959 64 21 lande
264 958 130 29 förordning
408 958 119 22 medellösa
541 958 102 22 sterbhus
659 958 165 22 tillkommande
835 959 102 22 befrielse

184 993 50 22 från
249 993 62 28 dylik
325 993 65 29 afgift
413 994 74 21 kunna
502 994 7 20 i
524 994 73 28 någon
612 994 50 21 män
677 994 131 26 utsträekas,
822 994 8 21 i
846 1001 91 21 synner-

184 1028 39 21 het
245 1035 47 14 som
314 1028 43 22 den
379 1028 105 23 inkomst,
506 1028 88 22 hvilken
616 1028 43 22 kan
678 1028 78 28 inflyta
772 1028 48 21 frän
836 1028 101 22 sterbhus

185 1062 49 23 med
256 1069 28 15 en
307 1062 129 29 behällning
458 1062 79 22 mellan
558 1064 43 20 300
621 1062 40 22 och
676 1063 43 21 500
734 1062 68 28 mark,
818 1063 7 21 i
840 1064 43 20 alla
898 1064 39 21 fall

185 1097 72 22 blefve
273 1104 27 14 en
316 1097 156 28 obetydlighet.

253 1131 45 21 För
321 1132 67 27 öfrigt
408 1132 40 21 och
464 1138 45 15 som
525 1131 143 29 Systerbäcks
683 1132 161 28 gevärsfaktori
859 1133 8 20 i
882 1132 55 29 följd

185 1166 26 22 af
225 1166 42 22 den
283 1166 94 22 emellan
392 1166 168 28 Kejsaredömet
575 1166 40 22 och
626 1166 94 21 Finland
734 1166 125 22 verkstälda
872 1168 64 27 grän-

185 1201 138 28 sereglering
345 1200 48 22 icke
415 1208 60 14 mera
496 1201 70 28 ligger
581 1202 59 20 inom
655 1200 107 22 Finlands
777 1201 88 21 omräde
881 1204 57 18 samt

185 1235 106 21 faktoriet
313 1235 60 21 förut
394 1235 134 27 underlagda
547 1235 132 27 egendomar
699 1242 91 13 numera
806 1236 131 26 öfvergätt
925 1231 15 36 i

185 1268 87 21 enskild
295 1275 63 14 mans
380 1275 49 21 ego,
449 1269 39 20 har
503 1268 41 21 den
560 1268 104 21 faktoriet
679 1268 109 21 härintills
804 1268 133 23 tillerkända

185 1302 104 22 befrielse
305 1302 48 22 frän
369 1302 265 29 stämpelpappersafgifts
646 1302 134 29 erläggande
791 1305 83 19 ansetts
885 1303 53 22 böra

186 1338 35 21 för
235 1336 118 23 framtiden
368 1336 105 30 upphöra,
487 1338 69 28 jemte
571 1337 38 22 det
624 1336 131 29 Ständerna,
770 1338 30 28 pä
814 1339 43 21 sätt
872 1338 64 22 ofvan

187 1374 95 26 nämnts,
295 1373 64 21 äfven
371 1372 47 22 helt
431 1373 39 21 och
480 1372 67 22 hället
555 1373 100 21 uteslutit
663 1379 65 15 mom.
738 1372 26 23 38
773 1373 113 28 angäende
897 1374 38 21 all-

187 1415 90 20 mogens
285 1408 102 21 befrielse
396 1407 48 22 från
456 1407 280 30 stämpelpappersafgifter
744 1408 36 22 vid
788 1408 149 30 ansökningar
