1042 1695
216 155 25 19 46
396 157 26 18 U.
438 157 30 17 B.
484 165 23 16 —
524 157 83 22 Prop.
622 155 47 18 N:o
679 156 44 23 40,

186 223 56 25 land,
258 223 75 19 medan
348 222 55 19 dock
427 221 67 20 finska
509 221 197 27 gardesbataljonen
726 221 107 25 samtidigt
848 226 37 13 var
899 221 31 18 ut-

186 256 164 21 kommenderad
375 256 30 19 till
428 255 157 26 Kejsardömets
601 257 69 18 vestra
685 258 68 23 gräns.
784 254 70 20 Också
869 254 62 19 fram-

187 292 37 27 går
239 291 23 20 af
275 291 114 26 ordalagen
404 291 7 18 i
426 290 78 27 nådiga
519 289 120 21 manifestet
654 289 40 20 den
713 289 27 20 23
755 289 49 19 Juni
821 288 60 26 1854,
896 294 35 14 an-

186 325 81 27 gående
283 324 195 27 återuppsättandet
493 324 23 19 af
529 331 26 12 en
570 324 33 19 del
619 323 23 20 af
655 323 40 20 den
709 323 81 20 indelta
808 322 77 19 Finska
900 328 31 13 ar-

187 361 53 25 mén,
256 362 30 17 att
301 359 41 20 den
364 359 156 26 omständighet
535 361 30 17 att
584 357 81 20 fienden
680 357 98 20 hemsökt
790 356 79 27 jemväl
884 356 47 19 Fin-

185 394 61 20 lands
268 394 79 24 kuster,
370 393 97 25 utgjorde
490 392 39 20 den
550 392 103 20 särskilda
667 392 141 25 anledningen
823 390 31 19 till
869 389 41 21 den
925 389 7 20 i

186 427 120 20 manifestet
328 426 106 27 påbjudna
456 426 108 27 åtgärden.
594 425 111 20 Likaledes
725 428 22 17 är
767 425 7 18 i
788 424 77 26 nådiga
880 424 51 19 kun-

185 462 123 27 görelserna
322 461 40 19 den
379 461 24 18 13
414 461 120 20 November
543 461 53 19 1854
605 460 40 20 och
653 460 40 19 den
704 460 25 19 13
740 458 117 21 December
871 458 60 24 1855,

186 495 109 28 angående
310 495 124 26 ytterligare
449 495 135 26 uppsättning
600 493 23 21 af
636 494 79 19 indelta
729 492 203 27 skarpskyttebatal-

183 531 68 26 joner,
274 529 142 26 uttryckligen
439 529 95 26 angifvet
549 531 30 17 att
595 528 62 21 dessa
674 530 96 24 truppers
786 526 146 27 uppställande

186 563 122 21 anbefaldes
328 564 88 19 emedan
439 564 57 19 Hans
511 563 98 26 Majestät
632 563 67 19 funnit
710 561 75 26 nödigt
800 561 86 26 vidtaga
901 561 30 19 vi-

186 598 50 20 dare
252 597 98 26 åtgärder
364 597 33 20 till
413 596 103 21 Finlands
531 596 90 28 försvar.

254 631 41 20 Det
316 631 60 20 torde
399 631 81 20 således
499 631 47 20 icke
562 637 51 14 vara
627 630 114 26 obefogadt
757 631 30 18 att
802 631 83 24 antaga,
901 630 32 17 att

186 666 26 19 de
235 665 129 26 önskningar
386 665 39 19 och
441 665 85 25 åsigter,
542 671 45 13 som
602 664 109 26 angående
726 663 41 20 den
781 663 68 19 finska
864 663 67 23 natio-

186 699 150 20 nalmilitärens
358 698 84 27 uppgift
464 698 40 20 och
519 698 96 21 ändamål
635 697 104 20 uttalades
755 697 23 20 af
795 696 98 21 Finlands
909 695 22 20 år

188 733 52 20 1809
256 732 126 21 församlade
406 732 95 26 Ständer,
523 732 73 20 hvilka
613 732 54 19 hade
682 733 31 18 att
730 731 12 20 &
757 731 109 20 nationens
881 733 50 23 väg-

186 773 37 14 nar
239 766 57 27 gifva
311 767 31 19 sin
358 766 128 20 medverkan
500 766 31 19 till
547 767 123 24 föreningen
680 765 48 20 med
736 765 166 26 Kejsaredömet,
911 763 23 21 af

186 801 82 20 landets
284 800 98 27 högsinte
397 800 105 26 Regenter
518 800 107 21 betraktas
641 800 69 19 såsom
725 800 48 19 med
789 799 96 26 billighet
901 798 30 21 öf-

186 834 205 21 verensstämmande
414 834 40 19 och
476 834 48 20 icke
546 834 107 20 stridande
667 836 57 17 emot
739 834 26 19 de
783 833 148 26 förpligtelser,

186 869 124 26 föreningen
324 869 70 18 såsom
409 868 65 19 sådan
489 868 66 20 skulle
571 868 32 20 för
618 868 58 20 detta
689 867 50 21 land
755 868 102 20 medföra.

254 903 47 20 Men
324 909 34 13 om
381 902 40 19 den
436 902 78 20 indelte
530 903 95 19 soldaten
640 904 79 18 ansetts
734 902 51 26 föga
798 901 87 26 lämplig
901 903 31 18 att

186 937 77 26 fjerran
285 937 46 19 från
353 936 120 20 hemlandet
495 937 65 19 under
581 936 129 20 främmande
725 935 145 21 förhållanden
885 935 46 20 full-

186 974 52 23 göra
253 970 164 20 stridsmannens
432 970 83 27 pligter,
530 971 68 19 måste
613 970 74 20 sådant
704 971 7 18 i
729 973 55 16 ännu
798 970 66 25 högre
879 969 53 26 grad

186 1011 51 14 vara
252 1004 59 20 fallet
326 1004 48 19 med
389 1004 40 19 den
453 1005 154 26 värnepligtige
623 1003 102 21 soldaten.
754 1004 46 19 Den
817 1003 66 20 förres
898 1010 33 13 so-

186 1038 55 21 eiala
255 1038 99 26 ställning
368 1044 38 14 var
420 1038 123 27 visserligen
558 1039 43 20 olik
617 1038 40 20 den
671 1038 100 20 värfvade
789 1037 141 27 yrkesmilitä-

186 1079 55 20 rens;
255 1073 41 19 han
312 1072 94 20 brukade
421 1073 30 20 sin
465 1073 55 26 jord,
534 1073 41 20 han
590 1072 56 21 lefde
661 1073 6 20 i
680 1073 88 20 fredstid
778 1072 65 19 under
854 1073 78 18 största

186 1106 61 21 delen
272 1106 23 20 af
314 1106 46 20 äret
375 1107 6 18 i
397 1107 109 20 enahanda
524 1106 151 27 förhällanden,
690 1113 45 13 som
751 1106 68 26 öfriga
833 1105 96 21 medbor-

185 1147 58 20 gare;
258 1147 48 14 men
320 1141 42 19 han
376 1141 55 20 hade
454 1141 54 20 dock
524 1141 73 20 endast
611 1147 76 20 genom
705 1141 97 26 frivilligt
817 1139 51 21 aftal
882 1140 49 20 med

186 1175 141 20 rotehällaren
342 1175 106 20 förbundit
463 1175 32 26 sig
510 1175 32 19 till
557 1175 128 26 krigstjenst.
715 1175 46 19 Den
776 1175 154 26 värnepligtige

186 1209 103 26 tillfrågas
305 1209 18 26 ej
340 1215 34 13 om
388 1208 41 20 han
444 1209 38 20 har
491 1209 42 26 håg
548 1209 32 20 för
595 1209 140 26 krigaryrket.
765 1209 48 19 Med
828 1209 51 19 eller
887 1210 44 18 mot

187 1244 31 18 sin
234 1248 53 20 egen
309 1243 51 24 vilja
374 1243 40 18 och
428 1243 80 24 böjelse
532 1243 65 18 mäste
612 1243 41 18 han
668 1243 91 24 fullgöra
773 1243 156 24 krigstjensten,

186 1275 76 19 liksom
277 1275 41 19 han
334 1275 66 19 mäste
418 1274 95 26 uppfylla
528 1274 26 20 de
569 1274 69 26 öfriga
652 1274 170 26 medborgerliga
836 1275 94 26 skyldig-

185 1308 67 26 heter,
267 1308 111 21 samhället
392 1308 87 27 älägger
493 1308 77 20 honom
586 1310 57 19 emot
657 1308 26 21 de
698 1308 124 27 rättigheter
837 1308 40 21 och
887 1308 42 21 för-

186 1343 65 26 delar,
275 1343 41 20 han
338 1343 57 20 inom
418 1343 39 20 och
480 1342 23 21 af
526 1342 115 21 detsamma
663 1343 96 26 ätnjuter.
789 1343 48 20 Men
859 1343 70 20 derför

187 1380 23 17 är
237 1377 35 20 det
297 1377 41 21 ock
362 1378 161 26 oundgängligt,
546 1380 31 17 att
601 1377 40 20 den
660 1377 155 28 värnepligtiga
840 1380 89 25 truppen

186 1412 48 20 ieke
256 1412 34 20 mä
312 1411 56 21 föras
386 1413 6 18 i
415 1412 65 20 andra
500 1412 77 20 strider
602 1415 26 17 än
651 1412 84 26 sådana,
758 1419 45 13 som
824 1413 62 20 äfven
905 1412 26 21 af

187 1447 82 25 menige
284 1453 48 14 man
347 1447 71 20 kunna
426 1447 63 19 fattas
497 1447 68 19 säsom
573 1446 98 27 gällande
679 1446 150 26 fosterjordens
837 1454 54 20 egna
899 1448 29 19 in-

187 1483 86 17 tressen.
304 1480 39 21 Om
358 1481 40 19 den
412 1480 154 30 värnepligtige
581 1480 94 20 soldaten
690 1480 71 21 blefve
771 1481 52 20 sänd
833 1483 30 18 att
871 1482 57 20 käm-

259 1525 195 23 Värnepligtsutskoitets
467 1525 110 18 Betänkande
589 1526 33 17 N:o
635 1526 16 17 1.
