1039 1692
220 157 25 21 14
506 157 54 23 N:o
578 156 57 22 40.

190 226 78 24 utgöra
290 224 148 26 värneplisten
462 224 71 21 säsom
552 224 108 26 frivillige.
690 224 40 26 De,
751 230 46 16 som
816 224 75 21 härom
906 230 38 16 an-

189 258 60 27 mält,
264 258 81 22 befrias
360 258 48 22 från
423 258 93 27 lottning
531 259 40 21 och
585 258 74 22 kunna
673 258 104 22 likaledes
793 258 85 22 komma
881 254 15 36 i
912 259 32 21 ät-

190 292 105 28 njutande
309 292 23 22 af
346 292 78 21 sådant
438 293 98 26 anstånd,
553 293 11 27 $
581 293 26 21 38
622 293 143 21 omförmäler.

540 385 11 26 8
567 385 33 20 40.

262 429 114 26 Personer,
399 435 46 16 som
467 429 115 22 innehafva
596 430 162 21 nedannämnde
773 430 170 27 bildningsgrad,

192 464 90 27 åtnjuta,
299 463 27 22 dä
342 464 26 21 de
383 465 77 26 utgöra
476 464 147 27 värnepligten
643 464 54 21 efter
715 464 100 27 lottning,
831 465 114 20 förkortad

192 498 112 27 tjenstetid
320 498 67 26 enligt
401 498 94 27 följande
511 499 104 26 grunder:

265 534 39 19 1:0.
335 532 39 26 De,
390 539 46 14 som
451 532 125 28 genomgått
590 533 127 27 fullständig
735 533 52 21 kurs
806 533 36 21 vid
860 533 86 21 univer-

192 567 59 26 sitet,
270 567 105 26 akademi,
394 567 137 27 polyteknisk
547 567 68 26 skola,
629 567 150 27 forstinstitut,
792 567 154 27 bergsinstitut

192 601 54 22 eller
261 601 210 26 veterinär-institut,
488 602 53 21 eller
556 601 39 21 ock
611 601 65 27 aflagt
686 602 152 21 motsvarande
849 608 95 20 examen,

193 635 110 22 äfvensom
325 635 26 22 de
373 636 73 21 hvilka
461 636 115 27 undergätt
592 636 124 27 sjökaptens
732 642 88 16 examen
835 637 37 20 vid
887 637 59 20 navi-

194 670 147 27 gationsskola
357 671 65 26 tjena:
439 671 7 20 i
462 670 58 21 aktiv
536 671 67 27 tjenst
619 677 35 14 sex
671 671 107 26 mänader,
795 671 35 21 vid
845 677 101 16 reserven

193 705 31 20 tio
240 704 24 21 är
279 704 39 22 och
334 711 37 14 sex
387 705 107 26 mänader,
512 707 55 19 samt
581 705 116 21 inskrifvas
716 705 94 22 derefter
825 706 35 20 vid
876 706 70 20 landt-

194 740 81 20 värnet.

265 774 40 20 2:0.
337 773 134 22 Studerande
490 773 35 21 vid
543 773 132 26 universitet,
695 773 73 22 hvilka
787 774 46 21 icke
856 774 90 21 afslutat

194 807 34 21 sin
250 807 59 26 kurs,
326 810 56 18 samt
397 807 32 26 de,
446 814 45 14 som
510 808 125 26 genomgätt
649 808 99 26 normal-,
765 808 54 21 real-
835 808 53 21 eller
904 808 44 27 sju-

195 842 96 26 klassiga
312 843 76 26 lyc6er,
412 843 128 25 gymnasier,
564 842 100 21 tekniska
679 843 52 20 eller
747 842 131 27 fyrklassiga
893 843 54 21 real-

194 876 81 26 skolor,
297 876 299 26 folkskollärareseminarier,
616 876 177 22 handelsinstitut
813 877 52 21 eller
881 877 67 27 högre

195 910 109 28 afdelning
319 911 36 21 vid
370 911 222 25 landtbruksinstitut,
609 911 110 21 äfvensom
735 911 42 21 alla
793 912 26 20 de
827 912 119 26 ynglingar,

194 945 74 21 hvilka
282 944 66 28 aflagt
364 946 150 20 motsvarande
531 951 93 20 examen,
642 946 71 20 säsom
729 946 39 20 ock
785 946 32 26 de,
828 946 74 21 hvilka
912 952 35 20 ge-

195 980 98 26 nomgätt
308 980 108 21 allmänna
430 980 113 21 klasserna
557 980 36 21 vid
612 980 69 21 finska
696 980 133 21 kadetkären
845 980 53 21 eller
912 980 37 21 vid

195 1014 198 26 navigationsskola
409 1014 116 26 undergätt
540 1016 117 25 styrmans-
673 1014 52 21 eller
739 1014 208 27 kofferdiskeppare-

195 1054 95 19 examen,
306 1048 69 26 tjena:
391 1048 7 20 i
414 1048 59 20 aktiv
488 1049 66 26 tjenst
569 1050 32 19 ett
616 1048 29 26 är,
662 1048 35 21 vid
713 1054 100 15 reserven
829 1049 30 21 tio
874 1049 24 20 är
909 1049 40 21 och

196 1082 94 20 derefter
304 1082 36 20 vid
356 1082 141 20 landtvärnet.

266 1117 40 20 3:0.
338 1116 38 25 De,
396 1122 46 14 som
462 1116 89 21 afslutat
569 1116 52 20 kurs
636 1115 36 21 vid
687 1115 131 27 fyrklassiga
833 1115 69 27 lyceer
919 1116 29 21 el-

195 1151 33 21 ler
250 1150 169 26 handelsskolor,
443 1150 53 21 eller
518 1149 65 27 aflagt
597 1150 150 21 motsvarande
763 1156 95 20 examen,
875 1150 72 22 såsom

196 1185 40 21 ock
251 1185 33 26 de,
296 1185 72 21 hvilka
386 1185 125 26 genomgätt
523 1184 200 28 jordbruksskolor,
739 1185 53 21 eller
806 1185 60 26 lägre
881 1185 67 21 afdel-

194 1220 52 25 ning
268 1219 36 21 vid
327 1219 224 25 landtbruksinstitut,
575 1219 109 21 äfvensom
706 1218 242 26 farmaciestuderande,

195 1253 138 20 maskinister
356 1252 38 21 och
418 1253 165 26 understyrmän
606 1253 68 25 tjena:
693 1252 8 20 i
719 1252 59 21 aktiv
797 1252 66 27 tjenst
879 1254 31 20 ett
925 1252 24 21 är

196 1287 39 21 och
251 1293 37 14 sex
303 1286 109 26 mänader,
428 1287 36 20 vid
479 1292 100 15 reserven
595 1286 34 21 nio
641 1286 24 21 är
676 1286 39 21 och
726 1292 36 15 sex
773 1286 108 27 mänader,
892 1288 56 20 samt

196 1321 94 21 derefter
305 1321 36 21 vid
356 1321 142 21 landtvärnet.

267 1357 41 20 4:0.
338 1356 38 25 De,
392 1356 72 20 hvilka
480 1355 125 27 genomgått
614 1356 80 20 kursen
704 1355 37 21 vid
752 1355 132 27 tväklassiga
894 1356 56 20 real-

194 1390 82 26 skolor,
293 1390 53 22 eller
360 1390 60 27 lägre
435 1390 198 26 elementarskolor,
652 1390 51 21 eller
719 1390 40 21 ock
775 1390 66 26 aflagt
856 1392 94 19 motsva-

196 1425 67 22 rande
282 1431 94 20 examen,
395 1425 110 22 äfvensom
521 1425 32 26 de,
572 1425 74 21 hvilka
661 1424 90 22 afslutat
765 1425 52 21 kurs
832 1425 36 21 vid
884 1425 66 27 högre

196 1460 126 26 folkskolor,
338 1460 69 27 tjena:
422 1460 8 21 i
446 1459 59 22 aktiv
520 1459 67 28 tjenst
602 1459 37 22 tvä
653 1459 30 26 är,
699 1459 36 22 vid
751 1465 100 16 reserven
866 1460 36 21 nio
919 1459 31 27 är,

197 1497 56 19 samt
268 1494 94 22 derefter
378 1494 35 22 vid
428 1495 143 20 landtvärnet.
