1031 1695
230 135 13 22 2
527 127 43 30 W:o
583 127 42 29 43.

268 200 11 21 I
293 199 54 28 följd
359 198 65 23 häraf
438 198 70 22 skulle
518 198 83 22 inlösen
612 197 22 22 af
644 197 167 27 donationsgods
824 197 129 22 verkställas

201 233 113 24 efterhand
330 239 46 16 som
391 233 101 28 godvillig
503 231 217 23 öfverenskommelse
735 231 74 22 derom
823 232 49 21 med
887 231 67 22 dona-

200 269 94 22 tarierne
314 268 41 22 och
374 267 223 22 donationsbönderne
615 265 73 23 kunde
707 265 80 28 träffas,
806 266 49 21 med
874 265 80 22 iaktta-

200 303 81 28 gande:

269 338 33 21 att
317 337 42 22 den
373 336 116 28 betingade
507 335 172 28 köpeskillingen
696 335 48 22 icke
761 335 56 28 finge
837 335 117 27 öfverstiga

201 372 37 22 det
252 371 73 27 värde,
339 371 154 27 lägenheterna
512 369 55 23 efter
584 376 124 21 noggranna
727 369 184 29 undersökningar
925 370 28 28 på

200 408 34 20 ort
249 406 40 22 och
304 406 63 21 ställe
381 404 115 28 pröfvades
512 405 7 21 i
530 404 27 22 de
567 404 108 32 blifvande
684 404 175 22 innehafvarenes
870 404 85 22 händer

199 441 73 21 kunna
287 445 53 22 ega;

258 475 44 20 ”att
316 470 171 31 köpéskillingen
502 472 70 23 skulle
585 475 82 24 genom
685 473 108 27 Styrelsen
813 472 140 23 förskottsvis

199 508 109 23 utbetalas
325 507 40 23 och
380 508 70 21 denna
464 506 65 29 utgift
544 507 107 22 bestridas
667 507 101 28 antingen
781 508 50 21 med
846 507 107 22 tilläfven-

198 545 45 26 tyrs
266 541 130 28 förefintliga
417 542 120 27 besparade
559 542 132 21 statsmedel
709 542 53 22 eller
780 548 76 21 genom
881 542 43 27 län,
945 543 8 21 i

197 577 82 22 hvilket
294 575 102 24 afseende
416 576 111 28 Styrelsen
541 576 129 27 berättigats
685 578 34 19 att
736 576 69 22 under
820 576 132 22 Ständernas

197 611 84 28 garanti
299 612 96 26 upptaga
410 612 32 20 ett
457 610 220 23 amortissementslån
692 610 23 22 af
728 611 56 22 ända
799 610 32 22 till
846 610 40 22 tolf
904 611 49 21 mil-

195 645 63 28 joner
271 645 62 22 mark
347 645 114 26 nominelt;

267 681 33 20 att
319 679 27 22 de
365 679 79 21 inlösta
462 679 160 27 lägenheterna,
645 685 45 15 som
709 679 85 22 komme
813 681 32 20 att
865 679 88 28 öfvergå

198 713 33 22 till
245 713 142 26 skattenatur,
410 713 69 22 skulle
500 713 49 22 med
564 712 128 28 eganderätt
709 713 32 21 till
760 713 138 22 hemmanens
914 713 38 22 be-

197 748 93 22 brukare
305 747 147 26 öfverlemnas,
468 749 46 19 mot
528 747 121 27 skyldighet
667 746 34 22 för
720 747 49 22 dem
784 749 33 20 att
832 747 42 22 den
888 747 65 22 utbe-

198 782 59 21 talda
280 781 172 28 köpeskillingen
476 781 33 21 till
530 781 84 22 kronan
636 781 173 27 amorteringsvis
832 781 118 28 återgälda,

198 816 55 22 dock
275 817 39 26 att,
340 816 88 26 sålänge
451 815 63 22 dessa
535 814 158 28 afbetalningar
715 816 85 27 varade,
823 816 78 21 endast
923 816 27 22 de

196 850 126 23 hemmanen
341 848 59 24 förut
419 849 113 28 åliggande
552 856 66 15 onera
640 849 33 22 till
695 850 83 21 kronan
799 850 68 23 borde
889 850 59 27 utgå,

196 890 49 17 men
261 885 149 22 skatteräntan
425 883 98 28 erläggas
542 883 56 23 först
617 883 68 23 sedan
703 884 155 27 köpesumman
879 884 71 22 blifvit

195 919 34 22 till
250 918 52 23 fullo
324 918 125 28 liqviderad,
472 918 86 22 hvilken
580 919 135 21 sistnämnda
736 920 63 21 ränta
819 919 72 27 likväl,
914 919 36 21 till

194 953 110 28 jemkning
319 952 24 23 af
347 951 51 23 den
412 953 67 26 högre
494 953 132 27 löseskilling
641 953 8 21 i
663 952 133 23 förhållande
810 953 34 22 till
853 953 99 22 hemma-

196 993 52 16 nens
262 987 73 26 värde,
351 993 47 16 som
412 986 34 23 för
460 985 107 24 särskilda
580 987 127 27 lägenheter
725 987 72 22 kunde
815 987 86 22 komma
916 989 33 20 att

196 1021 105 28 erläggas,
317 1021 56 28 finge
387 1021 34 22 till
437 1023 69 20 större
522 1021 52 22 eller
588 1022 84 22 mindre
690 1021 41 27 del,
751 1021 34 22 för
801 1021 75 28 längre
896 1021 53 23 eller

195 1057 87 22 kortare
297 1055 32 23 tid
343 1053 85 25 utöfver
443 1056 67 27 sagde
524 1056 77 22 termin
617 1055 117 28 efterlåtas,
755 1058 56 20 samt

263 1091 33 20 att
310 1090 27 21 de
351 1090 81 21 inlösta
445 1090 154 27 lägenheterna
609 1091 69 21 skulle
693 1089 122 23 storskiftas
826 1091 41 21 och
878 1091 69 21 skatt-

193 1124 74 27 läggas
278 1124 29 27 på
314 1124 94 21 kronans
418 1123 148 29 förskjutande
575 1124 120 22 bekostnad
703 1124 40 22 och
751 1124 116 27 utgifterna
875 1125 73 22 derför

195 1158 68 23 sedan
273 1157 24 23 af
304 1158 275 31 hemmansinnehafvarene
590 1159 132 22 statsverket
735 1158 33 22 till
782 1158 51 23 fullo
845 1161 102 20 ersättas.

250 1192 73 27 Enligt
333 1190 69 23 dessa
408 1192 160 30 bestämningar
582 1193 41 21 och
638 1193 68 22 sedan
722 1191 139 29 erforderliga
876 1193 70 22 medel

193 1231 77 22 genom
283 1225 129 22 utfärdande
428 1225 23 22 af
463 1226 142 27 obligationer
623 1227 29 26 pä
670 1227 27 21 de
711 1226 70 23 vilkor
794 1227 79 26 nådiga
891 1227 55 22 kun-

193 1259 124 26 görelserna
336 1258 24 21 af
377 1259 42 21 den
436 1261 12 19 6
467 1259 120 22 December
607 1261 55 19 1871
683 1259 40 22 och
743 1262 25 19 31
785 1259 88 22 Januari
890 1262 54 20 1872

193 1294 55 20 samt
262 1292 42 22 den
325 1294 26 20 19
370 1292 41 22 och
430 1294 27 20 27
476 1292 58 23 Mars
556 1294 54 21 1873
628 1292 114 29 innehålla,
755 1292 129 30 'anskaffats,
904 1294 42 24 har

191 1327 82 22 inlösen
287 1326 24 23 af
323 1326 168 29 donationsgods
506 1328 122 26 verkstälts,
645 1328 40 22 och
700 1335 89 16 numera
796 1328 80 28 jemväl
891 1328 54 23 fort-

191 1360 77 24 skridit
281 1361 88 27 derhän,
384 1363 34 21 att
432 1361 24 23 af
468 1361 28 23 de
513 1362 4 22 i
531 1363 99 27 Wiborgs
644 1363 37 22 län
694 1363 111 28 befintliga
819 1363 127 23 donations-

190 1396 127 27 lägenheter
338 1402 35 16 om
396 1396 139 23 tillsammans
560 1399 41 20 983
623 1397 81 22 mantal
723 1404 77 21 genom
821 1398 122 29 Styrelsens

191 1430 123 27 bemedling
328 1429 106 24 härintills
449 1430 86 28 inköpts
554 1429 76 24 inalles
645 1431 66 28 något
726 1431 59 24 öfver
801 1434 40 21 650
854 1433 88 28 mantal,

188 1465 117 27 hvarjemte
321 1464 97 28 omkring
432 1466 28 21 70
469 1465 81 22 mantal
564 1465 94 28 tidigare
669 1465 128 24 förvärfvats
813 1467 23 22 af
849 1467 96 22 åboarne
