1028 1698
213 167 13 22 2
366 166 81 24 Ständ.
465 166 39 23 Sv.
518 179 28 4 —
560 167 71 28 Prop.
646 166 41 23 N:o
701 166 34 23 41.

251 229 74 34 Enligt
340 235 68 22 denna
422 234 115 29 beräkning
552 235 67 22 skulle
633 234 80 23 således
727 234 32 22 för
769 233 157 30 ifrågavarande

183 268 92 29 tidrymd
290 269 101 22 erfordras
406 271 30 21 ett
450 269 88 22 tillskott
553 269 23 22 af
588 270 114 26 5,000,000
712 269 67 25 mark,
791 271 30 20 att
830 269 24 22 af
866 268 60 23 Stän-

183 303 64 22 derna
260 303 88 22 anvisas.

250 338 44 23 Vid
314 338 155 29 granskningen
491 337 23 23 af
526 338 26 22 de
566 338 8 22 i
588 339 63 28 sagde
672 337 74 29 kalkyl
764 337 102 29 ingående
885 342 40 17 sär-

183 373 67 22 skilda
264 372 176 30 utgiftsposterna,
454 371 65 24 hafva
533 372 117 23 Ständerna
669 374 68 21 ansett
755 371 32 30 sig
803 373 47 21 böra
864 371 61 23 fram-

181 406 56 23 hålla
250 405 92 30 följande
356 406 182 30 omständigheter,
548 407 88 22 hvarvid
647 406 116 23 Ständerna
778 406 96 29 iakttagit
884 406 40 21 den

181 439 94 31 ordning,
291 441 8 22 i
312 441 88 22 hvilken
415 441 87 22 berörda
520 443 69 27 poster
603 441 8 22 i
625 441 41 22 den
679 441 77 28 nådiga
769 441 154 28 propositionen

181 475 135 25 förekomma,

249 511 23 27 1)
286 509 35 24 De
335 509 66 29 enligt
414 517 29 14 nu
457 509 95 30 gällande
571 512 41 19 stat
625 509 13 22 &
651 509 154 22 militiefonden
826 509 98 22 anvisade

181 544 86 29 utgifter
281 549 35 17 äro
331 546 105 27 upptagna
458 544 33 23 till
506 545 111 26 1,835,000
635 545 61 21 mark
713 544 32 23 för
761 543 50 22 året.
841 544 13 21 I
868 544 56 22 detta

181 579 73 29 belopp
269 578 60 29 ingår
342 578 202 29 gardesbataljonens
559 579 121 22 nuvarande
695 580 46 25 stat,
755 578 87 23 hvilken
857 578 7 21 i
879 586 44 21 pro-

180 613 117 29 positionen
311 612 111 30 uppgifves
436 613 34 22 till
483 613 92 26 446,000
589 613 66 22 mark.

247 648 44 22 Det
306 652 22 17 är
342 647 80 22 således
437 647 87 29 ungefär
539 648 112 26 1,400,000
665 647 66 27 mark,
747 647 50 22 eller
809 647 81 22 hälften
903 646 23 23 af

180 681 164 23 militiefondens
354 681 148 23 årsinkomster
512 690 44 14 som
570 681 46 23 icke
635 686 36 18 äro
685 682 116 29 disponibla
815 681 33 22 till
861 681 63 29 utgif-

179 718 60 20 terna
246 715 33 23 för
286 716 42 22 den
337 724 41 21 nya
388 716 249 29 militärorganisationen.
657 716 36 22 En
706 716 94 29 betydlig
814 716 34 22 del
865 715 23 23 af
898 716 25 22 de

180 750 76 29 anslag,
267 758 45 14 som
321 750 87 23 sälunda
417 751 79 22 belasta
504 751 84 27 fonden,
601 751 58 22 torde
674 751 123 28 visserligen
811 751 37 22 allt
862 749 62 23 fram-

179 786 51 27 gent
243 783 85 24 komma
341 787 31 20 att
386 784 46 22 från
446 785 121 22 densamma
590 785 55 29 utgå.
675 785 13 22 I
703 793 26 14 en
744 785 34 22 del
792 789 23 18 är
829 785 53 22 dock
897 793 26 14 en

180 819 103 24 successiv
304 819 154 29 förminskning
477 821 31 21 att
530 821 94 25 emotses,
639 819 105 30 nämligen
759 820 8 21 i
782 819 141 30 indragnings-

179 855 97 21 staterna.
306 851 88 25 Oafsedt
415 856 31 20 att
467 854 68 29 någon
556 854 34 22 del
612 854 23 22 af
649 854 25 22 de
689 862 104 22 personer,
808 854 73 24 hvilka
895 854 29 23 ät-

179 884 63 33 njuta
250 888 43 27 lön,
305 888 88 22 emedan
408 888 58 22 deras
481 888 139 30 befattningar
634 888 70 24 blifvit
718 889 106 29 indragna,
839 889 83 23 mähän-

180 923 26 22 da
220 923 75 22 varder
309 923 37 22 vid
360 924 40 21 den
417 932 42 21 nya
481 924 162 29 uppsättningen
661 924 24 22 af
699 924 79 23 militär
792 924 8 22 i
814 925 64 29 tjenst
892 924 30 22 in-

179 957 75 27 kallad,
270 957 72 27 måste,
358 958 66 29 enligt
444 960 100 20 naturens
566 959 93 29 ordning,
680 958 60 23 dessa
761 959 87 29 utgifter
862 959 60 23 efter-

179 992 57 22 hand
249 992 101 29 upphöra.

246 1026 36 22 En
296 1034 69 14 annan
380 1029 46 27 post
441 1032 22 17 är
477 1027 41 22 den
536 1026 32 24 för
584 1028 270 30 ingvarteringskostnader,
870 1029 52 23 hvil-

179 1060 42 22 ken
243 1060 65 30 enligt
323 1062 54 21 1877
393 1061 33 23 års
448 1062 127 30 statsförslag
596 1063 94 29 utgjorde
711 1064 92 26 309,414
819 1064 60 21 mark
893 1064 28 22 43

179 1102 69 22 penni.

246 1128 41 28 Då,
302 1129 69 22 såsom
391 1129 33 23 för
437 1130 128 23 närvarande
587 1136 23 16 är
623 1131 64 27 fallet,
706 1132 50 28 rysk
774 1132 78 22 militär
866 1132 8 21 i
888 1132 33 22 be-

178 1163 68 30 tydlig
260 1164 77 28 mängd
350 1164 67 22 finnes
430 1160 79 33 förlagd
523 1164 9 22 i
546 1172 26 14 en
587 1165 33 22 del
634 1165 24 22 af
669 1166 80 22 landets
764 1166 74 26 städer,
848 1166 74 22 hvilka

179 1199 33 22 till
225 1197 52 30 följd
292 1198 60 22 deraf
363 1199 64 22 hafva
441 1201 31 20 att
485 1200 50 22 bära
550 1207 26 14 en
594 1200 79 28 ganska
691 1201 52 29 dryg
760 1200 161 30 inqvarterings-

178 1235 70 26 tunga,
263 1233 43 22 kan
320 1233 36 22 det
369 1233 35 21 väl
418 1233 73 22 endast
504 1241 60 14 anses
579 1234 48 21 med
641 1235 88 21 rättvisa
739 1235 38 21 och
787 1235 95 28 billighet
892 1235 28 22 öf-

178 1266 210 26 verensstämmande,
404 1269 30 19 att
448 1267 73 29 bidrag
534 1267 24 22 af
565 1267 106 22 allmänna
680 1269 69 21 medel
757 1268 90 23 tilldelas
861 1269 59 22 dessa

177 1300 186 27 stadskommuner,
378 1300 74 23 hvilka
464 1301 115 29 ingalunda
592 1301 73 23 kunna
679 1302 82 29 pröfvas
776 1311 49 14 vara
838 1303 8 22 i
855 1303 64 30 högre

176 1335 51 29 grad
240 1339 26 18 än
280 1335 66 29 öfriga
360 1334 125 24 kommuner
498 1336 8 22 i
520 1335 71 23 landet
604 1336 87 29 pligtiga
704 1339 31 20 att
749 1337 115 23 vidkännas
878 1343 42 18 sär-

177 1369 67 23 skilda
257 1369 143 30 uppoffringar
420 1369 32 23 för
473 1370 187 23 militärväsendets
674 1371 110 23 underhåll
798 1371 8 23 i
824 1372 93 23 fredstid.

176 1404 44 23 Det
234 1404 59 23 torde
308 1404 39 23 ock
360 1404 49 23 med
423 1405 46 22 skäl
483 1405 72 22 kunna
568 1405 8 22 i
590 1405 57 30 fråga
664 1408 69 25 sättas,
753 1415 34 14 om
805 1407 47 23 icke
871 1408 49 22 hela

177 1438 40 23 den
231 1439 94 27 kostnad,
336 1447 44 15 som
391 1439 40 22 den
444 1442 135 27 permanenta
592 1440 171 31 inqvarteringen
779 1441 32 23 för
824 1442 94 23 kommu-

175 1480 65 15 nerna
253 1473 87 28 medför,
355 1474 110 29 rätteligen
480 1475 62 22 borde
556 1475 33 23 till
603 1475 91 23 kronans
708 1476 87 29 utgifter
812 1476 32 23 för
862 1479 56 28 trup-

174 1514 64 21 perna
259 1507 102 24 hänföras.
395 1508 50 23 Men
467 1517 34 14 om
516 1510 117 23 Ständerna
653 1510 80 23 således
754 1512 57 21 finna
824 1512 95 22 kommu-
