1028 1695
211 125 25 20 16
412 123 22 23 U.
451 123 22 22 B.
489 135 28 3 —
533 123 65 27 Prop.
615 123 39 22 N:o
669 122 39 23 37.

200 251 74 22 Adels-
291 252 41 21 och
346 251 171 27 Adoptionsbref,
533 257 24 16 se
573 250 84 27 diplom.

200 285 143 28 Afskedsbref
354 285 97 22 utfärdas
467 286 28 27 på
511 285 76 22 sådant
603 284 116 28 stämpladt
728 291 88 22 papper,

230 327 46 15 som
298 319 34 23 för
355 320 168 22 embetsverkets
539 319 68 28 öfriga
622 319 147 28 expeditioner
784 319 7 21 i
807 319 10 27 $

230 357 13 19 4
258 354 68 22 finnes
342 354 117 22 bestämdt.

259 389 98 22 Erhäller
380 390 41 20 den
443 389 179 27 afskedstagande
646 389 103 27 derjemte
766 394 53 22 pen-

231 424 53 26 sion,
309 425 69 20 större
402 424 52 21 eller
476 424 87 26 mindre,
588 424 52 21 eller
663 423 121 28 förhöjning
799 422 22 22 af

230 458 119 27 värdighet,
373 459 98 26 erlägges
494 458 33 22 för
548 458 105 21 hvardera
675 458 68 21 sädan
763 457 57 22 skild

232 492 158 27 stämpelafgift,
407 499 46 16 som
469 493 88 27 stadgas
573 492 33 21 för
620 492 151 27 pensionsbref
779 492 40 22 och

230 526 106 22 fullmakt.

202 561 192 28 Antagningsbevis
409 561 53 22 eller
477 561 48 22 bref
539 561 12 22 å
566 561 72 27 tjenst,
654 567 24 16 se
693 561 104 22 fullmakt.

202 595 187 28 Apothekarebref.
564 612 39 5 ia
635 612 4 4 a
671 613 4 4 &

202 630 194 28 Barnmorskebref
421 648 5 5 .

203 661 85 37 Bilbref
350 684 4 3 N

202 701 150 27 Borgarcbref:

231 735 33 22 för
277 736 128 27 handlande,
421 735 112 29 fabrikant,
551 737 39 22 och
605 736 178 23 manufakturist.
815 754 16 7 .|

240 788 9 9 »
275 771 120 28 Sjökapten,

240 823 10 9 »
260 807 113 26 Skeppare,
374 789 157 39 handtverkare
537 787 113 41 gchsnnan
658 789 162 45 näringsidkare

203 841 313 27 Bouppteckningsinstrument
537 842 97 20 karteras
658 841 32 21 för
712 842 119 26 sterbhus,!

232 875 84 22 hvilkas
339 875 122 27 behällning
483 875 54 22 efter
559 863 251 45 bouppteckningsvärdet
825 867 6 31 |

233 910 83 26 uppgår
326 909 31 22 till
365 910 66 22 minst
439 912 41 19 500
488 910 48 27 Fay
544 911 66 26 enligt
617 910 93 28 följande
718 912 102 26 grunder:

188 938 2 34 |
233 945 49 21 med
299 945 39 26 1/19
354 945 28 26 %
398 944 22 22 af
431 944 44 22 hela
482 945 150 27 behållningen
640 946 56 21 ända
703 946 33 21 till
746 948 75 25 10,000

234 980 48 25 Ing
311 975 29 25 Är
364 979 150 27 behållningen
537 981 75 25 större,
636 980 96 27 erlägges
755 983 66 25 ytter-

233 1014 67 26 ligare
324 1014 7 21 i
353 1013 153 28 stämpelafgift
522 1014 40 26 2/1,
577 1015 28 26 %%
621 1014 33 22 för
668 1016 42 20 den
726 1015 34 22 del
776 1022 46 15 som

234 1048 128 27 öfverstiger
379 1050 76 25 10,000
467 1055 48 15 men
529 1049 47 21 icke
592 1048 38 28 går
638 1049 84 22 utöfver
731 1043 100 34 100,000
825 1039 11 42 |

235 1082 55 27 mg,
308 1083 38 25 ro
362 1082 29 26 Yo
407 1082 32 22 för
453 1082 56 22 hvad
525 1089 46 15 som
580 1083 142 27 öfverskjuter
731 1081 85 38 100,000
830 1102 1 13 |

190 1119 1 17 |
234 1117 48 27 Far
298 1117 56 21 ända
369 1116 33 21 till
419 1119 9 19 1
445 1117 80 21 million
541 1118 40 20 och
596 1118 38 26 %1,
652 1118 26 26 %
694 1117 34 22 för
738 1119 41 21 den
787 1116 44 24 del!

190 1146 2 5 |
235 1150 23 22 af
286 1150 155 28 behållningen,
465 1157 46 16 som
533 1151 127 28 öfverstiger
689 1152 133 23 sistnämnda

234 1191 90 20 summa,
347 1185 51 22 eller
413 1186 84 22 säledes
513 1186 33 22 för
560 1186 73 28 hvarje
648 1186 54 23 fulla
719 1189 39 20 100
770 1183 46 49 Ing
829 1207 2 21 |

234 1219 24 21 af
271 1226 27 15 en
312 1220 123 26 behållning
450 1220 46 22 från

236 1255 41 19 500
293 1254 48 25 Zy
356 1253 124 22 tillochmed
496 1256 76 25 10,000
603 1272 4 4 .
638 1272 4 3 .
674 1273 4 3 .

234 1287 33 21 för
290 1287 41 21 den
354 1288 35 21 del
412 1288 22 21 af
454 1289 156 27 behållningen,
634 1295 46 15 som
696 1273 126 44 öfverstiger

238 1323 76 25 10,000
329 1322 48 27 Frye
392 1323 55 21 ända
463 1323 32 21 till
511 1325 90 25 100,000
745 1342 4 4 ;
829 1322 2 2 |

235 1355 33 23 för
291 1356 41 22 den
354 1357 35 22 del
411 1357 22 22 af
453 1357 157 28 behållningen,
634 1364 46 17 som
696 1343 126 44 Ofverstiger

237 1393 91 25 100,000
344 1392 48 28 ye
408 1392 55 22 ända
478 1393 31 21 till
527 1395 8 20 1
553 1393 80 22 million

872 595 61 21 40|—

860 733 81 22 100]—|

236 1428 56 19 samt
307 1426 33 22 för
354 1427 56 22 hvad
426 1427 121 23 derutöfver
562 1428 38 27 gär

258 1475 205 24 Bevillningsutskottets
479 1477 113 18 betänkande
607 1477 35 18 N:o
660 1475 18 20 1.

874 771 26 19 50

874 805 67 23 25—|
