1025 1695
305 161 28 30 U.
346 162 27 25 B.
386 172 18 3 —
420 162 78 24 Prop.
511 163 43 19 N:o
567 163 42 28 41.
775 164 26 21 21

95 226 39 19 3:0.
165 225 214 28 Reservmanskapets
397 227 125 27 utrustning
537 227 38 20 och
591 227 67 20 totala
673 226 145 22 kostnaderna

374 260 43 27 för
432 267 101 14 reserven.

152 299 80 27 Hvarje
255 306 111 15 reservens
386 301 156 21 åldersklasser
564 301 89 26 uppgår,
674 301 71 21 såsom
765 301 67 21 redan

82 333 69 26 sades,
168 334 32 21 till
217 334 98 27 omkring
329 335 64 25 5,000
408 341 55 20 man,
479 335 119 26 utgörande
609 335 64 21 alltså
683 335 99 26 omkring
791 335 40 22 555

81 374 49 15 man
145 374 39 21 per
199 368 102 28 bataljon,
319 369 39 21 139
373 375 39 21 per
427 369 101 28 kompani
543 369 52 22 eller
611 369 26 21 35
651 364 49 26 man
709 375 39 21 per
758 369 82 28 hvarje.

81 402 115 27 afdelning.

152 437 66 22 Detta
236 437 111 28 manskap,
364 444 44 15 som
428 438 47 21 icke
489 438 95 27 åtnjuter
599 439 69 26 någon
683 437 94 28 aflöning
793 438 39 27 och

81 472 58 26 sjelft
153 472 70 21 måste
237 472 58 22 förse
310 473 34 26 sig
358 473 49 21 med
422 473 121 27 utredning,
558 473 148 22 innefattande
716 473 67 21 linne-
792 473 39 21 och

80 506 130 27 släpkläder,
234 508 115 26 strumpor,
368 507 102 26 halsduk,
491 507 91 26 skodon,
603 513 17 15 o.
640 513 17 15 s.
672 514 26 19 v.,
719 507 39 21 bör
777 507 55 21 dock

80 541 81 21 erhälla
179 541 23 21 af
219 541 131 22 statsverket
368 542 66 26 nödig
453 541 202 22 militärbeklädnad
674 541 40 22 och
729 541 103 27 beväring

80 577 56 20 samt
155 575 84 27 ätnjuta
257 576 218 27 portionspenningar
491 576 32 21 till
539 576 137 21 bestridande
692 575 22 22 af
728 576 51 21 föda
793 582 38 15 un-

80 610 38 21 der
140 610 135 22 mötestiden.
305 610 51 22 Men
379 611 27 20 dä
428 611 139 27 tjenstetiden
589 611 76 21 endast
684 613 24 19 är
727 610 50 21 kort
792 610 39 21 och

80 645 139 28 persedlarne
234 645 47 22 icke
297 645 22 21 fä
333 651 63 16 anses
412 645 71 22 säsom
499 645 109 22 soldatens
623 645 141 27 tillhörighet,
779 646 53 20 utan

80 681 77 26 utgöra
177 679 133 28 bataljonens
330 680 114 27 egendom,
463 680 43 23 kan
525 680 39 22 och
582 680 40 21 bör
637 679 194 28 förslitningstiden

78 715 34 21 för
130 715 109 21 desamma
258 714 107 22 beräknas
384 715 106 27 betydligt
508 715 79 26 längre,
606 717 27 19 än
652 715 36 21 vid
706 714 74 21 aktiva
794 714 37 21 ba-

78 749 101 28 taljonen,
200 750 39 21 och
257 749 122 22 utsträckas
398 750 34 21 till
446 750 57 21 hvad
516 749 93 28 tidigare
624 749 35 22 vid
675 749 81 22 indelta
771 751 60 25 trup-

78 791 68 20 perna
160 784 49 22 med
223 786 77 20 nästan
315 784 45 22 lika
369 785 50 26 läng
430 785 192 27 mötesskyldighet
632 784 53 27 egde
696 790 53 15 rum.
769 783 63 28 Sjelf-

78 819 62 21 fallet
154 821 25 19 är
194 819 71 25 ocksä,
281 820 33 21 att
329 818 149 22 beklädnaden
493 819 42 22 kan
551 821 64 24 göras
627 818 107 27 ansenligt
744 818 88 21 enklare

79 854 40 21 och
133 853 100 27 billigare
248 856 27 19 än
290 854 36 21 vid
341 853 87 27 ständig
443 854 58 21 aktiv
517 856 71 24 trupp.

150 888 51 21 Med
216 888 87 27 ledning
317 888 64 21 häraf
394 888 62 21 torde
470 888 161 21 nedanstäende
641 889 44 20 stat
696 887 72 22 kunna
777 893 54 22 upp-

80 925 64 25 göras
160 923 34 21 för
209 923 211 27 reservmanskapets
436 923 121 21 beklädnad
572 923 39 21 och
626 922 109 27 beväring.

573 985 18 18 >

95 989 23 45 si
573 1003 16 33 5
631 1004 57 30 Fulla
740 1002 67 28 Årliga

95 1031 18 32 E
569 1036 22 31 s
595 1031 10 40 |
621 1037 83 22 anslags-|
728 1036 84 23 anslags-

95 1063 12 32 E
573 1069 12 20 &
594 1060 12 34 |
614 1071 89 13 summan.
710 1060 12 34 |
726 1070 93 14 summan,

90 1096 17 12 0
572 1090 14 19 >
705 1113 17 2 1

94 1119 18 20 E
573 1111 18 45 3
606 1129 59 18 Mark.
668 1124 9 33 |
686 1134 22 18 p.|
721 1128 60 19 Mark.|
801 1133 18 18 p.

84 1165 33 2 W
245 1174 190 22 Beklädnad.
665 1166 23 2 i

105 1222 11 20 6|
136 1220 127 28 Vapenrock
364 1236 39 5 som
434 1237 4 4 X
469 1237 5 5 &
505 1237 5 4 Ox
584 1222 9 21 11
637 1222 74 21 24i1—
766 1221 59 22 4|—|

104 1257 12 19 6|
137 1255 194 21 Vinterbenkläder
364 1271 4 5 .
399 1271 5 5 .
434 1271 5 5 .
470 1271 4 5 .
504 1271 6 5 .
585 1256 8 20 1
640 1256 71 21 12:—
766 1257 58 20 2l—

104 1290 13 20 3]
137 1290 98 21 Sommar
250 1289 45 21 dito
585 1290 10 20 1
652 1290 13 20 4]
686 1301 22 3 —
769 1290 56 21 1/33

104 1325 12 20 3]
137 1324 212 26 Gymnastikskjorta
365 1324 5 20 :
585 1325 9 19 1
653 1325 57 19 3|—
769 1326 56 19 11—

105 1359 11 20 6!
138 1357 93 22 Schinell
246 1357 52 22 eller
313 1358 83 26 paletot
434 1373 6 5 =.
585 1358 9 20 1]
639 1358 71 21 20]—
767 1359 59 20 3133

104 1393 12 21 3
136 1393 90 21 Mössa.
256 1408 5 5 .
296 1409 1 4 .
327 1408 41 5 ..
470 1407 75 6 L]
585 1393 9 19 1
653 1393 57 20 3—
768 1393 55 20 11—

104 1429 12 21 3]
138 1426 78 23 Stölar
257 1443 5 5 .
293 1441 5 6 <
331 1443 2 5 <
399 1444 5 5 sc.
470 1443 5 4 «oo
541 1443 5 4 0
586 1427 9 21 [1]
641 1427 70 21 15/—1
767 1427 59 21 —-5/—

459 1467 86 22 Summa
557 1463 15 36 |
569 1480 27 4 —|
638 1469 73 20 81]—|
755 1469 71 20 17166

150 1505 204 31 Värnepligtsutskottets
366 1504 107 37 betänkande
480 1508 42 29 No
530 1508 17 18 2
