1028 1700
226 158 28 20 20
418 160 29 18 U.
462 160 31 18 B.
508 169 29 4 —
552 161 80 23 Prop.
648 160 48 18 N:o
711 161 38 18 40.

198 229 88 24 trupper
302 226 69 21 såsom
387 225 84 22 arméns
487 229 60 22 stam,
563 229 44 17 mot
622 224 152 28 medgifvande
789 225 22 20 af
821 224 124 28 betydande

198 259 76 28 bidrag
291 260 47 21 frän
357 263 81 18 statens
457 260 46 21 sida
521 261 22 20 ät
558 265 53 16 rust-
627 260 40 21 och
683 259 150 27 rotehällarne,
848 264 56 16 samt
919 267 26 13 en

199 294 32 21 till
245 293 40 22 tolf
298 295 25 20 är
348 295 107 20 utsträckt
480 294 200 28 tjensteskyldighet
694 294 40 20 och
750 301 26 13 en
792 293 31 21 till
839 294 26 21 62
881 293 65 28 dagar

197 328 98 28 förlängd
313 328 209 29 öfningsskyldighet
539 328 7 21 i
566 328 138 28 beväringen.
734 322 73 27 Äfven
827 328 59 21 detta
902 328 42 21 för-

198 364 45 27 slag
257 363 117 21 strandade
389 364 110 27 nämligen
514 367 44 17 mot
572 363 236 28 landtmanna-partiets
820 363 85 21 fordran
919 364 28 28 pä

197 397 208 28 indelningsverkets
413 397 133 23 afskaffande
558 398 40 21 och
610 398 190 28 grundekatternas
812 398 128 27 afskrifning

263 431 13 23 I
298 432 96 21 Finland
413 433 67 22 rådde
501 432 107 21 sannolikt
626 433 69 20 under
710 433 55 20 älsta
779 432 62 28 tider,
857 433 7 20 i
880 433 67 21 likhet

197 468 47 19 med
265 466 57 22 hvad
341 466 142 23 förhällandet
501 468 54 20 varit
570 467 39 21 hos
624 467 27 20 de
665 467 62 21 flesta
741 467 45 21 folk
801 467 68 21 under
884 467 63 21 deras

197 501 66 22 första
282 501 218 30 utvecklingsperiod,
521 502 78 21 allmän
618 502 39 21 och
677 501 110 29 personlig
809 502 137 27 tjensteskyl-

197 536 74 27 dighet
285 537 34 20 för
333 537 43 20 alla
389 537 119 28 vapenföra
523 540 56 17 män.
608 536 61 21 Efter
684 537 28 20 de
727 536 70 21 finska
807 541 140 17 stammarnes

197 571 98 28 förening
317 571 31 21 till
372 576 29 16 ett
423 572 44 21 helt
489 572 68 22 under
575 572 89 21 svenskt
679 572 70 26 välde,
767 572 44 21 blef
820 572 69 28 jämte
905 572 41 21 den

196 606 69 28 öfriga
286 606 255 28 samhällsförfattningen
558 607 63 20 äfven
641 606 42 21 den
699 607 92 21 svenska
805 606 142 28 krigsförfatt-

196 640 79 27 ningen
295 640 134 28 smäningom
445 641 7 20 i
473 640 94 22 Finland
579 641 77 20 införd.
679 641 58 21 Frän
758 642 25 20 16
793 641 67 20 seklet
872 641 75 21 beräk-

196 681 37 14 nas
257 674 28 21 de
306 675 71 21 finska
391 679 126 24 truppernas
532 676 57 21 antal
605 675 63 21 hafva
678 676 81 27 utgjort
770 675 98 27 omkring
879 675 68 28 tredje

196 709 63 22 delen
282 710 21 21 af
325 709 92 22 svenska
439 710 66 21 rikets
522 709 112 22 inhemska
657 709 126 28 krigsmakt,
798 713 38 18 när
852 718 49 13 man
918 711 28 20 af-

196 751 34 14 ser
245 744 47 21 frän
310 744 28 21 de
353 744 102 22 värfvade
467 745 32 21 in-
507 745 40 22 och
559 745 113 21 utländska
682 750 89 24 trupper
783 753 45 13 som
837 745 109 27 samtidigt

196 779 145 22 underhöllos.
367 779 30 22 Sä
413 779 96 28 utgjorde
519 780 46 21 från
581 779 71 22 Johan
671 779 54 22 III:s
741 780 30 21 tid
785 780 55 21 ända
848 780 31 20 till
894 780 52 21 1618

195 813 69 22 finska
280 814 77 21 härens
372 814 73 28 styrka
459 815 69 20 under
542 815 87 26 vanliga
644 814 148 21 förhällanden
809 816 65 27 nägot
886 815 60 21 öfver

195 848 63 26 5,000
280 856 56 18 man,
355 848 111 21 fördelade
484 849 32 20 till
535 856 26 14 en
581 849 104 28 tredjedel
701 850 28 27 pä
746 851 96 26 rytteriet
857 849 39 21 och
913 849 32 20 till

196 884 35 20 två
246 883 129 28 tredjedelar
389 884 29 27 pä
432 883 98 21 fotfolket
541 883 24 28 1).
596 883 73 22 Under
687 883 82 22 Gustaf
782 883 24 21 II
820 883 78 22 Adolfs
914 891 30 13 re-

195 917 76 28 gering
287 919 50 20 eller
353 918 46 21 från
414 917 41 22 och
471 918 48 21 med
535 919 23 20 är
573 919 55 21 1618
646 917 70 28 börjar
731 918 42 21 den
790 919 94 26 ständigt
894 918 52 21 fort-

196 951 83 28 gäende
294 952 142 28 tillökningen
459 952 23 21 af
495 952 102 28 Sveriges
616 952 126 27 krigsmakt,
759 953 87 20 hvilken
862 953 83 21 slutade

196 986 48 21 med
267 990 32 17 att
320 989 75 18 nästan
422 986 114 22 tredubbla
555 987 48 21 dess
618 987 79 28 styrka.
728 979 33 29 Är
777 987 53 21 1623
846 987 98 28 utgjorde

195 1021 70 21 finska
279 1021 96 28 rytteriet
390 1021 27 22 10
432 1021 126 28 kompanier
577 1021 14 21 &
609 1022 41 20 125
665 1029 57 18 man,
738 1025 58 17 utom
813 1022 131 25 adelsfanan,

195 1056 39 20 och
250 1055 55 22 1628
325 1056 81 21 ökades
424 1056 37 21 det
479 1055 32 21 till
527 1056 26 20 12
573 1055 133 29 kompanier.
737 1055 115 28 Samtidigt
868 1056 75 22 bestod

193 1090 70 21 finska
285 1090 121 21 infanteriet
428 1090 22 21 af
469 1095 33 16 tre
521 1091 131 26 regimenten
676 1092 28 27 pä
718 1090 65 26 3,600
798 1098 48 13 man
863 1090 79 28 hvarje.

195 1124 97 23 Sälunda
306 1124 96 29 uppgick
416 1124 69 22 finska
499 1123 144 29 krigsmakten
660 1124 36 22 vid
713 1124 72 22 denna
796 1124 29 22 tid
837 1125 31 21 till
881 1125 63 27 1,250

194 1159 14 22 &
232 1159 63 26 1,500
311 1166 48 14 man
376 1159 73 28 rytteri
464 1159 40 22 och
519 1159 99 28 omkring
639 1160 76 25 10,800
730 1167 49 13 man
795 1159 75 22 fotfolk
885 1165 59 16 utom

195 1193 124 22 adelsfanan
339 1193 39 21 och
401 1193 60 22 öfver
487 1194 48 20 hela
554 1193 72 21 landet
649 1194 103 21 värfvade
767 1198 95 24 trupper.
892 1195 51 20 Men

195 1228 53 20 efter
262 1228 57 21 1630
333 1227 79 21 ökades
428 1228 59 20 detta
501 1228 58 20 antal
573 1228 124 26 ytterligare
712 1228 40 21 och
763 1228 109 26 utgjorde:
889 1229 55 20 1633

196 1260 102 21 —fotfolk
314 1260 83 26 12,000,
414 1260 167 25 1635—12,600,
598 1261 167 25 1640—13,700,
780 1261 50 21 1644
846 1256 98 36 —14,100.

194 1294 117 28 Samtidigt
333 1293 132 22 formerades
487 1294 98 28 rytteriet
600 1295 28 27 pä
642 1295 133 27 sgvadroner
789 1295 39 20 och
844 1295 99 28 utgjorde

193 1329 63 26 3,000
279 1329 12 22 &
313 1329 64 27 3,600
400 1336 57 14 man.
487 1328 38 23 Sin
551 1329 76 26 högsta
651 1329 73 28 styrka
740 1329 116 29 uppnädde
874 1329 69 22 finska

193 1367 72 19 armén
281 1365 63 25 1644,
359 1363 28 22 dä
401 1363 43 22 den
460 1363 95 22 räknade
570 1367 52 18 nära
637 1364 77 25 18,000
729 1372 56 13 man.
815 1363 129 23 Sedermera

195 1399 122 22 minskades
339 1398 153 29 truppstyrkan
520 1400 72 27 nägot,
617 1398 40 21 och
683 1399 36 21 vid
746 1399 73 28 början
846 1399 23 21 af
892 1398 50 23 Carl

261 1487 13 24 1)
293 1487 90 19 Finlands
403 1485 107 24 folkmängd
521 1486 53 18 torde
587 1485 24 19 dä
624 1485 54 19 hafva
690 1485 81 23 uppgätt
783 1485 28 18 till
824 1485 84 23 omkring
920 1492 22 12 en

192 1516 41 20 half
242 1516 65 24 miljon
320 1515 111 19 menniskor.

263 1558 198 23 Värnepligisutskottets
473 1556 111 18 Betänkande
597 1556 32 18 N:o
644 1556 15 16 1.
