1025 1695
222 154 13 19 4
425 151 22 23 U.
464 150 24 23 B.
504 162 27 4 —
547 151 66 26 Prop.
631 150 38 22 N:o
685 139 32 34 Ål.

261 219 35 20 4:0
325 216 51 22 Icke
390 216 68 21 heller
472 215 29 21 ha
516 214 194 28 Borgareståndets
726 215 95 27 yrkande
837 215 28 26 på
878 215 70 26 skälig

193 250 121 29 förhöjning
334 250 24 22 af
371 250 41 22 den
427 249 100 28 aflöning,
537 255 46 16 som
598 249 116 22 beräknats
730 249 32 22 för
777 249 37 22 det
828 249 119 27 värneplig-

194 285 45 28 tiga
253 286 60 27 lägre
328 284 150 23 underbefälet
494 284 41 22 och
549 284 133 27 manskapen
696 284 36 21 vid
744 284 41 21 den
792 283 157 28 värnepligtiga

195 321 72 21 aktiva
282 321 80 26 armén,
376 319 61 28 gifvit
451 319 114 22 Utskottet
580 319 114 27 anledning
709 319 33 21 till
756 319 66 26 något
837 318 111 27 ändrings-

193 354 86 28 förslag,
300 354 23 22 af
345 355 48 21 skäl
409 356 33 19 att
457 354 41 22 den
513 354 7 21 i
535 354 85 27 bilagan
635 353 30 22 III
679 354 8 21 i
702 353 42 22 den
759 353 78 27 nådiga
851 353 97 27 proposi-

194 389 73 23 tionen
285 389 122 28 föreslagna
423 389 98 22 årslönen
537 388 22 22 af
572 390 27 20 48
615 388 60 22 mark
690 387 33 23 för
738 387 112 29 gefreitrar
865 387 41 23 och
921 389 27 20 36

194 425 61 20 mark
276 424 33 22 för
328 424 155 27 värnepligtiga
503 424 96 21 soldater
613 423 202 22 öfverensstämmer
829 422 50 22 med
893 424 54 20 mot-

195 459 104 21 svarande
315 458 118 27 aflöningar
447 458 156 21 vid-särskilda
619 458 67 21 andra
697 457 155 28 värnepligtiga
860 458 88 25 arméer,

195 492 149 23 hvarförutom
358 493 37 21 det
410 494 59 25 synts
484 492 114 22 Utskottet
613 492 94 27 önskligt
722 493 33 20 att
769 492 37 21 vid
821 491 42 22 den
872 494 78 19 värne-

196 527 90 27 pligtiga
301 526 80 27 armén,
402 527 48 21 icke
465 526 46 21 från
525 526 75 27 början
615 526 135 27 tillämpades
766 526 67 27 högre
848 526 60 21 löner
923 528 28 19 än

197 561 173 27 oundgängligen
391 561 132 27 nödvändigt
545 563 29 19 är.
606 561 71 22 Också
696 561 79 21 saknas
791 561 24 27 ju
831 561 18 26 ej
866 559 85 22 tillfälle

197 598 32 19 att
251 595 114 23 framdeles
383 596 49 21 med
451 596 86 27 ledning
553 596 22 21 af
589 596 27 21 då
630 602 85 15 vunnen
731 595 122 22 erfarenhet
868 594 85 27 förhöja

197 631 115 22 desamma.

265 665 34 22 5:0
328 665 64 22 Hvad
412 665 102 27 slutligen
533 666 65 26 angår
617 666 41 21 den
674 665 105 22 aninodan
794 664 157 27 Borgarestån-

197 699 43 27 det,
256 699 49 22 med
319 699 155 22 föranledande
489 699 23 22 af
526 700 105 21 särskilda
646 700 68 21 under
730 700 104 22 debatten
844 699 7 21 i
859 699 93 22 Ståndet

197 734 75 27 gjorda
286 734 40 21 och
341 734 113 22 Utskottet
470 734 93 27 delgifna
577 734 132 26 uttalanden,
718 734 52 22 stält
785 735 33 20 till
829 734 120 25 Utskottet,

197 770 33 20 att
248 768 19 28 ej
283 768 83 22 mindre
382 768 50 27 ingå
446 769 7 20 i
468 768 88 27 förnyad
571 769 131 26 granskning
717 769 23 21 af
753 769 26 21 de
795 769 7 20 i
817 769 41 21 den
874 768 76 21 betän-

197 803 81 22 kandet
292 802 113 28 vidfogade
420 803 156 27 promemorian
591 803 174 22 förekommande
779 803 103 28 kalkyler,
895 804 56 20 samt

198 837 26 26 af)
239 838 27 21 de
282 837 235 27 anslagsberäkningar,
532 837 73 22 hvilka
619 838 28 26 på
662 838 68 26 grund
746 837 23 22 af
783 837 69 22 denna
866 843 84 21 prome-

197 872 69 21 moria
287 871 71 22 blifvit
380 866 127 33 uppgjorda;
522 871 109 22 äfvensom
645 872 174 21 Bondeståndets
834 871 116 22 framställ-

198 906 51 27 ning
264 906 78 27 derom,
360 907 32 20 att
407 906 118 25 Utskottet,
542 907 25 20 så
581 906 46 21 vidt
642 906 84 27 möjligt
740 913 57 20 vore,
813 906 67 22 borde
895 913 54 20 upp-

199 941 52 26 göra
265 946 147 21 noggrannare
427 941 144 26 beräkningar
586 940 58 22 öfver
652 941 26 22 de
689 941 103 27 uppgifna
798 941 152 26 kostnaderna,

199 975 26 21 så
240 975 128 22 tillkommer
384 975 36 22 det
435 975 113 22 Utskottet
563 977 33 20 att
611 975 77 27 afgifva
702 975 94 28 följande
809 975 144 27 förklaringar

199 1009 40 22 och
255 1009 112 22 rättelser:

266 1043 29 27 A)
326 1043 72 22 Gevär
414 1043 40 22 och
469 1043 108 22 fältflaska
592 1045 56 20 samt
658 1043 141 22 öfverhufvud
809 1044 42 21 alla
861 1044 89 27 persed-

197 1078 33 21 lar
245 1077 22 22 af
277 1077 75 22 metall
359 1077 99 22 hänföras
470 1078 32 21 till
513 1084 18 15 s.
539 1078 20 21 k.
571 1078 126 27 oförslitliga
704 1079 118 26 persedlar.
837 1079 35 20 Då
880 1080 27 20 20
915 1079 36 21 års

197 1111 165 28 förslitningstid
380 1112 7 21 i
403 1112 41 21 den
459 1112 146 22 betänkandet
618 1112 87 27 bilagda
720 1113 156 26 promemorian
890 1113 7 21 i
912 1115 38 19 ko-

196 1147 59 21 lumn
277 1147 101 26 upptogs,
397 1152 39 15 var
454 1147 62 21 detta
531 1153 26 15 en
573 1147 152 27 oegentlighet.
755 1147 196 27 Remontbeloppet

197 1187 38 20 per
251 1181 56 21 ärär
323 1180 97 22 deremot
434 1181 75 27 riktigt
516 1180 261 29 beräknadt
643 1176 10 37 i
661 1180 115 29 ungefärlig
785 1181 165 22 öfverensstäm-

198 1215 67 22 melse
280 1214 50 23 med
345 1215 56 22 hvad
416 1215 6 21 i
438 1215 214 28 gardesbataljonens
668 1217 86 20 senaste
763 1215 104 22 stat
810 1210 13 37 i
829 1215 36 22 akt
877 1216 72 27 tagits.

265 1249 28 27 B)
323 1248 200 27 Summeringsfelet
546 1251 40 19 100
608 1249 61 22 mark
687 1251 27 19 40
729 1250 64 25 penni
808 1250 8 21 i
831 1249 74 22 stället
917 1249 33 22 för

198 1284 47 20 110:
265 1284 28 20 40
313 1283 13 21 ä
339 1288 49 22 pag.
405 1284 27 20 22
448 1284 110 24 erkännes,
575 1283 40 21 och
629 1284 78 20 varder
721 1282 121 23 härmedels
858 1283 32 21 till
905 1284 45 21 rät-

189 1317 65 23 -telse
269 1317 102 22 anmäldt.

269 1352 27 28 C)
326 1353 40 22 Att
388 1353 7 21 i
412 1353 67 22 rundt
493 1353 31 22 tal
539 1353 95 22 beräkna
648 1359 112 16 reservens
774 1355 33 20 tre
822 1353 68 22 första
904 1354 46 21 ärs-

196 1387 85 22 klasser
302 1387 32 22 till
358 1389 76 26 15,000
456 1394 55 21 man,
535 1387 53 23 eller
605 1388 7 21 i
627 1388 103 22 medeltal
746 1390 63 25 5,000
823 1388 74 28 hvarje
911 1389 40 21 har

196 1421 108 23 befunnits
326 1422 70 23 afvika
411 1422 47 22 frän
473 1423 171 27 beräkningarna
659 1422 59 23 öfver
732 1425 127 20 numerären
875 1423 7 22 i
896 1423 54 22 bila-

196 1463 43 20 gan
253 1457 32 22 III
301 1457 24 22 af
337 1457 147 22 betänkandet
498 1457 41 22 N:o
556 1460 9 19 1
583 1458 38 21 der
637 1459 64 20 dessa
716 1458 119 22 årsklasser
850 1460 37 19 äro
896 1465 54 20 upp-

267 1498 196 22 Värnepligtsutskottets
475 1497 250 24 sammanjemkningsförslag.
