1045 1689
332 145 28 19 U,
372 146 31 17 B.
417 156 21 3 —
451 145 81 24 Prop.
544 147 46 18 N:o
603 147 39 18 838.
801 149 27 20 27

116 210 139 22 hvarförutom
271 211 105 21 Utskottet
391 211 41 22 lika
447 212 104 21 vördsamt
566 212 117 21 hemställer

187 254 33 13 om
240 247 41 20 icke
301 246 115 22 Ständerna
436 247 44 22 ville
501 249 21 19 åt
540 247 60 22 Hans
618 248 111 29 Kejserliga
744 248 115 28 Majestät
849 242 14 39 i

188 282 158 28 underdänighet
362 281 120 29 öfverlemna
497 286 27 17 att
540 283 108 20 bestämma
662 283 59 25 tiden,
738 283 28 20 dä
781 282 78 29 ifräga-

187 317 88 21 varande
285 317 124 29 förordning
426 318 34 20 bör
475 319 60 20 träda
549 318 8 20 i
572 317 125 22 verksamhet.

187 422 33 21 Dä
235 422 105 22 Utskottet
356 423 89 22 härefter
461 423 121 28 genomgätt
597 423 38 22 och
649 423 98 28 granskat
758 423 35 22 det
803 423 6 21 i
820 423 37 22 nä-

115 457 47 28 diga
182 458 150 27 propositionen
348 458 99 28 ingäende
463 459 98 28 förslaget
576 459 32 21 till
623 465 27 21 ny
666 458 170 29 ordningsstadga
851 459 7 21 i

115 494 76 26 ämnet,
214 494 37 21 har
274 494 106 22 Utskottet
403 494 17 28 ej
444 495 68 21 funnit
532 494 43 22 skäl
594 494 31 22 att
641 495 55 21 emot
711 494 24 22 de
750 494 107 27 principer,

115 529 79 28 hvarpä
214 529 114 22 detsamma
348 532 22 19 är
388 530 101 25 baseradt,
506 529 114 22 framställa
635 529 64 28 några
714 529 145 28 påminnelser;

115 564 37 22 och
168 565 31 21 får
214 565 106 22 Utskottet
335 565 54 28 förty
404 565 102 28 tillstyrka

185 604 28 18 att
236 600 114 22 Ständerna
373 602 64 25 måtte,
461 603 66 20 såsom
546 602 92 27 yttrande
653 601 54 29 öfver
717 601 97 30 förslaget
829 601 30 22 till

185 637 172 28 ordningsstadga,
374 637 102 28 angående
484 637 95 28 flottning
595 636 25 29 af
631 636 121 29 skogsalster,
768 637 7 21 i
784 637 75 22 under-

185 672 93 28 dånighet
294 671 96 29 förklara
412 673 30 28 sig
464 673 17 27 e
500 671 62 29 hafva
576 673 59 28 något
651 676 27 17 att
693 673 99 21 anmärka
806 676 52 18 emot

185 707 156 28 grundsatserna
354 708 9 20 i
378 708 64 27 sagda
452 707 85 28 förslag.

186 814 61 22 Hvad
261 814 73 28 ytterst
349 814 127 22 vidkommer
492 814 151 28 ofvanintagna,
659 814 23 22 af
689 814 169 28 landtdagsman-

115 857 39 15 nen
177 850 90 27 Idänpää
290 849 94 22 Heikkilä
406 850 33 21 till
457 849 153 23 Bondeståndet
624 850 80 28 ingifna
719 850 140 27 petitionsför-

115 886 50 27 slag,
190 885 23 22 så
234 885 38 22 har
290 885 38 22 den
347 885 83 27 önskan,
446 886 135 27 petitionären
597 886 66 21 ansett
679 885 116 22 Ständerna
810 886 49 21 böra

115 921 72 26 uttala,
205 921 102 22 allaredan
322 921 68 21 blifvit
405 927 74 22 genom
496 921 38 22 den
549 920 76 29 nådiga
639 921 151 28 propositionen
806 927 52 21 upp-

115 957 57 28 fylld,
189 957 93 21 hvarföre
298 956 105 22 Utskottet
419 963 58 15 anser
492 957 32 28 sig
538 957 50 21 böra
603 956 74 22 föreslå

187 997 26 16 att
236 992 155 29 ifrågavarande
411 992 167 29 petitionsförslag
597 993 18 28 ej
629 994 60 20 måtte
703 992 31 21 till
748 993 66 28 någon
829 993 31 20 åt-

186 1029 54 27 gärd
249 1027 53 29 från
318 1027 124 22 Ständernas
456 1029 47 20 sida
511 1028 116 28 föranleda.

187 1086 133 28 Helsingfors,
338 1086 38 22 den
393 1087 27 21 12
436 1086 84 22 oktober
537 1087 62 21 1877.

166 1536 134 19 Sammansatta
316 1535 51 24 Lag-
382 1534 31 20 och
428 1535 180 20 Ekonomiutskottets
623 1535 110 20 betänkande
747 1535 37 19 N:o
800 1533 18 22 8.
