1025 1692
237 113 25 20 14

391 112 87 22 Ständ.
495 111 39 23 Sv.
551 124 27 3 —
593 112 73 28 Prop.
682 111 46 30 N:o
743 112 35 23 37.

309 218 21 22 b)
341 217 79 27 Utdrag
444 217 36 21 och
502 217 84 27 afskrift
610 219 50 19 utur
811 230 2 14 |

338 251 87 21 dombok
440 251 36 21 och
492 251 33 22 akt
536 251 9 21 i
553 250 66 22 redan
627 251 32 27 af-

336 286 70 27 gjordi
417 285 50 27 mäl,
476 285 126 27 diariibevis,
609 292 50 20 gra-

338 320 138 22 vationsbevis
498 322 54 20 samt
575 320 85 27 afskrifti

339 354 37 22 och
390 355 56 21 bevis
460 355 51 26 från
531 354 108 22 arkiverna
662 371 1 4 |
686 354 49 20 2—.
762 353 193 23 1—]1—150/—|25]

338 388 135 27 Expedition,
496 396 46 14 som
564 388 8 22 i
593 389 66 27 öfver-

311 423 155 22 ensstämmelse
487 423 87 22 härmed
590 423 69 27 utfär-
888 432 2 15 |
958 417 1 25 |

311 458 49 21 dats
370 459 34 25 på
418 458 116 26 stämpladt
537 464 88 20 papper,
635 459 26 19 är
888 451 2 25 |

310 492 18 27 ej
342 493 72 26 någon
428 492 118 28 ytterligare
556 492 105 27 kartering
958 500 2 17 |

310 526 148 27 underkastad,
468 527 28 21 dä
504 526 40 22 den
554 527 38 21 hos
599 526 66 27 högre!
958 531 2 16 |

310 561 121 27 myndighet
444 561 109 21 inlemnas.

344 595 146 27 Anmärkning
504 596 18 20 1.
553 595 44 21 För
612 594 74 28 bilaga,
709 602 46 14 som
777 595 71 21 består
868 594 27 28 af
912 594 51 28 flera

275 630 43 26 ark,
335 629 107 27 erfordras
457 630 60 21 karta
532 629 75 22 endast
621 630 72 21 såsom
700 630 34 26 för
748 631 30 19 ett
792 630 42 21 ark.
867 628 96 28 Skrifvas

275 664 52 27 flera
342 663 80 27 bilagor
432 664 33 26 pä
480 666 28 19 ett
523 664 42 26 ark,
582 663 102 22 beräknas
692 664 60 22 karta
761 664 35 26 för
802 664 70 28 hvarje
887 663 75 23 sådan.

344 698 147 28 Anmärkning
506 700 20 20 2.
557 698 140 27 Handlingar,
720 705 46 15 som
786 698 58 28 inför
861 698 102 22 Notarius

273 733 98 27 publicus
384 733 77 27 företes
476 734 8 20 i
499 733 95 27 afseende
610 734 15 20 &
639 732 40 22 den
686 734 33 27 pä
728 733 76 21 honom
815 733 149 22 ankommande

277 768 160 26 embetsätgärd,
454 768 85 27 behöfva
553 767 42 21 icke
609 768 34 26 för
657 767 80 22 sådant
751 767 102 22 ändamål
862 768 100 22 karteras.

345 802 147 27 Anmärkning
508 803 21 20 3.
558 802 131 21 Instrument
698 802 34 26 för
740 802 169 28 bouppteckning,
919 808 46 15 som

277 836 27 27 af
314 836 204 27 Magistratsperson
531 836 111 27 förrättas,
658 836 94 27 behöfver
768 836 44 21 icke
834 836 131 27 ovilkorligen

277 870 92 27 skrifvas
380 871 32 26 pä
427 869 116 28 stämpladt
553 877 88 20 papper,
657 872 53 19 utan
724 871 42 21 kan
788 870 61 27 äfven
867 871 33 26 pä
913 877 50 15 van-

277 904 38 27 ligt
329 906 46 20 sätt
388 904 104 28 beläggas.

346 939 147 27 Anmärkning
510 941 20 20 4.
559 939 106 22 Finlands
686 939 76 22 Banks
783 939 71 22 vexlar
875 939 37 22 och
927 945 37 16 an-

278 973 110 28 visningar
401 973 102 28 hänföras
517 973 42 22 icke
575 974 31 21 till
624 974 84 22 sådana
730 973 160 22 embetsverkens
905 980 58 21 expe-

279 1008 95 27 ditioner,
390 1015 46 26 som
450 1009 58 22 skola
522 1009 100 28 utfärdas
632 1010 34 26 på
680 1009 174 27 stämpelpapper.

594 1065 16 28 $
629 1066 20 21 5.

348 1111 140 28 Domstolars,
504 1112 144 22 auktoriteters
667 1113 55 20 samt
744 1112 137 21 embetsmäns
896 1113 69 25 öppna

280 1145 49 27 bref,
346 1146 134 27 intyganden,
496 1147 55 20 bevis
569 1145 38 23 och
621 1146 68 27 öfriga
711 1146 146 26 expeditioner,
879 1152 46 15 som
947 1146 18 27 ej

279 1180 71 21 kunna
364 1180 103 27 hänföras
482 1181 65 20 under
561 1180 25 21 de
600 1180 9 21 i
621 1179 16 28 $
651 1181 14 20 4
681 1180 133 26 omnämnda,
828 1179 59 22 skola
901 1179 63 28 skrif-

280 1221 38 15 vas
330 1214 32 26 på
377 1214 115 27 stämpladt
502 1221 82 20 papper
600 1213 31 22 till
639 1214 178 27 nedanupptagna
826 1213 84 27 värden,
919 1221 46 14 som

281 1249 38 20 äro
334 1247 108 22 bestämda
455 1247 35 28 för
503 1248 45 21 hela
562 1247 148 27 expeditionen,
726 1249 52 20 utan
789 1247 95 26 afseende
895 1247 12 21 å
915 1247 51 22 vidd

281 1281 48 22 eller
344 1281 71 22 arktal.
448 1281 42 22 Och
510 1282 101 27 iakttages
633 1281 76 22 härvid
728 1281 35 28 för
784 1281 64 28 öfrigt
869 1283 37 26 att,
929 1281 36 22 der

281 1317 183 28 stämpelbeloppet
476 1316 107 28 utfaller
577 1312 13 37 i
601 1316 79 22 sådant
702 1316 35 27 tal,
759 1316 67 25 hvarå
844 1316 89 27 stämpel
947 1316 18 25 ej

281 1352 69 27 finnes
364 1351 47 22 eller
425 1351 84 22 hvartill
521 1352 52 27 flera
587 1351 103 27 stämplar
707 1352 15 21 ä
742 1351 82 22 mindre
844 1351 79 22 värden
947 1351 18 28 ej

282 1387 71 22 kunna
368 1386 176 29 sammanjemkas,
553 1387 36 22 må
604 1385 32 24 till
649 1386 144 27 expeditionen
807 1386 104 29 begagnas
926 1386 39 23 den

283 1421 57 29 lägre
354 1421 66 28 karta,
436 1429 45 14 som
496 1423 25 20 är
535 1421 65 29 sagde
615 1421 30 23 tal
659 1422 101 21 närmast.
