1045 1698
254 161 26 19 34
427 162 26 19 U.
469 163 29 18 B.
513 172 26 3 —
556 162 82 23 Prop.
654 160 46 21 N:o
716 164 37 16 40.

222 229 37 19 der
284 228 34 20 det
341 230 30 18 att
392 229 111 25 nämligen,
519 229 6 18 i
542 228 104 26 Ryssland
662 227 131 27 fördelnigen
809 229 26 24 pä
851 228 112 19 områdena

223 262 32 23 för
276 263 31 26 sig
322 263 37 25 går
373 261 45 27 före
435 262 122 25 lottningen,
573 261 123 20 verkställes
717 262 74 25 denna,
807 262 69 19 såsom
891 261 71 20 nämdt

223 297 6 18 i
245 296 85 20 Finland
346 295 52 20 först
413 296 96 19 derefter.
539 295 71 27 Nägot
626 295 43 25 fall,
686 295 26 20 dä
728 296 25 19 de
768 295 7 20 i
791 297 113 18 momentet
912 301 50 20 upp-

223 330 92 20 räknade
336 329 119 26 kategorier
477 330 152 26 värnepligtige
652 329 91 20 behöfde
759 330 32 19 för
806 330 158 25 ärskontingen-

223 366 45 18 tens
290 363 123 27 uppnäende
435 364 108 25 tillgripas,
567 363 53 20 läter
643 364 64 19 under
722 363 79 20 sädana
819 363 145 20 förhällanden

223 398 103 26 svärligen
348 397 65 20 tänka
428 398 37 25 sig.
495 397 100 20 Deremot
611 397 69 20 kunde
697 398 96 19 tillvaron
809 397 23 20 af
845 399 30 18 ett
891 397 73 21 sädant

223 431 113 27 stadgande
350 437 50 16 vara
413 431 77 26 egnadt
505 433 30 18 att
552 431 37 20 hos
606 431 53 26 dem,
676 431 115 20 detsamma
807 434 34 17 rör
867 431 97 20 framkal-

222 466 22 19 la
264 465 111 20 osäkerhet
399 465 108 26 angående
529 465 171 20 beskaffenheten
726 465 23 20 af
763 465 60 20 deras
839 466 125 27 undantags-

223 501 105 25 ställning,
346 499 85 20 hvarför
450 499 108 20 Utskottet
581 501 74 23 ansett,
671 501 29 18 att
716 502 115 17 momentet
846 499 44 26 bör,
906 500 5 19 i
927 500 38 19 lik-

223 534 35 20 het
272 534 47 19 med
334 536 9 21 $
360 533 33 26 34,
408 533 43 20 helt
467 533 39 20 och
521 533 65 20 hället
600 533 107 20 bortfalla.

290 580 13 26 $
318 579 33 21 91.
380 580 46 19 Den
441 580 124 20 förändrade
581 579 99 26 ställning
695 580 107 19 Utskottet
816 580 5 19 i
839 580 39 19 den
900 580 65 19 finska

223 614 218 27 krigsförfattningens
457 616 77 24 system
551 613 89 20 tilldelat
655 620 104 19 reserven,
778 613 81 20 medför
875 613 39 20 den
930 621 34 12 na-

223 649 76 26 turliga
320 648 58 27 följd,
401 650 30 17 att
452 648 47 19 dei
515 651 9 21 $
541 648 23 19 91
583 648 110 19 omnämda
704 655 106 19 personer,
826 648 6 19 i
849 648 69 20 stället
934 650 29 18 att

223 683 53 20 efter
290 683 60 19 deras
366 682 146 26 entledigande
527 689 23 12 ur
566 682 57 19 aktiv
640 683 62 25 tjenst
716 682 113 20 inskrifvas
844 682 119 20 ilandtvär-

223 719 41 24 net,
279 717 51 20 böra
345 717 115 20 öfverföras
476 717 29 19 till
522 723 104 13 reserven.

290 763 13 26 $
319 762 36 21 92.
371 763 44 19 Den
432 763 130 26 förkortning
579 763 22 19 af
614 763 135 26 reservtiden,
766 763 45 19 frän
827 763 44 20 ätta
887 763 31 19 till
930 763 35 19 tvä

224 799 28 24 år,
274 797 108 20 Utskottet
404 799 67 17 ansett
494 797 31 26 sig
548 797 50 19 böra
621 796 90 26 förorda,
737 797 38 19 har
794 797 104 20 föranledt
914 797 49 20 änd-

223 833 46 26 ring
291 832 23 20 af
331 831 26 21 de
372 831 6 20 i
393 833 32 23 $:n
440 831 103 27 ingående
560 830 231 28 äldersbestämningar.
820 827 93 25 Äfvenså
928 831 38 20 har

224 867 39 19 den
288 866 123 20 förändrade
434 866 141 26 organisation
598 865 102 19 utskottet
722 866 61 26 gifvit
804 865 161 27 landtvärnet,
957 861 12 35 i

224 893 36 27 det
281 902 30 18 att
333 900 64 26 enligt
419 902 10 21 $
444 900 26 19 24
486 900 37 24 (20
538 900 6 18 i
560 899 117 21 Utskottets
693 899 89 27 förslag)
797 900 75 20 endast
887 900 78 20 sådane

224 934 158 27 värnepligtige,
405 933 70 20 hvilka
500 934 64 19 redan
586 934 54 19 varit
662 934 95 19 anstälde
771 934 35 19 vid
821 940 97 13 reserven
935 934 30 19 dit

224 968 122 26 öfverföras,
361 968 94 26 betingat
477 967 131 20 uteslutande
632 967 24 19 af
671 968 66 19 andra
751 968 112 26 meningen
877 968 7 19 i
900 968 66 20 första

224 1002 89 26 stycket.
343 1002 100 26 Slutligen
458 1002 38 19 har
511 1002 39 19 den
566 1001 125 20 förändrade
707 1002 80 26 lydelse
797 1002 39 24 af
829 997 10 35 $
846 1002 25 19 12
880 1002 84 20 Utskot-

225 1038 30 18 tet
275 1036 85 21 beslutit
381 1036 119 26 nödvändig
515 1036 69 26 gjordt
602 1042 24 13 en
652 1036 154 26 omredigering
821 1036 24 20 af
858 1038 42 22 $:ns
916 1029 50 27 sista

224 1077 62 13 mom.

290 1110 15 26 $
327 1108 36 22 93.
387 1109 9 20 I
411 1109 65 19 likhet
491 1109 46 19 med
553 1108 54 20 hvad
623 1109 27 25 pä
666 1109 64 19 andra
745 1108 73 20 ställen
834 1110 6 18 i
856 1110 108 26 lagförsla-

226 1146 35 24 get
289 1143 69 20 blifvit
379 1143 104 26 stadgadt,
505 1143 37 19 har
569 1143 61 19 äfven
646 1142 38 20 här
698 1142 121 26 medgifvits
843 1145 29 17 att
893 1143 71 20 offent-

225 1178 43 26 liga
282 1177 72 26 anslag
369 1177 88 20 rörande
472 1177 143 26 värnepligten
630 1176 71 20 kunna
716 1183 39 20 ega
762 1183 52 20 rum,
830 1177 47 20 icke
892 1177 54 21 blott
960 1178 6 19 i

225 1211 181 26 kommunalstuga
429 1211 50 19 eller
494 1211 82 26 rådhus,
600 1213 49 17 utan
673 1211 61 19 äfven
745 1211 26 26 pä
781 1213 61 18 annat
858 1212 109 25 uppgifvet

226 1245 66 19 ställe.

292 1284 15 26 $
321 1282 36 21 95.
373 1283 212 26 Gardesbataljonens
602 1283 99 26 ställning
716 1284 5 18 i
739 1283 40 20 den
795 1283 118 26 föreslagna
929 1285 36 18 fin-

226 1319 38 20 ska
278 1317 153 27 härordningen
446 1324 61 19 synes
524 1317 31 20 för
570 1317 120 20 densamma
703 1317 86 28 betinga
798 1320 29 17 ett
837 1321 63 17 annat
909 1319 56 20 kom-

226 1353 164 28 pletteringssätt
406 1355 26 16 än
446 1351 33 20 för
493 1352 68 25 öfriga
580 1353 90 25 trupper.
700 1352 9 19 I
726 1352 39 20 den
780 1353 77 26 nådiga
872 1354 92 25 proposi-

226 1389 71 19 tionen
312 1387 87 20 föreslås
413 1387 61 20 äfven
489 1387 40 20 en
521 1383 12 35 i
545 1387 23 19 så
583 1387 65 19 måtto
665 1387 110 20 afvikande
791 1387 132 27 rekrytering
934 1388 31 20 för

227 1423 120 20 densamma
371 1424 36 23 att,
422 1422 6 19 i
454 1421 68 20 stället
546 1421 32 20 för
594 1423 30 18 att
638 1421 6 19 i
661 1421 110 20 allmänhet
789 1423 30 18 ett
833 1422 44 20 läns
892 1425 72 17 värne-

226 1457 87 26 pligtige
335 1456 98 20 anställas
459 1456 34 19 vid
509 1456 39 19 den
566 1455 60 20 inom!
637 1456 57 19 länet
710 1456 139 20 stationerade
866 1457 99 26 bataljon,

227 1491 30 20 till
272 1491 73 26 gardet
360 1490 67 20 skulle
442 1490 67 20 ”utses
523 1489 100 27 lämpliga
638 1496 100 20 personer
753 1490 58 20 öfver
825 1490 48 21 hela
888 1491 76 26 landet,

297 1532 194 25 Värnepliytsutskottets
504 1535 111 17 Betänkande
627 1535 33 17 N:o
673 1535 17 17 1.

323 1570 4 15 1
