1039 1695
249 157 27 21 30
439 155 28 19 U.
480 155 30 18 B.
523 165 22 3 —
556 155 81 22 Prop.
650 155 42 18 N:o
705 155 39 19 44.

222 225 123 22 mannarätt
355 224 66 27 jemte
432 224 98 27 giftorätt
540 223 40 22 och
591 223 153 28 morgongäfva
754 223 100 22 fordrade
862 223 86 28 lagarne

222 261 58 20 ännu
300 258 122 21 derutöfver
440 265 26 14 en
486 260 57 19 natts
562 258 197 27 sammanliggning.
796 258 41 22 Väl
858 258 90 28 päbjöds

222 293 66 28 vigsel
302 293 24 21 af
338 293 76 27 päfven
429 293 120 21 Alexander
562 292 32 21 III
604 293 68 20 under
682 299 75 15 senare
766 293 82 21 hälften
858 293 24 21 af
888 293 61 21 tolfte

223 328 67 21 seklet
304 327 40 23 och
359 327 76 28 päfven
448 327 136 22 Innocentius
600 327 33 20 III
648 327 107 21 anbefalte
766 327 122 28 ytterligare
900 327 7 21 i
920 329 30 20 ett

222 362 49 22 bref
283 361 24 22 af
320 361 40 21 den
375 362 12 20 5
402 361 61 26 April
480 361 53 21 1216
548 360 137 28 iakttagande
700 361 24 20 af
733 361 69 21 denna
812 361 97 28 kyrkliga
918 368 31 14 ce-

222 395 89 26 remoni,
330 395 99 21 hvarföre
448 395 117 27 stadgande
580 394 72 21 derom
668 395 60 21 äfven
744 395 70 27 ingick
829 395 7 21 i
852 390 98 32 Östgöta-

223 430 69 27 lagen.
327 429 73 21 Andra
420 428 58 21 äldre
494 429 90 20 svenska
598 428 60 27 lagar
673 429 96 21 deremot
783 429 111 28 medgäfvo
910 429 40 25 väl,

223 471 48 14 men
289 463 99 22 fordrade
406 463 47 21 icke
472 462 140 28 ovilkorligen
629 463 73 26 vigsel,
718 463 40 20 och
774 464 90 20 orsaken
878 463 74 21 härtill

223 505 38 14 var
275 496 169 29 uppenbarligen
458 496 47 25 den,
516 498 31 19 att
562 495 74 29 sjelfva
652 496 39 21 den
707 497 113 20 katholska
829 496 81 29 kyrkan
920 503 31 14 er-

224 531 69 21 kände
311 530 124 28 giltigheten
453 530 23 20 af
493 530 116 26 äktenskap
631 532 51 18 utan
703 530 66 27 vigsel
786 533 54 18 samt
854 530 55 21 först
924 531 27 26 pä

224 564 149 21 Tridentinska
387 565 67 20 mötet
468 565 23 19 är
508 564 52 21 1563
577 564 108 21 bestämde
700 566 32 19 att
747 564 124 27 äktenskap,
882 565 70 20 hvilka

225 599 18 27 ej
266 599 99 21 afslutats
383 598 57 21 inför
455 599 64 26 prest,
535 605 49 14 vore
600 597 94 28 ogiltiga.
723 599 38 20 Att
776 599 95 21 deremot
885 599 67 21 refor-

225 635 126 23 matorerne,
367 633 39 20 och
424 632 65 21 bland
508 632 60 21 desse
587 632 85 26 Luther,
688 633 18 27 ej
722 634 80 27 ansägo
818 633 66 28 vigsel
900 633 50 21 ovil-

225 667 96 28 korligen
337 666 120 28 nödvändig
475 666 34 21 för
530 667 129 26 äktenskaps
680 667 126 26 afslutande,
824 669 24 20 är
868 667 84 22 bekant.

226 701 9 21 I
254 701 85 28 Sverige
360 701 39 21 och
419 700 90 21 Finland
526 700 54 21 hade
594 700 66 21 likväl
674 701 66 27 vigsel
754 701 67 21 redan
836 702 34 21 vid
886 701 66 22 refor-

225 735 153 22 mationstiden
394 735 76 21 hunnit
488 735 50 27 ingä
552 735 7 21 i
574 735 71 25 seden,
662 735 66 21 ehuru
743 736 46 21 icke
804 738 52 19 utan
871 736 81 21 undan-

226 772 41 25 tag,
284 771 71 20 såsom
375 776 48 14 man
438 769 43 21 kan
496 769 57 22 sluta
567 769 24 21 af
604 769 127 27 stadgandet
746 777 34 14 om
795 771 65 26 vigsel
875 771 7 20 i
899 771 51 20 1571

225 806 35 20 3rs
281 803 171 30 Kyrkoordning,
470 803 84 22 hvilken
575 803 7 21 i
608 803 58 22 detta
683 803 99 22 afseende
800 804 62 28 gälde
882 805 71 21 säsom

226 840 120 20 rättesnöre
365 837 43 22 tills
426 840 32 18 att
476 838 40 21 den
530 837 89 21 aflöstes
634 845 77 20 genom
725 839 136 27 Kyrkolagen
876 840 24 20 af
913 839 41 21 den

227 874 12 20 3
257 872 123 28 September
396 872 60 25 1686,
466 872 59 21 hvari
540 872 66 27 vigsel
621 872 62 21 äfven
697 872 126 22 förutsattes
838 874 72 21 säsom
921 880 32 14 re-

226 906 40 28 gel.
288 906 61 22 Dock
363 906 93 22 erkände
470 906 132 21 sistnämnda
617 906 35 28 lag
667 906 117 28 äktenskap
797 914 51 14 vara
857 907 34 21 för
902 908 51 21 han-

227 941 41 21 den
283 940 65 22 ocksä
362 942 52 19 utan
427 940 72 27 vigsel,
514 939 105 29 nemligen
634 942 39 20 när
684 941 118 22 trolofvade
810 942 74 21 häfdat
892 942 62 22 hvar-

227 975 73 26 andra,
316 975 51 21 eller
381 974 113 28 lägersmäl
508 975 57 21 skett
579 974 68 22 under
656 976 189 27 äktenskapslöfte,
854 977 40 21 och
906 984 48 14 ena-

227 1009 72 22 handa
315 1008 133 22 töreskrifter
463 1009 49 27 ingå
526 1010 57 20 ännu
597 1009 8 21 i
620 1010 12 20 9
648 1010 40 20 och
705 1010 25 20 10
745 1010 23 27 $$
784 1011 12 20 3
812 1010 48 27 kap.
876 1010 78 22 Gifter-

227 1043 133 22 mälsbalken
374 1043 23 22 af
412 1044 53 20 1734
480 1044 34 20 års
530 1044 41 28 lag,
582 1043 48 21 med
644 1044 75 26 tillägg
733 1044 7 20 i
757 1045 9 19 1
783 1045 11 27 $
810 1045 12 20 5
837 1044 48 28 kap.
897 1044 56 22 G.B.

229 1086 34 14 om
281 1077 76 27 laggift
371 1078 87 20 hustrus
473 1078 43 20 rätt
531 1078 65 21 också
610 1077 34 21 för
658 1078 67 20 sådan
740 1078 84 26 gvinna,
840 1079 48 20 med
902 1079 52 21 hvil-

229 1112 40 22 ken
289 1118 25 15 en
333 1118 50 14 man
402 1111 52 21 aflat
473 1112 52 20 barn
543 1112 7 20 i
568 1111 130 28 lönskaläge,
715 1111 50 21 derä
780 1112 95 28 fästning
890 1112 65 22 sedan

228 1146 54 28 följt.
305 1145 74 22 Ehuru
395 1146 53 20 1734
463 1146 34 20 års
512 1145 35 27 lag
563 1146 7 20 i
588 1146 10 20 1
613 1146 12 26 $
640 1146 12 20 9
668 1145 90 27 kapitlet
772 1146 40 22 och
829 1147 9 19 1
857 1147 11 27 &
886 1147 25 20 10
920 1146 36 21 ka-

228 1180 62 28 pitlet
305 1179 201 21 Giftermälsbalken
522 1179 60 27 gifvit
596 1179 66 27 vigsel
677 1179 41 21 den
730 1180 107 26 juridiska
847 1180 108 28 betydelse

228 1216 33 20 att
280 1214 67 27 enligt
360 1214 73 27 regeln
448 1214 76 26 utgöra
539 1213 40 21 den
594 1212 42 26 akt,
652 1220 76 20 genom
743 1213 85 21 hvilken
843 1214 112 21 äktenska-

229 1250 47 25 pets
294 1247 63 22 civila
376 1247 126 25 verkningar
521 1249 50 24 taga
586 1246 32 20 sin
633 1246 83 26 början,
730 1247 24 19 sä
768 1246 105 22 erkänner
888 1247 69 21 denna

229 1281 35 27 lag
278 1279 71 27 likväl,
365 1280 70 21 säsom
449 1286 51 21 nyss
514 1279 66 21 visats
595 1279 40 21 och
651 1279 31 27 78
696 1279 8 20 i
721 1279 25 22 10
753 1279 48 27 kap.
813 1280 55 21 G.B.
884 1280 72 21 vidare

229 1315 147 28 3dagalägger,
390 1314 62 21 äfven
467 1313 116 28 äktenskap
599 1315 51 19 utan
665 1313 72 28 vigsel.

286 1349 37 21 Att
338 1355 26 15 en
378 1348 48 21 civil
441 1348 51 21 eller
506 1347 108 28 borgerlig
628 1347 55 21 form
698 1347 34 23 för
747 1347 128 28 äktenskaps
896 1349 59 27 ingå-

231 1383 60 26 ende,
307 1383 51 22 eller
372 1382 55 22 hvad
441 1389 49 14 man
505 1382 47 21 med
568 1384 30 19 ett
609 1381 116 29 oegentligt
737 1382 85 28 uttryck
832 1383 67 22 kallat
914 1383 42 21 ”ci-

230 1417 39 23 vilt
283 1417 130 27 äktenskap”
429 1423 49 16 vore
494 1416 108 22 stridande
617 1418 57 20 emot
689 1416 59 22 Guds
764 1417 38 21 ord
817 1417 52 23 eller
883 1425 37 14 ens
935 1425 20 14 e-

230 1454 46 20 mot
289 1452 38 21 vår
341 1451 183 27 äktenskapsrätts
538 1451 116 21 historiska
668 1452 121 27 utveckling
797 1452 40 22 och
851 1459 104 15 nuvaran-

231 1486 26 22 de
272 1485 137 28 ståndpunkt,
424 1485 42 21 kan
480 1485 149 28 Lagutskottet
643 1486 28 27 på
685 1486 90 23 anförda
790 1487 45 22 skäl
857 1487 18 27 ej
898 1487 58 22 med-

298 1525 138 23 Lagutskottets
448 1525 115 18 betänkande
575 1525 33 18 N:o
622 1527 26 17 14.
