1045 1698
411 157 52 23 N:o
480 157 57 23 40.
793 160 26 20 31

444 227 11 27 $
471 229 33 19 90.

169 260 47 21 Den
232 266 46 16 som
292 260 7 20 i
315 260 53 27 följd
383 261 23 21 af
419 263 89 25 uttagen
523 262 42 20 lott
579 263 25 19 är
620 262 118 26 förpligtad
756 262 33 20 till
813 261 37 21 ak-

98 294 31 21 tiv
147 294 149 27 tjenstgöring,
315 301 49 15 men
379 295 47 21 står
440 296 68 20 under
523 295 131 26 ransakning
669 296 53 20 eller
736 296 64 20 tilltal
816 296 34 20 för

99 328 72 27 gröfre
186 328 66 26 brott,
268 328 118 27 besigtigas
402 330 40 20 och
457 329 102 21 anställes
575 329 7 21 i
597 329 67 27 tjenst
677 329 133 21 omedelbart
821 329 29 21 ef-

99 364 34 20 ter
148 363 37 21 det
199 363 7 21 i
222 363 66 21 saken
303 363 123 21 meddeladt
441 364 72 26 utslag
527 364 76 20 vunnit
618 364 49 26 laga
682 363 64 27 kraft,
761 364 90 21 säframt

98 398 43 20 han
163 397 47 21 icke
232 397 71 22 blifvit
325 398 34 21 till
377 404 78 15 ansvar
470 398 61 26 fälld;
548 398 7 21 i
571 400 65 19 annat
651 398 38 20 fall
705 398 50 21 sker
769 398 81 26 besigt-

98 432 51 26 ning
172 432 39 21 och
234 432 117 27 antagning
373 433 25 20 sä
420 434 61 19 snart
500 433 41 20 han
560 432 79 21 utstätt
654 432 39 21 sitt
708 432 70 26 straff;
795 432 54 21 dock

98 466 42 26 mä,
163 466 35 28 pä
214 468 44 19 sätt
278 466 110 22 ofvanföre
407 467 104 26 stadgats,
530 466 41 22 den
591 473 45 15 som
651 466 72 21 blifvit
738 467 64 21 dömd
817 466 34 21 till

99 500 156 22 tukthusstraff
272 501 51 21 eller
338 501 34 21 för
387 502 80 26 nesligt
481 502 60 20 brott
555 501 47 21 icke
617 501 7 21 i
640 501 127 27 krigstjenst
784 502 67 20 emot-

99 536 68 26 tagas.

445 564 11 28 8
472 566 33 20 91.

171 604 33 21 De
219 604 73 21 hvilka
307 604 102 21 inkallats
425 605 6 20 i
447 605 66 26 tjenst
527 604 8 21 i
551 605 73 20 stället
638 604 34 21 för
682 604 7 21 i
699 604 152 27 föregående
840 600 14 35 $

99 638 128 22 omnämnde
248 644 103 21 personer
370 639 53 21 eller
442 639 33 21 för
490 639 53 26 dem,
561 645 45 15 som
621 639 48 21 frän
685 639 109 26 uppbädet
808 638 43 21 för-

100 672 97 22 fallolöst
212 672 115 27 uteblifvit,
343 675 38 19 äro
396 673 135 26 berättigade
547 674 32 20 att
594 673 7 21 i
616 674 90 20 motsatt
717 673 91 26 ordning
818 672 33 21 till

101 707 63 21 deras
179 707 151 27 nummerföljd
346 708 7 20 i
368 708 113 25 lottlistan,
497 706 66 22 blifva
574 707 134 27 entledigade
720 707 132 21 omedelbart

101 741 55 21 efter
179 741 36 22 det
233 742 26 21 de
278 742 72 21 dertill
366 742 130 26 förpligtade
512 748 130 20 personerne
658 742 74 26 sjelfve
747 742 82 20 inträdt
844 741 7 21 i

101 776 72 27 tjenst.
204 776 32 21 De
252 776 90 21 sälunda
358 776 135 27 entledigade
509 776 115 22 inskrifvas
639 776 7 21 i
657 776 146 21 landtvärnets
815 782 37 14 an-

101 811 40 21 dra
155 811 105 27 kategori.

446 840 11 27 $
473 841 32 20 92.

173 875 44 36 Har
232 879 72 28 någon
320 880 23 21 af
357 880 90 27 misstag
462 881 71 20 blifvit
547 880 48 21 från
605 879 191 28 uppbädslängden
807 881 46 19 ute-

101 915 73 26 glömd
190 914 39 21 och
245 914 23 21 af
282 914 66 21 sädan
365 915 114 26 anledning
495 915 47 21 icke
557 915 28 26 pä
599 914 143 21 föreskrifven
756 914 33 21 tid
799 920 54 20 upp-

102 949 72 22 bädad
189 949 33 21 till
237 949 99 26 lottning,
353 949 54 21 skall
423 949 48 26 han,
487 950 6 20 i
509 949 37 21 fall
561 949 113 26 misstaget
689 949 118 26 upptäckes
822 948 32 21 in-

103 990 43 15 nan
156 984 42 20 han
209 983 92 27 uppnått
311 983 112 21 trettiotvå
433 983 35 21 års
480 983 65 27 ålder,
557 983 91 21 inkallas
662 983 32 20 till
705 982 150 22 förstskeende

101 1019 95 26 lottning
218 1018 46 26 och,
288 1024 33 15 om
340 1018 42 21 han
401 1017 94 22 befinnes
515 1018 108 27 vapenför,
640 1017 46 21 deri
705 1017 86 26 deltaga
805 1017 49 20 med

104 1053 41 21 den
168 1052 138 26 åldersklass,
331 1059 44 14 som
399 1053 71 20 dertill
489 1052 129 27 uppbädats.
649 1047 31 26 Är
694 1052 42 21 han
751 1051 60 21 äldre
827 1053 27 18 än

104 1087 113 22 trettiotvå
232 1087 30 26 år,
279 1087 114 21 inskrifves
409 1087 42 21 han
466 1087 36 21 vid
517 1087 141 21 landtvärnet.
688 1086 61 21 Dock
759 1086 95 27 åtnjuter

104 1122 62 21 äfven
190 1122 66 21 sådan
278 1128 79 21 person
379 1121 100 22 befrielse
498 1121 47 22 från
561 1121 153 27 värnepligten,
731 1121 66 21 sedan
813 1120 42 21 han

104 1157 93 26 uppnått
212 1156 78 27 fyratio
306 1156 35 21 års
357 1157 67 20 ålder.

175 1191 46 26 Lag
244 1197 80 15 samma
346 1197 51 14 vare
419 1196 34 15 om
476 1191 46 25 den,
545 1196 46 15 som
605 1189 49 22 från
672 1189 73 22 landet
759 1189 97 26 utflyttat

104 1225 46 21 före
165 1225 68 27 fyllda
248 1225 81 26 sjutton
345 1225 30 26 år,
391 1231 49 14 men
450 1224 113 21 återvändt
573 1224 65 21 innan
648 1224 41 21 han
701 1223 92 27 uppnått
803 1224 53 20 tret-

104 1260 30 21 tio
150 1259 35 22 års
202 1259 64 22 ålder.

449 1287 11 27 8
477 1289 33 19 93.

177 1323 65 24 Öfver
257 1327 42 20 alla
314 1327 33 20 till
363 1327 59 20 aktiv
438 1327 143 25 tjenstgöring
595 1326 90 19 utsedde
696 1331 103 20 personer
808 1325 49 19 från

104 1361 74 26 hvarje
193 1361 101 20 kommun
317 1366 50 20 eger
387 1359 273 25 distriktskommissionen,
677 1359 7 20 i
700 1359 94 25 enlighet
808 1358 49 20 med

105 1394 110 27 formulär,
232 1400 46 15 som
293 1393 115 22 framdeles
424 1393 96 22 kommer
535 1395 32 19 att
582 1392 105 26 utfärdas,
704 1391 153 27 ofördröjligen

105 1431 99 25 uppgöra
226 1429 39 21 och
288 1429 33 20 till
343 1428 161 21 vederbörande
521 1427 228 26 kommunalstyrelser
767 1425 92 22 insända

105 1463 142 28 förteckning,
263 1463 137 28 upptagande
413 1463 80 27 jemväl
508 1462 59 21 tiden
582 1463 39 20 när
637 1461 39 22 och
692 1462 61 20 orten
768 1461 53 20 hvar
831 1460 27 21 de

102 1499 64 21 skola
182 1499 33 26 sig
230 1498 7 21 i
252 1498 67 27 tjenst
333 1498 97 27 inställa;
447 1497 39 21 och
501 1497 53 21 böra
569 1497 64 21 dessa
647 1495 160 27 förteckningar
823 1501 36 21 ge-
