1031 1709
294 143 28 21 U.
337 144 29 20 B.
382 154 24 4 —
422 145 82 24 Prop.
518 146 47 19 N:o
579 147 39 19 40.
793 147 13 21 7

94 210 188 28 familjeställning,
300 211 138 23 ekonomiska
455 213 145 23 förhällanden
619 222 27 13 m.
662 222 27 13 m.
717 214 116 24 Dessutom

95 244 87 22 beredes
196 244 84 22 tillfälle
299 246 21 21 ät
335 254 57 20 unga
410 250 48 18 män
478 247 78 22 mellan
574 249 26 20 17
620 248 38 21 och
673 248 28 22 20
715 250 31 27 är,
761 250 73 22 hvilka

94 282 36 18 äro
146 279 7 20 i
170 279 115 29 besittning
300 281 22 20 af
335 281 56 21 vissa
410 281 286 30 bildningsgvalifikationer,
712 287 29 18 att
756 291 77 21 genom

93 317 30 18 ett
137 315 35 20 års
187 313 88 30 frivillig
294 315 147 29 tjenstgöring,
461 315 123 24 hvarunder
601 317 27 21 de
644 319 82 21 utrusta
740 318 40 22 och
795 327 38 13 un-

93 349 96 21 derhälla
207 349 33 28 sig
257 349 81 29 sjelfva,
356 351 73 28 undgå
440 351 40 22 den
500 360 76 14 annars
590 352 155 29 obligatoriska
756 357 31 18 tre
798 355 34 21 års

92 384 167 29 tjenstgöringen
275 385 7 21 i
298 385 87 22 stående
400 389 80 19 armén.

160 419 44 22 Det
220 420 56 26 land,
299 428 46 14 som
365 421 7 21 i
394 421 119 30 ordningen
529 425 47 18 näst
591 422 52 21 efter
658 423 120 22 Frankrike
793 423 40 22 och

94 455 102 21 Preussen
217 459 63 23 antog
298 455 41 22 den
354 455 108 23 allmänna
480 457 148 28 värnepligten
643 458 69 21 såsom
726 458 107 28 grundval

92 489 34 21 för
147 489 33 22 sin
202 490 191 29 krigsförfattning,
420 499 38 14 var
477 491 77 28 Norge.
584 490 47 23 Och
650 492 60 22 äfven
726 492 38 21 här
780 499 52 15 sam-

92 523 88 22 manföll
200 525 69 21 denna
287 525 78 22 reform
385 526 47 21 med
451 526 141 28 begynnelsen
615 527 23 21 af
658 534 25 14 en
704 535 28 20 ny
746 527 88 29 politisk

92 559 130 28 utveckling.
252 559 12 22 I
278 559 41 22 den
334 561 79 21 norska
428 561 131 28 grundlagen
570 562 24 20 år
606 561 55 23 1814
670 561 92 22 inskrefs
772 564 61 19 näm-

92 593 58 28 ligen
166 593 7 22 i
188 595 10 26 $
215 595 39 21 109
270 598 30 17 att
316 594 92 26 ,enhver
423 600 79 17 statens
517 595 77 28 borger
609 602 23 15 er
646 596 8 21 i
668 595 166 28 almindelighed

92 628 44 27 lige
150 628 111 29 forpligtet
275 629 31 27 til,
325 629 7 21 i
347 637 26 14 en
391 630 33 21 vis
441 631 38 25 tid,
498 634 21 17 at
537 637 77 15 vaerne
632 637 34 15 om
681 631 27 21 sit
723 631 110 22 faedrene-

92 663 57 26 land,
172 663 54 22 uden
249 664 80 28 hensyn
348 665 32 20 till
398 665 69 22 födsel
482 665 51 21 eller
550 665 103 22 formue.”
682 665 12 22 I
709 665 33 22 sin
752 673 30 14 nu
797 672 35 15 va-

92 698 66 22 rande
178 699 144 28 organisation
340 699 45 29 (lag
405 699 41 22 den
467 700 25 21 12
512 699 45 29 Maj
579 700 65 29 1866)
662 703 24 18 är
702 700 40 22 den
757 701 77 21 norska

92 734 144 27 krigsmakten
260 735 99 28 grundad
381 737 28 27 pä
432 739 30 18 ett
483 735 145 30 milissystem,
650 736 33 21 för
704 735 82 22 hvilket
804 738 30 19 ett

92 769 83 22 mindre
190 769 58 22 antal
262 770 102 22 värfvade
385 775 87 24 trupper
495 771 68 27 tjenar
589 771 70 22 säsom
681 775 60 17 stam.
770 770 64 29 Tjen-

93 804 89 22 stetiden
200 804 8 21 i
226 804 42 22 den
290 805 156 29 värnepligtiga
462 808 73 20 armén
549 806 85 29 uppgår
648 806 7 20 i
671 805 117 23 allmänhet
802 806 32 21 till

92 840 189 22 sammanräknadt
297 841 27 22 10
338 842 31 25 är,
384 840 76 23 hvaraf
473 840 41 23 fem
529 841 8 22 i
552 841 72 28 linjen,
639 841 13 20 2
666 841 7 20 i
684 847 98 16 reserven
793 840 40 23 och

92 876 12 21 3
120 875 8 21 i
142 875 145 25 landtvärnet,
302 876 105 21 hvarefter
426 875 40 22 den
484 876 156 29 värnepligtige
655 875 131 30 öfverflyttas
801 875 33 22 till

92 910 144 22 landstormen
254 911 34 22 för
307 915 29 18 att
354 911 38 22 der
414 913 86 26 gvarstä
518 911 33 22 till
568 912 36 21 sitt
627 911 55 22 45:te
697 911 31 22 är.
757 911 76 22 Under

92 945 47 22 hela
149 945 69 22 denna
226 945 32 22 tid
268 946 82 29 äligger
360 946 78 21 honom
449 946 55 22 dock
516 947 64 28 ingen
590 946 84 21 fortsatt
685 945 148 30 tjenstgöring,

92 980 75 22 endast
187 980 85 23 kortare
293 981 194 28 mötesskyldighet.
520 981 167 28 Utskrifningen
708 981 125 22 verkställes

92 1022 76 21 genom
190 1015 98 29 lottning,
308 1016 55 22 dock
382 1015 77 23 tillätes
478 1017 40 21 den
533 1016 107 22 utskrifna
658 1018 30 19 att
701 1016 9 21 i
722 1015 36 22 sitt
773 1015 61 22 ställe

92 1053 55 19 sätta
162 1058 69 14 annan
247 1059 55 14 man.
332 1051 87 22 Samma
434 1052 93 27 grunder
541 1051 57 29 gälla
612 1051 8 21 i
635 1050 122 23 hufvudsak
772 1051 61 21 äfven

92 1086 32 21 för
140 1085 148 29 sjöförsvarets
303 1086 151 29 organisation.

159 1120 40 22 Uti
206 1121 99 26 Schweiz,
321 1121 38 22 der
368 1121 54 22 1848
434 1123 34 20 års
476 1120 139 23 konstitution
630 1120 32 21 för
672 1119 162 22 Edsförbundet

92 1155 97 28 utgjorde
206 1155 188 29 utgängspunkten
412 1156 34 21 för
464 1163 26 14 en
507 1163 29 20 ny
553 1154 231 28 samhällsutveckling,
802 1154 30 21 in-

92 1189 71 20 fördes
186 1189 6 20 i
214 1189 40 21 och
276 1190 48 20 med
345 1189 117 22 detsamma
484 1190 62 20 äfven
568 1189 41 20 den
631 1189 106 20 allmänna
759 1191 74 18 värne-

93 1223 86 28 pligten.
210 1223 182 28 Organisationen
410 1223 82 22 fotades
515 1224 38 20 här
574 1224 28 27 pä
623 1223 35 21 det
676 1229 52 15 rena
745 1222 89 28 milissy-

92 1261 82 21 stemet,
200 1261 51 18 utan
268 1257 28 22 all
313 1261 61 18 stam.
403 1257 145 28 Tjenstetiden
568 1257 8 20 i
598 1257 70 21 aktiva
683 1258 74 19 armén
772 1263 63 14 varar

93 1292 27 21 14
134 1293 32 25 är,
181 1292 8 21 i
209 1298 97 15 reserven
326 1292 20 25 6,
365 1292 40 21 och
422 1292 8 21 i
444 1292 134 21 landtvärnet
592 1291 113 22 inskrifvas
720 1290 42 22 alla
777 1292 57 20 med-

93 1327 90 27 borgare
199 1326 78 21 mellan
293 1326 27 21 20
334 1326 40 22 och
384 1327 28 21 44
422 1328 34 20 ärs
467 1326 66 24 älder,
546 1325 72 22 hvilka
630 1326 47 20 icke
687 1325 86 21 tillhöra
783 1332 50 15 vare

93 1359 33 27 sig
141 1360 86 20 aktiven
242 1360 50 20 eller
307 1366 108 15 reserven.
444 1359 106 27 Slutligen
568 1358 61 28 ingär
646 1358 48 22 hela
710 1358 40 21 den
766 1358 69 28 öfriga

93 1394 116 28 vapenföra
239 1393 152 28 befolkningen
416 1394 8 20 i
449 1393 153 21 landstormen.
636 1392 84 22 Genom
741 1392 93 22 förbere-

94 1428 70 22 dande
179 1428 169 28 vapenöfningar
365 1428 8 21 i
388 1428 106 25 skolorna,
508 1431 55 18 samt
577 1427 54 28 ärlig
646 1426 68 22 ehuru
728 1426 48 22 kort
790 1430 44 18 mö-

94 1462 161 29 tesskyldighet,
270 1462 39 22 har
324 1463 42 21 den
376 1462 136 22 schweiziska
521 1464 72 20 armén
604 1463 70 21 ernätt
684 1468 26 15 en
721 1460 113 29 försvarlig

93 1498 55 28 grad
163 1498 22 21 af
199 1498 184 28 vapenfärdighet,
398 1497 116 29 hvarjemte
524 1496 142 24 kostnaderna
676 1496 32 22 för
716 1496 119 23 densamma

165 1544 197 24 Värnepligtsutskottets
374 1544 111 20 Betänkande
496 1544 33 18 N:o
542 1545 15 17 1.
