1045 1692
321 158 26 22 U.
363 158 26 22 B.
404 170 26 3 —
447 158 71 28 Prop.
534 157 43 22 N:o
592 158 36 21 44,

338 465 196 31 Lagutskottets
550 464 156 26 hemställan
719 465 41 24 till
772 468 76 22 samt-

269 505 54 31 liga
340 507 75 22 stånd
433 513 40 16 om
492 506 124 24 förstärkt
633 506 104 24 utskott
752 506 8 23 i
775 506 73 31 fråga

267 553 41 17 om
335 546 74 24 Hans
435 546 143 32 Kejserliga
600 546 135 32 Majestäts
755 547 93 30 nådiga

266 587 155 31 proposition
439 587 45 24 N:o
502 587 41 24 44.

166 655 30 20 Af
210 655 25 21 de
250 655 150 28 Lagutskottet
416 654 45 22 från
478 655 99 28 samtliga
592 654 62 22 stånd
665 655 182 22 tillhandakomna

96 689 198 28 protokollsutdrag
313 689 92 21 rörande
424 689 156 28 behandlingen
596 690 23 21 af
632 689 120 28 utskottets,
768 690 79 21 beträf-

96 724 63 21 fande
174 723 82 28 nådiga
271 724 160 27 propositionen
447 723 39 22 N:o
502 726 26 19 44
544 724 47 21 med
607 724 80 27 förslag
702 725 41 20 till:
762 726 31 20 1:0
804 725 42 21 för-

96 759 91 26 ordning
202 757 111 28 angäende
328 758 122 21 bekännare
465 759 23 20 af
502 758 131 21 främmande
648 759 80 21 kristen
738 759 109 22 troslära
838 753 13 37 i

96 793 90 21 Finland
207 793 39 21 och
268 792 61 21 deras
347 792 175 27 religionsfrihet;
546 794 33 20 2:0
597 793 125 28 förordning
738 793 109 28 angående

96 828 138 20 icke-kristne
249 827 168 21 trosbekännare
433 827 38 21 och
488 828 47 20 dem
546 827 117 27 medgifven
675 828 171 27 religionsfrihet,

97 862 40 21 och
153 863 33 20 3:o
202 862 125 27 förordning
343 868 34 15 om
393 869 76 14 ansvar
484 862 34 20 för
534 862 47 26 den,
596 869 45 14 som
657 862 99 28 olofligen
767 862 80 22 förmår

96 896 69 28 nägon
186 896 33 22 till
238 895 115 29 öfvergäng
371 895 49 22 frän
439 904 24 13 en
482 896 92 22 troslära
589 896 32 21 till
637 904 76 19 annan,
730 898 117 22 aflemnade

96 932 80 27 förslag
196 931 33 21 till
248 931 204 27 sammanjemkning
467 932 21 20 at
504 930 99 22 ständens
619 931 122 29 skiljaktiga
755 932 70 22 beslut
840 934 6 20 i

96 966 94 26 ärendet,
206 966 40 22 har
262 966 103 22 utskottet
379 966 104 21 inhemtat
498 965 65 22 bland
578 967 75 20 annat:

164 1003 32 19 att
213 1000 132 29 Ridderskapet
360 1000 33 21 och
408 1000 60 27 Adeln,
484 1008 32 14 om
533 1000 63 22 hvars
611 1000 70 22 beslut
696 1001 151 28 Borgareständet

95 1036 54 20 efter
171 1035 126 28 inbjudning
319 1035 7 21 i
345 1035 44 21 alla
409 1035 58 21 delar
485 1035 32 28 sig
536 1035 90 25 förenat,
646 1035 47 21 med
713 1036 92 27 gillande
824 1037 24 21 af

95 1070 115 22 utskottets
226 1069 182 28 framställningar
423 1070 7 20 i
445 1069 70 28 öfrigt,
534 1069 133 22 beträffande
682 1070 24 28 $8
718 1072 19 24 3,
749 1072 19 24 7,
781 1072 19 24 8,
813 1073 32 23 12,

97 1106 32 25 14,
147 1106 25 20 17
189 1104 39 22 och
246 1106 24 20 19
286 1104 7 21 i
309 1104 36 22 det
359 1104 68 22 första
443 1104 23 21 af
480 1104 25 22 de
520 1104 7 21 i
542 1104 113 22 utskottets
670 1104 134 23 betänkande
814 1106 31 21 in-

96 1142 65 26 tagna
176 1139 225 28 författningsförslag,
417 1138 100 22 rubriken
533 1138 32 22 till
576 1138 35 22 det
621 1139 68 22 andra
700 1139 145 29 författnings-

96 1174 104 28 förslaget
215 1176 55 20 samt
285 1174 24 28 $$
325 1175 13 19 4
354 1174 39 21 och
410 1175 11 19 6
437 1174 8 20 i
460 1174 124 26 detsamma,
595 1174 107 22 äfvensom
713 1174 133 23 beträffande

97 1210 35 21 det
149 1208 69 28 tredje
236 1208 242 28 författningsförslaget
503 1208 104 22 vidblifvit
627 1208 46 22 sina
688 1208 134 29 föregående,
838 1210 7 21 i

96 1244 62 21 dessa
178 1243 60 22 delar
252 1244 7 20 i
275 1243 217 22 öfverensstämmelse
508 1242 48 22 med
571 1243 40 22 den
626 1242 79 29 nädiga
719 1245 126 27 propositio-

96 1286 40 14 nen
156 1278 104 21 affattade
278 1278 70 21 beslut
366 1280 63 24 samt,
444 1278 66 27 jemte
530 1277 155 28 godkännande
703 1279 22 20 at
740 1286 105 14 samman-

93 1312 226 28 jemkningsförslaget
340 1312 134 22 beträffande
493 1313 35 21 det
546 1312 68 27 fjerde
633 1312 212 28 författningsförsla-

96 1349 42 25 get,
161 1346 55 22 dock
238 1346 48 21 med
306 1346 41 21 den
367 1346 91 27 ändring
476 1348 32 19 att
526 1346 61 22 ordet
605 1346 87 27 tjuguett
709 1346 7 20 i
735 1346 40 22 den
790 1347 55 21 före-

96 1382 76 27 slagna
190 1380 92 29 lydelsen
303 1380 34 22 för
352 1380 11 28 $
381 1382 9 18 1
407 1380 82 28 utbytts
504 1382 44 20 mot
563 1380 92 27 aderton,
670 1380 92 28 inbjudit
777 1382 69 27 öfriga

97 1415 63 22 ständ
175 1417 32 22 att
223 1422 34 15 om
272 1414 156 28 Ridderskapet
443 1415 39 21 och
498 1414 78 23 Adelns
592 1414 69 23 beslut
676 1415 33 28 sig
723 1415 83 28 förena;

165 1452 33 21 att
208 1449 134 24 Presteständet
357 1449 95 28 godkänt
458 1450 114 22 utskottets
587 1450 258 29 sammanjemkningsför-

97 1487 46 27 slag
158 1488 59 19 utom
235 1485 134 22 beträffande
383 1485 12 28 $
412 1486 12 20 9
439 1485 8 21 i
462 1485 35 22 det
512 1485 67 22 första
595 1485 39 22 och
650 1486 11 27 $
677 1487 12 20 2
705 1486 7 21 i
728 1486 35 21 det
778 1487 67 21 andra

166 1527 62 17 Andra
240 1527 71 22 bilagan
322 1526 27 17 till
366 1527 125 22 Lagutskotteis
504 1525 140 20 betänkandeN:o
657 1527 26 17 14.
