1045 1692
222 145 27 20 36
508 144 51 22 N:o
576 144 53 22 40.

193 212 37 21 två
248 212 157 26 mänader;fde
420 212 33 20 till
469 212 66 20 andra
550 212 113 26 kategorin
677 212 95 21 hörande
787 212 7 20 i
810 212 46 26 fyra
871 212 73 20 måna-

193 247 45 25 der,
254 246 40 21 och
309 246 26 21 de
351 246 22 21 af
387 246 78 27 tredjej
475 246 108 26 kategorin
597 246 8 20 i
621 246 45 21 åtta
681 246 112 26 månader;
810 248 56 19 samt

264 282 33 20 2:0
314 280 32 21 till
363 280 117 26 officerare,
497 280 54 21 efter
567 282 32 19 att
614 280 63 21 hafva
693 281 68 26 tjenat
771 281 7 20 i
789 280 59 27 lägre
859 280 84 27 grader:

192 315 102 27 frivillige
309 315 23 20 af
346 315 69 20 första
430 315 112 26 kategorin
557 315 8 20 i
580 317 33 18 tre
628 315 111 26 månader;
757 315 25 21 de
799 315 22 21 af
830 315 67 21 andra
906 315 38 20 ka-

192 350 85 27 tegorin
296 350 7 21 i
319 355 36 16 sex
374 349 108 26 månader,
498 349 38 21 och
554 350 25 21 de
595 349 22 22 af
631 349 68 28 tredje
714 348 112 28 kategorin
842 350 7 20 i
864 351 33 20 tre
913 349 30 21 år.

192 385 44 21 För
256 384 117 21 befordran
395 384 34 21 till
452 383 139 28 officerserad
610 384 109 21 erfordras
740 385 110 20 dessutom
866 384 23 21 af
902 384 42 21 alla

192 419 107 26 frivillige,
323 418 47 21 icke
393 424 37 15 ens
454 418 26 21 de
502 418 22 21 af
541 419 69 20 första
624 418 113 27 kategorin
752 419 143 26 undantagne,
912 420 32 19 att

192 453 64 21 hafva
273 453 125 26 tjenstgjort
417 453 34 20 vid
468 454 117 25 trupperna
601 453 130 21 åtminstone
746 453 68 20 under
829 454 31 20 ett
875 453 69 26 läger-

192 489 64 20 möte.

530 515 10 27 S
559 516 45 21 108.

264 556 111 25 Frivillige
397 555 74 21 kunna
492 555 137 26 permitteras
652 555 34 21 för
709 561 25 15 en
752 555 32 21 tid
803 555 22 21 af
839 556 56 20 ända
910 555 33 21 till

191 591 49 26 fyra
257 590 108 21 månader.
396 589 203 21 Permissionstiden
619 589 198 27 tillgodoberäknas
834 590 47 20 dem
896 589 47 22 icke

192 625 13 20 å
228 624 40 21 den
290 623 33 21 för
343 623 59 21 aktiv
421 623 143 27 tjenstgöring
584 624 38 20 och
638 623 33 22 för
686 623 115 21 befordran
817 624 33 20 till
865 624 78 20 under-

193 657 83 22 officers
296 658 38 21 och
353 657 84 21 officers
452 657 53 27 grad
521 658 5 20 i
543 657 24 27 $$
586 659 36 19 101
641 658 38 20 och
697 658 38 21 107
751 657 124 22 fastställda
891 658 53 26 tjen-

192 693 72 20 stetid.

529 720 11 27 $
558 721 45 20 109.

263 761 77 20 Elever
362 760 7 20 i
392 759 69 21 finska
480 759 143 21 kadetkårens
644 759 169 26 specialklasser,
833 760 109 21 äfvensom

192 795 26 20 de
233 794 70 21 finska
318 794 119 27 ynglingar,
451 793 73 21 hvilka
534 793 84 27 åtnjuta
628 793 151 22 motsvarande
789 793 154 28 undervisning

190 829 37 21 vid
242 829 95 21 militära
352 828 99 21 läroverk
466 827 8 20 i
488 827 170 27 Kejsaredömet,
675 827 106 21 likställas
797 828 6 20 i
819 827 100 23 afseende
930 828 12 21 å

191 863 159 26 värnepligtens
370 862 135 26 fullgörande
524 862 48 20 med
591 861 101 26 frivillige
708 863 56 19 samt
778 861 92 21 inkallas
885 862 57 27 förty

190 897 48 21 icke
252 897 34 21 till
301 897 99 25 lottning.
430 896 60 26 Elev,
500 902 45 14 som
560 896 47 20 från
623 896 91 20 nämnde
730 896 164 26 specialklasser
909 898 33 19 ut-

191 932 132 20 examineras
340 931 70 21 såsom
427 930 78 26 officer,
522 932 24 19 är
561 930 76 26 pligtig
653 931 32 19 att
701 930 6 20 i
723 932 32 19 ett
770 930 35 21 års
820 931 32 20 tid
868 931 75 26 tjenst-

190 968 53 24 göra
261 966 7 20 i
289 965 138 26 officersgrad
446 965 36 20 vid
502 964 57 21 aktiv
576 966 71 24 trupp.
677 964 68 26 Afgär
760 965 41 20 han
816 964 47 21 från
880 965 62 21 dessa

190 1000 84 21 klasser
296 1000 65 20 innan
380 999 41 21 han
439 998 122 22 befordrats
577 999 32 21 till
626 998 78 26 officer,
722 1004 50 16 vare
788 1000 55 20 ändå
859 999 84 27 skyldig

189 1036 34 19 att
238 1035 31 20 ett
285 1034 24 20 år
324 1034 34 20 stå
374 1034 6 20 i
396 1034 59 20 aktiv
470 1033 133 27 krigstjenst.
633 1032 58 26 Vilja
707 1033 79 21 sådane
799 1039 103 20 personer
913 1034 29 20 ef-

190 1070 34 19 ter
246 1068 91 21 nämnde
359 1068 43 20 tids
421 1068 85 26 förlopp
522 1068 46 20 icke
584 1067 102 21 fortsätta
702 1067 33 21 sin
750 1068 73 20 aktiva
839 1068 103 26 tjenstgö-

189 1103 55 25 ring,
261 1101 118 22 öfverföras
404 1102 26 20 de
449 1101 34 22 till
501 1107 100 15 reserven
617 1101 39 21 och
672 1101 87 27 gvarstä
775 1101 37 21 der
827 1102 7 20 i
850 1101 46 21 åtta
911 1102 30 20 år.

491 1168 77 23 Kap.
584 1168 51 19 XV.

222 1211 47 21 Om
284 1215 127 22 personer
426 1216 58 15 som
498 1212 46 19 äro
560 1209 152 27 oförmögne
728 1211 40 20 att
783 1209 125 22 fortsätta

254 1244 201 27 krigstjensten,
471 1244 138 21 äfvensom
624 1242 136 28 angäende
775 1242 102 23 värden

294 1284 42 16 om
352 1278 60 21 dem
428 1278 48 22 och
492 1284 42 15 om
549 1278 154 26 krigsmäns
719 1278 121 26 familjer.

526 1336 12 27 $
556 1336 45 21 110.

256 1376 11 20 I
287 1376 59 21 aktiv
366 1376 66 27 tjenst
451 1376 52 21 eller
522 1376 36 21 vid
573 1382 100 15 reserven
689 1376 88 21 stäende
792 1382 85 21 person,
894 1382 45 16 som

188 1417 76 21 genom
281 1410 98 28 sjukdom
395 1410 52 22 eller
462 1410 126 28 kroppslyte
603 1409 72 22 blifvit
685 1410 125 28 oförmögen
821 1411 33 22 till
865 1411 75 28 tjenst-

188 1447 76 26 göring
288 1446 58 21 säväl
369 1446 7 20 i
401 1451 45 15 som
465 1448 59 19 utom
543 1445 92 26 fronten,
652 1445 118 27 entledigas
786 1445 33 22 för
835 1446 61 21 alltid
912 1453 25 14 ur

187 1480 93 27 tjensten
300 1480 39 21 och
355 1480 77 21 afföres
448 1487 26 14 ur
488 1480 103 27 rullorna,
607 1479 118 28 hvarjemte
741 1480 22 21 ät
778 1480 78 21 honom
872 1480 68 21 utfär-
