1045 1692
220 173 14 20 4
408 170 28 22 U.
451 170 26 22 B.
493 182 28 4 —
535 169 73 28 Prop.
624 169 45 22 N:o
684 169 37 22 44.

541 233 10 27 8
567 233 20 21 2.

294 268 131 27 Ridderskapet
435 268 39 21 och
485 267 54 21 Adeln
549 267 63 21 hafva
622 267 94 27 godkänt
726 267 14 20 2
751 266 10 27 8
772 266 7 21 i
789 265 151 22 betänkandet.

293 302 134 23 Presteståndet
448 303 39 20 har
509 302 40 21 ock
571 301 61 27 gillat
654 307 80 15 samma
753 301 11 26 $
780 301 7 20 i
803 299 70 27 öfrigt,
892 305 48 15 men

193 339 87 21 beslutit
295 339 32 20 att
341 337 62 22 ordet
418 337 125 27 ,Kejsaren*
559 336 55 21 skall
628 329 78 39 ändras:
718 335 35 21 till
764 333 175 28 Kejsaren-Stor-

192 373 88 26 fursten,
299 372 82 21 hvilket
396 371 79 27 jemväl
491 371 12 20 &
518 371 67 20 andra
599 370 77 21 ställen
691 369 23 22 af
727 368 213 27 författningsförsla-

192 409 37 25 get
242 407 67 21 borde
323 406 113 26 iakttagas.

293 439 151 28 Borgareständet
462 439 39 20 har
521 440 84 19 stannat
619 439 7 20 i
641 439 44 20 lika
699 438 72 21 beslut
785 437 49 22 med
849 437 90 21 Ridder-

192 476 76 26 skapet
283 475 39 20 och
336 474 76 21 Adeln.

260 509 34 20 Då
302 507 173 22 Presteständets
485 507 71 21 beslut
567 507 18 26 ej
597 507 90 20 biträdts
698 506 23 21 af
729 506 65 26 något
802 507 64 20 annat
874 505 66 21 Stånd

192 543 40 22 och
250 543 41 21 den
309 549 28 14 nu
351 542 7 21 i
374 541 61 27 fråga
453 541 92 21 varande
564 541 151 26 förordningen
734 540 19 28 ej
773 542 24 19 är
815 540 76 21 afsedd
909 541 31 20 att

192 578 57 27 gälla
264 577 71 21 säsom
349 576 111 27 grundlag,
475 575 91 21 föresläs
581 575 117 21 vördsamt:

434 611 30 19 att
482 609 83 21 Preste-
587 609 36 20 och
642 608 164 22 Bondeständen
824 608 47 21 ville
888 608 51 27 god-

362 644 71 21 känna
448 645 15 19 2
478 644 15 27 $
507 644 9 20 i
531 643 140 21 betänkandet.

541 679 47 26 83.

260 714 42 21 För
318 715 10 19 1
345 719 62 15 mom.
423 713 7 20 i
446 713 12 20 3
473 713 12 26 &
500 713 64 20 hafva
582 711 154 26 Ridderskapet
749 711 37 21 och
801 711 69 22 Adeln
880 713 60 20 'samt

193 747 178 28 Borgareständet
389 747 81 26 antagit
488 746 96 28 lydelsen
598 747 7 20 i
621 747 41 21 den
679 746 78 27 nädiga
775 747 164 26 propositionen,

192 790 48 15 men
251 781 155 22 Presteständet
416 782 61 26 gillat
486 781 149 21 betänkandet.
650 780 142 27 Paragrafens
804 781 68 27 öfriga
881 781 59 21 inne-

192 818 44 21 häll
251 817 63 21 hafva
329 816 43 21 alla
387 816 62 20 dessa
465 816 66 20 Ständ
546 815 95 27 godkänt
656 816 66 26 enligt
736 815 150 22 betänkandet.

259 852 32 20 På
305 851 58 21 förut
377 850 89 22 anförda
481 850 46 21 skäl
542 850 100 21 föreslås:

431 886 29 19 att
475 883 153 27 Ridderskapet
643 884 36 20 och
689 884 70 21 Adeln
768 886 55 19 samt
832 884 106 27 Borgare-

361 919 84 21 ständet
457 918 46 21 ville
512 917 112 28 godkänna
639 919 13 19 1
666 925 60 14 mom.
742 918 9 20 i
766 919 14 19 3
790 918 15 28 $
814 920 55 19 samt
879 918 60 21 Bon-

362 953 107 21 deständet
483 953 46 21 hela
544 954 14 19 3
573 952 16 28 $
603 952 63 27 enligt
680 952 141 22 betänkandet.

541 994 11 26 8
567 994 20 20 4.

293 1028 131 27 Ridderskapet
435 1028 38 20 och
483 1027 54 21 Adeln
553 1027 63 21 hafva
635 1028 61 26 gillat
710 1028 15 21 4
740 1028 11 27 $
767 1028 7 20 i
789 1028 149 21 betänkandet.

293 1061 138 27 Presteständet,
447 1068 44 14 som
507 1062 36 20 vid
553 1061 147 22 förkastandet
714 1062 24 21 af
752 1062 26 21 19
794 1062 11 26 &
821 1062 118 21 äterremit-

191 1098 57 20 terat
269 1096 140 27 lagförslaget
423 1096 8 20 i
446 1096 48 20 dess
517 1096 72 20 helhet
611 1096 34 20 för
666 1097 32 19 att
718 1096 12 21 å
744 1096 103 26 behöriga
862 1096 77 21 ställen

191 1131 82 21 erhälla
291 1130 149 26 förändringar
459 1130 38 20 och
516 1130 81 26 tillägg,
617 1130 111 26 äsyftande
743 1132 31 19 att
789 1132 52 24 göra
855 1130 84 22 författ-

191 1166 78 26 ningen
291 1164 113 26 tillämplig
424 1164 79 26 jemväl
522 1164 27 26 pä
567 1164 143 22 förhällandet
728 1164 32 21 till
779 1164 121 22 bekännare
917 1165 24 21 af

191 1198 215 28 grekisk-orthodoxa
424 1198 65 25 läran,
508 1198 39 21 har
562 1198 107 21 dessutom
685 1198 101 22 särskildt
801 1199 109 26 angående
925 1200 14 20 4

191 1233 12 27 8
218 1233 95 25 beslutit,
333 1234 31 18 att
379 1232 66 20 orden
460 1232 152 26 ,inrättningar
627 1232 39 20 och
681 1232 114 21 stiftelser"
811 1233 66 20 borde
887 1234 52 25 utgå

190 1268 56 19 samt
260 1268 32 19 att
307 1266 12 21 å
335 1266 46 21 7:de
397 1266 65 20 raden
478 1266 55 20 efter
547 1266 61 20 ordet
627 1266 215 27 ,begrafningsplats*
859 1268 30 19 ett
903 1266 35 21 til-

189 1301 51 26 lägg
255 1300 23 21 af
292 1300 65 21 orden
373 1301 55 26 ,mot
442 1299 113 22 faststälda
570 1299 96 27 afgifter*
682 1300 69 21 skulle
765 1300 86 21 införas.
877 1300 61 22 Stän-

192 1335 46 21 dets
254 1335 138 26 anmärkning
407 1334 36 21 vid
457 1335 14 20 2
486 1335 11 27 &
513 1335 66 20 borde
594 1334 39 21 ock
648 1334 64 22 afses.

292 1368 152 28 Borgareständet
459 1369 38 21 har
507 1369 93 26 beslutit,
616 1370 32 20 att
662 1369 8 21 i
684 1370 14 21 4
714 1369 11 28 $
741 1369 69 22 skulle
820 1369 80 22 införas
910 1376 27 15 en

189 1404 134 26 bestämning
343 1403 7 21 i
368 1403 76 22 sädant
461 1403 62 28 syfte,
541 1405 32 19 att
591 1403 26 22 de
636 1404 161 27 grekisk-ryska
818 1404 120 22 församlin-

190 1445 66 21 garne
270 1439 8 21 i
294 1439 58 20 detta
370 1439 50 20 land
438 1439 65 21 mätte
522 1439 66 21 varda
605 1439 123 22 bibehällna
742 1440 35 21 vid
792 1440 41 21 den
848 1442 43 20 rätt
906 1442 32 20 att

188 1473 78 22 besitta
281 1473 42 21 fast
339 1473 109 27 egendom,
465 1480 44 15 som
525 1474 26 21 de
566 1473 34 22 för
613 1474 132 21 närvarande
761 1480 45 21 ega.

256 1514 71 22 Bihang
338 1514 28 17 till
377 1515 124 20 Lagutskottets
512 1515 104 17 betänkande
627 1515 35 16 N:o
674 1515 27 17 14.
