<?xml version="1.0" encoding="UTF-8"?>
<alto xmlns="http://www.loc.gov/standards/alto/ns-v3#" xmlns:xlink="http://www.w3.org/1999/xlink" xmlns:xsi="http://www.w3.org/2001/XMLSchema-instance" xsi:schemaLocation="http://www.loc.gov/standards/alto/ns-v3# http://www.loc.gov/alto/v3/alto-3-0.xsd">
	<Description>
		<MeasurementUnit>pixel</MeasurementUnit>
		<sourceImageInformation>
			<fileName>/tmp/tess_0bsnbfmu_input.PNG</fileName>
		</sourceImageInformation>
		<OCRProcessing ID="OCR_0">
			<ocrProcessingStep>
				<processingSoftware>
					<softwareName>tesseract 5.3.4</softwareName>
				</processingSoftware>
			</ocrProcessingStep>
		</OCRProcessing>
	</Description>
	<Layout>
		<Page WIDTH="1045" HEIGHT="1700" PHYSICAL_IMG_NR="0" ID="page_0">
			<PrintSpace HPOS="0" VPOS="0" WIDTH="1045" HEIGHT="1700">
				<ComposedBlock ID="cblock_0" HPOS="326" VPOS="151" WIDTH="503" HEIGHT="26">
					<TextBlock ID="block_0" HPOS="326" VPOS="151" WIDTH="503" HEIGHT="26">
						<TextLine ID="line_0" HPOS="326" VPOS="151" WIDTH="503" HEIGHT="26">
							<String ID="string_0" HPOS="326" VPOS="154" WIDTH="28" HEIGHT="19" WC="0.92" CONTENT="U."/><SP WIDTH="14" VPOS="154" HPOS="354"/>
							<String ID="string_1" HPOS="368" VPOS="154" WIDTH="29" HEIGHT="19" WC="0.91" CONTENT="B."/><SP WIDTH="17" VPOS="154" HPOS="397"/>
							<String ID="string_2" HPOS="414" VPOS="163" WIDTH="24" HEIGHT="5" WC="0.93" CONTENT="—"/><SP WIDTH="16" VPOS="163" HPOS="438"/>
							<String ID="string_3" HPOS="454" VPOS="154" WIDTH="80" HEIGHT="23" WC="0.93" CONTENT="Prop."/><SP WIDTH="19" VPOS="154" HPOS="534"/>
							<String ID="string_4" HPOS="553" VPOS="154" WIDTH="47" HEIGHT="18" WC="0.96" CONTENT="N:o"/><SP WIDTH="15" VPOS="154" HPOS="600"/>
							<String ID="string_5" HPOS="615" VPOS="154" WIDTH="34" HEIGHT="18" WC="0.96" CONTENT="35."/><SP WIDTH="168" VPOS="154" HPOS="649"/>
							<String ID="string_6" HPOS="817" VPOS="151" WIDTH="12" HEIGHT="20" WC="0.96" CONTENT="3"/>
						</TextLine>
					</TextBlock>
				</ComposedBlock>
				<ComposedBlock ID="cblock_1" HPOS="110" VPOS="219" WIDTH="750" HEIGHT="1303">
					<TextBlock ID="block_1" HPOS="110" VPOS="219" WIDTH="750" HEIGHT="1163">
						<TextLine ID="line_1" HPOS="117" VPOS="219" WIDTH="740" HEIGHT="28">
							<String ID="string_7" HPOS="117" VPOS="221" WIDTH="165" HEIGHT="26" WC="0.92" CONTENT="landtdagsman"/><SP WIDTH="15" VPOS="221" HPOS="282"/>
							<String ID="string_8" HPOS="297" VPOS="221" WIDTH="6" HEIGHT="20" WC="0.46" CONTENT="i"/><SP WIDTH="9" VPOS="221" HPOS="303"/>
							<String ID="string_9" HPOS="312" VPOS="221" WIDTH="93" HEIGHT="21" WC="0.46" CONTENT="nämnda"/><SP WIDTH="8" VPOS="221" HPOS="405"/>
							<String ID="string_10" HPOS="413" VPOS="221" WIDTH="63" HEIGHT="21" WC="0.96" CONTENT="stånd"/><SP WIDTH="9" VPOS="221" HPOS="476"/>
							<String ID="string_11" HPOS="485" VPOS="222" WIDTH="32" HEIGHT="19" WC="0.93" CONTENT="att"/><SP WIDTH="8" VPOS="222" HPOS="517"/>
							<String ID="string_12" HPOS="525" VPOS="221" WIDTH="124" HEIGHT="26" WC="0.96" CONTENT="härigenom"/><SP WIDTH="8" VPOS="221" HPOS="649"/>
							<String ID="string_13" HPOS="657" VPOS="220" WIDTH="108" HEIGHT="27" WC="0.92" CONTENT="utvidgas."/><SP WIDTH="31" VPOS="220" HPOS="765"/>
							<String ID="string_14" HPOS="796" VPOS="219" WIDTH="61" HEIGHT="22" WC="0.88" CONTENT="Eme-"/>
						</TextLine>
						<TextLine ID="line_2" HPOS="117" VPOS="253" WIDTH="740" HEIGHT="28">
							<String ID="string_15" HPOS="117" VPOS="255" WIDTH="42" HEIGHT="20" WC="0.94" CONTENT="dan"/><SP WIDTH="22" VPOS="255" HPOS="159"/>
							<String ID="string_16" HPOS="181" VPOS="255" WIDTH="12" HEIGHT="20" WC="0.96" CONTENT="3"/><SP WIDTH="24" VPOS="255" HPOS="193"/>
							<String ID="string_17" HPOS="217" VPOS="255" WIDTH="10" HEIGHT="26" WC="0.33" CONTENT="8"/><SP WIDTH="16" VPOS="255" HPOS="227"/>
							<String ID="string_18" HPOS="243" VPOS="255" WIDTH="7" HEIGHT="20" WC="0.33" CONTENT="i"/><SP WIDTH="17" VPOS="255" HPOS="250"/>
							<String ID="string_19" HPOS="267" VPOS="255" WIDTH="52" HEIGHT="21" WC="0.93" CONTENT="1873"/><SP WIDTH="16" VPOS="255" HPOS="319"/>
							<String ID="string_20" HPOS="335" VPOS="255" WIDTH="35" HEIGHT="21" WC="0.93" CONTENT="års"/><SP WIDTH="15" VPOS="255" HPOS="370"/>
							<String ID="string_21" HPOS="385" VPOS="255" WIDTH="163" HEIGHT="26" WC="0.90" CONTENT="Kommunallag"/><SP WIDTH="16" VPOS="255" HPOS="548"/>
							<String ID="string_22" HPOS="564" VPOS="255" WIDTH="127" HEIGHT="21" WC="0.95" CONTENT="bestämmer"/><SP WIDTH="15" VPOS="255" HPOS="691"/>
							<String ID="string_23" HPOS="706" VPOS="255" WIDTH="32" HEIGHT="20" WC="0.96" CONTENT="att"/><SP WIDTH="14" VPOS="255" HPOS="738"/>
							<String ID="string_24" HPOS="752" VPOS="253" WIDTH="105" HEIGHT="21" WC="0.0" CONTENT="medlem"/>
						</TextLine>
						<TextLine ID="line_3" HPOS="117" VPOS="287" WIDTH="734" HEIGHT="28">
							<String ID="string_25" HPOS="117" VPOS="288" WIDTH="23" HEIGHT="22" WC="0.92" CONTENT="af"/><SP WIDTH="21" VPOS="288" HPOS="140"/>
							<String ID="string_26" HPOS="161" VPOS="289" WIDTH="163" HEIGHT="21" WC="0.90" CONTENT="stadskommun"/><SP WIDTH="24" VPOS="289" HPOS="324"/>
							<String ID="string_27" HPOS="348" VPOS="291" WIDTH="24" HEIGHT="19" WC="0.95" CONTENT="är"/><SP WIDTH="24" VPOS="291" HPOS="372"/>
							<String ID="string_28" HPOS="396" VPOS="295" WIDTH="25" HEIGHT="15" WC="0.93" CONTENT="en"/><SP WIDTH="15" VPOS="295" HPOS="421"/>
							<String ID="string_29" HPOS="436" VPOS="289" WIDTH="59" HEIGHT="26" WC="0.92" CONTENT="hvar,"/><SP WIDTH="23" VPOS="289" HPOS="495"/>
							<String ID="string_30" HPOS="518" VPOS="295" WIDTH="44" HEIGHT="15" WC="0.96" CONTENT="som"/><SP WIDTH="16" VPOS="295" HPOS="562"/>
							<String ID="string_31" HPOS="578" VPOS="289" WIDTH="7" HEIGHT="20" WC="0.96" CONTENT="i"/><SP WIDTH="14" VPOS="289" HPOS="585"/>
							<String ID="string_32" HPOS="599" VPOS="289" WIDTH="76" HEIGHT="20" WC="0.96" CONTENT="staden"/><SP WIDTH="24" VPOS="289" HPOS="675"/>
							<String ID="string_33" HPOS="699" VPOS="288" WIDTH="40" HEIGHT="21" WC="0.93" CONTENT="har"/><SP WIDTH="16" VPOS="288" HPOS="739"/>
							<String ID="string_34" HPOS="755" VPOS="287" WIDTH="96" HEIGHT="27" WC="0.92" CONTENT="burskap"/>
						</TextLine>
						<TextLine ID="line_4" HPOS="116" VPOS="322" WIDTH="742" HEIGHT="27">
							<String ID="string_35" HPOS="116" VPOS="329" WIDTH="46" HEIGHT="15" WC="0.93" CONTENT="som"/><SP WIDTH="25" VPOS="329" HPOS="162"/>
							<String ID="string_36" HPOS="187" VPOS="323" WIDTH="62" HEIGHT="21" WC="0.89" CONTENT="idkar"/><SP WIDTH="24" VPOS="323" HPOS="249"/>
							<String ID="string_37" HPOS="273" VPOS="323" WIDTH="85" HEIGHT="26" WC="0.93" CONTENT="handel,"/><SP WIDTH="27" VPOS="323" HPOS="358"/>
							<String ID="string_38" HPOS="385" VPOS="323" WIDTH="170" HEIGHT="26" WC="0.92" CONTENT="fabriksrörelse,"/><SP WIDTH="26" VPOS="323" HPOS="555"/>
							<String ID="string_39" HPOS="581" VPOS="323" WIDTH="120" HEIGHT="21" WC="0.91" CONTENT="handtverk"/><SP WIDTH="25" VPOS="323" HPOS="701"/>
							<String ID="string_40" HPOS="726" VPOS="322" WIDTH="52" HEIGHT="21" WC="0.94" CONTENT="eller"/><SP WIDTH="10" VPOS="322" HPOS="778"/>
							<String ID="string_41" HPOS="788" VPOS="328" WIDTH="70" HEIGHT="15" WC="0.94" CONTENT="annan"/>
						</TextLine>
						<TextLine ID="line_5" HPOS="116" VPOS="357" WIDTH="742" HEIGHT="28">
							<String ID="string_42" HPOS="116" VPOS="357" WIDTH="115" HEIGHT="22" WC="0.89" CONTENT="beskattad"/><SP WIDTH="22" VPOS="357" HPOS="231"/>
							<String ID="string_43" HPOS="253" VPOS="358" WIDTH="77" HEIGHT="27" WC="0.89" CONTENT="näring"/><SP WIDTH="23" VPOS="358" HPOS="330"/>
							<String ID="string_44" HPOS="353" VPOS="358" WIDTH="57" HEIGHT="22" WC="0.96" CONTENT="inom"/><SP WIDTH="16" VPOS="358" HPOS="410"/>
							<String ID="string_45" HPOS="426" VPOS="359" WIDTH="76" HEIGHT="20" WC="0.96" CONTENT="staden"/><SP WIDTH="16" VPOS="359" HPOS="502"/>
							<String ID="string_46" HPOS="518" VPOS="358" WIDTH="52" HEIGHT="21" WC="0.97" CONTENT="eller"/><SP WIDTH="16" VPOS="358" HPOS="570"/>
							<String ID="string_47" HPOS="586" VPOS="358" WIDTH="48" HEIGHT="21" WC="0.93" CONTENT="dess"/><SP WIDTH="16" VPOS="358" HPOS="634"/>
							<String ID="string_48" HPOS="650" VPOS="357" WIDTH="93" HEIGHT="26" WC="0.91" CONTENT="omräde,"/><SP WIDTH="15" VPOS="357" HPOS="743"/>
							<String ID="string_49" HPOS="758" VPOS="363" WIDTH="46" HEIGHT="15" WC="0.96" CONTENT="som"/><SP WIDTH="16" VPOS="363" HPOS="804"/>
							<String ID="string_50" HPOS="820" VPOS="357" WIDTH="38" HEIGHT="20" WC="0.96" CONTENT="der"/>
						</TextLine>
						<TextLine ID="line_6" HPOS="116" VPOS="391" WIDTH="742" HEIGHT="28">
							<String ID="string_51" HPOS="116" VPOS="398" WIDTH="50" HEIGHT="21" WC="0.93" CONTENT="eger"/><SP WIDTH="15" VPOS="398" HPOS="166"/>
							<String ID="string_52" HPOS="181" VPOS="392" WIDTH="46" HEIGHT="26" WC="0.93" CONTENT="hus,"/><SP WIDTH="16" VPOS="392" HPOS="227"/>
							<String ID="string_53" HPOS="243" VPOS="394" WIDTH="55" HEIGHT="20" WC="0.91" CONTENT="tomt"/><SP WIDTH="15" VPOS="394" HPOS="298"/>
							<String ID="string_54" HPOS="313" VPOS="393" WIDTH="52" HEIGHT="21" WC="0.96" CONTENT="eller"/><SP WIDTH="12" VPOS="393" HPOS="365"/>
							<String ID="string_55" HPOS="377" VPOS="393" WIDTH="56" HEIGHT="26" WC="0.96" CONTENT="jord,"/><SP WIDTH="16" VPOS="393" HPOS="433"/>
							<String ID="string_56" HPOS="449" VPOS="393" WIDTH="53" HEIGHT="21" WC="0.96" CONTENT="eller"/><SP WIDTH="14" VPOS="393" HPOS="502"/>
							<String ID="string_57" HPOS="516" VPOS="399" WIDTH="45" HEIGHT="15" WC="0.93" CONTENT="som"/><SP WIDTH="15" VPOS="399" HPOS="561"/>
							<String ID="string_58" HPOS="576" VPOS="392" WIDTH="95" HEIGHT="27" WC="0.92" CONTENT="lagligen"/><SP WIDTH="15" VPOS="392" HPOS="671"/>
							<String ID="string_59" HPOS="686" VPOS="391" WIDTH="39" HEIGHT="22" WC="0.96" CONTENT="har"/><SP WIDTH="10" VPOS="391" HPOS="725"/>
							<String ID="string_60" HPOS="735" VPOS="392" WIDTH="39" HEIGHT="21" WC="0.93" CONTENT="sitt"/><SP WIDTH="8" VPOS="392" HPOS="774"/>
							<String ID="string_61" HPOS="782" VPOS="391" WIDTH="27" HEIGHT="22" WC="0.92" CONTENT="bo"/><SP WIDTH="9" VPOS="391" HPOS="809"/>
							<String ID="string_62" HPOS="818" VPOS="391" WIDTH="40" HEIGHT="21" WC="0.96" CONTENT="och"/>
						</TextLine>
						<TextLine ID="line_7" HPOS="115" VPOS="426" WIDTH="738" HEIGHT="28">
							<String ID="string_63" HPOS="115" VPOS="426" WIDTH="92" HEIGHT="22" WC="0.95" CONTENT="hemvist"/><SP WIDTH="22" VPOS="426" HPOS="207"/>
							<String ID="string_64" HPOS="229" VPOS="427" WIDTH="8" HEIGHT="20" WC="0.96" CONTENT="i"/><SP WIDTH="16" VPOS="427" HPOS="237"/>
							<String ID="string_65" HPOS="253" VPOS="427" WIDTH="96" HEIGHT="27" WC="0.93" CONTENT="staden,”"/><SP WIDTH="23" VPOS="427" HPOS="349"/>
							<String ID="string_66" HPOS="372" VPOS="429" WIDTH="56" HEIGHT="20" WC="0.96" CONTENT="samt"/><SP WIDTH="14" VPOS="429" HPOS="428"/>
							<String ID="string_67" HPOS="442" VPOS="427" WIDTH="12" HEIGHT="21" WC="0.96" CONTENT="6"/><SP WIDTH="16" VPOS="427" HPOS="454"/>
							<String ID="string_68" HPOS="470" VPOS="427" WIDTH="39" HEIGHT="22" WC="0.96" CONTENT="och"/><SP WIDTH="16" VPOS="427" HPOS="509"/>
							<String ID="string_69" HPOS="525" VPOS="428" WIDTH="26" HEIGHT="21" WC="0.96" CONTENT="53"/><SP WIDTH="16" VPOS="428" HPOS="551"/>
							<String ID="string_70" HPOS="567" VPOS="427" WIDTH="24" HEIGHT="27" WC="0.95" CONTENT="$$"/><SP WIDTH="16" VPOS="427" HPOS="591"/>
							<String ID="string_71" HPOS="607" VPOS="427" WIDTH="6" HEIGHT="21" WC="0.95" CONTENT="i"/><SP WIDTH="16" VPOS="427" HPOS="613"/>
							<String ID="string_72" HPOS="629" VPOS="433" WIDTH="80" HEIGHT="14" WC="0.96" CONTENT="samma"/><SP WIDTH="15" VPOS="433" HPOS="709"/>
							<String ID="string_73" HPOS="724" VPOS="426" WIDTH="32" HEIGHT="27" WC="0.87" CONTENT="lag"/><SP WIDTH="11" VPOS="426" HPOS="756"/>
							<String ID="string_74" HPOS="767" VPOS="426" WIDTH="86" HEIGHT="27" WC="0.87" CONTENT="*stadga"/>
						</TextLine>
						<TextLine ID="line_8" HPOS="115" VPOS="461" WIDTH="743" HEIGHT="27">
							<String ID="string_75" HPOS="115" VPOS="463" WIDTH="32" HEIGHT="20" WC="0.94" CONTENT="att"/><SP WIDTH="22" VPOS="463" HPOS="147"/>
							<String ID="string_76" HPOS="169" VPOS="461" WIDTH="139" HEIGHT="22" WC="0.94" CONTENT="kommunens"/><SP WIDTH="22" VPOS="461" HPOS="308"/>
							<String ID="string_77" HPOS="330" VPOS="462" WIDTH="137" HEIGHT="21" WC="0.86" CONTENT="medlemmar"/><SP WIDTH="27" VPOS="462" HPOS="467"/>
							<String ID="string_78" HPOS="494" VPOS="464" WIDTH="36" HEIGHT="19" WC="0.96" CONTENT="äro"/><SP WIDTH="24" VPOS="464" HPOS="530"/>
							<String ID="string_79" HPOS="554" VPOS="461" WIDTH="55" HEIGHT="22" WC="0.93" CONTENT="efter"/><SP WIDTH="21" VPOS="461" HPOS="609"/>
							<String ID="string_80" HPOS="630" VPOS="461" WIDTH="100" HEIGHT="27" WC="0.93" CONTENT="taxering"/><SP WIDTH="21" VPOS="461" HPOS="730"/>
							<String ID="string_81" HPOS="751" VPOS="461" WIDTH="107" HEIGHT="21" WC="0.92" CONTENT="underka-"/>
						</TextLine>
						<TextLine ID="line_9" HPOS="115" VPOS="495" WIDTH="742" HEIGHT="29">
							<String ID="string_82" HPOS="115" VPOS="496" WIDTH="61" HEIGHT="22" WC="0.92" CONTENT="stade"/><SP WIDTH="16" VPOS="496" HPOS="176"/>
							<String ID="string_83" HPOS="192" VPOS="497" WIDTH="140" HEIGHT="27" WC="0.93" CONTENT="beskattning"/><SP WIDTH="15" VPOS="497" HPOS="332"/>
							<String ID="string_84" HPOS="347" VPOS="496" WIDTH="34" HEIGHT="22" WC="0.96" CONTENT="till"/><SP WIDTH="16" VPOS="496" HPOS="381"/>
							<String ID="string_85" HPOS="397" VPOS="497" WIDTH="49" HEIGHT="21" WC="0.93" CONTENT="dess"/><SP WIDTH="15" VPOS="497" HPOS="446"/>
							<String ID="string_86" HPOS="461" VPOS="502" WIDTH="157" HEIGHT="21" WC="0.92" CONTENT="gemensamma"/><SP WIDTH="14" VPOS="502" HPOS="618"/>
							<String ID="string_87" HPOS="632" VPOS="496" WIDTH="71" HEIGHT="26" WC="0.92" CONTENT="behof,"/><SP WIDTH="16" VPOS="496" HPOS="703"/>
							<String ID="string_88" HPOS="719" VPOS="496" WIDTH="24" HEIGHT="21" WC="0.96" CONTENT="sä"/><SP WIDTH="9" VPOS="496" HPOS="743"/>
							<String ID="string_89" HPOS="752" VPOS="495" WIDTH="71" HEIGHT="22" WC="0.95" CONTENT="skulle"/><SP WIDTH="8" VPOS="495" HPOS="823"/>
							<String ID="string_90" HPOS="831" VPOS="495" WIDTH="26" HEIGHT="21" WC="0.96" CONTENT="de"/>
						</TextLine>
						<TextLine ID="line_10" HPOS="115" VPOS="530" WIDTH="743" HEIGHT="28">
							<String ID="string_91" HPOS="115" VPOS="530" WIDTH="123" HEIGHT="27" WC="0.93" CONTENT="föreslagna"/><SP WIDTH="15" VPOS="530" HPOS="238"/>
							<String ID="string_92" HPOS="253" VPOS="531" WIDTH="178" HEIGHT="27" WC="0.92" CONTENT="förändringarne"/><SP WIDTH="15" VPOS="531" HPOS="431"/>
							<String ID="string_93" HPOS="446" VPOS="531" WIDTH="110" HEIGHT="26" WC="0.95" CONTENT="innebära,"/><SP WIDTH="22" VPOS="531" HPOS="556"/>
							<String ID="string_94" HPOS="578" VPOS="532" WIDTH="32" HEIGHT="20" WC="0.93" CONTENT="att"/><SP WIDTH="15" VPOS="532" HPOS="610"/>
							<String ID="string_95" HPOS="625" VPOS="531" WIDTH="115" HEIGHT="21" WC="0.92" CONTENT="frälsemän"/><SP WIDTH="16" VPOS="531" HPOS="740"/>
							<String ID="string_96" HPOS="756" VPOS="530" WIDTH="39" HEIGHT="21" WC="0.92" CONTENT="och"/><SP WIDTH="16" VPOS="530" HPOS="795"/>
							<String ID="string_97" HPOS="811" VPOS="536" WIDTH="47" HEIGHT="21" WC="0.92" CONTENT="per-"/>
						</TextLine>
						<TextLine ID="line_11" HPOS="115" VPOS="564" WIDTH="744" HEIGHT="28">
							<String ID="string_98" HPOS="115" VPOS="572" WIDTH="68" HEIGHT="20" WC="0.91" CONTENT="soner,"/><SP WIDTH="17" VPOS="572" HPOS="183"/>
							<String ID="string_99" HPOS="200" VPOS="572" WIDTH="45" HEIGHT="15" WC="0.93" CONTENT="som"/><SP WIDTH="16" VPOS="572" HPOS="245"/>
							<String ID="string_100" HPOS="261" VPOS="565" WIDTH="65" HEIGHT="22" WC="0.90" CONTENT="hafva"/><SP WIDTH="15" VPOS="565" HPOS="326"/>
							<String ID="string_101" HPOS="341" VPOS="565" WIDTH="80" HEIGHT="22" WC="0.93" CONTENT="valrätt"/><SP WIDTH="15" VPOS="565" HPOS="421"/>
							<String ID="string_102" HPOS="436" VPOS="566" WIDTH="6" HEIGHT="20" WC="0.93" CONTENT="i"/><SP WIDTH="10" VPOS="566" HPOS="442"/>
							<String ID="string_103" HPOS="452" VPOS="566" WIDTH="169" HEIGHT="26" WC="0.93" CONTENT="Presteständet,"/><SP WIDTH="11" VPOS="566" HPOS="621"/>
							<String ID="string_104" HPOS="632" VPOS="565" WIDTH="135" HEIGHT="27" WC="0.92" CONTENT="tjenstemän,"/><SP WIDTH="8" VPOS="565" HPOS="767"/>
							<String ID="string_105" HPOS="775" VPOS="564" WIDTH="84" HEIGHT="22" WC="0.92" CONTENT="littera-"/>
						</TextLine>
						<TextLine ID="line_12" HPOS="114" VPOS="598" WIDTH="746" HEIGHT="30">
							<String ID="string_106" HPOS="114" VPOS="602" WIDTH="65" HEIGHT="24" WC="0.93" CONTENT="törer,"/><SP WIDTH="15" VPOS="602" HPOS="179"/>
							<String ID="string_107" HPOS="194" VPOS="600" WIDTH="135" HEIGHT="27" WC="0.92" CONTENT="konstnärer,"/><SP WIDTH="9" VPOS="600" HPOS="329"/>
							<String ID="string_108" HPOS="338" VPOS="600" WIDTH="136" HEIGHT="28" WC="0.92" CONTENT="kapitalister"/><SP WIDTH="8" VPOS="600" HPOS="474"/>
							<String ID="string_109" HPOS="482" VPOS="601" WIDTH="38" HEIGHT="21" WC="0.96" CONTENT="och"/><SP WIDTH="10" VPOS="601" HPOS="520"/>
							<String ID="string_110" HPOS="530" VPOS="607" WIDTH="25" HEIGHT="15" WC="0.93" CONTENT="en"/><SP WIDTH="11" VPOS="607" HPOS="555"/>
							<String ID="string_111" HPOS="566" VPOS="600" WIDTH="78" HEIGHT="27" WC="0.91" CONTENT="mängd"/><SP WIDTH="9" VPOS="600" HPOS="644"/>
							<String ID="string_112" HPOS="653" VPOS="600" WIDTH="67" HEIGHT="21" WC="0.92" CONTENT="andra"/><SP WIDTH="7" VPOS="600" HPOS="720"/>
							<String ID="string_113" HPOS="727" VPOS="600" WIDTH="56" HEIGHT="21" WC="0.92" CONTENT="ifrän"/><SP WIDTH="11" VPOS="600" HPOS="783"/>
							<String ID="string_114" HPOS="794" VPOS="598" WIDTH="66" HEIGHT="22" WC="0.90" CONTENT="valaf"/>
						</TextLine>
						<TextLine ID="line_13" HPOS="113" VPOS="634" WIDTH="745" HEIGHT="27">
							<String ID="string_115" HPOS="113" VPOS="634" WIDTH="166" HEIGHT="27" WC="0.91" CONTENT="landtdagsman"/><SP WIDTH="17" VPOS="634" HPOS="279"/>
							<String ID="string_116" HPOS="296" VPOS="636" WIDTH="6" HEIGHT="20" WC="0.93" CONTENT="i"/><SP WIDTH="14" VPOS="636" HPOS="302"/>
							<String ID="string_117" HPOS="316" VPOS="635" WIDTH="183" HEIGHT="26" WC="0.91" CONTENT="Borgareständet"/><SP WIDTH="13" VPOS="635" HPOS="499"/>
							<String ID="string_118" HPOS="512" VPOS="641" WIDTH="28" HEIGHT="14" WC="0.93" CONTENT="nu"/><SP WIDTH="11" VPOS="641" HPOS="540"/>
							<String ID="string_119" HPOS="551" VPOS="635" WIDTH="110" HEIGHT="21" WC="0.93" CONTENT="uteslutna"/><SP WIDTH="7" VPOS="635" HPOS="661"/>
							<String ID="string_120" HPOS="668" VPOS="640" WIDTH="108" HEIGHT="21" WC="0.97" CONTENT="personer,"/><SP WIDTH="11" VPOS="640" HPOS="776"/>
							<String ID="string_121" HPOS="787" VPOS="635" WIDTH="26" HEIGHT="20" WC="0.96" CONTENT="de"/><SP WIDTH="7" VPOS="635" HPOS="813"/>
							<String ID="string_122" HPOS="820" VPOS="635" WIDTH="38" HEIGHT="20" WC="0.96" CONTENT="der"/>
						</TextLine>
						<TextLine ID="line_14" HPOS="114" VPOS="669" WIDTH="743" HEIGHT="27">
							<String ID="string_123" HPOS="114" VPOS="669" WIDTH="67" HEIGHT="26" WC="0.93" CONTENT="enligt"/><SP WIDTH="15" VPOS="669" HPOS="181"/>
							<String ID="string_124" HPOS="196" VPOS="669" WIDTH="70" HEIGHT="26" WC="0.92" CONTENT="nägon"/><SP WIDTH="16" VPOS="669" HPOS="266"/>
							<String ID="string_125" HPOS="282" VPOS="669" WIDTH="22" HEIGHT="21" WC="0.96" CONTENT="af"/><SP WIDTH="15" VPOS="669" HPOS="304"/>
							<String ID="string_126" HPOS="319" VPOS="669" WIDTH="26" HEIGHT="21" WC="0.93" CONTENT="de"/><SP WIDTH="15" VPOS="669" HPOS="345"/>
							<String ID="string_127" HPOS="360" VPOS="675" WIDTH="50" HEIGHT="21" WC="0.92" CONTENT="nyss"/><SP WIDTH="17" VPOS="675" HPOS="410"/>
							<String ID="string_128" HPOS="427" VPOS="669" WIDTH="90" HEIGHT="21" WC="0.91" CONTENT="anförda"/><SP WIDTH="14" VPOS="669" HPOS="517"/>
							<String ID="string_129" HPOS="531" VPOS="669" WIDTH="189" HEIGHT="26" WC="0.92" CONTENT="bestämningarne"/><SP WIDTH="19" VPOS="669" HPOS="720"/>
							<String ID="string_130" HPOS="739" VPOS="669" WIDTH="3" HEIGHT="20" WC="0.93" CONTENT="i"/><SP WIDTH="15" VPOS="669" HPOS="742"/>
							<String ID="string_131" HPOS="757" VPOS="669" WIDTH="100" HEIGHT="21" WC="0.92" CONTENT="Kommu-"/>
						</TextLine>
						<TextLine ID="line_15" HPOS="113" VPOS="702" WIDTH="744" HEIGHT="29">
							<String ID="string_132" HPOS="113" VPOS="703" WIDTH="112" HEIGHT="26" WC="0.90" CONTENT="nallagens"/><SP WIDTH="22" VPOS="703" HPOS="225"/>
							<String ID="string_133" HPOS="247" VPOS="704" WIDTH="13" HEIGHT="19" WC="0.93" CONTENT="3"/><SP WIDTH="23" VPOS="704" HPOS="260"/>
							<String ID="string_134" HPOS="283" VPOS="703" WIDTH="12" HEIGHT="28" WC="0.88" CONTENT="&amp;"/><SP WIDTH="22" VPOS="703" HPOS="295"/>
							<String ID="string_135" HPOS="317" VPOS="705" WIDTH="36" HEIGHT="20" WC="0.96" CONTENT="äro"/><SP WIDTH="23" VPOS="705" HPOS="353"/>
							<String ID="string_136" HPOS="376" VPOS="704" WIDTH="140" HEIGHT="21" WC="0.94" CONTENT="medlemmar"/><SP WIDTH="15" VPOS="704" HPOS="516"/>
							<String ID="string_137" HPOS="531" VPOS="703" WIDTH="23" HEIGHT="22" WC="0.94" CONTENT="af"/><SP WIDTH="14" VPOS="703" HPOS="554"/>
							<String ID="string_138" HPOS="568" VPOS="710" WIDTH="26" HEIGHT="15" WC="0.93" CONTENT="en"/><SP WIDTH="15" VPOS="710" HPOS="594"/>
							<String ID="string_139" HPOS="609" VPOS="703" WIDTH="169" HEIGHT="26" WC="0.96" CONTENT="stadskommun,"/><SP WIDTH="23" VPOS="703" HPOS="778"/>
							<String ID="string_140" HPOS="801" VPOS="702" WIDTH="56" HEIGHT="27" WC="0.96" CONTENT="finge"/>
						</TextLine>
						<TextLine ID="line_16" HPOS="114" VPOS="737" WIDTH="744" HEIGHT="28">
							<String ID="string_141" HPOS="114" VPOS="737" WIDTH="74" HEIGHT="22" WC="0.89" CONTENT="utöfva"/><SP WIDTH="15" VPOS="737" HPOS="188"/>
							<String ID="string_142" HPOS="203" VPOS="738" WIDTH="80" HEIGHT="21" WC="0.93" CONTENT="valrätt"/><SP WIDTH="14" VPOS="738" HPOS="283"/>
							<String ID="string_143" HPOS="297" VPOS="739" WIDTH="7" HEIGHT="20" WC="0.96" CONTENT="i"/><SP WIDTH="16" VPOS="739" HPOS="304"/>
							<String ID="string_144" HPOS="320" VPOS="738" WIDTH="82" HEIGHT="27" WC="0.96" CONTENT="staden,"/><SP WIDTH="16" VPOS="738" HPOS="402"/>
							<String ID="string_145" HPOS="418" VPOS="738" WIDTH="7" HEIGHT="21" WC="0.96" CONTENT="i"/><SP WIDTH="16" VPOS="738" HPOS="425"/>
							<String ID="string_146" HPOS="441" VPOS="739" WIDTH="37" HEIGHT="20" WC="0.96" CONTENT="fall"/><SP WIDTH="16" VPOS="739" HPOS="478"/>
							<String ID="string_147" HPOS="494" VPOS="739" WIDTH="33" HEIGHT="26" WC="0.93" CONTENT="de,"/><SP WIDTH="14" VPOS="739" HPOS="527"/>
							<String ID="string_148" HPOS="541" VPOS="738" WIDTH="85" HEIGHT="27" WC="0.91" CONTENT="jemlikt"/><SP WIDTH="15" VPOS="738" HPOS="626"/>
							<String ID="string_149" HPOS="641" VPOS="738" WIDTH="26" HEIGHT="21" WC="0.93" CONTENT="14"/><SP WIDTH="16" VPOS="738" HPOS="667"/>
							<String ID="string_150" HPOS="683" VPOS="738" WIDTH="12" HEIGHT="27" WC="0.86" CONTENT="&amp;"/><SP WIDTH="13" VPOS="738" HPOS="695"/>
							<String ID="string_151" HPOS="708" VPOS="739" WIDTH="6" HEIGHT="20" WC="0.93" CONTENT="i"/><SP WIDTH="9" VPOS="739" HPOS="714"/>
							<String ID="string_152" HPOS="723" VPOS="737" WIDTH="135" HEIGHT="27" WC="0.92" CONTENT="Landtdags-"/>
						</TextLine>
						<TextLine ID="line_17" HPOS="113" VPOS="772" WIDTH="743" HEIGHT="27">
							<String ID="string_153" HPOS="113" VPOS="773" WIDTH="126" HEIGHT="26" WC="0.90" CONTENT="ordningen,"/><SP WIDTH="20" VPOS="773" HPOS="239"/>
							<String ID="string_154" HPOS="259" VPOS="779" WIDTH="51" HEIGHT="15" WC="0.93" CONTENT="vore"/><SP WIDTH="16" VPOS="779" HPOS="310"/>
							<String ID="string_155" HPOS="326" VPOS="772" WIDTH="68" HEIGHT="22" WC="0.92" CONTENT="finske"/><SP WIDTH="15" VPOS="772" HPOS="394"/>
							<String ID="string_156" HPOS="409" VPOS="775" WIDTH="54" HEIGHT="24" WC="0.93" CONTENT="män,"/><SP WIDTH="17" VPOS="775" HPOS="463"/>
							<String ID="string_157" HPOS="480" VPOS="773" WIDTH="86" HEIGHT="21" WC="0.92" CONTENT="bosatte"/><SP WIDTH="16" VPOS="773" HPOS="566"/>
							<String ID="string_158" HPOS="582" VPOS="773" WIDTH="57" HEIGHT="20" WC="0.93" CONTENT="inom"/><SP WIDTH="15" VPOS="773" HPOS="639"/>
							<String ID="string_159" HPOS="654" VPOS="772" WIDTH="148" HEIGHT="22" WC="0.92" CONTENT="valdistriktet"/><SP WIDTH="15" VPOS="772" HPOS="802"/>
							<String ID="string_160" HPOS="817" VPOS="773" WIDTH="39" HEIGHT="20" WC="0.96" CONTENT="och"/>
						</TextLine>
						<TextLine ID="line_18" HPOS="113" VPOS="807" WIDTH="742" HEIGHT="28">
							<String ID="string_161" HPOS="113" VPOS="807" WIDTH="77" HEIGHT="21" WC="0.90" CONTENT="komne"/><SP WIDTH="24" VPOS="807" HPOS="190"/>
							<String ID="string_162" HPOS="214" VPOS="807" WIDTH="33" HEIGHT="20" WC="0.93" CONTENT="till"/><SP WIDTH="23" VPOS="807" HPOS="247"/>
							<String ID="string_163" HPOS="270" VPOS="807" WIDTH="88" HEIGHT="27" WC="0.96" CONTENT="myndig"/><SP WIDTH="15" VPOS="807" HPOS="358"/>
							<String ID="string_164" HPOS="373" VPOS="807" WIDTH="66" HEIGHT="21" WC="0.96" CONTENT="ålder."/><SP WIDTH="38" VPOS="807" HPOS="439"/>
							<String ID="string_165" HPOS="477" VPOS="807" WIDTH="33" HEIGHT="21" WC="0.95" CONTENT="Då"/><SP WIDTH="15" VPOS="807" HPOS="510"/>
							<String ID="string_166" HPOS="525" VPOS="813" WIDTH="29" HEIGHT="15" WC="0.94" CONTENT="nu"/><SP WIDTH="16" VPOS="813" HPOS="554"/>
							<String ID="string_167" HPOS="570" VPOS="807" WIDTH="99" HEIGHT="27" WC="0.96" CONTENT="gällande"/><SP WIDTH="16" VPOS="807" HPOS="669"/>
							<String ID="string_168" HPOS="685" VPOS="807" WIDTH="27" HEIGHT="21" WC="0.91" CONTENT="12"/><SP WIDTH="15" VPOS="807" HPOS="712"/>
							<String ID="string_169" HPOS="727" VPOS="807" WIDTH="11" HEIGHT="28" WC="0.79" CONTENT="$"/><SP WIDTH="15" VPOS="807" HPOS="738"/>
							<String ID="string_170" HPOS="753" VPOS="807" WIDTH="7" HEIGHT="20" WC="0.93" CONTENT="i"/><SP WIDTH="16" VPOS="807" HPOS="760"/>
							<String ID="string_171" HPOS="776" VPOS="807" WIDTH="79" HEIGHT="22" WC="0.92" CONTENT="Landt-"/>
						</TextLine>
						<TextLine ID="line_19" HPOS="113" VPOS="841" WIDTH="744" HEIGHT="28">
							<String ID="string_172" HPOS="113" VPOS="841" WIDTH="174" HEIGHT="27" WC="0.90" CONTENT="dagsordningen"/><SP WIDTH="15" VPOS="841" HPOS="287"/>
							<String ID="string_173" HPOS="302" VPOS="841" WIDTH="112" HEIGHT="22" WC="0.90" CONTENT="tillerkänt"/><SP WIDTH="16" VPOS="841" HPOS="414"/>
							<String ID="string_174" HPOS="430" VPOS="841" WIDTH="78" HEIGHT="22" WC="0.93" CONTENT="valrätt"/><SP WIDTH="18" VPOS="841" HPOS="508"/>
							<String ID="string_175" HPOS="526" VPOS="841" WIDTH="22" HEIGHT="22" WC="0.90" CONTENT="ät"/><SP WIDTH="10" VPOS="841" HPOS="548"/>
							<String ID="string_176" HPOS="558" VPOS="841" WIDTH="36" HEIGHT="22" WC="0.93" CONTENT="det"/><SP WIDTH="14" VPOS="841" HPOS="594"/>
							<String ID="string_177" HPOS="608" VPOS="841" WIDTH="189" HEIGHT="28" WC="0.93" CONTENT="burskapsegande"/><SP WIDTH="13" VPOS="841" HPOS="797"/>
							<String ID="string_178" HPOS="810" VPOS="842" WIDTH="47" HEIGHT="21" WC="0.92" CONTENT="bor-"/>
						</TextLine>
						<TextLine ID="line_20" HPOS="113" VPOS="876" WIDTH="744" HEIGHT="27">
							<String ID="string_179" HPOS="113" VPOS="876" WIDTH="118" HEIGHT="27" WC="0.92" CONTENT="gerskapet"/><SP WIDTH="15" VPOS="876" HPOS="231"/>
							<String ID="string_180" HPOS="246" VPOS="878" WIDTH="54" HEIGHT="19" WC="0.96" CONTENT="samt"/><SP WIDTH="16" VPOS="878" HPOS="300"/>
							<String ID="string_181" HPOS="316" VPOS="882" WIDTH="26" HEIGHT="15" WC="0.96" CONTENT="en"/><SP WIDTH="16" VPOS="882" HPOS="342"/>
							<String ID="string_182" HPOS="358" VPOS="876" WIDTH="34" HEIGHT="21" WC="0.93" CONTENT="del"/><SP WIDTH="15" VPOS="876" HPOS="392"/>
							<String ID="string_183" HPOS="407" VPOS="876" WIDTH="166" HEIGHT="27" WC="0.92" CONTENT="näringsidkare"/><SP WIDTH="11" VPOS="876" HPOS="573"/>
							<String ID="string_184" HPOS="584" VPOS="876" WIDTH="39" HEIGHT="21" WC="0.93" CONTENT="och"/><SP WIDTH="8" VPOS="876" HPOS="623"/>
							<String ID="string_185" HPOS="631" VPOS="876" WIDTH="136" HEIGHT="27" WC="0.90" CONTENT="gärdsegare,"/><SP WIDTH="16" VPOS="876" HPOS="767"/>
							<String ID="string_186" HPOS="783" VPOS="877" WIDTH="74" HEIGHT="21" WC="0.93" CONTENT="hvilka"/>
						</TextLine>
						<TextLine ID="line_21" HPOS="110" VPOS="910" WIDTH="747" HEIGHT="30">
							<String ID="string_187" HPOS="110" VPOS="911" WIDTH="67" HEIGHT="27" WC="0.92" CONTENT="jemte"/><SP WIDTH="15" VPOS="911" HPOS="177"/>
							<String ID="string_188" HPOS="192" VPOS="910" WIDTH="157" HEIGHT="30" WC="0.92" CONTENT="borgerskapet"/><SP WIDTH="16" VPOS="910" HPOS="349"/>
							<String ID="string_189" HPOS="365" VPOS="911" WIDTH="41" HEIGHT="21" WC="0.96" CONTENT="och"/><SP WIDTH="16" VPOS="911" HPOS="406"/>
							<String ID="string_190" HPOS="422" VPOS="911" WIDTH="68" HEIGHT="20" WC="0.93" CONTENT="andra"/><SP WIDTH="13" VPOS="911" HPOS="490"/>
							<String ID="string_191" HPOS="503" VPOS="911" WIDTH="47" HEIGHT="21" WC="0.90" CONTENT="icke"/><SP WIDTH="11" VPOS="911" HPOS="550"/>
							<String ID="string_192" HPOS="561" VPOS="910" WIDTH="94" HEIGHT="27" WC="0.92" CONTENT="burskap"/><SP WIDTH="12" VPOS="910" HPOS="655"/>
							<String ID="string_193" HPOS="667" VPOS="911" WIDTH="82" HEIGHT="26" WC="0.92" CONTENT="egande"/><SP WIDTH="10" VPOS="911" HPOS="749"/>
							<String ID="string_194" HPOS="759" VPOS="912" WIDTH="98" HEIGHT="26" WC="0.92" CONTENT="närings-"/>
						</TextLine>
						<TextLine ID="line_22" HPOS="112" VPOS="945" WIDTH="745" HEIGHT="27">
							<String ID="string_195" HPOS="112" VPOS="945" WIDTH="76" HEIGHT="21" WC="0.80" CONTENT="idkare"/><SP WIDTH="16" VPOS="945" HPOS="188"/>
							<String ID="string_196" HPOS="204" VPOS="945" WIDTH="97" HEIGHT="26" WC="0.92" CONTENT="uppburo"/><SP WIDTH="16" VPOS="945" HPOS="301"/>
							<String ID="string_197" HPOS="317" VPOS="945" WIDTH="113" HEIGHT="21" WC="0.96" CONTENT="städernas"/><SP WIDTH="16" VPOS="945" HPOS="430"/>
							<String ID="string_198" HPOS="446" VPOS="947" WIDTH="66" HEIGHT="24" WC="0.96" CONTENT="tunga"/><SP WIDTH="14" VPOS="947" HPOS="512"/>
							<String ID="string_199" HPOS="526" VPOS="945" WIDTH="28" HEIGHT="27" WC="0.96" CONTENT="pä"/><SP WIDTH="15" VPOS="945" HPOS="554"/>
							<String ID="string_200" HPOS="569" VPOS="945" WIDTH="41" HEIGHT="21" WC="0.96" CONTENT="den"/><SP WIDTH="16" VPOS="945" HPOS="610"/>
							<String ID="string_201" HPOS="626" VPOS="945" WIDTH="39" HEIGHT="26" WC="0.95" CONTENT="tid,"/><SP WIDTH="16" VPOS="945" HPOS="665"/>
							<String ID="string_202" HPOS="681" VPOS="945" WIDTH="27" HEIGHT="21" WC="0.93" CONTENT="dä"/><SP WIDTH="13" VPOS="945" HPOS="708"/>
							<String ID="string_203" HPOS="721" VPOS="945" WIDTH="136" HEIGHT="27" WC="0.92" CONTENT="Landtdags-"/>
						</TextLine>
						<TextLine ID="line_23" HPOS="113" VPOS="978" WIDTH="743" HEIGHT="29">
							<String ID="string_204" HPOS="113" VPOS="979" WIDTH="120" HEIGHT="26" WC="0.94" CONTENT="ordningen"/><SP WIDTH="24" VPOS="979" HPOS="233"/>
							<String ID="string_205" HPOS="257" VPOS="979" WIDTH="91" HEIGHT="26" WC="0.96" CONTENT="tillkom,"/><SP WIDTH="16" VPOS="979" HPOS="348"/>
							<String ID="string_206" HPOS="364" VPOS="985" WIDTH="48" HEIGHT="15" WC="0.96" CONTENT="men"/><SP WIDTH="16" VPOS="985" HPOS="412"/>
							<String ID="string_207" HPOS="428" VPOS="978" WIDTH="70" HEIGHT="22" WC="0.93" CONTENT="denna"/><SP WIDTH="14" VPOS="978" HPOS="498"/>
							<String ID="string_208" HPOS="512" VPOS="981" WIDTH="68" HEIGHT="25" WC="0.96" CONTENT="tunga"/><SP WIDTH="15" VPOS="981" HPOS="580"/>
							<String ID="string_209" HPOS="595" VPOS="985" WIDTH="88" HEIGHT="16" WC="0.93" CONTENT="numera"/><SP WIDTH="15" VPOS="985" HPOS="683"/>
							<String ID="string_210" HPOS="698" VPOS="979" WIDTH="109" HEIGHT="28" WC="0.91" CONTENT="öfvergätt"/><SP WIDTH="14" VPOS="979" HPOS="807"/>
							<String ID="string_211" HPOS="821" VPOS="980" WIDTH="35" HEIGHT="20" WC="0.95" CONTENT="till"/>
						</TextLine>
						<TextLine ID="line_24" HPOS="113" VPOS="1013" WIDTH="744" HEIGHT="27">
							<String ID="string_212" HPOS="113" VPOS="1014" WIDTH="99" HEIGHT="26" WC="0.93" CONTENT="samtlige"/><SP WIDTH="15" VPOS="1014" HPOS="212"/>
							<String ID="string_213" HPOS="227" VPOS="1013" WIDTH="166" HEIGHT="22" WC="0.91" CONTENT="medlemmarne"/><SP WIDTH="16" VPOS="1013" HPOS="393"/>
							<String ID="string_214" HPOS="409" VPOS="1013" WIDTH="23" HEIGHT="21" WC="0.93" CONTENT="af"/><SP WIDTH="14" VPOS="1013" HPOS="432"/>
							<String ID="string_215" HPOS="446" VPOS="1013" WIDTH="221" HEIGHT="27" WC="0.92" CONTENT="stadskommunerna,"/><SP WIDTH="23" VPOS="1013" HPOS="667"/>
							<String ID="string_216" HPOS="690" VPOS="1014" WIDTH="24" HEIGHT="21" WC="0.96" CONTENT="sä"/><SP WIDTH="15" VPOS="1014" HPOS="714"/>
							<String ID="string_217" HPOS="729" VPOS="1014" WIDTH="70" HEIGHT="22" WC="0.93" CONTENT="skulle"/><SP WIDTH="15" VPOS="1014" HPOS="799"/>
							<String ID="string_218" HPOS="814" VPOS="1014" WIDTH="43" HEIGHT="21" WC="0.93" CONTENT="för-"/>
						</TextLine>
						<TextLine ID="line_25" HPOS="112" VPOS="1048" WIDTH="745" HEIGHT="28">
							<String ID="string_219" HPOS="112" VPOS="1048" WIDTH="120" HEIGHT="27" WC="0.95" CONTENT="ändringen"/><SP WIDTH="26" VPOS="1048" HPOS="232"/>
							<String ID="string_220" HPOS="258" VPOS="1048" WIDTH="85" HEIGHT="21" WC="0.95" CONTENT="således"/><SP WIDTH="20" VPOS="1048" HPOS="343"/>
							<String ID="string_221" HPOS="363" VPOS="1048" WIDTH="40" HEIGHT="21" WC="0.96" CONTENT="ock"/><SP WIDTH="15" VPOS="1048" HPOS="403"/>
							<String ID="string_222" HPOS="418" VPOS="1048" WIDTH="104" HEIGHT="21" WC="0.96" CONTENT="innebära"/><SP WIDTH="15" VPOS="1048" HPOS="522"/>
							<String ID="string_223" HPOS="537" VPOS="1055" WIDTH="25" HEIGHT="15" WC="0.93" CONTENT="en"/><SP WIDTH="17" VPOS="1055" HPOS="562"/>
							<String ID="string_224" HPOS="579" VPOS="1048" WIDTH="142" HEIGHT="22" WC="0.92" CONTENT="öfverhufvud"/><SP WIDTH="15" VPOS="1048" HPOS="721"/>
							<String ID="string_225" HPOS="736" VPOS="1049" WIDTH="121" HEIGHT="27" WC="0.38" CONTENT="följdrigtig"/>
						</TextLine>
						<TextLine ID="line_26" HPOS="113" VPOS="1082" WIDTH="744" HEIGHT="28">
							<String ID="string_226" HPOS="113" VPOS="1082" WIDTH="162" HEIGHT="28" WC="0.91" CONTENT="öfverflyttning"/><SP WIDTH="28" VPOS="1082" HPOS="275"/>
							<String ID="string_227" HPOS="303" VPOS="1082" WIDTH="23" HEIGHT="22" WC="0.93" CONTENT="af"/><SP WIDTH="21" VPOS="1082" HPOS="326"/>
							<String ID="string_228" HPOS="347" VPOS="1082" WIDTH="106" HEIGHT="22" WC="0.91" CONTENT="valrätten"/><SP WIDTH="23" VPOS="1082" HPOS="453"/>
							<String ID="string_229" HPOS="476" VPOS="1082" WIDTH="34" HEIGHT="22" WC="0.96" CONTENT="till"/><SP WIDTH="16" VPOS="1082" HPOS="510"/>
							<String ID="string_230" HPOS="526" VPOS="1083" WIDTH="26" HEIGHT="21" WC="0.96" CONTENT="de"/><SP WIDTH="15" VPOS="1083" HPOS="552"/>
							<String ID="string_231" HPOS="567" VPOS="1089" WIDTH="108" HEIGHT="21" WC="0.93" CONTENT="personer,"/><SP WIDTH="24" VPOS="1089" HPOS="675"/>
							<String ID="string_232" HPOS="699" VPOS="1084" WIDTH="12" HEIGHT="20" WC="0.90" CONTENT="å"/><SP WIDTH="15" VPOS="1084" HPOS="711"/>
							<String ID="string_233" HPOS="726" VPOS="1083" WIDTH="75" HEIGHT="22" WC="0.96" CONTENT="hvilka"/><SP WIDTH="14" VPOS="1083" HPOS="801"/>
							<String ID="string_234" HPOS="815" VPOS="1084" WIDTH="42" HEIGHT="21" WC="0.96" CONTENT="den"/>
						</TextLine>
						<TextLine ID="line_27" HPOS="112" VPOS="1116" WIDTH="745" HEIGHT="29">
							<String ID="string_235" HPOS="112" VPOS="1117" WIDTH="124" HEIGHT="27" WC="0.96" CONTENT="borgerliga"/><SP WIDTH="14" VPOS="1117" HPOS="236"/>
							<String ID="string_236" HPOS="250" VPOS="1119" WIDTH="82" HEIGHT="25" WC="0.95" CONTENT="tungan"/><SP WIDTH="16" VPOS="1119" HPOS="332"/>
							<String ID="string_237" HPOS="348" VPOS="1123" WIDTH="29" HEIGHT="15" WC="0.92" CONTENT="nu"/><SP WIDTH="15" VPOS="1123" HPOS="377"/>
							<String ID="string_238" HPOS="392" VPOS="1116" WIDTH="76" HEIGHT="27" WC="0.92" CONTENT="hvilar,"/><SP WIDTH="21" VPOS="1116" HPOS="468"/>
							<String ID="string_239" HPOS="489" VPOS="1117" WIDTH="69" HEIGHT="22" WC="0.96" CONTENT="ehuru"/><SP WIDTH="16" VPOS="1117" HPOS="558"/>
							<String ID="string_240" HPOS="574" VPOS="1118" WIDTH="125" HEIGHT="27" WC="0.93" CONTENT="visserligen"/><SP WIDTH="16" VPOS="1118" HPOS="699"/>
							<String ID="string_241" HPOS="715" VPOS="1118" WIDTH="92" HEIGHT="27" WC="0.89" CONTENT="qvinnor"/><SP WIDTH="10" VPOS="1118" HPOS="807"/>
							<String ID="string_242" HPOS="817" VPOS="1118" WIDTH="40" HEIGHT="22" WC="0.95" CONTENT="och"/>
						</TextLine>
						<TextLine ID="line_28" HPOS="112" VPOS="1151" WIDTH="743" HEIGHT="28">
							<String ID="string_243" HPOS="112" VPOS="1151" WIDTH="110" HEIGHT="27" WC="0.92" CONTENT="åtskillige"/><SP WIDTH="20" VPOS="1151" HPOS="222"/>
							<String ID="string_244" HPOS="242" VPOS="1152" WIDTH="74" HEIGHT="26" WC="0.95" CONTENT="andra,"/><SP WIDTH="23" VPOS="1152" HPOS="316"/>
							<String ID="string_245" HPOS="339" VPOS="1157" WIDTH="45" HEIGHT="16" WC="0.96" CONTENT="som"/><SP WIDTH="16" VPOS="1157" HPOS="384"/>
							<String ID="string_246" HPOS="400" VPOS="1151" WIDTH="88" HEIGHT="28" WC="0.96" CONTENT="deltaga"/><SP WIDTH="15" VPOS="1151" HPOS="488"/>
							<String ID="string_247" HPOS="503" VPOS="1152" WIDTH="7" HEIGHT="20" WC="0.96" CONTENT="i"/><SP WIDTH="15" VPOS="1152" HPOS="510"/>
							<String ID="string_248" HPOS="525" VPOS="1152" WIDTH="94" HEIGHT="21" WC="0.96" CONTENT="nämnda"/><SP WIDTH="14" VPOS="1152" HPOS="619"/>
							<String ID="string_249" HPOS="633" VPOS="1153" WIDTH="67" HEIGHT="26" WC="0.96" CONTENT="tunga"/><SP WIDTH="15" VPOS="1153" HPOS="700"/>
							<String ID="string_250" HPOS="715" VPOS="1153" WIDTH="39" HEIGHT="21" WC="0.93" CONTENT="och"/><SP WIDTH="16" VPOS="1153" HPOS="754"/>
							<String ID="string_251" HPOS="770" VPOS="1153" WIDTH="85" HEIGHT="22" WC="0.91" CONTENT="derföre"/>
						</TextLine>
						<TextLine ID="line_29" HPOS="112" VPOS="1185" WIDTH="743" HEIGHT="27">
							<String ID="string_252" HPOS="112" VPOS="1192" WIDTH="40" HEIGHT="20" WC="0.90" CONTENT="ega"/><SP WIDTH="21" VPOS="1192" HPOS="152"/>
							<String ID="string_253" HPOS="173" VPOS="1187" WIDTH="92" HEIGHT="19" WC="0.96" CONTENT="rösträtt"/><SP WIDTH="19" VPOS="1187" HPOS="265"/>
							<String ID="string_254" HPOS="284" VPOS="1186" WIDTH="36" HEIGHT="21" WC="0.93" CONTENT="vid"/><SP WIDTH="21" VPOS="1186" HPOS="320"/>
							<String ID="string_255" HPOS="341" VPOS="1185" WIDTH="179" HEIGHT="27" WC="0.91" CONTENT="rådhustämmor,"/><SP WIDTH="24" VPOS="1185" HPOS="520"/>
							<String ID="string_256" HPOS="544" VPOS="1191" WIDTH="51" HEIGHT="16" WC="0.96" CONTENT="vore"/><SP WIDTH="20" VPOS="1191" HPOS="595"/>
							<String ID="string_257" HPOS="615" VPOS="1186" WIDTH="56" HEIGHT="21" WC="0.93" CONTENT="ifrån"/><SP WIDTH="15" VPOS="1186" HPOS="671"/>
							<String ID="string_258" HPOS="686" VPOS="1187" WIDTH="108" HEIGHT="21" WC="0.91" CONTENT="valrätten"/><SP WIDTH="16" VPOS="1187" HPOS="794"/>
							<String ID="string_259" HPOS="810" VPOS="1189" WIDTH="45" HEIGHT="19" WC="0.92" CONTENT="ute-"/>
						</TextLine>
						<TextLine ID="line_30" HPOS="113" VPOS="1219" WIDTH="741" HEIGHT="28">
							<String ID="string_260" HPOS="113" VPOS="1220" WIDTH="76" HEIGHT="26" WC="0.93" CONTENT="slutne,"/><SP WIDTH="28" VPOS="1220" HPOS="189"/>
							<String ID="string_261" HPOS="217" VPOS="1220" WIDTH="76" HEIGHT="21" WC="0.93" CONTENT="medan"/><SP WIDTH="23" VPOS="1220" HPOS="293"/>
							<String ID="string_262" HPOS="316" VPOS="1219" WIDTH="96" HEIGHT="22" WC="0.90" CONTENT="deremot"/><SP WIDTH="22" VPOS="1219" HPOS="412"/>
							<String ID="string_263" HPOS="434" VPOS="1219" WIDTH="26" HEIGHT="22" WC="0.96" CONTENT="de"/><SP WIDTH="27" VPOS="1219" HPOS="460"/>
							<String ID="string_264" HPOS="487" VPOS="1220" WIDTH="122" HEIGHT="27" WC="0.93" CONTENT="föreslagna"/><SP WIDTH="23" VPOS="1220" HPOS="609"/>
							<String ID="string_265" HPOS="632" VPOS="1220" WIDTH="180" HEIGHT="27" WC="0.91" CONTENT="förändringarne"/><SP WIDTH="23" VPOS="1220" HPOS="812"/>
							<String ID="string_266" HPOS="835" VPOS="1221" WIDTH="19" HEIGHT="26" WC="0.94" CONTENT="ej"/>
						</TextLine>
						<TextLine ID="line_31" HPOS="112" VPOS="1253" WIDTH="745" HEIGHT="29">
							<String ID="string_267" HPOS="112" VPOS="1253" WIDTH="77" HEIGHT="26" WC="0.95" CONTENT="skulle,"/><SP WIDTH="16" VPOS="1253" HPOS="189"/>
							<String ID="string_268" HPOS="205" VPOS="1254" WIDTH="91" HEIGHT="21" WC="0.93" CONTENT="likasom"/><SP WIDTH="14" VPOS="1254" HPOS="296"/>
							<String ID="string_269" HPOS="310" VPOS="1253" WIDTH="258" HEIGHT="28" WC="0.92" CONTENT="Landtdagsordningens"/><SP WIDTH="16" VPOS="1253" HPOS="568"/>
							<String ID="string_270" HPOS="584" VPOS="1261" WIDTH="28" HEIGHT="14" WC="0.96" CONTENT="nu"/><SP WIDTH="11" VPOS="1261" HPOS="612"/>
							<String ID="string_271" HPOS="623" VPOS="1255" WIDTH="100" HEIGHT="26" WC="0.96" CONTENT="gällande"/><SP WIDTH="10" VPOS="1255" HPOS="723"/>
							<String ID="string_272" HPOS="733" VPOS="1255" WIDTH="27" HEIGHT="20" WC="0.94" CONTENT="12"/><SP WIDTH="10" VPOS="1255" HPOS="760"/>
							<String ID="string_273" HPOS="770" VPOS="1254" WIDTH="19" HEIGHT="28" WC="0.80" CONTENT="8,"/><SP WIDTH="11" VPOS="1254" HPOS="789"/>
							<String ID="string_274" HPOS="800" VPOS="1255" WIDTH="57" HEIGHT="20" WC="0.96" CONTENT="fästa"/>
						</TextLine>
						<TextLine ID="line_32" HPOS="112" VPOS="1288" WIDTH="744" HEIGHT="27">
							<String ID="string_275" HPOS="112" VPOS="1288" WIDTH="101" HEIGHT="22" WC="0.96" CONTENT="afseende"/><SP WIDTH="20" VPOS="1288" HPOS="213"/>
							<String ID="string_276" HPOS="233" VPOS="1288" WIDTH="35" HEIGHT="21" WC="0.96" CONTENT="vid"/><SP WIDTH="23" VPOS="1288" HPOS="268"/>
							<String ID="string_277" HPOS="291" VPOS="1288" WIDTH="41" HEIGHT="21" WC="0.93" CONTENT="den"/><SP WIDTH="16" VPOS="1288" HPOS="332"/>
							<String ID="string_278" HPOS="348" VPOS="1288" WIDTH="232" HEIGHT="27" WC="0.90" CONTENT="undantagsställning,"/><SP WIDTH="15" VPOS="1288" HPOS="580"/>
							<String ID="string_279" HPOS="595" VPOS="1295" WIDTH="45" HEIGHT="15" WC="0.96" CONTENT="som"/><SP WIDTH="16" VPOS="1295" HPOS="640"/>
							<String ID="string_280" HPOS="656" VPOS="1289" WIDTH="48" HEIGHT="21" WC="0.93" CONTENT="med"/><SP WIDTH="16" VPOS="1289" HPOS="704"/>
							<String ID="string_281" HPOS="720" VPOS="1289" WIDTH="87" HEIGHT="26" WC="0.91" CONTENT="hänsigt"/><SP WIDTH="15" VPOS="1289" HPOS="807"/>
							<String ID="string_282" HPOS="822" VPOS="1289" WIDTH="34" HEIGHT="21" WC="0.95" CONTENT="till"/>
						</TextLine>
						<TextLine ID="line_33" HPOS="111" VPOS="1322" WIDTH="744" HEIGHT="27">
							<String ID="string_283" HPOS="111" VPOS="1322" WIDTH="41" HEIGHT="21" WC="0.96" CONTENT="den"/><SP WIDTH="23" VPOS="1322" HPOS="152"/>
							<String ID="string_284" HPOS="175" VPOS="1322" WIDTH="123" HEIGHT="27" WC="0.96" CONTENT="borgerliga"/><SP WIDTH="20" VPOS="1322" HPOS="298"/>
							<String ID="string_285" HPOS="318" VPOS="1324" WIDTH="80" HEIGHT="24" WC="0.93" CONTENT="tungan"/><SP WIDTH="26" VPOS="1324" HPOS="398"/>
							<String ID="string_286" HPOS="424" VPOS="1323" WIDTH="84" HEIGHT="26" WC="0.92" CONTENT="intages"/><SP WIDTH="15" VPOS="1323" HPOS="508"/>
							<String ID="string_287" HPOS="523" VPOS="1323" WIDTH="23" HEIGHT="20" WC="0.96" CONTENT="af"/><SP WIDTH="14" VPOS="1323" HPOS="546"/>
							<String ID="string_288" HPOS="560" VPOS="1323" WIDTH="26" HEIGHT="20" WC="0.96" CONTENT="de"/><SP WIDTH="15" VPOS="1323" HPOS="586"/>
							<String ID="string_289" HPOS="601" VPOS="1323" WIDTH="164" HEIGHT="26" WC="0.93" CONTENT="privilegierade"/><SP WIDTH="15" VPOS="1323" HPOS="765"/>
							<String ID="string_290" HPOS="780" VPOS="1323" WIDTH="75" HEIGHT="26" WC="0.92" CONTENT="gårds-"/>
						</TextLine>
						<TextLine ID="line_34" HPOS="111" VPOS="1362" WIDTH="98" HEIGHT="20">
							<String ID="string_291" HPOS="111" VPOS="1362" WIDTH="98" HEIGHT="20" WC="0.91" CONTENT="egarene."/>
						</TextLine>
					</TextBlock>
					<TextBlock ID="block_2" HPOS="111" VPOS="1389" WIDTH="744" HEIGHT="133">
						<TextLine ID="line_35" HPOS="179" VPOS="1389" WIDTH="676" HEIGHT="29">
							<String ID="string_292" HPOS="179" VPOS="1389" WIDTH="43" HEIGHT="21" WC="0.96" CONTENT="Vid"/><SP WIDTH="18" VPOS="1389" HPOS="222"/>
							<String ID="string_293" HPOS="240" VPOS="1389" WIDTH="132" HEIGHT="27" WC="0.95" CONTENT="granskning"/><SP WIDTH="16" VPOS="1389" HPOS="372"/>
							<String ID="string_294" HPOS="388" VPOS="1389" WIDTH="23" HEIGHT="21" WC="0.96" CONTENT="af"/><SP WIDTH="14" VPOS="1389" HPOS="411"/>
							<String ID="string_295" HPOS="425" VPOS="1390" WIDTH="55" HEIGHT="21" WC="0.96" CONTENT="hvad"/><SP WIDTH="16" VPOS="1390" HPOS="480"/>
							<String ID="string_296" HPOS="496" VPOS="1390" WIDTH="41" HEIGHT="21" WC="0.96" CONTENT="den"/><SP WIDTH="15" VPOS="1390" HPOS="537"/>
							<String ID="string_297" HPOS="552" VPOS="1390" WIDTH="79" HEIGHT="27" WC="0.96" CONTENT="nådiga"/><SP WIDTH="15" VPOS="1390" HPOS="631"/>
							<String ID="string_298" HPOS="646" VPOS="1391" WIDTH="161" HEIGHT="27" WC="0.91" CONTENT="propositionen"/><SP WIDTH="15" VPOS="1391" HPOS="807"/>
							<String ID="string_299" HPOS="822" VPOS="1392" WIDTH="33" HEIGHT="21" WC="0.91" CONTENT="så-"/>
						</TextLine>
						<TextLine ID="line_36" HPOS="111" VPOS="1423" WIDTH="744" HEIGHT="30">
							<String ID="string_300" HPOS="111" VPOS="1424" WIDTH="66" HEIGHT="21" WC="0.92" CONTENT="lunda"/><SP WIDTH="8" VPOS="1424" HPOS="177"/>
							<String ID="string_301" HPOS="185" VPOS="1423" WIDTH="118" HEIGHT="22" WC="0.96" CONTENT="innefattar"/><SP WIDTH="8" VPOS="1423" HPOS="303"/>
							<String ID="string_302" HPOS="311" VPOS="1424" WIDTH="39" HEIGHT="21" WC="0.93" CONTENT="har"/><SP WIDTH="9" VPOS="1424" HPOS="350"/>
							<String ID="string_303" HPOS="359" VPOS="1424" WIDTH="153" HEIGHT="27" WC="0.92" CONTENT="Lagutskottet"/><SP WIDTH="8" VPOS="1424" HPOS="512"/>
							<String ID="string_304" HPOS="520" VPOS="1425" WIDTH="18" HEIGHT="26" WC="0.97" CONTENT="ej"/><SP WIDTH="10" VPOS="1425" HPOS="538"/>
							<String ID="string_305" HPOS="548" VPOS="1424" WIDTH="83" HEIGHT="23" WC="0.96" CONTENT="kunnat"/><SP WIDTH="8" VPOS="1424" HPOS="631"/>
							<String ID="string_306" HPOS="639" VPOS="1425" WIDTH="72" HEIGHT="28" WC="0.96" CONTENT="undgå"/><SP WIDTH="8" VPOS="1425" HPOS="711"/>
							<String ID="string_307" HPOS="719" VPOS="1427" WIDTH="33" HEIGHT="20" WC="0.96" CONTENT="att"/><SP WIDTH="8" VPOS="1427" HPOS="752"/>
							<String ID="string_308" HPOS="760" VPOS="1426" WIDTH="95" HEIGHT="21" WC="0.95" CONTENT="erkänna"/>
						</TextLine>
						<TextLine ID="line_37" HPOS="111" VPOS="1458" WIDTH="744" HEIGHT="29">
							<String ID="string_309" HPOS="111" VPOS="1458" WIDTH="102" HEIGHT="22" WC="0.91" CONTENT="behofvet"/><SP WIDTH="15" VPOS="1458" HPOS="213"/>
							<String ID="string_310" HPOS="228" VPOS="1459" WIDTH="22" HEIGHT="20" WC="0.96" CONTENT="af"/><SP WIDTH="14" VPOS="1459" HPOS="250"/>
							<String ID="string_311" HPOS="264" VPOS="1465" WIDTH="26" HEIGHT="14" WC="0.96" CONTENT="en"/><SP WIDTH="15" VPOS="1465" HPOS="290"/>
							<String ID="string_312" HPOS="305" VPOS="1459" WIDTH="117" HEIGHT="21" WC="0.96" CONTENT="förändrad"/><SP WIDTH="16" VPOS="1459" HPOS="422"/>
							<String ID="string_313" HPOS="438" VPOS="1459" WIDTH="113" HEIGHT="21" WC="0.96" CONTENT="redaktion"/><SP WIDTH="16" VPOS="1459" HPOS="551"/>
							<String ID="string_314" HPOS="567" VPOS="1459" WIDTH="23" HEIGHT="22" WC="0.96" CONTENT="af"/><SP WIDTH="14" VPOS="1459" HPOS="590"/>
							<String ID="string_315" HPOS="604" VPOS="1460" WIDTH="27" HEIGHT="21" WC="0.96" CONTENT="12"/><SP WIDTH="15" VPOS="1460" HPOS="631"/>
							<String ID="string_316" HPOS="646" VPOS="1459" WIDTH="26" HEIGHT="28" WC="0.73" CONTENT="$i"/><SP WIDTH="8" VPOS="1459" HPOS="672"/>
							<String ID="string_317" HPOS="680" VPOS="1460" WIDTH="175" HEIGHT="27" WC="0.78" CONTENT="Landtdagsord-"/>
						</TextLine>
						<TextLine ID="line_38" HPOS="111" VPOS="1493" WIDTH="744" HEIGHT="29">
							<String ID="string_318" HPOS="111" VPOS="1493" WIDTH="86" HEIGHT="27" WC="0.95" CONTENT="ningen."/><SP WIDTH="37" VPOS="1493" HPOS="197"/>
							<String ID="string_319" HPOS="234" VPOS="1493" WIDTH="76" HEIGHT="21" WC="0.89" CONTENT="Denna"/><SP WIDTH="15" VPOS="1493" HPOS="310"/>
							<String ID="string_320" HPOS="325" VPOS="1494" WIDTH="33" HEIGHT="20" WC="0.95" CONTENT="sin"/><SP WIDTH="17" VPOS="1494" HPOS="358"/>
							<String ID="string_321" HPOS="375" VPOS="1493" WIDTH="139" HEIGHT="28" WC="0.96" CONTENT="uppfattning"/><SP WIDTH="14" VPOS="1493" HPOS="514"/>
							<String ID="string_322" HPOS="528" VPOS="1494" WIDTH="73" HEIGHT="22" WC="0.93" CONTENT="stöder"/><SP WIDTH="15" VPOS="1494" HPOS="601"/>
							<String ID="string_323" HPOS="616" VPOS="1494" WIDTH="154" HEIGHT="28" WC="0.90" CONTENT="Lagutskottet"/><SP WIDTH="8" VPOS="1494" HPOS="770"/>
							<String ID="string_324" HPOS="778" VPOS="1494" WIDTH="77" HEIGHT="22" WC="0.96" CONTENT="främst"/>
						</TextLine>
					</TextBlock>
				</ComposedBlock>
				<ComposedBlock ID="cblock_2" HPOS="179" VPOS="1539" WIDTH="330" HEIGHT="22">
					<TextBlock ID="block_3" HPOS="179" VPOS="1539" WIDTH="330" HEIGHT="22">
						<TextLine ID="line_39" HPOS="179" VPOS="1539" WIDTH="330" HEIGHT="22">
							<String ID="string_325" HPOS="179" VPOS="1539" WIDTH="126" HEIGHT="22" WC="0.84" CONTENT="Lagutskottets"/><SP WIDTH="13" VPOS="1539" HPOS="305"/>
							<String ID="string_326" HPOS="318" VPOS="1540" WIDTH="104" HEIGHT="18" WC="0.96" CONTENT="betänkande"/><SP WIDTH="14" VPOS="1540" HPOS="422"/>
							<String ID="string_327" HPOS="436" VPOS="1540" WIDTH="33" HEIGHT="18" WC="0.96" CONTENT="N:o"/><SP WIDTH="13" VPOS="1540" HPOS="469"/>
							<String ID="string_328" HPOS="482" VPOS="1540" WIDTH="27" HEIGHT="19" WC="0.96" CONTENT="10."/>
						</TextLine>
					</TextBlock>
				</ComposedBlock>
				<GraphicalElement ID="cblock_3" HPOS="1037" VPOS="0" WIDTH="8" HEIGHT="435"></GraphicalElement >
			</PrintSpace>
		</Page>
	</Layout>
</alto>
