1048 1695
323 154 26 18 U.
366 154 31 18 B.
415 164 22 3 —
458 154 83 23 Prop.
557 152 47 21 N:o
619 155 39 17 40.
806 152 25 20 27

117 222 31 18 att
169 220 33 26 de,
225 227 44 13 som
292 221 117 20 förvärfvat
431 222 32 26 sig
484 222 66 25 högre
571 221 166 26 bildningsmätt,
759 222 48 19 icke
829 221 33 20 för

115 254 135 20 inhemtande
273 254 23 20 af
318 255 77 19 militär
416 256 63 25 yrket
500 255 91 19 behöfva
616 255 43 19 lika
680 255 50 26 läng
756 255 30 19 tid
817 262 44 12 som

116 288 32 26 de,
172 288 73 20 hvilka
266 289 18 25 ej
304 289 123 25 genomgått
452 290 69 25 någon
548 288 66 26 skola,
635 288 98 20 hvarföre
757 289 25 19 de
805 288 57 20 förra

115 322 19 26 ej
156 322 53 20 böra
230 322 33 19 vid
289 322 49 26 lång
360 322 109 26 tjenstetid
494 322 80 20 bindas.
605 322 103 20 Särskildt
731 322 77 20 tillåter
830 323 32 25 sig

116 356 108 20 Utskottet
248 356 70 20 erinra
340 363 33 13 om
396 358 31 18 att
449 356 26 20 då
491 356 39 20 den
553 356 155 26 öfvervägande
734 358 78 18 största
827 356 34 20 de-

115 390 35 20 len
172 390 66 26 högre
260 390 79 20 studier
361 390 7 19 i
393 390 88 20 Finland
500 390 77 20 drifvas
598 390 64 20 under
678 390 133 20 ekonomiskt
826 390 35 20 be-

116 424 63 26 tryck
194 426 31 17 ett
247 424 108 26 oafvisligt
376 424 67 20 behof
456 425 83 26 tvingar
553 425 91 19 flertalet
659 425 202 26 kunskapssökande

114 465 58 19 unga
193 461 48 16 män
260 460 32 17 att
316 458 49 20 med
387 459 35 19 det
437 459 66 19 första
518 459 88 26 möjliga
624 459 76 19 afsluta
715 459 46 19 sina
776 459 85 25 studier,

116 492 109 20 äfvensom
248 494 32 18 att
298 493 92 20 derefter
408 493 52 20 söka
477 493 209 26 inkomstbringande
702 493 158 26 anställningar.

115 527 37 19 Ett
167 526 133 21 förbiseende
316 527 24 19 af
353 527 58 20 detta
425 527 131 20 förhållande
571 527 67 20 måste
653 527 48 20 leda
717 527 31 20 till
764 529 30 18 att
809 530 52 23 göra

116 561 40 20 den
178 561 65 26 högre
263 561 121 26 bildningen
407 561 32 20 till
455 568 25 13 en
496 561 218 26 företrädesrättighet
732 561 32 20 för
780 561 25 20 de
821 561 40 20 för-

116 599 84 23 mögna,
215 596 65 26 något
296 602 44 13 som
357 596 50 26 åter,
423 596 93 19 hvarken
533 602 62 20 synes
610 595 189 20 öfverensstämma
814 596 48 19 med

116 630 133 26 bildningens
272 637 54 19 egen
349 632 38 24 art,
403 631 18 25 ej
437 630 66 20 heller
517 630 48 19 med
581 630 51 19 våra
648 630 213 20 samhällsförhällan-

116 664 51 20 dens
183 663 158 20 demokratiska
356 664 123 26 skaplynne.
510 664 107 26 Derjämte
636 671 60 12 anser
712 665 32 25 sig
754 664 109 20 Utskottet

114 698 37 19 vid
166 698 61 19 dessa
242 698 131 26 stadganden
388 698 52 20 böra
454 698 55 20 fästa
525 705 25 13 en
566 698 89 20 särskild
673 699 51 26 vigt,
740 699 66 19 under
822 698 40 20 den

114 732 148 26 förhoppning,
286 733 30 18 att
339 738 76 20 genom
438 732 107 20 desamma
562 732 178 26 folkbildningens
757 733 104 19 framtids-

114 766 48 19 rika
184 766 38 19 sak
243 766 96 20 kommer
365 768 30 18 att
417 767 131 25 väsentligen
574 766 119 26 befrämjas.
730 767 42 19 Det
794 766 68 20 öfver-

114 800 82 26 gående
216 800 137 26 förhållande,
376 802 31 18 att
430 800 32 20 för
485 800 36 20 det
539 800 131 20 närvarande
687 801 48 19 icke
751 800 66 20 finnes
833 802 30 19 ett

115 834 125 26 tillräckligt
263 834 57 19 antal
342 834 65 26 högre
422 834 208 27 bildningsanstalter
648 834 47 19 med
710 834 64 20 finskt
789 835 73 19 under-

116 868 166 26 visningsspråk,
304 868 38 19 har
366 868 110 20 Utskottet
496 870 68 18 ansett
578 868 48 20 icke
642 868 52 20 böra
708 868 110 21 föranleda
834 871 30 18 ett

116 902 138 26 afstyrkande
277 902 23 19 af
321 902 144 26 tjenstetidens
488 903 131 26 förkortning
635 902 32 20 för
682 903 47 19 dem
745 910 45 13 som
805 904 57 19 inne-

116 936 64 20 hafva
194 936 66 26 högre
275 936 102 26 bildning,
393 939 49 17 enär
458 937 108 20 Utskottet
580 937 123 19 förutsätter
721 939 31 17 att
770 937 40 20 den
825 937 37 20 fin-

118 971 38 19 ska
179 970 161 27 befolkningens
363 971 90 25 anspråk
479 971 5 18 i
508 971 58 19 detta
590 971 120 19 hänseende
733 971 60 19 skola
816 971 47 20 med

117 1005 115 26 görligaste
250 1004 67 20 första
342 1005 32 19 till
390 1005 54 26 godv
461 1011 39 13 ses.
530 1005 46 19 Den
598 1005 6 19 i
620 1007 32 22 $:n
672 1005 74 26 gjorda
760 1004 102 20 indelnin-

118 1045 40 20 gen
186 1038 23 20 af
235 1039 25 19 de
290 1039 69 19 skilda
383 1039 219 26 läroinrättningarne,
626 1039 108 20 äfvensom
758 1039 25 20 de
806 1039 58 20 olika

117 1073 230 26 undantagsförmäner,
374 1080 45 13 som
446 1073 88 26 beviljas
558 1079 106 20 personer,
686 1073 72 20 hvilka
778 1079 84 21 genom-

117 1108 45 26 gått
184 1107 26 20 de
235 1107 57 20 olika
316 1107 149 27 kategorierna
488 1107 23 20 af
531 1108 79 19 sådana
631 1108 97 20 läroverk
746 1108 39 20 har
800 1109 62 20 emel-

116 1141 64 20 lertid
201 1143 58 25 synts
281 1141 109 20 Utskottet
415 1142 68 26 stödja
506 1142 31 26 sig
559 1142 27 26 på
609 1149 25 12 en
650 1141 133 28 uppfattning
802 1143 23 20 af
838 1143 25 20 de

118 1176 56 19 olika
189 1175 224 27 läroinrättningarnes
428 1176 89 19 relativa
531 1176 71 26 värde,
612 1175 85 20 hvilken
709 1177 18 25 ej
738 1176 7 19 i
757 1176 41 20 allo
812 1183 50 20 upp-

117 1210 61 20 bäres
202 1210 23 19 af
244 1210 26 19 de
292 1210 6 19 i
323 1210 58 19 detta
399 1210 98 19 afseende
513 1210 114 20 bestående
642 1210 152 20 förhållanden.
824 1211 37 20 Ut-

118 1244 79 19 skottet
219 1244 38 19 har
280 1244 70 19 derför
370 1244 90 19 minskat
475 1244 80 20 antalet
572 1244 120 26 kategorier
707 1244 32 19 till
755 1246 37 24 tre,
808 1247 55 18 samt

118 1277 92 19 faststält
236 1277 40 19 den
300 1277 71 19 aktiva
393 1278 135 25 tjenstetiden
547 1278 35 19 vid
597 1278 62 19 dessa
674 1277 45 20 från
735 1278 36 19 två
786 1278 31 19 till
833 1280 30 18 ett

118 1312 28 19 är.
178 1312 41 19 För
240 1312 69 19 denna
332 1312 114 19 sistnämda
464 1312 104 25 tidslängd
594 1312 68 19 såsom
690 1312 172 20 minimibestäm-

118 1345 49 26 ning
182 1344 38 20 har
234 1344 111 20 Utskottet
360 1346 68 18 ansett
443 1346 30 18 ett
489 1344 98 20 särskildt
606 1344 60 20 motiv
678 1340 113 35 förefinnas
804 1345 6 19 i
822 1345 40 19 den

116 1378 165 27 omständighet,
302 1379 31 18 att
347 1377 72 27 hvarje
438 1378 140 26 värnepligtig
594 1384 62 20 synes
672 1377 52 20 böra
738 1378 78 20 bivista
831 1379 30 18 åt-

117 1413 104 20 minstone
237 1414 30 18 ett
284 1412 124 27 lägermöte.
438 1412 9 19 I
466 1413 150 26 sammanhang
630 1412 87 20 härmed
732 1412 64 20 hafva
811 1413 49 20 tids-

116 1447 186 26 bestämningarna
323 1446 70 21 blifvit
414 1446 93 20 ändrade
530 1447 31 19 till
577 1446 218 21 öfverensstämmelse
815 1447 47 21 med

117 1482 118 21 Utskottets
252 1481 79 27 förslag
347 1488 33 13 om
395 1481 119 27 minskning
530 1481 22 20 af
565 1481 139 20 reservtidens
719 1481 70 27 längd.

189 1527 196 24 Värnepligtsutskottets
398 1527 111 17 Betänkande
519 1527 34 17 N:o
567 1527 15 16 1.
