1034 1692
207 182 40 20 100
395 184 27 18 U.
440 184 30 17 B.
488 193 21 3 —
532 184 83 22 Prop.
632 182 46 20 N:o
692 184 40 17 40.

246 250 73 21 Ehuru
326 250 37 26 jag
371 251 25 19 är
411 255 51 15 ense
477 248 49 21 med
541 248 139 27 pluraliteten
696 248 6 21 i
714 248 112 22 Utskottet
842 248 79 22 beträf-

178 284 65 22 fande
258 283 161 27 värnepligtens
434 283 42 26 idé,
492 282 43 21 kan
548 284 37 25 jag
601 283 65 20 likväl
681 283 47 20 icke
745 283 49 21 dela
809 283 49 21 dess
867 283 55 26 äsig-

177 321 34 19 ter
233 318 7 21 i
261 318 62 21 deras
340 317 78 21 helhet.
448 316 81 27 Sjelfva
545 317 62 21 ordet
623 317 146 27 ,värnepligt*
786 317 90 21 innebär
891 323 31 15 re-

177 353 42 21 dan
243 358 26 15 en
285 351 33 21 för
341 351 43 21 alla
406 351 187 21 samhällsklasser
608 351 94 21 likartad
724 351 200 26 vapenskyldighet.

177 387 77 21 Denna
275 385 137 27 grundtanke
435 385 107 27 uppbäres
567 385 54 21 dock
637 385 94 21 hvarken
747 385 23 21 af
784 385 79 27 nädiga
877 392 48 20 pro-

177 421 123 27 positionen
315 420 53 21 eller
383 420 23 20 af
415 419 124 22 Utskottets
555 419 117 27 pluralitet.

246 454 38 22 Uti
304 454 11 27 $
336 454 26 20 40
382 454 6 20 i
408 454 80 27 nådiga
503 454 161 27 propositionen
680 453 90 22 föreslås
786 453 137 28 förkortning

177 489 23 21 af
214 489 141 26 tjenstetiden
373 488 27 26 pä
416 489 70 26 grund
501 488 23 21 af
539 488 58 21 olika
612 488 129 26 lärokurser,
758 488 40 21 och
814 495 25 14 en
855 489 67 20 indel-

177 523 52 26 ning
244 523 7 20 i
267 523 47 26 fyra
333 522 129 26 kategorier,
482 522 48 21 med
546 523 77 20 endast
639 529 36 14 sex
690 522 114 21 mänaders
820 523 103 25 tjenstgö-

176 557 49 26 ring
247 557 37 21 vid
309 557 26 20 de
358 557 73 20 aktiva
451 559 117 24 trupperna
584 556 70 21 säsom
670 557 110 20 minimum
796 557 39 20 och
850 557 37 20 tvä
902 557 23 20 är

177 591 71 21 säsom
270 592 41 20 den
335 591 85 26 längsta
442 591 39 20 tid.
515 591 114 22 Utskottet
644 591 39 20 har
699 591 35 20 vid
749 591 138 26 indelningen
904 591 22 20 af

177 625 219 26 bildningsgraderna
418 625 115 20 inskränkt
555 625 82 20 antalet
659 625 31 20 till
717 627 39 24 tre,
772 625 151 26 uppställande

177 659 33 20 för
226 659 47 20 dem
290 665 26 15 en
332 659 59 20 aktiv
407 659 144 26 tjenstgöring
565 659 23 20 af
602 661 37 23 ett,
655 659 123 21 halftannat
793 659 39 20 och
848 658 75 23 tväär,

177 693 40 20 och
233 693 94 26 grundat
342 693 32 20 sin
390 692 57 27 äsigt
466 693 72 26 derpä,
559 695 32 19 att
606 699 102 20 personer
723 693 48 21 med
787 693 66 26 högre
869 693 54 20 bild-

177 727 118 27 ningsgrad
311 733 88 15 snarare
414 727 96 21 inhämta
527 727 25 21 de
567 727 95 21 militära
677 728 161 26 handgreppen,
854 729 25 18 än
892 727 31 25 de,

177 767 45 14 som
239 761 115 21 innehafva
369 767 26 15 en
411 761 59 26 lägre
486 761 134 27 ståndpunkt
636 761 22 20 af
672 761 105 27 bildning.
807 758 69 25 Äfven
886 761 37 26 jag

177 795 119 27 medgifver
319 796 60 20 detta
401 795 39 21 och
463 795 112 27 ringaktar
590 796 118 26 ingalunda
723 796 133 27 kunskapen,
873 798 51 18 utan

177 829 70 21 häller
257 830 123 20 densamma
388 831 94 19 tvärtom
496 830 7 20 i
519 830 42 26 hög
580 832 43 19 ära.
640 830 48 20 Men
705 831 68 20 under
788 831 134 21 närvarande

177 862 150 22 förhällanden
343 864 42 20 kan
399 864 37 26 jag
452 864 48 21 icke
515 864 109 27 medgifva
639 870 44 15 mer
699 866 26 19 än
742 871 25 14 en
785 864 138 22 befrielseka-

177 897 69 26 tegori
276 897 23 21 af
321 900 31 18 ett
375 898 55 20 enda
452 898 52 26 slag,
529 898 133 21 omfattande
678 898 62 21 äfven
756 899 54 26 dem,
828 906 44 14 som
888 905 34 20 ge-

176 931 99 26 nomgätt
290 932 67 26 högre
373 932 114 26 folkskola,
503 933 89 21 emedan
608 933 41 21 den
664 932 70 22 finska
750 933 172 27 befolkningen
912 927 13 37 i

176 965 93 21 Finland
292 966 78 20 hittills
394 966 39 21 har
448 966 57 21 varit
521 967 91 21 hindrad
628 969 32 19 att
675 967 97 21 inhemta
786 968 83 21 lärdom
885 974 35 14 an-

176 999 109 21 norlunda
299 1001 26 19 än
341 1000 48 21 med
405 1000 104 22 förlusten
526 1000 23 22 af
563 1001 33 21 sin
612 1001 143 21 nationalitet.
786 1001 39 22 Om
841 1002 37 21 det
893 1008 28 15 nu

177 1033 40 21 ock
232 1034 126 26 medgifves,
374 1037 32 18 att
422 1037 26 19 de
467 1034 87 22 bildade
570 1035 81 21 fortare
667 1036 73 20 kunna
754 1036 66 21 vinna
835 1036 41 21 den
885 1037 38 20 mi-

176 1068 100 21 litäriska
298 1068 108 27 öfningen.
430 1070 24 20 sä
476 1069 65 21 hafva
557 1070 24 26 ju
597 1070 26 20 de
639 1070 73 20 aktiva
728 1073 118 23 trupperna
860 1070 63 21 äfven

176 1103 32 19 ett
230 1105 67 18 annat
319 1102 106 27 syftemäl,
448 1103 107 27 nämligen
579 1105 32 19 att
633 1104 105 27 betrygga
758 1104 40 22 den
814 1104 108 22 allmänna

176 1136 120 27 ordningen
319 1137 40 21 och
368 1137 134 27 säkerheten,
526 1138 100 21 hvarföre
649 1139 25 20 de
699 1144 59 16 mera
780 1138 87 22 bildade
882 1140 37 19 äro

177 1170 56 21 både
258 1170 107 27 behöflige
387 1172 39 20 och
448 1172 99 26 skyldige
566 1174 33 19 att
614 1172 120 27 tjenstgöra
749 1178 26 15 en
791 1172 75 27 längre
881 1172 38 22 tid.

177 1203 116 22 Dessutom
315 1204 56 21 skall
393 1206 37 20 det
446 1206 24 26 ju
486 1206 7 21 i
508 1206 70 27 öfriga
593 1208 68 20 stater
675 1207 50 21 med
740 1207 122 27 värnepligt
877 1207 46 21 icke

177 1237 69 21 finnas
269 1244 26 14 en
318 1239 24 19 sä
364 1241 46 18 stor
434 1240 82 20 olikhet
531 1240 7 20 i
553 1240 142 26 tjenstetiden
710 1246 46 15 som
772 1241 48 24 den,
836 1241 86 21 hvilken

176 1270 47 22 icke
239 1272 56 20 blott
311 1272 7 20 i
333 1272 79 26 nädiga
426 1274 169 26 propositionen,
611 1275 51 19 utan
678 1274 63 20 äfven
759 1274 24 21 af
799 1274 124 22 Utskottets

175 1304 112 27 pluralitet
301 1306 105 21 förordas.

244 1341 63 21 Hvad
323 1342 27 20 de
365 1342 7 20 i
387 1341 25 27 $$
427 1342 27 21 99
470 1342 39 21 och
526 1343 38 19 101
581 1342 23 21 af
618 1342 78 28 nådiga
706 1343 162 27 propositionen
876 1350 42 15 om-

175 1375 106 22 förmälda
296 1375 101 27 frivillige
419 1376 108 27 beträffar,
547 1377 70 22 skulle
629 1378 37 26 jag
682 1378 74 26 önska,
772 1380 33 19 att
820 1379 101 21 reservti-

177 1409 41 22 den
240 1409 33 22 för
297 1411 49 21 dem
367 1410 71 22 blefve
460 1411 108 22 utsträckt
583 1411 33 22 till
632 1411 46 28 fyra
693 1413 31 26 är,
741 1413 55 21 dock
811 1413 47 21 icke
874 1414 48 21 med

176 1443 51 22 flere
249 1444 159 27 öfningsmöten
431 1447 26 19 än
481 1446 26 21 de
529 1446 23 21 af
571 1446 112 21 Utskottet
698 1446 128 27 föreslagna.
856 1447 67 21 Detta

175 1478 50 21 mitt
246 1479 97 26 yrkande
357 1481 24 19 är
396 1479 109 22 föranledt
520 1480 69 27 deraf,
605 1483 32 19 att
652 1481 27 20 de
695 1481 102 26 frivillige
812 1484 37 19 äro
865 1481 54 21 före-

175 1511 74 28 slagne
265 1515 32 18 att
312 1515 90 25 antagas
417 1514 7 20 i
439 1514 68 26 tjenst
522 1515 67 21 redan
604 1515 36 21 vid
656 1516 26 20 17
698 1515 34 22 ärs
748 1516 61 21 älder
824 1517 56 20 samt
890 1519 33 18 att

247 1558 198 23 Värnepligtsutskottets
458 1561 111 19 Betänkande
581 1563 33 18 N:o
627 1564 15 16 1.
