1028 1692
222 157 25 19 26
408 159 28 19 U.
451 159 30 19 B.
497 168 24 4 —
538 159 81 22 Prop.
636 159 46 18 N:o
698 160 38 18 40.

195 223 90 27 tagande
308 222 93 28 aflöning
424 224 33 20 för
482 224 54 21 1109
551 230 108 22 personer,
675 224 57 20 befäl
747 223 40 21 och
803 224 137 28 gemenskap,

195 258 34 20 vid
245 257 40 21 och
300 262 59 16 utom
378 257 91 21 fronten.
501 256 104 22 Deremot
628 257 69 21 blefvo
718 258 26 20 de
766 262 31 16 tre
819 258 69 26 öfriga
904 258 36 21 ba-

195 291 116 27 taljonerna
327 291 70 27 aldrig
412 291 93 20 bildade.

262 325 43 21 Det
323 325 52 22 1853
391 325 102 21 utbrutna
508 325 137 21 orientaliska
660 325 69 27 kriget
744 325 125 22 föranledde
878 326 63 21 emel-

194 359 61 20 lertid
271 367 25 13 en
312 359 113 21 förändrad
442 360 40 21 och
497 359 102 22 förstärkt
614 359 143 28 organisation
774 360 22 20 af
810 359 82 22 landets
903 360 38 21 mi-

195 394 60 20 litära
271 393 86 22 krafter.

261 427 70 22 Sedan
353 427 141 28 kungörelsen
520 427 40 22 den
584 429 26 20 28
636 427 122 22 December
777 428 55 21 1853
847 428 95 21 anbefalt

194 463 152 27 upprättandet
362 463 21 20 af
397 467 29 16 ett
441 463 68 20 andra
523 462 61 28 finskt
598 463 139 28 sjöeqvipage,
752 463 80 21 hvilket
844 463 55 21 dock
909 463 32 20 till

194 504 25 13 en
245 497 75 27 början
342 501 110 24 uppsattes
469 497 31 21 till
516 497 76 21 endast
607 497 70 21 halfva
693 497 88 28 styrkan
797 498 51 21 eller
863 501 79 18 tvänne

194 531 125 28 kompanier
333 531 23 21 af
369 532 99 27 omkring
483 532 42 21 500
543 539 55 20 man,
616 532 40 21 och
671 532 54 21 efter
740 531 80 28 krigets
839 533 43 20 slut
896 533 46 20 åter

194 565 95 29 indrogs,
313 567 74 20 skreds
410 567 68 20 under
505 567 26 20 de
554 570 93 17 närmast
669 566 95 28 följande
783 568 49 19 åren
848 567 33 20 till
896 568 46 20 åter

194 601 149 28 uppställande
359 601 22 21 af
395 601 40 21 den
451 601 64 21 sedan
535 601 55 22 1810
608 601 105 26 indragna
732 600 81 21 indelta
828 601 112 22 militären.

262 634 83 23 Genom
362 635 120 22 manifestet
498 635 40 21 den
554 636 26 20 23
595 635 53 22 Juni
665 635 55 21 1854
728 635 137 22 förordnades
874 636 68 21 under

194 670 112 20 erinrande
322 677 33 14 om
372 670 119 21 manifestet
507 670 40 21 den
563 671 26 20 27
605 669 61 22 Mars
682 670 57 21 1810
754 670 39 21 och
810 670 132 22 hänvisande

194 703 31 21 till
248 705 35 20 det
307 705 112 28 pågående
442 705 77 28 kriget,
541 705 82 20 hvilket
643 705 62 20 äfven
726 704 96 22 hemsökt
836 705 105 22 Finlands

194 739 79 24 kuster,

261 774 34 19 1:0
318 776 30 17 att
364 773 22 20 af
406 773 26 21 de
448 774 56 19 inom
519 766 51 28 Åbo
586 773 38 21 och
641 773 147 28 Björneborgs
805 777 53 18 samt
874 773 68 22 Wasa

194 807 38 21 och
249 807 122 27 Uleåborgs
386 807 35 20 län
446 807 79 21 indelta
540 812 95 24 trupper,
654 809 75 20 tvänne
745 807 197 30 skarpskyttebatal-

190 843 68 26 joner,
281 841 103 20 hvardera
408 842 22 20 af
453 843 40 19 600
519 849 48 13 man
586 842 68 20 skulle
669 842 70 20 bildas
755 842 90 21 sålunda
860 844 30 18 att
906 843 36 20 två

194 875 129 21 soldatrotar
339 875 75 21 ställde
429 875 40 21 och
484 875 125 21 underhölle
624 884 25 12 en
665 876 128 25 infanterist,
809 880 54 17 samt

261 909 34 21 2:0
317 913 30 17 att
369 909 87 21 oaktadt
479 910 41 20 den
543 910 96 28 lindring
664 910 143 21 rotehällarne
828 910 113 21 förunnats

194 943 122 26 derigenom
333 945 30 19 att
378 945 36 19 två
439 948 58 16 rotar
512 944 128 21 tillsamman
665 944 76 22 ställde
757 944 54 22 blott
826 952 25 14 en
867 944 73 25 soldat,

195 978 68 20 skulle
278 978 42 20 alla
335 978 45 20 häri
397 978 127 28 deltagande
540 979 127 21 rotehållare
682 979 69 21 under
768 980 58 20 tiden
842 979 44 21 helt
901 979 40 21 och

194 1012 65 21 hållet
274 1012 95 21 frikallas
394 1012 46 21 från
467 1013 120 27 utgörande
607 1014 24 20 af
644 1013 40 21 den
701 1014 142 27 vakansafgift
858 1014 26 20 de
900 1014 41 20 dit-

193 1046 42 22 tills
251 1046 74 28 erlagt.
355 1046 45 21 För
415 1047 175 27 organiserandet
605 1048 22 20 af
640 1048 41 20 den
696 1048 81 21 indelta
789 1048 105 21 militären
905 1047 35 22 be-

193 1081 66 21 faldes
275 1081 74 21 vidare
365 1082 231 26 Generalguvernören
612 1082 88 20 tillsätta
715 1089 25 13 en
757 1082 86 26 komité,
852 1082 88 20 hvilken

194 1115 34 21 det
250 1116 60 26 ålåge
326 1115 76 28 bringa
417 1116 62 20 dessa
498 1116 70 21 beslut
583 1116 30 20 till
629 1116 171 27 verkställighet.
830 1117 111 27 Derjämte

192 1149 132 21 förklarades
347 1156 76 21 genom
449 1158 25 12 en
497 1150 91 21 särskild
604 1150 130 28 kungörelse
749 1151 135 27 dagtecknad
900 1152 40 20 den

193 1184 26 19 27
240 1182 61 26 Juni,
326 1188 31 16 att
379 1184 119 21 kostnaden
521 1184 33 21 för
575 1184 159 22 underbefälets
749 1185 40 21 och
805 1186 135 27 manskapets

193 1217 36 21 vid
255 1217 62 21 dessa
336 1218 117 27 bataljoner
475 1218 67 22 första
566 1219 122 21 beklädnad
713 1220 40 20 och
768 1220 103 26 beväring
886 1224 55 16 samt

193 1250 47 21 hela
255 1251 40 21 den
311 1251 32 21 till
358 1252 141 27 tjenstgöring
515 1252 84 21 kallade
614 1252 79 21 indelta
709 1257 104 24 truppens
828 1254 113 21 underhåll

193 1284 68 21 skulle
277 1285 69 21 under
368 1286 42 20 den
426 1286 29 20 tid
471 1286 72 28 kriget
557 1286 79 21 varade
656 1287 22 20 af
690 1286 69 22 finske
775 1287 108 21 allmänna
898 1295 43 14 me-

192 1318 35 21 del
243 1319 111 21 bestridas.

259 1354 76 22 Redan
357 1362 77 20 genom
450 1362 25 14 en
491 1355 128 29 kungörelse
637 1356 40 21 den
698 1357 26 21 16
747 1356 98 22 Oktober
860 1355 80 25 samma

192 1392 25 19 år
231 1390 142 21 förordnades
388 1397 35 14 om
437 1390 160 29 uppställandet
613 1391 22 20 af
647 1391 126 28 ytterligare
783 1392 75 21 tvänne
865 1392 74 30 skarp-

192 1424 182 29 skyttebataljoner
389 1425 23 20 af
426 1425 40 20 den
481 1425 58 21 inom
555 1425 139 28 Tavastehus,
711 1425 75 27 Wasa,
801 1426 88 29 Kuopio
900 1427 39 22 och

193 1459 31 22 St.
247 1459 92 21 Michels
361 1459 34 21 län
418 1459 81 22 indelta
517 1459 86 26 militär,
622 1461 39 20 och
677 1463 58 19 ännu
750 1461 57 21 inom
823 1462 66 27 sagda
905 1463 35 20 ärs

192 1495 81 26 utgäng
282 1493 125 22 anbefalltes
418 1501 77 20 genom
506 1495 142 26 kungörelsen
662 1495 41 21 den
716 1496 26 21 13
752 1495 122 22 November
886 1496 54 21 1854

263 1541 198 23 Värnepligtsutskottets
473 1541 110 18 Betänkande
602 1541 32 18 N:o
644 1542 17 17 1.
