1025 1703
219 119 12 20 8
421 118 21 23 U.
460 118 22 23 B.
499 128 26 7 —
541 117 64 28 Prop.
623 117 39 23 N:o
677 117 39 23 40.

190 183 78 22 litären
285 182 70 22 blefve
370 182 106 29 gällande,
496 182 46 22 icke
562 183 100 28 möjligen
681 182 85 21 komme
786 183 32 20 att
834 181 107 22 underka-

191 219 43 20 stas
250 224 26 14 en
291 217 36 28 lag
341 224 60 14 mera
415 217 132 22 främmande
562 217 34 21 för
611 216 47 22 vårt
674 217 202 21 rättsmedvetande.

258 251 58 22 Enär
331 251 37 22 det
382 251 23 22 af
418 251 157 28 Ridderskapet
589 251 40 22 och
644 251 70 22 Adeln
731 251 123 28 föreslagna
870 250 71 29 tilläg-

192 289 36 26 get
249 287 57 22 afser
325 293 27 15 en
367 287 84 28 garanti
466 288 107 27 gentemot
588 287 7 20 i
611 286 157 22 administrativ
783 287 42 27 väg
840 286 103 28 möjligen

191 322 93 21 skeende
313 321 151 28 förändringar
490 322 8 22 i
524 321 99 29 gällande
653 321 221 27 militärlagstiftning,
903 321 40 21 har

191 356 116 25 Utskottet,
324 362 46 15 som
385 356 19 28 ej
428 357 70 20 ansett
515 356 9 20 i
542 354 61 30 fråga
625 356 95 21 varande
735 355 206 28 tilläggsstadgande

190 391 117 29 lämpligen
322 390 73 22 kunna
410 390 80 22 införas
504 390 8 22 i
527 390 74 29 sjelfva
616 390 116 26 lagtexten,
743 390 7 21 i
760 390 139 28 inledningen
908 390 35 21 till

191 426 141 28 lagförslaget
346 426 66 21 infört
427 427 30 20 ett
471 426 8 21 i
494 426 58 22 detta
567 426 54 28 syfte
637 426 101 22 affattadt
752 426 82 28 förslag
844 425 33 21 till
886 426 58 20 utta-

193 462 63 22 lande
271 460 48 23 från
334 461 131 21 Ständernas
481 461 52 22 sida.

261 497 44 27 $:ns
320 496 70 28 punkt
404 498 21 24 c)
441 496 39 22 har
494 498 136 20 Presteständet
645 495 136 23 äterförvisat
788 496 33 21 till
829 496 115 26 Utskottet,

193 532 49 20 med
258 530 106 22 anmodan
379 530 33 22 till
428 531 58 21 detta
501 532 31 20 att
546 533 52 26 taga
612 531 68 21 under
688 531 141 28 ompröfning,
840 530 105 22 huruvida

194 566 47 21 icke
250 565 58 22 såväl
317 565 61 22 ordet
386 583 8 8 ,
399 565 115 28 krigsrätt”
525 566 71 21 kunde
607 565 86 28 utbytas
704 567 44 20 mot
760 566 184 28 ,krigslagarna",

195 608 46 14 som
263 600 40 22 ock
321 600 41 22 den
382 600 52 21 sista
453 600 148 22 relativsatsen
622 600 4 21 i
645 602 117 20 momentet
780 599 82 23 erhålla
877 598 68 23 sådan

193 636 118 22 förändrad
326 635 102 28 ställning
444 636 51 20 eller
509 635 88 28 lydelse,
606 637 32 19 att
653 636 41 20 den
709 635 95 28 tydligen
819 635 83 21 komme
913 636 32 20 att

195 670 45 22 afse
255 670 44 21 alla
312 672 34 19 tre
361 670 127 27 punkterna.

262 704 141 22 Alldenstund
423 705 74 28 utbyte
516 705 23 20 af
555 705 61 21 ordet
635 705 128 28 ,krigsrätt*
785 704 34 22 till
840 704 104 29 ,krigsla-

195 741 85 27 garne*,
297 739 67 28 enligt
371 739 121 22 Utskottets
507 739 72 26 tanke,
587 739 48 22 icke
651 739 84 22 komme
751 741 32 20 att
797 739 50 22 leda
857 740 33 21 till
901 746 45 14 mo-

194 775 91 21 mentets
308 774 164 28 förtydligande,
495 774 39 21 har
548 774 111 22 Utskottet
681 777 75 19 ansett
776 768 74 28 denna
861 775 84 21 Preste-

194 809 97 22 ständets
317 809 141 28 anmärkning
484 809 47 22 icke
557 809 55 22 böra
641 809 32 21 till
696 809 71 28 någon
782 809 77 28 åtgärd
873 810 72 21 föran-

193 844 56 25 leda,
265 844 111 21 hvaremot
390 843 110 23 Utskottet
524 844 49 21 med
595 844 101 22 afseende
722 844 28 27 på
772 844 173 22 Presteståndets

195 885 76 15 senare
293 879 141 27 anmärkning
456 879 107 21 vördsamt
584 878 33 22 får
639 879 109 27 tillstyrka
766 879 94 28 följande
875 880 72 21 förän-

196 913 65 21 drade
281 913 147 28 uppställning
448 913 22 21 af
488 913 44 28 $:ns
547 913 43 22 slut
604 914 7 20 i
627 914 41 21 den
683 913 91 22 svenska
789 915 79 24 texten,
884 914 62 21 hvar-

191 948 69 27 jämte
275 947 91 22 föresläs
382 949 31 20 att
428 948 173 28 uppställningen
621 949 23 20 af
656 949 43 20 den
713 948 70 22 finska
798 950 74 20 texten
886 948 59 21 brin-

195 989 39 22 gas
249 983 7 20 i
271 982 219 23 Ofverensstämmelse
513 983 48 22 med
581 983 40 22 den
641 983 91 22 svenska
752 983 90 22 sålunda
864 985 32 20 att
911 990 36 15 en-

195 1018 53 20 hvar
269 1017 24 22 af
312 1018 121 26 punkterna
456 1018 22 28 a)
500 1018 23 28 b)
542 1018 40 22 och
602 1019 27 27 c),
652 1019 109 21 äfvensom
775 1018 172 22 relativsatsen
935 1013 16 38 i

195 1052 44 27 &:ns
255 1052 42 21 slut
313 1052 59 22 bilda
387 1052 71 21 skilda
473 1052 98 28 stycken:

402 1088 18 26 €)
440 1088 108 25 förseelser
566 1090 43 18 mot
626 1088 126 26 disciplinen
770 1089 107 25 äfvensom
895 1088 49 21 sud-

334 1121 185 22 ordinationsbrott
533 1122 66 21 under
614 1122 34 21 det
664 1123 24 20 de
704 1122 52 22 bära
771 1123 99 26 uniform,

400 1156 9 21 i
418 1156 67 22 hvilka
492 1156 39 27 fall
538 1157 62 21 dessa
607 1163 99 20 personer
714 1157 118 27 lydaunder
838 1157 107 27 krigsrätt.

541 1203 11 27 8
568 1204 27 20 20

195 1235 91 22 föreslås
301 1236 23 21 af
338 1236 47 21 skäl
400 1244 46 14 som
461 1238 73 26 längre
549 1238 55 20 fram
619 1239 37 19 äro
672 1241 111 24 upptagna
798 1240 38 23 att,
845 1238 48 20 med
901 1240 46 18 ute-

196 1269 98 22 slutande
309 1270 24 21 af
346 1277 76 14 senare
438 1271 117 27 meningen,
572 1270 81 22 erhålla
668 1272 96 27 följande
780 1272 93 27 lydelse;

540 1324 11 28 $
568 1324 33 22 20.

400 1358 62 28 Efter
477 1359 94 27 afslutad
585 1360 105 27 tjenstetid
703 1360 36 21 vid
753 1367 94 15 reserven
861 1360 86 27 inskrif-

331 1399 35 16 ves
390 1394 135 27 värnepligtig
547 1395 37 21 vid
602 1395 132 22 landtvärnet
750 1395 36 22 och
802 1397 97 25 qvarstår
913 1395 36 22 vid

331 1429 115 21 detsamma
460 1429 56 22 intill
529 1429 68 28 fyllda
611 1430 79 27 fyratio
707 1431 31 21 år.

265 1469 197 23 Värnepligtsutskottets
474 1471 106 17 betänkande
592 1472 36 17 N:o
641 1469 16 18 3.
