1025 1695
225 129 13 20 4
376 128 86 23 Ständ.
477 127 39 23 Sv.
532 141 27 4 —
574 129 74 27 Prop.
665 127 45 24 N:o
725 128 35 22 37.

197 193 102 28 omkring
322 194 113 26 1,500,000
457 193 62 22 mark
541 194 33 21 till
598 193 139 22 bestridande
760 194 25 21 af
801 194 26 21 de
843 194 13 21 å
872 193 75 22 bevill-

196 227 177 28 ningsbudgeten
384 227 109 29 uppförda
504 228 84 27 anslag.
608 228 34 21 De
653 227 154 29 förändringar
817 228 132 27 Ständerna,

197 263 33 21 för
246 264 32 19 att
293 262 150 21 åstadkomma
458 262 41 21 den
515 262 7 21 i
538 262 77 22 sådant
630 262 103 21 afseende
749 262 144 29 erforderliga
906 262 43 22 för-

196 297 121 29 höjningen
339 297 24 22 af
376 297 337 29 stämpelpapperbevillningen,
729 297 94 28 vidtagit
842 297 8 22 i
865 297 83 22 Eders

195 332 151 29 Majestäts
369 331 80 29 nådiga
469 331 82 29 förslag
568 331 34 22 till
622 331 325 30 stämpelpappersförordning,

196 367 62 22 skola
272 367 40 21 här
328 367 72 22 nedan
415 366 123 29 korteligen
554 366 98 22 beröras.

262 401 45 22 För
330 402 67 27 öfrigt
418 402 67 22 hafva
507 401 129 27 Ständerna,
656 402 49 22 med
721 402 103 22 afseende
841 402 12 22 å
868 402 57 22 hvad
941 402 6 21 i

195 437 42 21 den
256 436 80 29 nådiga
355 437 163 28 propositionen
535 438 23 19 är
574 436 131 27 meddeladt,
721 436 90 22 beslutit
826 437 20 28 ej
862 437 85 21 mindre

332 473 32 20 att
384 472 33 26 för
439 473 34 20 sin
493 471 37 27 del,
546 472 48 21 med
606 472 155 27 godkännande
775 471 27 28 af
811 471 70 22 Eders
897 472 50 28 Kej-

263 506 76 27 serliga
361 506 116 27 Majestäts
498 506 92 22 uttalade
612 507 81 27 nädiga
708 506 71 28 afsigt,
795 506 104 28 tillstyrka
914 507 35 22 det

263 541 32 22 till
317 541 110 27 besparing
441 541 8 21 i
463 541 115 27 utgifterna
592 541 34 27 för
641 541 157 28 tillverkningen
813 541 26 27 af
850 541 96 27 stämpel-

259 581 88 22 papper,
363 575 246 27 kartasigillatakontoret
624 575 99 28 indrages
739 575 36 22 och
785 575 48 22 dess
843 575 104 23 verksam-

262 610 34 21 het
310 609 129 28 öfverflyttas
455 611 14 20 ä
483 609 105 23 Finlands
603 609 135 27 statskontor,

195 646 28 19 än
239 644 41 21 ock

332 681 31 20 att
371 679 30 21 till
410 678 70 22 Eders
489 679 104 28 Majestät
602 678 131 27 öfverlemna,
745 681 31 20 att
785 679 32 22 uti
827 679 24 22 de
861 679 9 21 i
879 680 67 21 stäm-

259 713 277 28 pelpappersförordningen
550 713 103 28 ingående
667 714 138 27 stadganden,
815 713 68 22 hvilka
893 713 54 22 hän-

262 749 47 26 föra
328 749 33 26 sig
377 747 32 22 till
422 747 178 28 verkställigheten
616 747 26 27 af
651 747 56 22 hvad
722 747 122 22 Ständerna
858 750 89 20 rörande

263 783 68 21 denna
347 781 62 28 afgift
423 781 89 27 beslutit,
527 782 85 27 vidtaga
628 781 24 21 de
662 781 129 27 förändrade
801 782 144 27 förfoganden,

262 823 45 16 som
322 817 26 26 af
361 816 203 27 omständigheterna
582 816 72 21 kunna
664 816 106 27 påkallas,
787 817 47 21 eller
847 816 34 28 för
895 817 51 21 kon-

262 851 74 22 trollen
351 851 56 27 öfver
422 850 188 27 stämpelpapprets
626 850 135 28 tillverkning,
772 851 128 28 försäljning
911 851 36 22 och

262 885 133 28 begagnande
411 885 139 28 tilläfventyrs
564 885 63 27 blifva
640 885 83 28 nödiga.

260 954 182 21 Hufvudmotivet
465 953 46 23 till.
521 953 26 22 de
563 953 118 29 ändringar
697 953 6 21 i
720 955 55 21 1872
791 955 36 20 års
843 955 102 27 stämpel-

192 988 233 30 pappersförordning,
448 988 88 21 hvartill
561 987 123 23 Ständerna
699 988 35 21 för
750 989 33 20 sin
799 989 35 21 del
850 989 95 27 beslutit,

192 1024 72 28 ligger
286 1023 53 27 deri,
362 1025 33 19 att
410 1023 124 21 Ständerna
549 1023 7 20 i
572 1023 62 27 fråga
650 1030 35 14 om
701 1030 44 21 nya
760 1023 83 22 medels
858 1025 87 20 anskaf-

192 1059 66 20 fande
280 1059 72 20 ansett
375 1065 26 14 en
424 1057 92 29 lämplig
538 1057 128 28 förhöjning
680 1058 24 21 af
718 1058 225 29 stämpelpappersbe-

192 1093 122 27 villningen
329 1092 159 21 företrädesvis
503 1092 53 21 böra
571 1092 166 27 ifrågakomma,
753 1099 49 14 men
819 1093 74 21 skälen
911 1093 33 22 till

192 1128 69 27 några
276 1127 24 21 af
314 1127 63 21 dessa
392 1127 118 28 ändringar
532 1126 40 21 och
587 1127 147 28 anledningen
750 1127 103 22 hvarföre
868 1129 76 27 nugäl-

192 1162 64 21 lande
273 1161 163 28 bestämningar
452 1162 5 20 i
467 1162 57 21 vissa
534 1161 38 21 fall
583 1161 126 22 bibehållits
720 1161 151 30 oförändrade,
883 1163 62 21 torde

193 1196 55 22 dock
264 1196 53 21 böra
332 1197 100 20 närmare
455 1196 139 27 framhållas;
610 1196 39 21 och
666 1196 54 21 skall
735 1195 76 22 dervid
827 1197 64 27 följas
908 1205 35 19 pa-

192 1230 206 29 ragraf-ordningen
420 1231 7 20 i
443 1231 36 20 det
495 1231 233 27 författningsförslag,
744 1232 39 19 den
801 1231 78 27 nådiga
894 1239 49 19 pro-

191 1264 123 29 positionen
330 1263 130 22 innehåller.

540 1333 48 28 82.

260 1373 85 23 Genom
369 1373 40 21 den
433 1373 23 21 af
477 1373 123 22 Ständerna
615 1373 103 28 vidtagna
733 1373 112 29 reglering
861 1375 23 21 af
897 1382 45 14 em-

192 1409 142 21 betsverkens
350 1408 173 28 klassindelning
538 1409 40 20 och
594 1408 134 29 afrundning
743 1409 24 21 af
780 1409 26 22 de
823 1409 69 28 enligt
907 1410 9 27 8
930 1410 11 21 5

190 1444 32 21 uti
237 1444 100 28 gällande
360 1443 316 28 stämpelpappersförordning
691 1444 110 28 utgäende
817 1444 124 28 kartasigil-
