<?xml version="1.0" encoding="UTF-8"?>
<alto xmlns="http://www.loc.gov/standards/alto/ns-v3#" xmlns:xlink="http://www.w3.org/1999/xlink" xmlns:xsi="http://www.w3.org/2001/XMLSchema-instance" xsi:schemaLocation="http://www.loc.gov/standards/alto/ns-v3# http://www.loc.gov/alto/v3/alto-3-0.xsd">
	<Description>
		<MeasurementUnit>pixel</MeasurementUnit>
		<sourceImageInformation>
			<fileName>/tmp/tess_58mq4slc_input.PNG</fileName>
		</sourceImageInformation>
		<OCRProcessing ID="OCR_0">
			<ocrProcessingStep>
				<processingSoftware>
					<softwareName>tesseract 5.3.4</softwareName>
				</processingSoftware>
			</ocrProcessingStep>
		</OCRProcessing>
	</Description>
	<Layout>
		<Page WIDTH="1020" HEIGHT="1689" PHYSICAL_IMG_NR="0" ID="page_0">
			<PrintSpace HPOS="0" VPOS="0" WIDTH="1020" HEIGHT="1689">
				<ComposedBlock ID="cblock_0" HPOS="502" VPOS="211" WIDTH="121" HEIGHT="24">
					<TextBlock ID="block_0" HPOS="502" VPOS="211" WIDTH="121" HEIGHT="24">
						<TextLine ID="line_0" HPOS="502" VPOS="211" WIDTH="121" HEIGHT="24">
							<String ID="string_0" HPOS="502" VPOS="213" WIDTH="52" HEIGHT="22" WC="0.96" CONTENT="N:o"/><SP WIDTH="18" VPOS="213" HPOS="554"/>
							<String ID="string_1" HPOS="572" VPOS="211" WIDTH="51" HEIGHT="23" WC="0.71" CONTENT="835."/>
						</TextLine>
					</TextBlock>
				</ComposedBlock>
				<ComposedBlock ID="cblock_1" HPOS="324" VPOS="281" WIDTH="626" HEIGHT="1305">
					<TextBlock ID="block_1" HPOS="324" VPOS="281" WIDTH="622" HEIGHT="337">
						<TextLine ID="line_1" HPOS="329" VPOS="281" WIDTH="617" HEIGHT="27">
							<String ID="string_2" HPOS="329" VPOS="281" WIDTH="83" HEIGHT="21" WC="0.96" CONTENT="landets"/><SP WIDTH="22" VPOS="281" HPOS="412"/>
							<String ID="string_3" HPOS="434" VPOS="281" WIDTH="74" HEIGHT="20" WC="0.96" CONTENT="städer"/><SP WIDTH="17" VPOS="281" HPOS="508"/>
							<String ID="string_4" HPOS="525" VPOS="281" WIDTH="103" HEIGHT="20" WC="0.96" CONTENT="sålunda:"/><SP WIDTH="16" VPOS="281" HPOS="628"/>
							<String ID="string_5" HPOS="644" VPOS="283" WIDTH="33" HEIGHT="18" WC="0.96" CONTENT="att"/><SP WIDTH="10" VPOS="283" HPOS="677"/>
							<String ID="string_6" HPOS="687" VPOS="281" WIDTH="42" HEIGHT="27" WC="0.96" CONTENT="för"/><SP WIDTH="14" VPOS="281" HPOS="729"/>
							<String ID="string_7" HPOS="743" VPOS="281" WIDTH="76" HEIGHT="27" WC="0.95" CONTENT="hvarje"/><SP WIDTH="14" VPOS="281" HPOS="819"/>
							<String ID="string_8" HPOS="833" VPOS="281" WIDTH="49" HEIGHT="20" WC="0.93" CONTENT="stad"/><SP WIDTH="15" VPOS="281" HPOS="882"/>
							<String ID="string_9" HPOS="897" VPOS="281" WIDTH="49" HEIGHT="20" WC="0.91" CONTENT="väl-"/>
						</TextLine>
						<TextLine ID="line_2" HPOS="325" VPOS="315" WIDTH="620" HEIGHT="28">
							<String ID="string_10" HPOS="325" VPOS="315" WIDTH="35" HEIGHT="27" WC="0.96" CONTENT="jes"/><SP WIDTH="23" VPOS="315" HPOS="360"/>
							<String ID="string_11" HPOS="383" VPOS="322" WIDTH="24" HEIGHT="13" WC="0.93" CONTENT="en"/><SP WIDTH="23" VPOS="322" HPOS="407"/>
							<String ID="string_12" HPOS="430" VPOS="315" WIDTH="173" HEIGHT="28" WC="0.90" CONTENT="landtdagsman,"/><SP WIDTH="24" VPOS="315" HPOS="603"/>
							<String ID="string_13" HPOS="627" VPOS="322" WIDTH="46" HEIGHT="13" WC="0.96" CONTENT="men"/><SP WIDTH="17" VPOS="322" HPOS="673"/>
							<String ID="string_14" HPOS="690" VPOS="315" WIDTH="85" HEIGHT="28" WC="0.95" CONTENT="uppgår"/><SP WIDTH="10" VPOS="315" HPOS="775"/>
							<String ID="string_15" HPOS="785" VPOS="315" WIDTH="160" HEIGHT="28" WC="0.96" CONTENT="folkmängden"/>
						</TextLine>
						<TextLine ID="line_3" HPOS="329" VPOS="349" WIDTH="617" HEIGHT="28">
							<String ID="string_16" HPOS="329" VPOS="349" WIDTH="56" HEIGHT="27" WC="0.90" CONTENT="efter"/><SP WIDTH="21" VPOS="349" HPOS="385"/>
							<String ID="string_17" HPOS="406" VPOS="349" WIDTH="188" HEIGHT="28" WC="0.91" CONTENT="mantalslängden"/><SP WIDTH="15" VPOS="349" HPOS="594"/>
							<String ID="string_18" HPOS="609" VPOS="350" WIDTH="35" HEIGHT="20" WC="0.93" CONTENT="till"/><SP WIDTH="17" VPOS="350" HPOS="644"/>
							<String ID="string_19" HPOS="661" VPOS="352" WIDTH="98" HEIGHT="18" WC="0.92" CONTENT="sextusen"/><SP WIDTH="13" VPOS="352" HPOS="759"/>
							<String ID="string_20" HPOS="772" VPOS="356" WIDTH="109" HEIGHT="21" WC="0.93" CONTENT="personer,"/><SP WIDTH="16" VPOS="356" HPOS="881"/>
							<String ID="string_21" HPOS="897" VPOS="349" WIDTH="49" HEIGHT="21" WC="0.89" CONTENT="väl-"/>
						</TextLine>
						<TextLine ID="line_4" HPOS="324" VPOS="383" WIDTH="621" HEIGHT="28">
							<String ID="string_22" HPOS="324" VPOS="384" WIDTH="40" HEIGHT="27" WC="0.91" CONTENT="jas"/><SP WIDTH="24" VPOS="384" HPOS="364"/>
							<String ID="string_23" HPOS="388" VPOS="384" WIDTH="33" HEIGHT="20" WC="0.95" CONTENT="två"/><SP WIDTH="22" VPOS="384" HPOS="421"/>
							<String ID="string_24" HPOS="443" VPOS="383" WIDTH="38" HEIGHT="21" WC="0.93" CONTENT="och"/><SP WIDTH="23" VPOS="383" HPOS="481"/>
							<String ID="string_25" HPOS="504" VPOS="383" WIDTH="131" HEIGHT="28" WC="0.90" CONTENT="derutöfver,"/><SP WIDTH="24" VPOS="383" HPOS="635"/>
							<String ID="string_26" HPOS="659" VPOS="390" WIDTH="24" HEIGHT="14" WC="0.96" CONTENT="en"/><SP WIDTH="13" VPOS="390" HPOS="683"/>
							<String ID="string_27" HPOS="696" VPOS="383" WIDTH="43" HEIGHT="28" WC="0.96" CONTENT="för"/><SP WIDTH="14" VPOS="383" HPOS="739"/>
							<String ID="string_28" HPOS="753" VPOS="383" WIDTH="75" HEIGHT="27" WC="0.94" CONTENT="hvarje"/><SP WIDTH="10" VPOS="383" HPOS="828"/>
							<String ID="string_29" HPOS="838" VPOS="383" WIDTH="60" HEIGHT="27" WC="0.95" CONTENT="fullt"/><SP WIDTH="15" VPOS="383" HPOS="898"/>
							<String ID="string_30" HPOS="913" VPOS="383" WIDTH="32" HEIGHT="21" WC="0.95" CONTENT="tal"/>
						</TextLine>
						<TextLine ID="line_5" HPOS="329" VPOS="417" WIDTH="617" HEIGHT="28">
							<String ID="string_31" HPOS="329" VPOS="417" WIDTH="31" HEIGHT="28" WC="0.92" CONTENT="af"/><SP WIDTH="15" VPOS="417" HPOS="360"/>
							<String ID="string_32" HPOS="375" VPOS="420" WIDTH="98" HEIGHT="19" WC="0.90" CONTENT="sextusen"/><SP WIDTH="14" VPOS="420" HPOS="473"/>
							<String ID="string_33" HPOS="487" VPOS="424" WIDTH="112" HEIGHT="21" WC="0.96" CONTENT="personer;"/><SP WIDTH="18" VPOS="424" HPOS="599"/>
							<String ID="string_34" HPOS="617" VPOS="417" WIDTH="54" HEIGHT="21" WC="0.96" CONTENT="dock"/><SP WIDTH="14" VPOS="417" HPOS="671"/>
							<String ID="string_35" HPOS="685" VPOS="418" WIDTH="35" HEIGHT="20" WC="0.96" CONTENT="må"/><SP WIDTH="15" VPOS="418" HPOS="720"/>
							<String ID="string_36" HPOS="735" VPOS="418" WIDTH="51" HEIGHT="20" WC="0.96" CONTENT="stad"/><SP WIDTH="14" VPOS="418" HPOS="786"/>
							<String ID="string_37" HPOS="800" VPOS="418" WIDTH="47" HEIGHT="20" WC="0.95" CONTENT="med"/><SP WIDTH="14" VPOS="418" HPOS="847"/>
							<String ID="string_38" HPOS="861" VPOS="418" WIDTH="85" HEIGHT="20" WC="0.95" CONTENT="mindre"/>
						</TextLine>
						<TextLine ID="line_6" HPOS="330" VPOS="452" WIDTH="614" HEIGHT="27">
							<String ID="string_39" HPOS="330" VPOS="454" WIDTH="29" HEIGHT="18" WC="0.96" CONTENT="än"/><SP WIDTH="17" VPOS="454" HPOS="359"/>
							<String ID="string_40" HPOS="376" VPOS="454" WIDTH="81" HEIGHT="19" WC="0.94" CONTENT="ettusen"/><SP WIDTH="12" VPOS="454" HPOS="457"/>
							<String ID="string_41" HPOS="469" VPOS="452" WIDTH="136" HEIGHT="27" WC="0.96" CONTENT="femhundra"/><SP WIDTH="18" VPOS="452" HPOS="605"/>
							<String ID="string_42" HPOS="623" VPOS="452" WIDTH="103" HEIGHT="23" WC="0.96" CONTENT="invånare"/><SP WIDTH="15" VPOS="452" HPOS="726"/>
							<String ID="string_43" HPOS="741" VPOS="453" WIDTH="102" HEIGHT="26" WC="0.96" CONTENT="antingen"/><SP WIDTH="11" VPOS="453" HPOS="843"/>
							<String ID="string_44" HPOS="854" VPOS="452" WIDTH="42" HEIGHT="27" WC="0.96" CONTENT="för"/><SP WIDTH="15" VPOS="452" HPOS="896"/>
							<String ID="string_45" HPOS="911" VPOS="452" WIDTH="33" HEIGHT="26" WC="0.96" CONTENT="sig"/>
						</TextLine>
						<TextLine ID="line_7" HPOS="329" VPOS="486" WIDTH="615" HEIGHT="27">
							<String ID="string_46" HPOS="329" VPOS="486" WIDTH="67" HEIGHT="21" WC="0.96" CONTENT="ställa"/><SP WIDTH="22" VPOS="486" HPOS="396"/>
							<String ID="string_47" HPOS="418" VPOS="486" WIDTH="97" HEIGHT="21" WC="0.95" CONTENT="särskild"/><SP WIDTH="16" VPOS="486" HPOS="515"/>
							<String ID="string_48" HPOS="531" VPOS="486" WIDTH="132" HEIGHT="27" WC="0.96" CONTENT="fullmäktig"/><SP WIDTH="23" VPOS="486" HPOS="663"/>
							<String ID="string_49" HPOS="686" VPOS="486" WIDTH="50" HEIGHT="20" WC="0.96" CONTENT="eller"/><SP WIDTH="23" VPOS="486" HPOS="736"/>
							<String ID="string_50" HPOS="759" VPOS="486" WIDTH="37" HEIGHT="20" WC="0.96" CONTENT="ock"/><SP WIDTH="19" VPOS="486" HPOS="796"/>
							<String ID="string_51" HPOS="815" VPOS="486" WIDTH="80" HEIGHT="26" WC="0.95" CONTENT="förena"/><SP WIDTH="16" VPOS="486" HPOS="895"/>
							<String ID="string_52" HPOS="911" VPOS="486" WIDTH="33" HEIGHT="26" WC="0.96" CONTENT="sig"/>
						</TextLine>
						<TextLine ID="line_8" HPOS="330" VPOS="520" WIDTH="614" HEIGHT="28">
							<String ID="string_53" HPOS="330" VPOS="528" WIDTH="33" HEIGHT="14" WC="0.94" CONTENT="om"/><SP WIDTH="24" VPOS="528" HPOS="363"/>
							<String ID="string_54" HPOS="387" VPOS="528" WIDTH="121" HEIGHT="20" WC="0.91" CONTENT="gemensam."/><SP WIDTH="20" VPOS="528" HPOS="508"/>
							<String ID="string_55" HPOS="528" VPOS="520" WIDTH="166" HEIGHT="28" WC="0.91" CONTENT="landtdagsman"/><SP WIDTH="26" VPOS="520" HPOS="694"/>
							<String ID="string_56" HPOS="720" VPOS="521" WIDTH="46" HEIGHT="19" WC="0.95" CONTENT="med"/><SP WIDTH="24" VPOS="521" HPOS="766"/>
							<String ID="string_57" HPOS="790" VPOS="527" WIDTH="74" HEIGHT="14" WC="0.92" CONTENT="annan"/><SP WIDTH="24" VPOS="527" HPOS="864"/>
							<String ID="string_58" HPOS="888" VPOS="520" WIDTH="56" HEIGHT="24" WC="0.92" CONTENT="stad,"/>
						</TextLine>
						<TextLine ID="line_9" HPOS="329" VPOS="554" WIDTH="616" HEIGHT="28">
							<String ID="string_59" HPOS="329" VPOS="555" WIDTH="91" HEIGHT="25" WC="0.75" CONTENT="hvilken,"/><SP WIDTH="16" VPOS="555" HPOS="420"/>
							<String ID="string_60" HPOS="436" VPOS="556" WIDTH="66" HEIGHT="26" WC="0.96" CONTENT="enligt"/><SP WIDTH="15" VPOS="556" HPOS="502"/>
							<String ID="string_61" HPOS="517" VPOS="554" WIDTH="56" HEIGHT="22" WC="0.95" CONTENT="hvad"/><SP WIDTH="14" VPOS="554" HPOS="573"/>
							<String ID="string_62" HPOS="587" VPOS="555" WIDTH="42" HEIGHT="21" WC="0.96" CONTENT="här"/><SP WIDTH="15" VPOS="555" HPOS="629"/>
							<String ID="string_63" HPOS="644" VPOS="557" WIDTH="27" HEIGHT="18" WC="0.93" CONTENT="är"/><SP WIDTH="14" VPOS="557" HPOS="671"/>
							<String ID="string_64" HPOS="685" VPOS="555" WIDTH="69" HEIGHT="27" WC="0.91" CONTENT="sagdt,"/><SP WIDTH="17" VPOS="555" HPOS="754"/>
							<String ID="string_65" HPOS="771" VPOS="555" WIDTH="43" HEIGHT="20" WC="0.95" CONTENT="kan"/><SP WIDTH="13" VPOS="555" HPOS="814"/>
							<String ID="string_66" HPOS="827" VPOS="554" WIDTH="34" HEIGHT="22" WC="0.93" CONTENT="till"/><SP WIDTH="11" VPOS="554" HPOS="861"/>
							<String ID="string_67" HPOS="872" VPOS="554" WIDTH="73" HEIGHT="21" WC="0.90" CONTENT="landt-"/>
						</TextLine>
						<TextLine ID="line_10" HPOS="330" VPOS="590" WIDTH="422" HEIGHT="28">
							<String ID="string_68" HPOS="330" VPOS="590" WIDTH="68" HEIGHT="28" WC="0.96" CONTENT="dagen"/><SP WIDTH="15" VPOS="590" HPOS="398"/>
							<String ID="string_69" HPOS="413" VPOS="590" WIDTH="69" HEIGHT="21" WC="0.96" CONTENT="sända"/><SP WIDTH="16" VPOS="590" HPOS="482"/>
							<String ID="string_70" HPOS="498" VPOS="590" WIDTH="75" HEIGHT="20" WC="0.96" CONTENT="endast"/><SP WIDTH="15" VPOS="590" HPOS="573"/>
							<String ID="string_71" HPOS="588" VPOS="597" WIDTH="26" HEIGHT="13" WC="0.96" CONTENT="en"/><SP WIDTH="15" VPOS="597" HPOS="614"/>
							<String ID="string_72" HPOS="629" VPOS="590" WIDTH="123" HEIGHT="27" WC="0.96" CONTENT="deputerad."/>
						</TextLine>
					</TextBlock>
					<TextBlock ID="block_2" HPOS="330" VPOS="628" WIDTH="615" HEIGHT="132">
						<TextLine ID="line_11" HPOS="396" VPOS="628" WIDTH="549" HEIGHT="29">
							<String ID="string_73" HPOS="396" VPOS="630" WIDTH="140" HEIGHT="27" WC="0.91" CONTENT="Berättigade"/><SP WIDTH="22" VPOS="630" HPOS="536"/>
							<String ID="string_74" HPOS="558" VPOS="632" WIDTH="33" HEIGHT="19" WC="0.96" CONTENT="att"/><SP WIDTH="21" VPOS="632" HPOS="591"/>
							<String ID="string_75" HPOS="612" VPOS="630" WIDTH="9" HEIGHT="20" WC="0.96" CONTENT="i"/><SP WIDTH="21" VPOS="630" HPOS="621"/>
							<String ID="string_76" HPOS="642" VPOS="630" WIDTH="55" HEIGHT="20" WC="0.94" CONTENT="valet"/><SP WIDTH="23" VPOS="630" HPOS="697"/>
							<String ID="string_77" HPOS="720" VPOS="629" WIDTH="86" HEIGHT="28" WC="0.96" CONTENT="deltaga"/><SP WIDTH="22" VPOS="629" HPOS="806"/>
							<String ID="string_78" HPOS="828" VPOS="632" WIDTH="39" HEIGHT="18" WC="0.93" CONTENT="äro"/><SP WIDTH="19" VPOS="632" HPOS="867"/>
							<String ID="string_79" HPOS="886" VPOS="628" WIDTH="59" HEIGHT="22" WC="0.91" CONTENT="med-"/>
						</TextLine>
						<TextLine ID="line_12" HPOS="330" VPOS="663" WIDTH="615" HEIGHT="28">
							<String ID="string_80" HPOS="330" VPOS="664" WIDTH="89" HEIGHT="22" WC="0.96" CONTENT="lemmar"/><SP WIDTH="17" VPOS="664" HPOS="419"/>
							<String ID="string_81" HPOS="436" VPOS="664" WIDTH="31" HEIGHT="27" WC="0.95" CONTENT="af"/><SP WIDTH="14" VPOS="664" HPOS="467"/>
							<String ID="string_82" HPOS="481" VPOS="664" WIDTH="166" HEIGHT="24" WC="0.96" CONTENT="stadskommun,"/><SP WIDTH="20" VPOS="664" HPOS="647"/>
							<String ID="string_83" HPOS="667" VPOS="663" WIDTH="72" HEIGHT="21" WC="0.93" CONTENT="hvilka"/><SP WIDTH="14" VPOS="663" HPOS="739"/>
							<String ID="string_84" HPOS="753" VPOS="664" WIDTH="67" HEIGHT="27" WC="0.93" CONTENT="enligt"/><SP WIDTH="15" VPOS="664" HPOS="820"/>
							<String ID="string_85" HPOS="835" VPOS="663" WIDTH="110" HEIGHT="27" WC="0.89" CONTENT="nästföre-"/>
						</TextLine>
						<TextLine ID="line_13" HPOS="330" VPOS="698" WIDTH="615" HEIGHT="29">
							<String ID="string_86" HPOS="330" VPOS="699" WIDTH="81" HEIGHT="28" WC="0.96" CONTENT="gående"/><SP WIDTH="18" VPOS="699" HPOS="411"/>
							<String ID="string_87" HPOS="429" VPOS="699" WIDTH="110" HEIGHT="21" WC="0.95" CONTENT="allmänna"/><SP WIDTH="21" VPOS="699" HPOS="539"/>
							<String ID="string_88" HPOS="560" VPOS="699" WIDTH="99" HEIGHT="27" WC="0.92" CONTENT="taxering"/><SP WIDTH="14" VPOS="699" HPOS="659"/>
							<String ID="string_89" HPOS="673" VPOS="700" WIDTH="39" HEIGHT="18" WC="0.96" CONTENT="äro"/><SP WIDTH="15" VPOS="700" HPOS="712"/>
							<String ID="string_90" HPOS="727" VPOS="698" WIDTH="97" HEIGHT="28" WC="0.96" CONTENT="skyldige"/><SP WIDTH="16" VPOS="698" HPOS="824"/>
							<String ID="string_91" HPOS="840" VPOS="700" WIDTH="32" HEIGHT="18" WC="0.96" CONTENT="att"/><SP WIDTH="15" VPOS="700" HPOS="872"/>
							<String ID="string_92" HPOS="887" VPOS="698" WIDTH="58" HEIGHT="21" WC="0.96" CONTENT="skatt"/>
						</TextLine>
						<TextLine ID="line_14" HPOS="331" VPOS="732" WIDTH="541" HEIGHT="28">
							<String ID="string_93" HPOS="331" VPOS="734" WIDTH="35" HEIGHT="21" WC="0.95" CONTENT="till"/><SP WIDTH="15" VPOS="734" HPOS="366"/>
							<String ID="string_94" HPOS="381" VPOS="733" WIDTH="134" HEIGHT="21" WC="0.96" CONTENT="kommunens"/><SP WIDTH="15" VPOS="733" HPOS="515"/>
							<String ID="string_95" HPOS="530" VPOS="739" WIDTH="154" HEIGHT="21" WC="0.93" CONTENT="gemensamma"/><SP WIDTH="16" VPOS="739" HPOS="684"/>
							<String ID="string_96" HPOS="700" VPOS="732" WIDTH="66" HEIGHT="27" WC="0.91" CONTENT="behof"/><SP WIDTH="11" VPOS="732" HPOS="766"/>
							<String ID="string_97" HPOS="777" VPOS="732" WIDTH="95" HEIGHT="28" WC="0.96" CONTENT="erlägga."/>
						</TextLine>
					</TextBlock>
					<TextBlock ID="block_3" HPOS="400" VPOS="772" WIDTH="274" HEIGHT="26">
						<TextLine ID="line_15" HPOS="400" VPOS="772" WIDTH="274" HEIGHT="26">
							<String ID="string_98" HPOS="400" VPOS="772" WIDTH="87" HEIGHT="21" WC="0.92" CONTENT="Valrätt"/><SP WIDTH="15" VPOS="772" HPOS="487"/>
							<String ID="string_99" HPOS="502" VPOS="772" WIDTH="127" HEIGHT="21" WC="0.96" CONTENT="tillkommer"/><SP WIDTH="15" VPOS="772" HPOS="629"/>
							<String ID="string_100" HPOS="644" VPOS="772" WIDTH="30" HEIGHT="26" WC="0.94" CONTENT="ej:"/>
						</TextLine>
					</TextBlock>
					<TextBlock ID="block_4" HPOS="398" VPOS="812" WIDTH="293" HEIGHT="28">
						<TextLine ID="line_16" HPOS="398" VPOS="812" WIDTH="293" HEIGHT="28">
							<String ID="string_101" HPOS="398" VPOS="813" WIDTH="84" HEIGHT="27" WC="0.91" CONTENT="qvinna,"/><SP WIDTH="15" VPOS="813" HPOS="482"/>
							<String ID="string_102" HPOS="497" VPOS="812" WIDTH="45" HEIGHT="28" WC="0.96" CONTENT="gift"/><SP WIDTH="16" VPOS="812" HPOS="542"/>
							<String ID="string_103" HPOS="558" VPOS="812" WIDTH="50" HEIGHT="20" WC="0.96" CONTENT="eller"/><SP WIDTH="15" VPOS="812" HPOS="608"/>
							<String ID="string_104" HPOS="623" VPOS="812" WIDTH="68" HEIGHT="28" WC="0.96" CONTENT="ogift;"/>
						</TextLine>
					</TextBlock>
					<TextBlock ID="block_5" HPOS="328" VPOS="851" WIDTH="618" HEIGHT="100">
						<TextLine ID="line_17" HPOS="396" VPOS="851" WIDTH="550" HEIGHT="29">
							<String ID="string_105" HPOS="396" VPOS="852" WIDTH="262" HEIGHT="28" WC="0.80" CONTENT="kofferdisjömanskapet;"/><SP WIDTH="13" VPOS="852" HPOS="658"/>
							<String ID="string_106" HPOS="671" VPOS="851" WIDTH="152" HEIGHT="28" WC="0.95" CONTENT="gemenskapen"/><SP WIDTH="17" VPOS="851" HPOS="823"/>
							<String ID="string_107" HPOS="840" VPOS="852" WIDTH="34" HEIGHT="20" WC="0.93" CONTENT="vid"/><SP WIDTH="14" VPOS="852" HPOS="874"/>
							<String ID="string_108" HPOS="888" VPOS="852" WIDTH="58" HEIGHT="20" WC="0.92" CONTENT="mili-"/>
						</TextLine>
						<TextLine ID="line_18" HPOS="331" VPOS="886" WIDTH="615" HEIGHT="27">
							<String ID="string_109" HPOS="331" VPOS="891" WIDTH="67" HEIGHT="22" WC="0.91" CONTENT="tären,"/><SP WIDTH="16" VPOS="891" HPOS="398"/>
							<String ID="string_110" HPOS="414" VPOS="890" WIDTH="55" HEIGHT="18" WC="0.96" CONTENT="samt"/><SP WIDTH="15" VPOS="890" HPOS="469"/>
							<String ID="string_111" HPOS="484" VPOS="886" WIDTH="111" HEIGHT="21" WC="0.95" CONTENT="allmänna"/><SP WIDTH="15" VPOS="886" HPOS="595"/>
							<String ID="string_112" HPOS="610" VPOS="886" WIDTH="39" HEIGHT="21" WC="0.96" CONTENT="och"/><SP WIDTH="16" VPOS="886" HPOS="649"/>
							<String ID="string_113" HPOS="665" VPOS="886" WIDTH="96" HEIGHT="21" WC="0.96" CONTENT="enskilda"/><SP WIDTH="16" VPOS="886" HPOS="761"/>
							<String ID="string_114" HPOS="777" VPOS="886" WIDTH="59" HEIGHT="21" WC="0.96" CONTENT="verks"/><SP WIDTH="11" VPOS="886" HPOS="836"/>
							<String ID="string_115" HPOS="847" VPOS="886" WIDTH="37" HEIGHT="21" WC="0.93" CONTENT="och"/><SP WIDTH="11" VPOS="886" HPOS="884"/>
							<String ID="string_116" HPOS="895" VPOS="886" WIDTH="51" HEIGHT="21" WC="0.92" CONTENT="kor-"/>
						</TextLine>
						<TextLine ID="line_19" HPOS="328" VPOS="920" WIDTH="317" HEIGHT="31">
							<String ID="string_117" HPOS="328" VPOS="922" WIDTH="135" HEIGHT="29" WC="0.92" CONTENT="porationers"/><SP WIDTH="17" VPOS="922" HPOS="463"/>
							<String ID="string_118" HPOS="480" VPOS="920" WIDTH="165" HEIGHT="28" WC="0.81" CONTENT="vaktbetjening;"/>
						</TextLine>
					</TextBlock>
					<TextBlock ID="block_6" HPOS="330" VPOS="961" WIDTH="618" HEIGHT="167">
						<TextLine ID="line_20" HPOS="397" VPOS="961" WIDTH="549" HEIGHT="27">
							<String ID="string_119" HPOS="397" VPOS="963" WIDTH="52" HEIGHT="23" WC="0.96" CONTENT="dem,"/><SP WIDTH="23" VPOS="963" HPOS="449"/>
							<String ID="string_120" HPOS="472" VPOS="968" WIDTH="44" HEIGHT="14" WC="0.96" CONTENT="som"/><SP WIDTH="18" VPOS="968" HPOS="516"/>
							<String ID="string_121" HPOS="534" VPOS="963" WIDTH="39" HEIGHT="19" WC="0.96" CONTENT="äro"/><SP WIDTH="16" VPOS="963" HPOS="573"/>
							<String ID="string_122" HPOS="589" VPOS="961" WIDTH="107" HEIGHT="21" WC="0.96" CONTENT="anställde"/><SP WIDTH="16" VPOS="961" HPOS="696"/>
							<String ID="string_123" HPOS="712" VPOS="962" WIDTH="7" HEIGHT="20" WC="0.96" CONTENT="i"/><SP WIDTH="15" VPOS="962" HPOS="719"/>
							<String ID="string_124" HPOS="734" VPOS="968" WIDTH="85" HEIGHT="14" WC="0.93" CONTENT="annans"/><SP WIDTH="16" VPOS="968" HPOS="819"/>
							<String ID="string_125" HPOS="835" VPOS="961" WIDTH="64" HEIGHT="27" WC="0.92" CONTENT="tjenst"/><SP WIDTH="16" VPOS="961" HPOS="899"/>
							<String ID="string_126" HPOS="915" VPOS="961" WIDTH="31" HEIGHT="21" WC="0.92" CONTENT="el-"/>
						</TextLine>
						<TextLine ID="line_21" HPOS="331" VPOS="995" WIDTH="615" HEIGHT="28">
							<String ID="string_127" HPOS="331" VPOS="999" WIDTH="31" HEIGHT="20" WC="0.96" CONTENT="ler"/><SP WIDTH="22" VPOS="999" HPOS="362"/>
							<String ID="string_128" HPOS="384" VPOS="996" WIDTH="102" HEIGHT="27" WC="0.96" CONTENT="ständiga"/><SP WIDTH="18" VPOS="996" HPOS="486"/>
							<String ID="string_129" HPOS="504" VPOS="995" WIDTH="77" HEIGHT="25" WC="0.96" CONTENT="arbete,"/><SP WIDTH="20" VPOS="995" HPOS="581"/>
							<String ID="string_130" HPOS="601" VPOS="996" WIDTH="51" HEIGHT="20" WC="0.96" CONTENT="eller"/><SP WIDTH="15" VPOS="996" HPOS="652"/>
							<String ID="string_131" HPOS="667" VPOS="995" WIDTH="125" HEIGHT="28" WC="0.96" CONTENT="daglönare,"/><SP WIDTH="16" VPOS="995" HPOS="792"/>
							<String ID="string_132" HPOS="808" VPOS="996" WIDTH="51" HEIGHT="20" WC="0.96" CONTENT="eller"/><SP WIDTH="15" VPOS="996" HPOS="859"/>
							<String ID="string_133" HPOS="874" VPOS="996" WIDTH="72" HEIGHT="20" WC="0.96" CONTENT="andra"/>
						</TextLine>
						<TextLine ID="line_22" HPOS="332" VPOS="1030" WIDTH="616" HEIGHT="30">
							<String ID="string_134" HPOS="332" VPOS="1031" WIDTH="80" HEIGHT="29" WC="0.96" CONTENT="dylika,"/><SP WIDTH="23" VPOS="1031" HPOS="412"/>
							<String ID="string_135" HPOS="435" VPOS="1037" WIDTH="43" HEIGHT="14" WC="0.95" CONTENT="som"/><SP WIDTH="18" VPOS="1037" HPOS="478"/>
							<String ID="string_136" HPOS="496" VPOS="1030" WIDTH="103" HEIGHT="28" WC="0.74" CONTENT="försörja"/><SP WIDTH="22" VPOS="1030" HPOS="599"/>
							<String ID="string_137" HPOS="621" VPOS="1030" WIDTH="34" HEIGHT="27" WC="0.96" CONTENT="sig"/><SP WIDTH="18" VPOS="1030" HPOS="655"/>
							<String ID="string_138" HPOS="673" VPOS="1030" WIDTH="47" HEIGHT="21" WC="0.95" CONTENT="med"/><SP WIDTH="19" VPOS="1030" HPOS="720"/>
							<String ID="string_139" HPOS="739" VPOS="1030" WIDTH="112" HEIGHT="28" WC="0.95" CONTENT="tillfälligt"/><SP WIDTH="14" VPOS="1030" HPOS="851"/>
							<String ID="string_140" HPOS="865" VPOS="1030" WIDTH="83" HEIGHT="26" WC="0.96" CONTENT="arbete;"/>
						</TextLine>
						<TextLine ID="line_23" HPOS="330" VPOS="1063" WIDTH="617" HEIGHT="29">
							<String ID="string_141" HPOS="330" VPOS="1067" WIDTH="51" HEIGHT="20" WC="0.95" CONTENT="eller"/><SP WIDTH="22" VPOS="1067" HPOS="381"/>
							<String ID="string_142" HPOS="403" VPOS="1065" WIDTH="52" HEIGHT="24" WC="0.95" CONTENT="dem,"/><SP WIDTH="23" VPOS="1065" HPOS="455"/>
							<String ID="string_143" HPOS="478" VPOS="1063" WIDTH="73" HEIGHT="22" WC="0.96" CONTENT="hvilka"/><SP WIDTH="19" VPOS="1063" HPOS="551"/>
							<String ID="string_144" HPOS="570" VPOS="1064" WIDTH="76" HEIGHT="21" WC="0.96" CONTENT="endast"/><SP WIDTH="10" VPOS="1064" HPOS="646"/>
							<String ID="string_145" HPOS="656" VPOS="1064" WIDTH="41" HEIGHT="27" WC="0.93" CONTENT="för"/><SP WIDTH="15" VPOS="1064" HPOS="697"/>
							<String ID="string_146" HPOS="712" VPOS="1064" WIDTH="184" HEIGHT="28" WC="0.91" CONTENT="sjelfförsörjning"/><SP WIDTH="16" VPOS="1064" HPOS="896"/>
							<String ID="string_147" HPOS="912" VPOS="1066" WIDTH="35" HEIGHT="19" WC="0.91" CONTENT="ut-"/>
						</TextLine>
						<TextLine ID="line_24" HPOS="331" VPOS="1098" WIDTH="206" HEIGHT="30">
							<String ID="string_148" HPOS="331" VPOS="1100" WIDTH="51" HEIGHT="28" WC="0.92" CONTENT="öfva"/><SP WIDTH="16" VPOS="1100" HPOS="382"/>
							<String ID="string_149" HPOS="398" VPOS="1100" WIDTH="64" HEIGHT="26" WC="0.95" CONTENT="något"/><SP WIDTH="13" VPOS="1100" HPOS="462"/>
							<String ID="string_150" HPOS="475" VPOS="1098" WIDTH="62" HEIGHT="28" WC="0.96" CONTENT="yrke;"/>
						</TextLine>
					</TextBlock>
					<TextBlock ID="block_7" HPOS="331" VPOS="1137" WIDTH="617" HEIGHT="64">
						<TextLine ID="line_25" HPOS="399" VPOS="1137" WIDTH="549" HEIGHT="29">
							<String ID="string_151" HPOS="399" VPOS="1140" WIDTH="51" HEIGHT="23" WC="0.96" CONTENT="dem,"/><SP WIDTH="13" VPOS="1140" HPOS="450"/>
							<String ID="string_152" HPOS="463" VPOS="1146" WIDTH="45" HEIGHT="13" WC="0.96" CONTENT="som"/><SP WIDTH="14" VPOS="1146" HPOS="508"/>
							<String ID="string_153" HPOS="522" VPOS="1137" WIDTH="64" HEIGHT="28" WC="0.96" CONTENT="häfta"/><SP WIDTH="11" VPOS="1137" HPOS="586"/>
							<String ID="string_154" HPOS="597" VPOS="1138" WIDTH="43" HEIGHT="27" WC="0.96" CONTENT="för"/><SP WIDTH="10" VPOS="1138" HPOS="640"/>
							<String ID="string_155" HPOS="650" VPOS="1138" WIDTH="59" HEIGHT="27" WC="0.95" CONTENT="flera"/><SP WIDTH="15" VPOS="1138" HPOS="709"/>
							<String ID="string_156" HPOS="724" VPOS="1140" WIDTH="29" HEIGHT="18" WC="0.93" CONTENT="än"/><SP WIDTH="14" VPOS="1140" HPOS="753"/>
							<String ID="string_157" HPOS="767" VPOS="1138" WIDTH="181" HEIGHT="28" WC="0.85" CONTENT="nästföregäende"/>
						</TextLine>
						<TextLine ID="line_26" HPOS="331" VPOS="1172" WIDTH="360" HEIGHT="29">
							<String ID="string_158" HPOS="331" VPOS="1176" WIDTH="57" HEIGHT="20" WC="0.92" CONTENT="årets"/><SP WIDTH="16" VPOS="1176" HPOS="388"/>
							<String ID="string_159" HPOS="404" VPOS="1173" WIDTH="94" HEIGHT="28" WC="0.92" CONTENT="oguldna"/><SP WIDTH="14" VPOS="1173" HPOS="498"/>
							<String ID="string_160" HPOS="512" VPOS="1172" WIDTH="179" HEIGHT="28" WC="0.92" CONTENT="stadsutskylder."/>
						</TextLine>
					</TextBlock>
					<TextBlock ID="block_8" HPOS="330" VPOS="1212" WIDTH="620" HEIGHT="374">
						<TextLine ID="line_27" HPOS="400" VPOS="1212" WIDTH="548" HEIGHT="28">
							<String ID="string_161" HPOS="400" VPOS="1213" WIDTH="60" HEIGHT="21" WC="0.92" CONTENT="Valet"/><SP WIDTH="11" VPOS="1213" HPOS="460"/>
							<String ID="string_162" HPOS="471" VPOS="1213" WIDTH="113" HEIGHT="27" WC="0.92" CONTENT="förrättas"/><SP WIDTH="15" VPOS="1213" HPOS="584"/>
							<String ID="string_163" HPOS="599" VPOS="1212" WIDTH="62" HEIGHT="26" WC="0.93" CONTENT="inför"/><SP WIDTH="14" VPOS="1212" HPOS="661"/>
							<String ID="string_164" HPOS="675" VPOS="1212" WIDTH="144" HEIGHT="28" WC="0.92" CONTENT="Magistraten"/><SP WIDTH="10" VPOS="1212" HPOS="819"/>
							<String ID="string_165" HPOS="829" VPOS="1214" WIDTH="34" HEIGHT="25" WC="0.93" CONTENT="pä"/><SP WIDTH="11" VPOS="1214" HPOS="863"/>
							<String ID="string_166" HPOS="874" VPOS="1212" WIDTH="74" HEIGHT="22" WC="0.92" CONTENT="dertill"/>
						</TextLine>
						<TextLine ID="line_28" HPOS="332" VPOS="1246" WIDTH="614" HEIGHT="30">
							<String ID="string_167" HPOS="332" VPOS="1249" WIDTH="67" HEIGHT="27" WC="0.96" CONTENT="utlyst"/><SP WIDTH="21" VPOS="1249" HPOS="399"/>
							<String ID="string_168" HPOS="420" VPOS="1247" WIDTH="43" HEIGHT="27" WC="0.96" CONTENT="dag"/><SP WIDTH="23" VPOS="1247" HPOS="463"/>
							<String ID="string_169" HPOS="486" VPOS="1246" WIDTH="46" HEIGHT="21" WC="0.91" CONTENT="med"/><SP WIDTH="22" VPOS="1246" HPOS="532"/>
							<String ID="string_170" HPOS="554" VPOS="1246" WIDTH="72" HEIGHT="21" WC="0.94" CONTENT="sedlar"/><SP WIDTH="18" VPOS="1246" HPOS="626"/>
							<String ID="string_171" HPOS="644" VPOS="1246" WIDTH="56" HEIGHT="27" WC="0.96" CONTENT="efter"/><SP WIDTH="18" VPOS="1246" HPOS="700"/>
							<String ID="string_172" HPOS="718" VPOS="1246" WIDTH="34" HEIGHT="21" WC="0.94" CONTENT="det"/><SP WIDTH="16" VPOS="1246" HPOS="752"/>
							<String ID="string_173" HPOS="768" VPOS="1246" WIDTH="7" HEIGHT="20" WC="0.96" CONTENT="i"/><SP WIDTH="14" VPOS="1246" HPOS="775"/>
							<String ID="string_174" HPOS="789" VPOS="1246" WIDTH="76" HEIGHT="20" WC="0.93" CONTENT="staden"/><SP WIDTH="15" VPOS="1246" HPOS="865"/>
							<String ID="string_175" HPOS="880" VPOS="1246" WIDTH="66" HEIGHT="27" WC="0.83" CONTENT="öfliga"/>
						</TextLine>
						<TextLine ID="line_29" HPOS="330" VPOS="1279" WIDTH="618" HEIGHT="27">
							<String ID="string_176" HPOS="330" VPOS="1282" WIDTH="86" HEIGHT="21" WC="0.90" CONTENT="valsätt."/><SP WIDTH="30" VPOS="1282" HPOS="416"/>
							<String ID="string_177" HPOS="446" VPOS="1280" WIDTH="106" HEIGHT="20" WC="0.87" CONTENT="Rösterna"/><SP WIDTH="22" VPOS="1280" HPOS="552"/>
							<String ID="string_178" HPOS="574" VPOS="1279" WIDTH="106" HEIGHT="21" WC="0.96" CONTENT="beräknas"/><SP WIDTH="18" VPOS="1279" HPOS="680"/>
							<String ID="string_179" HPOS="698" VPOS="1279" WIDTH="56" HEIGHT="27" WC="0.93" CONTENT="efter"/><SP WIDTH="17" VPOS="1279" HPOS="754"/>
							<String ID="string_180" HPOS="771" VPOS="1280" WIDTH="110" HEIGHT="20" WC="0.92" CONTENT="skattören"/><SP WIDTH="15" VPOS="1280" HPOS="881"/>
							<String ID="string_181" HPOS="896" VPOS="1280" WIDTH="52" HEIGHT="21" WC="0.96" CONTENT="eller"/>
						</TextLine>
						<TextLine ID="line_30" HPOS="332" VPOS="1313" WIDTH="616" HEIGHT="29">
							<String ID="string_182" HPOS="332" VPOS="1316" WIDTH="25" HEIGHT="22" WC="0.95" CONTENT="de"/><SP WIDTH="15" VPOS="1316" HPOS="357"/>
							<String ID="string_183" HPOS="372" VPOS="1315" WIDTH="70" HEIGHT="22" WC="0.95" CONTENT="andra"/><SP WIDTH="18" VPOS="1315" HPOS="442"/>
							<String ID="string_184" HPOS="460" VPOS="1314" WIDTH="101" HEIGHT="28" WC="0.95" CONTENT="grunder,"/><SP WIDTH="20" VPOS="1314" HPOS="561"/>
							<String ID="string_185" HPOS="581" VPOS="1314" WIDTH="66" HEIGHT="27" WC="0.93" CONTENT="enligt"/><SP WIDTH="18" VPOS="1314" HPOS="647"/>
							<String ID="string_186" HPOS="665" VPOS="1313" WIDTH="73" HEIGHT="21" WC="0.96" CONTENT="hvilka"/><SP WIDTH="16" VPOS="1313" HPOS="738"/>
							<String ID="string_187" HPOS="754" VPOS="1314" WIDTH="122" HEIGHT="21" WC="0.91" CONTENT="bestämmes"/><SP WIDTH="14" VPOS="1314" HPOS="876"/>
							<String ID="string_188" HPOS="890" VPOS="1314" WIDTH="58" HEIGHT="22" WC="0.95" CONTENT="hvad"/>
						</TextLine>
						<TextLine ID="line_31" HPOS="331" VPOS="1348" WIDTH="618" HEIGHT="28">
							<String ID="string_189" HPOS="331" VPOS="1358" WIDTH="25" HEIGHT="15" WC="0.93" CONTENT="en"/><SP WIDTH="22" VPOS="1358" HPOS="356"/>
							<String ID="string_190" HPOS="378" VPOS="1350" WIDTH="55" HEIGHT="21" WC="0.90" CONTENT="hvar"/><SP WIDTH="21" VPOS="1350" HPOS="433"/>
							<String ID="string_191" HPOS="454" VPOS="1349" WIDTH="30" HEIGHT="27" WC="0.95" CONTENT="af"/><SP WIDTH="15" VPOS="1349" HPOS="484"/>
							<String ID="string_192" HPOS="499" VPOS="1348" WIDTH="25" HEIGHT="22" WC="0.93" CONTENT="de"/><SP WIDTH="14" VPOS="1348" HPOS="524"/>
							<String ID="string_193" HPOS="538" VPOS="1348" WIDTH="101" HEIGHT="28" WC="0.91" CONTENT="väljande"/><SP WIDTH="16" VPOS="1348" HPOS="639"/>
							<String ID="string_194" HPOS="655" VPOS="1348" WIDTH="37" HEIGHT="21" WC="0.93" CONTENT="bör"/><SP WIDTH="15" VPOS="1348" HPOS="692"/>
							<String ID="string_195" HPOS="707" VPOS="1349" WIDTH="89" HEIGHT="27" WC="0.88" CONTENT="erlägga"/><SP WIDTH="16" VPOS="1349" HPOS="796"/>
							<String ID="string_196" HPOS="812" VPOS="1348" WIDTH="34" HEIGHT="22" WC="0.95" CONTENT="till"/><SP WIDTH="15" VPOS="1348" HPOS="846"/>
							<String ID="string_197" HPOS="861" VPOS="1349" WIDTH="88" HEIGHT="21" WC="0.96" CONTENT="stadens"/>
						</TextLine>
						<TextLine ID="line_32" HPOS="332" VPOS="1382" WIDTH="616" HEIGHT="30">
							<String ID="string_198" HPOS="332" VPOS="1387" WIDTH="64" HEIGHT="21" WC="0.96" CONTENT="kassa"/><SP WIDTH="15" VPOS="1387" HPOS="396"/>
							<String ID="string_199" HPOS="411" VPOS="1384" WIDTH="42" HEIGHT="28" WC="0.96" CONTENT="för"/><SP WIDTH="18" VPOS="1384" HPOS="453"/>
							<String ID="string_200" HPOS="471" VPOS="1384" WIDTH="112" HEIGHT="20" WC="0.93" CONTENT="allmänna"/><SP WIDTH="15" VPOS="1384" HPOS="583"/>
							<String ID="string_201" HPOS="598" VPOS="1382" WIDTH="69" HEIGHT="28" WC="0.92" CONTENT="behof."/><SP WIDTH="35" VPOS="1382" HPOS="667"/>
							<String ID="string_202" HPOS="702" VPOS="1383" WIDTH="59" HEIGHT="27" WC="0.96" CONTENT="Vilja"/><SP WIDTH="14" VPOS="1383" HPOS="761"/>
							<String ID="string_203" HPOS="775" VPOS="1383" WIDTH="87" HEIGHT="22" WC="0.93" CONTENT="stadens"/><SP WIDTH="14" VPOS="1383" HPOS="862"/>
							<String ID="string_204" HPOS="876" VPOS="1383" WIDTH="72" HEIGHT="22" WC="0.85" CONTENT="valbe-"/>
						</TextLine>
						<TextLine ID="line_33" HPOS="333" VPOS="1418" WIDTH="614" HEIGHT="30">
							<String ID="string_205" HPOS="333" VPOS="1419" WIDTH="107" HEIGHT="29" WC="0.85" CONTENT="rättigade"/><SP WIDTH="22" VPOS="1419" HPOS="440"/>
							<String ID="string_206" HPOS="462" VPOS="1418" WIDTH="104" HEIGHT="21" WC="0.96" CONTENT="invånare"/><SP WIDTH="24" VPOS="1418" HPOS="566"/>
							<String ID="string_207" HPOS="590" VPOS="1418" WIDTH="64" HEIGHT="20" WC="0.96" CONTENT="vinna"/><SP WIDTH="23" VPOS="1418" HPOS="654"/>
							<String ID="string_208" HPOS="677" VPOS="1418" WIDTH="94" HEIGHT="28" WC="0.95" CONTENT="ändring"/><SP WIDTH="22" VPOS="1418" HPOS="771"/>
							<String ID="string_209" HPOS="793" VPOS="1418" WIDTH="8" HEIGHT="21" WC="0.96" CONTENT="i"/><SP WIDTH="22" VPOS="1418" HPOS="801"/>
							<String ID="string_210" HPOS="823" VPOS="1420" WIDTH="65" HEIGHT="19" WC="0.96" CONTENT="sättet"/><SP WIDTH="22" VPOS="1420" HPOS="888"/>
							<String ID="string_211" HPOS="910" VPOS="1418" WIDTH="37" HEIGHT="21" WC="0.95" CONTENT="och"/>
						</TextLine>
						<TextLine ID="line_34" HPOS="331" VPOS="1452" WIDTH="617" HEIGHT="29">
							<String ID="string_212" HPOS="331" VPOS="1454" WIDTH="119" HEIGHT="27" WC="0.96" CONTENT="ordningen"/><SP WIDTH="17" VPOS="1454" HPOS="450"/>
							<String ID="string_213" HPOS="467" VPOS="1452" WIDTH="43" HEIGHT="28" WC="0.96" CONTENT="för"/><SP WIDTH="22" VPOS="1452" HPOS="510"/>
							<String ID="string_214" HPOS="532" VPOS="1452" WIDTH="61" HEIGHT="25" WC="0.95" CONTENT="valet,"/><SP WIDTH="23" VPOS="1452" HPOS="593"/>
							<String ID="string_215" HPOS="616" VPOS="1452" WIDTH="60" HEIGHT="21" WC="0.93" CONTENT="skola"/><SP WIDTH="22" VPOS="1452" HPOS="676"/>
							<String ID="string_216" HPOS="698" VPOS="1454" WIDTH="98" HEIGHT="19" WC="0.95" CONTENT="rösterna"/><SP WIDTH="18" VPOS="1454" HPOS="796"/>
							<String ID="string_217" HPOS="814" VPOS="1452" WIDTH="42" HEIGHT="27" WC="0.96" CONTENT="för"/><SP WIDTH="25" VPOS="1452" HPOS="856"/>
							<String ID="string_218" HPOS="881" VPOS="1452" WIDTH="67" HEIGHT="21" WC="0.94" CONTENT="beslut"/>
						</TextLine>
						<TextLine ID="line_35" HPOS="331" VPOS="1486" WIDTH="617" HEIGHT="28">
							<String ID="string_219" HPOS="331" VPOS="1490" WIDTH="71" HEIGHT="21" WC="0.91" CONTENT="derom"/><SP WIDTH="15" VPOS="1490" HPOS="402"/>
							<String ID="string_220" HPOS="417" VPOS="1486" WIDTH="105" HEIGHT="22" WC="0.96" CONTENT="beräknas"/><SP WIDTH="16" VPOS="1486" HPOS="522"/>
							<String ID="string_221" HPOS="538" VPOS="1486" WIDTH="55" HEIGHT="28" WC="0.96" CONTENT="efter"/><SP WIDTH="15" VPOS="1486" HPOS="593"/>
							<String ID="string_222" HPOS="608" VPOS="1493" WIDTH="82" HEIGHT="14" WC="0.96" CONTENT="samma"/><SP WIDTH="14" VPOS="1493" HPOS="690"/>
							<String ID="string_223" HPOS="704" VPOS="1486" WIDTH="97" HEIGHT="28" WC="0.96" CONTENT="grunder"/><SP WIDTH="15" VPOS="1486" HPOS="801"/>
							<String ID="string_224" HPOS="816" VPOS="1486" WIDTH="38" HEIGHT="21" WC="0.93" CONTENT="och"/><SP WIDTH="6" VPOS="1486" HPOS="854"/>
							<String ID="string_225" HPOS="860" VPOS="1486" WIDTH="88" HEIGHT="28" WC="0.92" CONTENT="frägan"/>
						</TextLine>
						<TextLine ID="line_36" HPOS="331" VPOS="1520" WIDTH="617" HEIGHT="32">
							<String ID="string_226" HPOS="331" VPOS="1523" WIDTH="142" HEIGHT="29" WC="0.90" CONTENT="öfverlemnas"/><SP WIDTH="16" VPOS="1523" HPOS="473"/>
							<String ID="string_227" HPOS="489" VPOS="1521" WIDTH="34" HEIGHT="21" WC="0.93" CONTENT="till"/><SP WIDTH="15" VPOS="1521" HPOS="523"/>
							<String ID="string_228" HPOS="538" VPOS="1520" WIDTH="118" HEIGHT="28" WC="0.95" CONTENT="Kejsarens"/><SP WIDTH="15" VPOS="1520" HPOS="656"/>
							<String ID="string_229" HPOS="671" VPOS="1520" WIDTH="37" HEIGHT="22" WC="0.93" CONTENT="och"/><SP WIDTH="18" VPOS="1520" HPOS="708"/>
							<String ID="string_230" HPOS="726" VPOS="1520" WIDTH="147" HEIGHT="28" WC="0.93" CONTENT="Storfurstens"/><SP WIDTH="7" VPOS="1520" HPOS="873"/>
							<String ID="string_231" HPOS="880" VPOS="1521" WIDTH="68" HEIGHT="27" WC="0.88" CONTENT="pröf-"/>
						</TextLine>
						<TextLine ID="line_37" HPOS="332" VPOS="1555" WIDTH="618" HEIGHT="31">
							<String ID="string_232" HPOS="332" VPOS="1559" WIDTH="51" HEIGHT="27" WC="0.96" CONTENT="ning"/><SP WIDTH="23" VPOS="1559" HPOS="383"/>
							<String ID="string_233" HPOS="406" VPOS="1557" WIDTH="37" HEIGHT="21" WC="0.96" CONTENT="och"/><SP WIDTH="19" VPOS="1557" HPOS="443"/>
							<String ID="string_234" HPOS="462" VPOS="1556" WIDTH="151" HEIGHT="28" WC="0.95" CONTENT="fastställelse."/><SP WIDTH="31" VPOS="1556" HPOS="613"/>
							<String ID="string_235" HPOS="644" VPOS="1555" WIDTH="15" HEIGHT="21" WC="0.93" CONTENT="I"/><SP WIDTH="19" VPOS="1555" HPOS="659"/>
							<String ID="string_236" HPOS="678" VPOS="1556" WIDTH="55" HEIGHT="25" WC="0.95" CONTENT="stad,"/><SP WIDTH="24" VPOS="1556" HPOS="733"/>
							<String ID="string_237" HPOS="757" VPOS="1556" WIDTH="38" HEIGHT="20" WC="0.96" CONTENT="der"/><SP WIDTH="22" VPOS="1556" HPOS="795"/>
							<String ID="string_238" HPOS="817" VPOS="1556" WIDTH="36" HEIGHT="21" WC="0.96" CONTENT="val"/><SP WIDTH="20" VPOS="1556" HPOS="853"/>
							<String ID="string_239" HPOS="873" VPOS="1562" WIDTH="77" HEIGHT="22" WC="0.96" CONTENT="genom"/>
						</TextLine>
					</TextBlock>
				</ComposedBlock>
			</PrintSpace>
		</Page>
	</Layout>
</alto>
