<?xml version="1.0" encoding="UTF-8"?>
<alto xmlns="http://www.loc.gov/standards/alto/ns-v3#" xmlns:xlink="http://www.w3.org/1999/xlink" xmlns:xsi="http://www.w3.org/2001/XMLSchema-instance" xsi:schemaLocation="http://www.loc.gov/standards/alto/ns-v3# http://www.loc.gov/alto/v3/alto-3-0.xsd">
	<Description>
		<MeasurementUnit>pixel</MeasurementUnit>
		<sourceImageInformation>
			<fileName>/tmp/tess_v8reqcay_input.PNG</fileName>
		</sourceImageInformation>
		<OCRProcessing ID="OCR_0">
			<ocrProcessingStep>
				<processingSoftware>
					<softwareName>tesseract 5.3.4</softwareName>
				</processingSoftware>
			</ocrProcessingStep>
		</OCRProcessing>
	</Description>
	<Layout>
		<Page WIDTH="1028" HEIGHT="1698" PHYSICAL_IMG_NR="0" ID="page_0">
			<PrintSpace HPOS="0" VPOS="0" WIDTH="1028" HEIGHT="1698">
				<ComposedBlock ID="cblock_0" HPOS="204" VPOS="165" WIDTH="519" HEIGHT="28">
					<TextBlock ID="block_0" HPOS="204" VPOS="165" WIDTH="519" HEIGHT="28">
						<TextLine ID="line_0" HPOS="204" VPOS="165" WIDTH="519" HEIGHT="28">
							<String ID="string_0" HPOS="204" VPOS="167" WIDTH="12" HEIGHT="21" WC="0.96" CONTENT="8"/><SP WIDTH="142" VPOS="167" HPOS="216"/>
							<String ID="string_1" HPOS="358" VPOS="165" WIDTH="80" HEIGHT="23" WC="0.92" CONTENT="Ständ."/><SP WIDTH="16" VPOS="165" HPOS="438"/>
							<String ID="string_2" HPOS="454" VPOS="165" WIDTH="37" HEIGHT="23" WC="0.92" CONTENT="Sv."/><SP WIDTH="18" VPOS="165" HPOS="491"/>
							<String ID="string_3" HPOS="509" VPOS="178" WIDTH="22" HEIGHT="3" WC="0.89" CONTENT="—"/><SP WIDTH="18" VPOS="178" HPOS="531"/>
							<String ID="string_4" HPOS="549" VPOS="166" WIDTH="70" HEIGHT="27" WC="0.94" CONTENT="Prop."/><SP WIDTH="15" VPOS="166" HPOS="619"/>
							<String ID="string_5" HPOS="634" VPOS="165" WIDTH="40" HEIGHT="22" WC="0.96" CONTENT="N:o"/><SP WIDTH="15" VPOS="165" HPOS="674"/>
							<String ID="string_6" HPOS="689" VPOS="165" WIDTH="34" HEIGHT="22" WC="0.96" CONTENT="41."/>
						</TextLine>
					</TextBlock>
				</ComposedBlock>
				<ComposedBlock ID="cblock_1" HPOS="175" VPOS="233" WIDTH="740" HEIGHT="64">
					<TextBlock ID="block_1" HPOS="175" VPOS="233" WIDTH="740" HEIGHT="64">
						<TextLine ID="line_1" HPOS="176" VPOS="233" WIDTH="739" HEIGHT="30">
							<String ID="string_7" HPOS="176" VPOS="233" WIDTH="240" HEIGHT="30" WC="0.92" CONTENT="Inspektörsstyrelsen"/><SP WIDTH="-2" VPOS="233" HPOS="416"/>
							<String ID="string_8" HPOS="414" VPOS="229" WIDTH="13" HEIGHT="38" WC="0.74" CONTENT="."/><SP WIDTH="21" VPOS="229" HPOS="427"/>
							<String ID="string_9" HPOS="448" VPOS="251" WIDTH="4" HEIGHT="4" WC="0.78" CONTENT="."/><SP WIDTH="31" VPOS="251" HPOS="452"/>
							<String ID="string_10" HPOS="483" VPOS="251" WIDTH="4" HEIGHT="4" WC="0.59" CONTENT="so"/><SP WIDTH="31" VPOS="251" HPOS="487"/>
							<String ID="string_11" HPOS="518" VPOS="251" WIDTH="4" HEIGHT="4" WC="0.80" CONTENT="so"/><SP WIDTH="32" VPOS="251" HPOS="522"/>
							<String ID="string_12" HPOS="554" VPOS="251" WIDTH="3" HEIGHT="4" WC="0.62" CONTENT="so"/><SP WIDTH="31" VPOS="251" HPOS="557"/>
							<String ID="string_13" HPOS="588" VPOS="251" WIDTH="4" HEIGHT="4" WC="0.47" CONTENT="so"/><SP WIDTH="31" VPOS="251" HPOS="592"/>
							<String ID="string_14" HPOS="623" VPOS="251" WIDTH="4" HEIGHT="4" WC="0.56" CONTENT="so"/><SP WIDTH="30" VPOS="251" HPOS="627"/>
							<String ID="string_15" HPOS="657" VPOS="251" WIDTH="4" HEIGHT="3" WC="0.24" CONTENT="so"/><SP WIDTH="32" VPOS="251" HPOS="661"/>
							<String ID="string_16" HPOS="693" VPOS="251" WIDTH="4" HEIGHT="4" WC="0.14" CONTENT="so"/><SP WIDTH="31" VPOS="251" HPOS="697"/>
							<String ID="string_17" HPOS="728" VPOS="251" WIDTH="39" HEIGHT="4" WC="0.17" CONTENT="cos"/><SP WIDTH="64" VPOS="251" HPOS="767"/>
							<String ID="string_18" HPOS="831" VPOS="234" WIDTH="84" HEIGHT="26" WC="0.92" CONTENT="69,000."/>
						</TextLine>
						<TextLine ID="line_2" HPOS="175" VPOS="267" WIDTH="740" HEIGHT="30">
							<String ID="string_19" HPOS="175" VPOS="267" WIDTH="239" HEIGHT="30" WC="0.75" CONTENT="Krigskommissariatet"/><SP WIDTH="33" VPOS="267" HPOS="414"/>
							<String ID="string_20" HPOS="447" VPOS="285" WIDTH="4" HEIGHT="4" WC="0.58" CONTENT="."/><SP WIDTH="31" VPOS="285" HPOS="451"/>
							<String ID="string_21" HPOS="482" VPOS="285" WIDTH="4" HEIGHT="4" WC="0.79" CONTENT="."/><SP WIDTH="31" VPOS="285" HPOS="486"/>
							<String ID="string_22" HPOS="517" VPOS="286" WIDTH="3" HEIGHT="3" WC="0.39" CONTENT="so"/><SP WIDTH="32" VPOS="286" HPOS="520"/>
							<String ID="string_23" HPOS="552" VPOS="285" WIDTH="4" HEIGHT="4" WC="0.43" CONTENT="so"/><SP WIDTH="31" VPOS="285" HPOS="556"/>
							<String ID="string_24" HPOS="587" VPOS="285" WIDTH="3" HEIGHT="4" WC="0.50" CONTENT="so"/><SP WIDTH="32" VPOS="285" HPOS="590"/>
							<String ID="string_25" HPOS="622" VPOS="285" WIDTH="39" HEIGHT="4" WC="0.28" CONTENT="se"/><SP WIDTH="32" VPOS="285" HPOS="661"/>
							<String ID="string_26" HPOS="693" VPOS="285" WIDTH="3" HEIGHT="4" WC="0.34" CONTENT="co"/><SP WIDTH="32" VPOS="285" HPOS="696"/>
							<String ID="string_27" HPOS="728" VPOS="285" WIDTH="39" HEIGHT="4" WC="0.39" CONTENT="co"/><SP WIDTH="65" VPOS="285" HPOS="767"/>
							<String ID="string_28" HPOS="832" VPOS="269" WIDTH="83" HEIGHT="25" WC="0.89" CONTENT="88,000."/>
						</TextLine>
					</TextBlock>
				</ComposedBlock>
				<ComposedBlock ID="cblock_2" HPOS="173" VPOS="313" WIDTH="594" HEIGHT="196">
					<TextBlock ID="block_2" HPOS="173" VPOS="313" WIDTH="594" HEIGHT="196">
						<TextLine ID="line_3" HPOS="243" VPOS="313" WIDTH="523" HEIGHT="30">
							<String ID="string_29" HPOS="243" VPOS="315" WIDTH="62" HEIGHT="20" WC="0.88" CONTENT="Anm."/><SP WIDTH="29" VPOS="315" HPOS="305"/>
							<String ID="string_30" HPOS="334" VPOS="314" WIDTH="64" HEIGHT="26" WC="0.85" CONTENT="Enär,"/><SP WIDTH="16" VPOS="314" HPOS="398"/>
							<String ID="string_31" HPOS="414" VPOS="313" WIDTH="22" HEIGHT="22" WC="0.96" CONTENT="af"/><SP WIDTH="12" VPOS="313" HPOS="436"/>
							<String ID="string_32" HPOS="448" VPOS="313" WIDTH="85" HEIGHT="22" WC="0.96" CONTENT="anförda"/><SP WIDTH="10" VPOS="313" HPOS="533"/>
							<String ID="string_33" HPOS="543" VPOS="314" WIDTH="51" HEIGHT="25" WC="0.93" CONTENT="skäl,"/><SP WIDTH="14" VPOS="314" HPOS="594"/>
							<String ID="string_34" HPOS="608" VPOS="313" WIDTH="158" HEIGHT="30" WC="0.91" CONTENT="bataljonernas,"/>
						</TextLine>
						<TextLine ID="line_4" HPOS="175" VPOS="348" WIDTH="591" HEIGHT="29">
							<String ID="string_35" HPOS="175" VPOS="350" WIDTH="53" HEIGHT="20" WC="0.93" CONTENT="samt"/><SP WIDTH="13" VPOS="350" HPOS="228"/>
							<String ID="string_36" HPOS="241" VPOS="348" WIDTH="230" HEIGHT="29" WC="0.90" CONTENT="inspektörsstyrelsens"/><SP WIDTH="8" VPOS="348" HPOS="471"/>
							<String ID="string_37" HPOS="479" VPOS="348" WIDTH="38" HEIGHT="21" WC="0.93" CONTENT="och"/><SP WIDTH="7" VPOS="348" HPOS="517"/>
							<String ID="string_38" HPOS="524" VPOS="348" WIDTH="242" HEIGHT="29" WC="0.91" CONTENT="krigskommissariatets"/>
						</TextLine>
						<TextLine ID="line_5" HPOS="175" VPOS="382" WIDTH="592" HEIGHT="29">
							<String ID="string_39" HPOS="175" VPOS="384" WIDTH="63" HEIGHT="20" WC="0.96" CONTENT="stater"/><SP WIDTH="13" VPOS="384" HPOS="238"/>
							<String ID="string_40" HPOS="251" VPOS="382" WIDTH="59" HEIGHT="22" WC="0.93" CONTENT="torde"/><SP WIDTH="15" VPOS="382" HPOS="310"/>
							<String ID="string_41" HPOS="325" VPOS="382" WIDTH="74" HEIGHT="22" WC="0.92" CONTENT="utfalla"/><SP WIDTH="13" VPOS="382" HPOS="399"/>
							<String ID="string_42" HPOS="412" VPOS="383" WIDTH="56" HEIGHT="28" WC="0.96" CONTENT="lägre"/><SP WIDTH="19" VPOS="383" HPOS="468"/>
							<String ID="string_43" HPOS="487" VPOS="387" WIDTH="26" HEIGHT="17" WC="0.96" CONTENT="än"/><SP WIDTH="18" VPOS="387" HPOS="513"/>
							<String ID="string_44" HPOS="531" VPOS="383" WIDTH="39" HEIGHT="22" WC="0.96" CONTENT="här"/><SP WIDTH="14" VPOS="383" HPOS="570"/>
							<String ID="string_45" HPOS="584" VPOS="383" WIDTH="8" HEIGHT="20" WC="0.96" CONTENT="i"/><SP WIDTH="15" VPOS="383" HPOS="592"/>
							<String ID="string_46" HPOS="607" VPOS="382" WIDTH="92" HEIGHT="29" WC="0.96" CONTENT="enlighet"/><SP WIDTH="21" VPOS="382" HPOS="699"/>
							<String ID="string_47" HPOS="720" VPOS="382" WIDTH="47" HEIGHT="22" WC="0.95" CONTENT="med"/>
						</TextLine>
						<TextLine ID="line_6" HPOS="174" VPOS="417" WIDTH="593" HEIGHT="29">
							<String ID="string_48" HPOS="174" VPOS="417" WIDTH="75" HEIGHT="28" WC="0.95" CONTENT="nådiga"/><SP WIDTH="21" VPOS="417" HPOS="249"/>
							<String ID="string_49" HPOS="270" VPOS="417" WIDTH="154" HEIGHT="29" WC="0.96" CONTENT="propositionen"/><SP WIDTH="23" VPOS="417" HPOS="424"/>
							<String ID="string_50" HPOS="447" VPOS="417" WIDTH="110" HEIGHT="29" WC="0.95" CONTENT="upptagits,"/><SP WIDTH="23" VPOS="417" HPOS="557"/>
							<String ID="string_51" HPOS="580" VPOS="418" WIDTH="37" HEIGHT="21" WC="0.96" CONTENT="har"/><SP WIDTH="22" VPOS="418" HPOS="617"/>
							<String ID="string_52" HPOS="639" VPOS="417" WIDTH="128" HEIGHT="28" WC="0.96" CONTENT="ökningen"/><SP WIDTH="-12" VPOS="417" HPOS="767"/>
							<String ID="string_53" HPOS="755" VPOS="413" WIDTH="17" HEIGHT="37" WC="0.96" CONTENT="i"/>
						</TextLine>
						<TextLine ID="line_7" HPOS="174" VPOS="451" WIDTH="593" HEIGHT="23">
							<String ID="string_54" HPOS="174" VPOS="451" WIDTH="88" HEIGHT="23" WC="0.95" CONTENT="kostnad"/><SP WIDTH="22" VPOS="451" HPOS="262"/>
							<String ID="string_55" HPOS="284" VPOS="451" WIDTH="32" HEIGHT="23" WC="0.93" CONTENT="för"/><SP WIDTH="14" VPOS="451" HPOS="316"/>
							<String ID="string_56" HPOS="330" VPOS="452" WIDTH="162" HEIGHT="21" WC="0.92" CONTENT="länenämderna"/><SP WIDTH="22" VPOS="452" HPOS="492"/>
							<String ID="string_57" HPOS="514" VPOS="452" WIDTH="46" HEIGHT="22" WC="0.96" CONTENT="icke"/><SP WIDTH="15" VPOS="452" HPOS="560"/>
							<String ID="string_58" HPOS="575" VPOS="453" WIDTH="77" HEIGHT="20" WC="0.96" CONTENT="ansetts"/><SP WIDTH="17" VPOS="453" HPOS="652"/>
							<String ID="string_59" HPOS="669" VPOS="452" WIDTH="50" HEIGHT="21" WC="0.93" CONTENT="böra"/><SP WIDTH="15" VPOS="452" HPOS="719"/>
							<String ID="string_60" HPOS="734" VPOS="452" WIDTH="33" HEIGHT="21" WC="0.92" CONTENT="ob-"/>
						</TextLine>
						<TextLine ID="line_8" HPOS="173" VPOS="494" WIDTH="98" HEIGHT="15">
							<String ID="string_61" HPOS="173" VPOS="494" WIDTH="98" HEIGHT="15" WC="0.87" CONTENT="Serveras."/>
						</TextLine>
					</TextBlock>
				</ComposedBlock>
				<ComposedBlock ID="cblock_3" HPOS="173" VPOS="525" WIDTH="741" HEIGHT="238">
					<TextBlock ID="block_3" HPOS="173" VPOS="525" WIDTH="741" HEIGHT="198">
						<TextLine ID="line_9" HPOS="174" VPOS="525" WIDTH="740" HEIGHT="30">
							<String ID="string_62" HPOS="174" VPOS="527" WIDTH="67" HEIGHT="21" WC="0.90" CONTENT="Läne-"/><SP WIDTH="14" VPOS="527" HPOS="241"/>
							<String ID="string_63" HPOS="255" VPOS="527" WIDTH="39" HEIGHT="21" WC="0.93" CONTENT="och"/><SP WIDTH="14" VPOS="527" HPOS="294"/>
							<String ID="string_64" HPOS="308" VPOS="526" WIDTH="208" HEIGHT="29" WC="0.91" CONTENT="uppbådsnämderna"/><SP WIDTH="36" VPOS="526" HPOS="516"/>
							<String ID="string_65" HPOS="552" VPOS="544" WIDTH="4" HEIGHT="5" WC="0.71" CONTENT="."/><SP WIDTH="32" VPOS="544" HPOS="556"/>
							<String ID="string_66" HPOS="588" VPOS="544" WIDTH="4" HEIGHT="3" WC="0.85" CONTENT="."/><SP WIDTH="31" VPOS="544" HPOS="592"/>
							<String ID="string_67" HPOS="623" VPOS="544" WIDTH="3" HEIGHT="3" WC="0.55" CONTENT="."/><SP WIDTH="32" VPOS="544" HPOS="626"/>
							<String ID="string_68" HPOS="658" VPOS="543" WIDTH="3" HEIGHT="5" WC="0.55" CONTENT="."/><SP WIDTH="32" VPOS="543" HPOS="661"/>
							<String ID="string_69" HPOS="693" VPOS="543" WIDTH="3" HEIGHT="4" WC="0.75" CONTENT="."/><SP WIDTH="32" VPOS="543" HPOS="696"/>
							<String ID="string_70" HPOS="728" VPOS="543" WIDTH="3" HEIGHT="4" WC="0.74" CONTENT="»"/><SP WIDTH="32" VPOS="543" HPOS="731"/>
							<String ID="string_71" HPOS="763" VPOS="543" WIDTH="4" HEIGHT="4" WC="0.70" CONTENT="."/><SP WIDTH="29" VPOS="543" HPOS="767"/>
							<String ID="string_72" HPOS="796" VPOS="521" WIDTH="11" HEIGHT="38" WC="0.33" CONTENT="="/><SP WIDTH="12" VPOS="521" HPOS="807"/>
							<String ID="string_73" HPOS="819" VPOS="525" WIDTH="95" HEIGHT="26" WC="0.33" CONTENT="140,000."/>
						</TextLine>
						<TextLine ID="line_10" HPOS="173" VPOS="560" WIDTH="741" HEIGHT="30">
							<String ID="string_74" HPOS="173" VPOS="561" WIDTH="181" HEIGHT="28" WC="0.92" CONTENT="Lägerkostnader"/><SP WIDTH="14" VPOS="561" HPOS="354"/>
							<String ID="string_75" HPOS="368" VPOS="561" WIDTH="31" HEIGHT="22" WC="0.93" CONTENT="för"/><SP WIDTH="15" VPOS="561" HPOS="399"/>
							<String ID="string_76" HPOS="414" VPOS="561" WIDTH="70" HEIGHT="22" WC="0.96" CONTENT="aktiva"/><SP WIDTH="14" VPOS="561" HPOS="484"/>
							<String ID="string_77" HPOS="498" VPOS="563" WIDTH="128" HEIGHT="27" WC="0.92" CONTENT="trupperna."/><SP WIDTH="31" VPOS="563" HPOS="626"/>
							<String ID="string_78" HPOS="657" VPOS="578" WIDTH="3" HEIGHT="4" WC="0.82" CONTENT="."/><SP WIDTH="33" VPOS="578" HPOS="660"/>
							<String ID="string_79" HPOS="693" VPOS="578" WIDTH="3" HEIGHT="4" WC="0.82" CONTENT="."/><SP WIDTH="31" VPOS="578" HPOS="696"/>
							<String ID="string_80" HPOS="727" VPOS="577" WIDTH="4" HEIGHT="4" WC="0.82" CONTENT="."/><SP WIDTH="32" VPOS="577" HPOS="731"/>
							<String ID="string_81" HPOS="763" VPOS="577" WIDTH="3" HEIGHT="4" WC="0.87" CONTENT="."/><SP WIDTH="64" VPOS="577" HPOS="766"/>
							<String ID="string_82" HPOS="830" VPOS="560" WIDTH="84" HEIGHT="25" WC="0.92" CONTENT="50,000."/>
						</TextLine>
						<TextLine ID="line_11" HPOS="173" VPOS="595" WIDTH="741" HEIGHT="29">
							<String ID="string_83" HPOS="173" VPOS="595" WIDTH="118" HEIGHT="23" WC="0.92" CONTENT="Reservens"/><SP WIDTH="15" VPOS="595" HPOS="291"/>
							<String ID="string_84" HPOS="306" VPOS="595" WIDTH="95" HEIGHT="29" WC="0.92" CONTENT="öfningar"/><SP WIDTH="15" VPOS="595" HPOS="401"/>
							<String ID="string_85" HPOS="416" VPOS="596" WIDTH="38" HEIGHT="21" WC="0.92" CONTENT="och"/><SP WIDTH="14" VPOS="596" HPOS="454"/>
							<String ID="string_86" HPOS="468" VPOS="595" WIDTH="55" HEIGHT="23" WC="0.92" CONTENT="befäl"/><SP WIDTH="29" VPOS="595" HPOS="523"/>
							<String ID="string_87" HPOS="552" VPOS="613" WIDTH="4" HEIGHT="5" WC="0.88" CONTENT="."/><SP WIDTH="32" VPOS="613" HPOS="556"/>
							<String ID="string_88" HPOS="588" VPOS="613" WIDTH="4" HEIGHT="4" WC="0.89" CONTENT="."/><SP WIDTH="31" VPOS="613" HPOS="592"/>
							<String ID="string_89" HPOS="623" VPOS="613" WIDTH="4" HEIGHT="4" WC="0.79" CONTENT="."/><SP WIDTH="31" VPOS="613" HPOS="627"/>
							<String ID="string_90" HPOS="658" VPOS="613" WIDTH="3" HEIGHT="3" WC="0.70" CONTENT="."/><SP WIDTH="32" VPOS="613" HPOS="661"/>
							<String ID="string_91" HPOS="693" VPOS="613" WIDTH="4" HEIGHT="4" WC="0.67" CONTENT="."/><SP WIDTH="31" VPOS="613" HPOS="697"/>
							<String ID="string_92" HPOS="728" VPOS="613" WIDTH="3" HEIGHT="3" WC="0.57" CONTENT="+"/><SP WIDTH="32" VPOS="613" HPOS="731"/>
							<String ID="string_93" HPOS="763" VPOS="612" WIDTH="4" HEIGHT="4" WC="0.86" CONTENT="."/><SP WIDTH="28" VPOS="612" HPOS="767"/>
							<String ID="string_94" HPOS="795" VPOS="591" WIDTH="14" HEIGHT="38" WC="0.0" CONTENT="="/><SP WIDTH="9" VPOS="591" HPOS="809"/>
							<String ID="string_95" HPOS="818" VPOS="595" WIDTH="96" HEIGHT="26" WC="0.0" CONTENT="700,000."/>
						</TextLine>
						<TextLine ID="line_12" HPOS="173" VPOS="629" WIDTH="741" HEIGHT="30">
							<String ID="string_96" HPOS="173" VPOS="629" WIDTH="173" HEIGHT="30" WC="0.80" CONTENT="Färdpenningat"/><SP WIDTH="30" VPOS="629" HPOS="346"/>
							<String ID="string_97" HPOS="376" VPOS="647" WIDTH="4" HEIGHT="4" WC="0.80" CONTENT="."/><SP WIDTH="32" VPOS="647" HPOS="380"/>
							<String ID="string_98" HPOS="412" VPOS="648" WIDTH="3" HEIGHT="3" WC="0.32" CONTENT="."/><SP WIDTH="32" VPOS="648" HPOS="415"/>
							<String ID="string_99" HPOS="447" VPOS="648" WIDTH="3" HEIGHT="3" WC="0.73" CONTENT="so"/><SP WIDTH="32" VPOS="648" HPOS="450"/>
							<String ID="string_100" HPOS="482" VPOS="647" WIDTH="38" HEIGHT="4" WC="0.60" CONTENT="ss"/><SP WIDTH="32" VPOS="647" HPOS="520"/>
							<String ID="string_101" HPOS="552" VPOS="647" WIDTH="4" HEIGHT="4" WC="0.32" CONTENT="so"/><SP WIDTH="31" VPOS="647" HPOS="556"/>
							<String ID="string_102" HPOS="587" VPOS="647" WIDTH="4" HEIGHT="4" WC="0.45" CONTENT="so"/><SP WIDTH="31" VPOS="647" HPOS="591"/>
							<String ID="string_103" HPOS="622" VPOS="647" WIDTH="4" HEIGHT="4" WC="0.40" CONTENT="so"/><SP WIDTH="31" VPOS="647" HPOS="626"/>
							<String ID="string_104" HPOS="657" VPOS="647" WIDTH="4" HEIGHT="4" WC="0.41" CONTENT="so"/><SP WIDTH="32" VPOS="647" HPOS="661"/>
							<String ID="string_105" HPOS="693" VPOS="647" WIDTH="3" HEIGHT="4" WC="0.20" CONTENT="so"/><SP WIDTH="32" VPOS="647" HPOS="696"/>
							<String ID="string_106" HPOS="728" VPOS="645" WIDTH="39" HEIGHT="6" WC="0.31" CONTENT="cc"/><SP WIDTH="64" VPOS="645" HPOS="767"/>
							<String ID="string_107" HPOS="831" VPOS="629" WIDTH="83" HEIGHT="26" WC="0.92" CONTENT="20,000."/>
						</TextLine>
						<TextLine ID="line_13" HPOS="173" VPOS="660" WIDTH="741" HEIGHT="64">
							<String ID="string_108" HPOS="173" VPOS="660" WIDTH="218" HEIGHT="64" WC="0.0" CONTENT="Dysgnadsremonter"/><SP WIDTH="21" VPOS="660" HPOS="391"/>
							<String ID="string_109" HPOS="412" VPOS="680" WIDTH="39" HEIGHT="5" WC="0.34" CONTENT="sr"/><SP WIDTH="32" VPOS="680" HPOS="451"/>
							<String ID="string_110" HPOS="483" VPOS="681" WIDTH="38" HEIGHT="5" WC="0.65" CONTENT="rr"/><SP WIDTH="32" VPOS="681" HPOS="521"/>
							<String ID="string_111" HPOS="553" VPOS="681" WIDTH="39" HEIGHT="5" WC="0.26" CONTENT="rr"/><SP WIDTH="31" VPOS="681" HPOS="592"/>
							<String ID="string_112" HPOS="623" VPOS="681" WIDTH="3" HEIGHT="4" WC="0.3" CONTENT="kr"/><SP WIDTH="67" VPOS="681" HPOS="626"/>
							<String ID="string_113" HPOS="693" VPOS="681" WIDTH="74" HEIGHT="4" WC="0.3" CONTENT="AA"/><SP WIDTH="51" VPOS="681" HPOS="767"/>
							<String ID="string_114" HPOS="818" VPOS="660" WIDTH="96" HEIGHT="33" WC="0.90" CONTENT="100,000."/>
						</TextLine>
						<TextLine ID="line_14" HPOS="173" VPOS="698" WIDTH="740" HEIGHT="25">
							<String ID="string_115" HPOS="173" VPOS="698" WIDTH="102" HEIGHT="23" WC="0.89" CONTENT="Diverse."/><SP WIDTH="31" VPOS="698" HPOS="275"/>
							<String ID="string_116" HPOS="306" VPOS="715" WIDTH="4" HEIGHT="4" WC="0.90" CONTENT="."/><SP WIDTH="32" VPOS="715" HPOS="310"/>
							<String ID="string_117" HPOS="342" VPOS="716" WIDTH="3" HEIGHT="4" WC="0.90" CONTENT="."/><SP WIDTH="67" VPOS="716" HPOS="345"/>
							<String ID="string_118" HPOS="412" VPOS="716" WIDTH="38" HEIGHT="4" WC="0.39" CONTENT="son"/><SP WIDTH="32" VPOS="716" HPOS="450"/>
							<String ID="string_119" HPOS="482" VPOS="716" WIDTH="3" HEIGHT="4" WC="0.39" CONTENT="vo"/><SP WIDTH="67" VPOS="716" HPOS="485"/>
							<String ID="string_120" HPOS="552" VPOS="716" WIDTH="38" HEIGHT="4" WC="0.0" CONTENT="voN"/><SP WIDTH="32" VPOS="716" HPOS="590"/>
							<String ID="string_121" HPOS="622" VPOS="715" WIDTH="3" HEIGHT="4" WC="0.25" CONTENT="Mr"/><SP WIDTH="66" VPOS="715" HPOS="625"/>
							<String ID="string_122" HPOS="691" VPOS="716" WIDTH="4" HEIGHT="3" WC="0.76" CONTENT="4"/><SP WIDTH="32" VPOS="716" HPOS="695"/>
							<String ID="string_123" HPOS="727" VPOS="715" WIDTH="38" HEIGHT="4" WC="0.7" CONTENT="aion"/><SP WIDTH="52" VPOS="715" HPOS="765"/>
							<String ID="string_124" HPOS="817" VPOS="698" WIDTH="96" HEIGHT="25" WC="0.93" CONTENT="163,000."/>
						</TextLine>
					</TextBlock>
					<TextBlock ID="block_4" HPOS="794" VPOS="737" WIDTH="112" HEIGHT="26">
						<TextLine ID="line_15" HPOS="794" VPOS="737" WIDTH="112" HEIGHT="26">
							<String ID="string_125" HPOS="794" VPOS="737" WIDTH="112" HEIGHT="26" WC="0.92" CONTENT="4,150,000"/>
						</TextLine>
					</TextBlock>
				</ComposedBlock>
				<ComposedBlock ID="cblock_4" HPOS="170" VPOS="782" WIDTH="746" HEIGHT="753">
					<TextBlock ID="block_5" HPOS="171" VPOS="782" WIDTH="745" HEIGHT="302">
						<TextLine ID="line_16" HPOS="239" VPOS="782" WIDTH="676" HEIGHT="30">
							<String ID="string_126" HPOS="239" VPOS="783" WIDTH="34" HEIGHT="22" WC="0.96" CONTENT="De"/><SP WIDTH="15" VPOS="783" HPOS="273"/>
							<String ID="string_127" HPOS="288" VPOS="784" WIDTH="38" HEIGHT="21" WC="0.96" CONTENT="här"/><SP WIDTH="14" VPOS="784" HPOS="326"/>
							<String ID="string_128" HPOS="340" VPOS="784" WIDTH="67" HEIGHT="21" WC="0.93" CONTENT="under"/><SP WIDTH="13" VPOS="784" HPOS="407"/>
							<String ID="string_129" HPOS="420" VPOS="783" WIDTH="96" HEIGHT="29" WC="0.92" CONTENT="punkten"/><SP WIDTH="16" VPOS="783" HPOS="516"/>
							<String ID="string_130" HPOS="532" VPOS="784" WIDTH="22" HEIGHT="27" WC="0.93" CONTENT="5)"/><SP WIDTH="16" VPOS="784" HPOS="554"/>
							<String ID="string_131" HPOS="570" VPOS="783" WIDTH="127" HEIGHT="22" WC="0.92" CONTENT="behandlade"/><SP WIDTH="15" VPOS="783" HPOS="697"/>
							<String ID="string_132" HPOS="712" VPOS="782" WIDTH="92" HEIGHT="29" WC="0.93" CONTENT="utgifter,"/><SP WIDTH="15" VPOS="782" HPOS="804"/>
							<String ID="string_133" HPOS="819" VPOS="783" WIDTH="73" HEIGHT="22" WC="0.93" CONTENT="hvilka"/><SP WIDTH="14" VPOS="783" HPOS="892"/>
							<String ID="string_134" HPOS="906" VPOS="783" WIDTH="9" HEIGHT="20" WC="0.96" CONTENT="i"/>
						</TextLine>
						<TextLine ID="line_17" HPOS="172" VPOS="817" WIDTH="742" HEIGHT="30">
							<String ID="string_135" HPOS="172" VPOS="818" WIDTH="39" HEIGHT="21" WC="0.93" CONTENT="den"/><SP WIDTH="15" VPOS="818" HPOS="211"/>
							<String ID="string_136" HPOS="226" VPOS="817" WIDTH="75" HEIGHT="29" WC="0.95" CONTENT="nådiga"/><SP WIDTH="14" VPOS="817" HPOS="301"/>
							<String ID="string_137" HPOS="315" VPOS="817" WIDTH="153" HEIGHT="30" WC="0.93" CONTENT="propositionen"/><SP WIDTH="18" VPOS="817" HPOS="468"/>
							<String ID="string_138" HPOS="486" VPOS="822" WIDTH="34" HEIGHT="17" WC="0.96" CONTENT="äro"/><SP WIDTH="13" VPOS="822" HPOS="520"/>
							<String ID="string_139" HPOS="533" VPOS="817" WIDTH="117" HEIGHT="22" WC="0.96" CONTENT="beräknade"/><SP WIDTH="15" VPOS="817" HPOS="650"/>
							<String ID="string_140" HPOS="665" VPOS="819" WIDTH="30" HEIGHT="20" WC="0.97" CONTENT="att"/><SP WIDTH="14" VPOS="819" HPOS="695"/>
							<String ID="string_141" HPOS="709" VPOS="817" WIDTH="66" HEIGHT="22" WC="0.93" CONTENT="under"/><SP WIDTH="14" VPOS="817" HPOS="775"/>
							<String ID="string_142" HPOS="789" VPOS="817" WIDTH="125" HEIGHT="22" WC="0.96" CONTENT="kommande"/>
						</TextLine>
						<TextLine ID="line_18" HPOS="171" VPOS="851" WIDTH="745" HEIGHT="30">
							<String ID="string_143" HPOS="171" VPOS="852" WIDTH="148" HEIGHT="29" WC="0.90" CONTENT="femärsperiod"/><SP WIDTH="15" VPOS="852" HPOS="319"/>
							<String ID="string_144" HPOS="334" VPOS="855" WIDTH="73" HEIGHT="26" WC="0.93" CONTENT="utgöra"/><SP WIDTH="13" VPOS="855" HPOS="407"/>
							<String ID="string_145" HPOS="420" VPOS="853" WIDTH="113" HEIGHT="26" WC="0.93" CONTENT="5,457,000"/><SP WIDTH="14" VPOS="853" HPOS="533"/>
							<String ID="string_146" HPOS="547" VPOS="852" WIDTH="65" HEIGHT="26" WC="0.96" CONTENT="mark,"/><SP WIDTH="11" VPOS="852" HPOS="612"/>
							<String ID="string_147" HPOS="623" VPOS="852" WIDTH="68" HEIGHT="22" WC="0.96" CONTENT="skulle"/><SP WIDTH="10" VPOS="852" HPOS="691"/>
							<String ID="string_148" HPOS="701" VPOS="851" WIDTH="53" HEIGHT="23" WC="0.93" CONTENT="efter"/><SP WIDTH="10" VPOS="851" HPOS="754"/>
							<String ID="string_149" HPOS="764" VPOS="852" WIDTH="108" HEIGHT="22" WC="0.93" CONTENT="enahanda"/><SP WIDTH="9" VPOS="852" HPOS="872"/>
							<String ID="string_150" HPOS="881" VPOS="852" WIDTH="35" HEIGHT="21" WC="0.91" CONTENT="be-"/>
						</TextLine>
						<TextLine ID="line_19" HPOS="171" VPOS="886" WIDTH="743" HEIGHT="30">
							<String ID="string_151" HPOS="171" VPOS="886" WIDTH="140" HEIGHT="30" WC="0.89" CONTENT="räkningssätt"/><SP WIDTH="21" VPOS="886" HPOS="311"/>
							<String ID="string_152" HPOS="332" VPOS="887" WIDTH="39" HEIGHT="21" WC="0.93" CONTENT="och"/><SP WIDTH="14" VPOS="887" HPOS="371"/>
							<String ID="string_153" HPOS="385" VPOS="886" WIDTH="77" HEIGHT="30" WC="0.93" CONTENT="afdrag,"/><SP WIDTH="17" VPOS="886" HPOS="462"/>
							<String ID="string_154" HPOS="479" VPOS="894" WIDTH="44" HEIGHT="15" WC="0.96" CONTENT="som"/><SP WIDTH="15" VPOS="894" HPOS="523"/>
							<String ID="string_155" HPOS="538" VPOS="887" WIDTH="7" HEIGHT="21" WC="0.96" CONTENT="i"/><SP WIDTH="15" VPOS="887" HPOS="545"/>
							<String ID="string_156" HPOS="560" VPOS="886" WIDTH="154" HEIGHT="30" WC="0.93" CONTENT="propositionen"/><SP WIDTH="21" VPOS="886" HPOS="714"/>
							<String ID="string_157" HPOS="735" VPOS="886" WIDTH="113" HEIGHT="29" WC="0.92" CONTENT="iakttagits,"/><SP WIDTH="18" VPOS="886" HPOS="848"/>
							<String ID="string_158" HPOS="866" VPOS="894" WIDTH="48" HEIGHT="14" WC="0.96" CONTENT="men"/>
						</TextLine>
						<TextLine ID="line_20" HPOS="171" VPOS="920" WIDTH="744" HEIGHT="30">
							<String ID="string_159" HPOS="171" VPOS="922" WIDTH="48" HEIGHT="21" WC="0.93" CONTENT="med"/><SP WIDTH="14" VPOS="922" HPOS="219"/>
							<String ID="string_160" HPOS="233" VPOS="921" WIDTH="72" HEIGHT="29" WC="0.92" CONTENT="tillägg"/><SP WIDTH="15" VPOS="921" HPOS="305"/>
							<String ID="string_161" HPOS="320" VPOS="921" WIDTH="22" HEIGHT="22" WC="0.96" CONTENT="af"/><SP WIDTH="13" VPOS="921" HPOS="342"/>
							<String ID="string_162" HPOS="355" VPOS="922" WIDTH="25" HEIGHT="21" WC="0.93" CONTENT="de"/><SP WIDTH="15" VPOS="922" HPOS="380"/>
							<String ID="string_163" HPOS="395" VPOS="922" WIDTH="101" HEIGHT="28" WC="0.92" CONTENT="ökningar"/><SP WIDTH="10" VPOS="922" HPOS="496"/>
							<String ID="string_164" HPOS="506" VPOS="921" WIDTH="8" HEIGHT="21" WC="0.95" CONTENT="i"/><SP WIDTH="7" VPOS="921" HPOS="514"/>
							<String ID="string_165" HPOS="521" VPOS="921" WIDTH="92" HEIGHT="29" WC="0.93" CONTENT="utgifter,"/><SP WIDTH="17" VPOS="921" HPOS="613"/>
							<String ID="string_166" HPOS="630" VPOS="921" WIDTH="87" HEIGHT="21" WC="0.93" CONTENT="hvarom"/><SP WIDTH="10" VPOS="921" HPOS="717"/>
							<String ID="string_167" HPOS="727" VPOS="920" WIDTH="117" HEIGHT="23" WC="0.92" CONTENT="Ständerna"/><SP WIDTH="16" VPOS="920" HPOS="844"/>
							<String ID="string_168" HPOS="860" VPOS="921" WIDTH="55" HEIGHT="29" WC="0.96" CONTENT="gjort"/>
						</TextLine>
						<TextLine ID="line_21" HPOS="171" VPOS="955" WIDTH="743" HEIGHT="29">
							<String ID="string_169" HPOS="171" VPOS="956" WIDTH="157" HEIGHT="28" WC="0.93" CONTENT="framställning,"/><SP WIDTH="16" VPOS="956" HPOS="328"/>
							<String ID="string_170" HPOS="344" VPOS="956" WIDTH="105" HEIGHT="28" WC="0.91" CONTENT="nemligen"/><SP WIDTH="23" VPOS="956" HPOS="449"/>
							<String ID="string_171" HPOS="472" VPOS="956" WIDTH="91" HEIGHT="26" WC="0.91" CONTENT="700,000"/><SP WIDTH="22" VPOS="956" HPOS="563"/>
							<String ID="string_172" HPOS="585" VPOS="955" WIDTH="60" HEIGHT="22" WC="0.96" CONTENT="mark"/><SP WIDTH="14" VPOS="955" HPOS="645"/>
							<String ID="string_173" HPOS="659" VPOS="955" WIDTH="32" HEIGHT="21" WC="0.93" CONTENT="för"/><SP WIDTH="14" VPOS="955" HPOS="691"/>
							<String ID="string_174" HPOS="705" VPOS="963" WIDTH="102" HEIGHT="19" WC="0.91" CONTENT="reserven,"/><SP WIDTH="17" VPOS="963" HPOS="807"/>
							<String ID="string_175" HPOS="824" VPOS="956" WIDTH="90" HEIGHT="26" WC="0.92" CONTENT="160,000"/>
						</TextLine>
						<TextLine ID="line_22" HPOS="171" VPOS="989" WIDTH="743" HEIGHT="29">
							<String ID="string_176" HPOS="171" VPOS="990" WIDTH="60" HEIGHT="22" WC="0.93" CONTENT="mark"/><SP WIDTH="14" VPOS="990" HPOS="231"/>
							<String ID="string_177" HPOS="245" VPOS="990" WIDTH="32" HEIGHT="22" WC="0.93" CONTENT="för"/><SP WIDTH="14" VPOS="990" HPOS="277"/>
							<String ID="string_178" HPOS="291" VPOS="990" WIDTH="239" HEIGHT="22" WC="0.92" CONTENT="kommandoärendenas"/><SP WIDTH="15" VPOS="990" HPOS="530"/>
							<String ID="string_179" HPOS="545" VPOS="989" WIDTH="145" HEIGHT="29" WC="0.93" CONTENT="föredragning"/><SP WIDTH="21" VPOS="989" HPOS="690"/>
							<String ID="string_180" HPOS="711" VPOS="990" WIDTH="39" HEIGHT="21" WC="0.93" CONTENT="och"/><SP WIDTH="13" VPOS="990" HPOS="750"/>
							<String ID="string_181" HPOS="763" VPOS="990" WIDTH="78" HEIGHT="26" WC="0.93" CONTENT="30,000"/><SP WIDTH="14" VPOS="990" HPOS="841"/>
							<String ID="string_182" HPOS="855" VPOS="990" WIDTH="59" HEIGHT="21" WC="0.96" CONTENT="mark"/>
						</TextLine>
						<TextLine ID="line_23" HPOS="171" VPOS="1023" WIDTH="742" HEIGHT="30">
							<String ID="string_183" HPOS="171" VPOS="1024" WIDTH="161" HEIGHT="29" WC="0.92" CONTENT="färdpenningar"/><SP WIDTH="14" VPOS="1024" HPOS="332"/>
							<String ID="string_184" HPOS="346" VPOS="1024" WIDTH="32" HEIGHT="21" WC="0.96" CONTENT="för"/><SP WIDTH="14" VPOS="1024" HPOS="378"/>
							<String ID="string_185" HPOS="392" VPOS="1024" WIDTH="58" HEIGHT="22" WC="0.93" CONTENT="tiden"/><SP WIDTH="16" VPOS="1024" HPOS="450"/>
							<String ID="string_186" HPOS="466" VPOS="1024" WIDTH="138" HEIGHT="22" WC="0.92" CONTENT="1878—1882"/><SP WIDTH="15" VPOS="1024" HPOS="604"/>
							<String ID="string_187" HPOS="619" VPOS="1024" WIDTH="68" HEIGHT="28" WC="0.92" CONTENT="uppgä"/><SP WIDTH="14" VPOS="1024" HPOS="687"/>
							<String ID="string_188" HPOS="701" VPOS="1023" WIDTH="33" HEIGHT="23" WC="0.96" CONTENT="till"/><SP WIDTH="11" VPOS="1023" HPOS="734"/>
							<String ID="string_189" HPOS="745" VPOS="1032" WIDTH="26" HEIGHT="13" WC="0.93" CONTENT="en"/><SP WIDTH="10" VPOS="1032" HPOS="771"/>
							<String ID="string_190" HPOS="781" VPOS="1024" WIDTH="132" HEIGHT="22" WC="0.92" CONTENT="totalsumma"/>
						</TextLine>
						<TextLine ID="line_24" HPOS="172" VPOS="1058" WIDTH="229" HEIGHT="26">
							<String ID="string_191" HPOS="172" VPOS="1058" WIDTH="23" HEIGHT="22" WC="0.92" CONTENT="af"/><SP WIDTH="12" VPOS="1058" HPOS="195"/>
							<String ID="string_192" HPOS="207" VPOS="1060" WIDTH="114" HEIGHT="24" WC="0.91" CONTENT="6,347,000"/><SP WIDTH="15" VPOS="1060" HPOS="321"/>
							<String ID="string_193" HPOS="336" VPOS="1058" WIDTH="65" HEIGHT="22" WC="0.96" CONTENT="mark."/>
						</TextLine>
					</TextBlock>
					<TextBlock ID="block_6" HPOS="171" VPOS="1091" WIDTH="742" HEIGHT="229">
						<TextLine ID="line_25" HPOS="238" VPOS="1091" WIDTH="674" HEIGHT="30">
							<String ID="string_194" HPOS="238" VPOS="1092" WIDTH="22" HEIGHT="28" WC="0.93" CONTENT="6)"/><SP WIDTH="14" VPOS="1092" HPOS="260"/>
							<String ID="string_195" HPOS="274" VPOS="1092" WIDTH="79" HEIGHT="23" WC="0.96" CONTENT="Vidare"/><SP WIDTH="11" VPOS="1092" HPOS="353"/>
							<String ID="string_196" HPOS="364" VPOS="1097" WIDTH="22" HEIGHT="17" WC="0.40" CONTENT="är"/><SP WIDTH="9" VPOS="1097" HPOS="386"/>
							<String ID="string_197" HPOS="395" VPOS="1092" WIDTH="9" HEIGHT="22" WC="0.96" CONTENT="i"/><SP WIDTH="10" VPOS="1092" HPOS="404"/>
							<String ID="string_198" HPOS="414" VPOS="1092" WIDTH="38" HEIGHT="22" WC="0.84" CONTENT="den"/><SP WIDTH="12" VPOS="1092" HPOS="452"/>
							<String ID="string_199" HPOS="464" VPOS="1092" WIDTH="75" HEIGHT="28" WC="0.96" CONTENT="nådiga"/><SP WIDTH="10" VPOS="1092" HPOS="539"/>
							<String ID="string_200" HPOS="549" VPOS="1091" WIDTH="153" HEIGHT="30" WC="0.93" CONTENT="propositionen"/><SP WIDTH="10" VPOS="1091" HPOS="702"/>
							<String ID="string_201" HPOS="712" VPOS="1092" WIDTH="115" HEIGHT="22" WC="0.91" CONTENT="beräknadt"/><SP WIDTH="13" VPOS="1092" HPOS="827"/>
							<String ID="string_202" HPOS="840" VPOS="1092" WIDTH="34" HEIGHT="22" WC="0.92" CONTENT="till"/><SP WIDTH="11" VPOS="1092" HPOS="874"/>
							<String ID="string_203" HPOS="885" VPOS="1092" WIDTH="27" HEIGHT="22" WC="0.83" CONTENT="af-"/>
						</TextLine>
						<TextLine ID="line_26" HPOS="171" VPOS="1126" WIDTH="741" HEIGHT="29">
							<String ID="string_204" HPOS="171" VPOS="1126" WIDTH="71" HEIGHT="29" WC="0.96" CONTENT="löning"/><SP WIDTH="14" VPOS="1126" HPOS="242"/>
							<String ID="string_205" HPOS="256" VPOS="1127" WIDTH="38" HEIGHT="21" WC="0.93" CONTENT="och"/><SP WIDTH="15" VPOS="1127" HPOS="294"/>
							<String ID="string_206" HPOS="309" VPOS="1126" WIDTH="110" HEIGHT="22" WC="0.95" CONTENT="underhåll"/><SP WIDTH="15" VPOS="1126" HPOS="419"/>
							<String ID="string_207" HPOS="434" VPOS="1126" WIDTH="22" HEIGHT="22" WC="0.96" CONTENT="af"/><SP WIDTH="13" VPOS="1126" HPOS="456"/>
							<String ID="string_208" HPOS="469" VPOS="1126" WIDTH="35" HEIGHT="22" WC="0.93" CONTENT="det"/><SP WIDTH="14" VPOS="1126" HPOS="504"/>
							<String ID="string_209" HPOS="518" VPOS="1126" WIDTH="65" HEIGHT="23" WC="0.89" CONTENT="öfver-"/><SP WIDTH="15" VPOS="1126" HPOS="583"/>
							<String ID="string_210" HPOS="598" VPOS="1126" WIDTH="38" HEIGHT="22" WC="0.93" CONTENT="och"/><SP WIDTH="14" VPOS="1126" HPOS="636"/>
							<String ID="string_211" HPOS="650" VPOS="1126" WIDTH="127" HEIGHT="27" WC="0.83" CONTENT="underbefäl,"/><SP WIDTH="16" VPOS="1126" HPOS="777"/>
							<String ID="string_212" HPOS="793" VPOS="1134" WIDTH="43" HEIGHT="14" WC="0.93" CONTENT="som"/><SP WIDTH="10" VPOS="1134" HPOS="836"/>
							<String ID="string_213" HPOS="846" VPOS="1127" WIDTH="66" HEIGHT="22" WC="0.96" CONTENT="måste"/>
						</TextLine>
						<TextLine ID="line_27" HPOS="172" VPOS="1161" WIDTH="740" HEIGHT="29">
							<String ID="string_214" HPOS="172" VPOS="1162" WIDTH="96" HEIGHT="21" WC="0.92" CONTENT="anställas"/><SP WIDTH="10" VPOS="1162" HPOS="268"/>
							<String ID="string_215" HPOS="278" VPOS="1161" WIDTH="65" HEIGHT="21" WC="0.92" CONTENT="innan"/><SP WIDTH="15" VPOS="1161" HPOS="343"/>
							<String ID="string_216" HPOS="358" VPOS="1162" WIDTH="35" HEIGHT="21" WC="0.93" CONTENT="det"/><SP WIDTH="9" VPOS="1162" HPOS="393"/>
							<String ID="string_217" HPOS="402" VPOS="1161" WIDTH="150" HEIGHT="29" WC="0.92" CONTENT="värnepligtiga"/><SP WIDTH="10" VPOS="1161" HPOS="552"/>
							<String ID="string_218" HPOS="562" VPOS="1161" WIDTH="122" HEIGHT="29" WC="0.92" CONTENT="manskapet"/><SP WIDTH="9" VPOS="1161" HPOS="684"/>
							<String ID="string_219" HPOS="693" VPOS="1161" WIDTH="95" HEIGHT="27" WC="0.92" CONTENT="inkallas,"/><SP WIDTH="13" VPOS="1161" HPOS="788"/>
							<String ID="string_220" HPOS="801" VPOS="1162" WIDTH="111" HEIGHT="26" WC="0.87" CONTENT="1,568,000"/>
						</TextLine>
						<TextLine ID="line_28" HPOS="172" VPOS="1195" WIDTH="738" HEIGHT="30">
							<String ID="string_221" HPOS="172" VPOS="1196" WIDTH="64" HEIGHT="21" WC="0.87" CONTENT="mark."/><SP WIDTH="37" VPOS="1196" HPOS="236"/>
							<String ID="string_222" HPOS="273" VPOS="1196" WIDTH="190" HEIGHT="29" WC="0.27" CONTENT="Nödvändigheten"/><SP WIDTH="21" VPOS="1196" HPOS="463"/>
							<String ID="string_223" HPOS="484" VPOS="1195" WIDTH="24" HEIGHT="22" WC="0.96" CONTENT="af"/><SP WIDTH="18" VPOS="1195" HPOS="508"/>
							<String ID="string_224" HPOS="526" VPOS="1197" WIDTH="68" HEIGHT="21" WC="0.93" CONTENT="denna"/><SP WIDTH="22" VPOS="1197" HPOS="594"/>
							<String ID="string_225" HPOS="616" VPOS="1195" WIDTH="63" HEIGHT="30" WC="0.96" CONTENT="utgift"/><SP WIDTH="22" VPOS="1195" HPOS="679"/>
							<String ID="string_226" HPOS="701" VPOS="1203" WIDTH="61" HEIGHT="22" WC="0.95" CONTENT="synes"/><SP WIDTH="25" VPOS="1203" HPOS="762"/>
							<String ID="string_227" HPOS="787" VPOS="1196" WIDTH="123" HEIGHT="29" WC="0.95" CONTENT="obestridlig."/>
						</TextLine>
						<TextLine ID="line_29" HPOS="172" VPOS="1230" WIDTH="741" HEIGHT="22">
							<String ID="string_228" HPOS="172" VPOS="1230" WIDTH="116" HEIGHT="22" WC="0.91" CONTENT="Ständerna"/><SP WIDTH="14" VPOS="1230" HPOS="288"/>
							<String ID="string_229" HPOS="302" VPOS="1230" WIDTH="93" HEIGHT="21" WC="0.92" CONTENT="förmoda"/><SP WIDTH="15" VPOS="1230" HPOS="395"/>
							<String ID="string_230" HPOS="410" VPOS="1231" WIDTH="52" HEIGHT="20" WC="0.96" CONTENT="dock"/><SP WIDTH="14" VPOS="1231" HPOS="462"/>
							<String ID="string_231" HPOS="476" VPOS="1232" WIDTH="31" HEIGHT="20" WC="0.93" CONTENT="att"/><SP WIDTH="15" VPOS="1232" HPOS="507"/>
							<String ID="string_232" HPOS="522" VPOS="1231" WIDTH="84" HEIGHT="21" WC="0.92" CONTENT="dermed"/><SP WIDTH="21" VPOS="1231" HPOS="606"/>
							<String ID="string_233" HPOS="627" VPOS="1230" WIDTH="62" HEIGHT="22" WC="0.92" CONTENT="äfven"/><SP WIDTH="21" VPOS="1230" HPOS="689"/>
							<String ID="string_234" HPOS="710" VPOS="1231" WIDTH="42" HEIGHT="20" WC="0.93" CONTENT="kan"/><SP WIDTH="14" VPOS="1231" HPOS="752"/>
							<String ID="string_235" HPOS="766" VPOS="1231" WIDTH="96" HEIGHT="21" WC="0.91" CONTENT="bekostas"/><SP WIDTH="14" VPOS="1231" HPOS="862"/>
							<String ID="string_236" HPOS="876" VPOS="1239" WIDTH="37" HEIGHT="13" WC="0.92" CONTENT="un-"/>
						</TextLine>
						<TextLine ID="line_30" HPOS="172" VPOS="1263" WIDTH="739" HEIGHT="28">
							<String ID="string_237" HPOS="172" VPOS="1263" WIDTH="146" HEIGHT="28" WC="0.91" CONTENT="dervisningen"/><SP WIDTH="14" VPOS="1263" HPOS="318"/>
							<String ID="string_238" HPOS="332" VPOS="1263" WIDTH="24" HEIGHT="22" WC="0.96" CONTENT="af"/><SP WIDTH="13" VPOS="1263" HPOS="356"/>
							<String ID="string_239" HPOS="369" VPOS="1264" WIDTH="35" HEIGHT="21" WC="0.97" CONTENT="det"/><SP WIDTH="14" VPOS="1264" HPOS="404"/>
							<String ID="string_240" HPOS="418" VPOS="1266" WIDTH="65" HEIGHT="19" WC="0.96" CONTENT="större"/><SP WIDTH="15" VPOS="1266" HPOS="483"/>
							<String ID="string_241" HPOS="498" VPOS="1265" WIDTH="56" HEIGHT="20" WC="0.93" CONTENT="antal"/><SP WIDTH="14" VPOS="1265" HPOS="554"/>
							<String ID="string_242" HPOS="568" VPOS="1263" WIDTH="127" HEIGHT="26" WC="0.92" CONTENT="underbefäl,"/><SP WIDTH="16" VPOS="1263" HPOS="695"/>
							<String ID="string_243" HPOS="711" VPOS="1271" WIDTH="44" HEIGHT="14" WC="0.96" CONTENT="som"/><SP WIDTH="15" VPOS="1271" HPOS="755"/>
							<String ID="string_244" HPOS="770" VPOS="1263" WIDTH="32" HEIGHT="22" WC="0.93" CONTENT="för"/><SP WIDTH="13" VPOS="1263" HPOS="802"/>
							<String ID="string_245" HPOS="815" VPOS="1272" WIDTH="96" HEIGHT="15" WC="0.92" CONTENT="reserven"/>
						</TextLine>
						<TextLine ID="line_31" HPOS="172" VPOS="1297" WIDTH="106" HEIGHT="23">
							<String ID="string_246" HPOS="172" VPOS="1297" WIDTH="106" HEIGHT="23" WC="0.90" CONTENT="erfordras."/>
						</TextLine>
					</TextBlock>
					<TextBlock ID="block_7" HPOS="170" VPOS="1332" WIDTH="742" HEIGHT="203">
						<TextLine ID="line_32" HPOS="239" VPOS="1332" WIDTH="673" HEIGHT="30">
							<String ID="string_247" HPOS="239" VPOS="1333" WIDTH="21" HEIGHT="27" WC="0.93" CONTENT="7)"/><SP WIDTH="15" VPOS="1333" HPOS="260"/>
							<String ID="string_248" HPOS="275" VPOS="1332" WIDTH="65" HEIGHT="23" WC="0.91" CONTENT="Hvad"/><SP WIDTH="21" VPOS="1332" HPOS="340"/>
							<String ID="string_249" HPOS="361" VPOS="1332" WIDTH="97" HEIGHT="29" WC="0.92" CONTENT="slutligen"/><SP WIDTH="23" VPOS="1332" HPOS="458"/>
							<String ID="string_250" HPOS="481" VPOS="1332" WIDTH="130" HEIGHT="22" WC="0.93" CONTENT="vidkommer"/><SP WIDTH="22" VPOS="1332" HPOS="611"/>
							<String ID="string_251" HPOS="633" VPOS="1332" WIDTH="40" HEIGHT="22" WC="0.96" CONTENT="den"/><SP WIDTH="22" VPOS="1332" HPOS="673"/>
							<String ID="string_252" HPOS="695" VPOS="1332" WIDTH="50" HEIGHT="23" WC="0.93" CONTENT="sista"/><SP WIDTH="20" VPOS="1332" HPOS="745"/>
							<String ID="string_253" HPOS="765" VPOS="1336" WIDTH="74" HEIGHT="26" WC="0.90" CONTENT="posten"/><SP WIDTH="22" VPOS="1336" HPOS="839"/>
							<String ID="string_254" HPOS="861" VPOS="1333" WIDTH="51" HEIGHT="22" WC="0.96" CONTENT="eller"/>
						</TextLine>
						<TextLine ID="line_33" HPOS="171" VPOS="1366" WIDTH="740" HEIGHT="31">
							<String ID="string_255" HPOS="171" VPOS="1367" WIDTH="113" HEIGHT="26" WC="0.92" CONTENT="2,500,000"/><SP WIDTH="13" VPOS="1367" HPOS="284"/>
							<String ID="string_256" HPOS="297" VPOS="1367" WIDTH="60" HEIGHT="22" WC="0.96" CONTENT="mark"/><SP WIDTH="15" VPOS="1367" HPOS="357"/>
							<String ID="string_257" HPOS="372" VPOS="1367" WIDTH="32" HEIGHT="22" WC="0.93" CONTENT="för"/><SP WIDTH="14" VPOS="1367" HPOS="404"/>
							<String ID="string_258" HPOS="418" VPOS="1366" WIDTH="174" HEIGHT="30" WC="0.88" CONTENT="femärsperioden"/><SP WIDTH="20" VPOS="1366" HPOS="592"/>
							<String ID="string_259" HPOS="612" VPOS="1367" WIDTH="33" HEIGHT="22" WC="0.93" CONTENT="till"/><SP WIDTH="15" VPOS="1367" HPOS="645"/>
							<String ID="string_260" HPOS="660" VPOS="1366" WIDTH="118" HEIGHT="29" WC="0.92" CONTENT="Styrelsens"/><SP WIDTH="14" VPOS="1366" HPOS="778"/>
							<String ID="string_261" HPOS="792" VPOS="1367" WIDTH="119" HEIGHT="30" WC="0.92" CONTENT="förfogande"/>
						</TextLine>
						<TextLine ID="line_34" HPOS="171" VPOS="1401" WIDTH="740" HEIGHT="27">
							<String ID="string_262" HPOS="171" VPOS="1401" WIDTH="31" HEIGHT="22" WC="0.93" CONTENT="för"/><SP WIDTH="14" VPOS="1401" HPOS="202"/>
							<String ID="string_263" HPOS="216" VPOS="1401" WIDTH="132" HEIGHT="22" WC="0.92" CONTENT="oförutsedda"/><SP WIDTH="14" VPOS="1401" HPOS="348"/>
							<String ID="string_264" HPOS="362" VPOS="1401" WIDTH="68" HEIGHT="27" WC="0.90" CONTENT="behof,"/><SP WIDTH="15" VPOS="1401" HPOS="430"/>
							<String ID="string_265" HPOS="445" VPOS="1401" WIDTH="63" HEIGHT="23" WC="0.93" CONTENT="hafva"/><SP WIDTH="14" VPOS="1401" HPOS="508"/>
							<String ID="string_266" HPOS="522" VPOS="1401" WIDTH="116" HEIGHT="23" WC="0.92" CONTENT="Ständerna"/><SP WIDTH="21" VPOS="1401" HPOS="638"/>
							<String ID="string_267" HPOS="659" VPOS="1401" WIDTH="63" HEIGHT="22" WC="0.96" CONTENT="redan"/><SP WIDTH="22" VPOS="1401" HPOS="722"/>
							<String ID="string_268" HPOS="744" VPOS="1402" WIDTH="38" HEIGHT="21" WC="0.96" CONTENT="här"/><SP WIDTH="19" VPOS="1402" HPOS="782"/>
							<String ID="string_269" HPOS="801" VPOS="1403" WIDTH="61" HEIGHT="22" WC="0.88" CONTENT="oivan"/><SP WIDTH="15" VPOS="1403" HPOS="862"/>
							<String ID="string_270" HPOS="877" VPOS="1411" WIDTH="34" HEIGHT="14" WC="0.91" CONTENT="an-"/>
						</TextLine>
						<TextLine ID="line_35" HPOS="171" VPOS="1436" WIDTH="739" HEIGHT="30">
							<String ID="string_271" HPOS="171" VPOS="1436" WIDTH="47" HEIGHT="27" WC="0.93" CONTENT="fört,"/><SP WIDTH="15" VPOS="1436" HPOS="218"/>
							<String ID="string_272" HPOS="233" VPOS="1436" WIDTH="112" HEIGHT="22" WC="0.93" CONTENT="huruledes"/><SP WIDTH="14" VPOS="1436" HPOS="345"/>
							<String ID="string_273" HPOS="359" VPOS="1437" WIDTH="97" HEIGHT="29" WC="0.96" CONTENT="beloppet"/><SP WIDTH="14" VPOS="1437" HPOS="456"/>
							<String ID="string_274" HPOS="470" VPOS="1437" WIDTH="58" HEIGHT="22" WC="0.96" CONTENT="torde"/><SP WIDTH="14" VPOS="1437" HPOS="528"/>
							<String ID="string_275" HPOS="542" VPOS="1437" WIDTH="72" HEIGHT="21" WC="0.93" CONTENT="kunna"/><SP WIDTH="14" VPOS="1437" HPOS="614"/>
							<String ID="string_276" HPOS="628" VPOS="1436" WIDTH="69" HEIGHT="23" WC="0.96" CONTENT="ställas"/><SP WIDTH="15" VPOS="1436" HPOS="697"/>
							<String ID="string_277" HPOS="712" VPOS="1437" WIDTH="62" HEIGHT="29" WC="0.96" CONTENT="lägre."/><SP WIDTH="31" VPOS="1437" HPOS="774"/>
							<String ID="string_278" HPOS="805" VPOS="1437" WIDTH="42" HEIGHT="22" WC="0.94" CONTENT="Till"/><SP WIDTH="17" VPOS="1437" HPOS="847"/>
							<String ID="string_279" HPOS="864" VPOS="1438" WIDTH="46" HEIGHT="22" WC="0.96" CONTENT="stöd"/>
						</TextLine>
						<TextLine ID="line_36" HPOS="171" VPOS="1471" WIDTH="739" HEIGHT="29">
							<String ID="string_280" HPOS="171" VPOS="1471" WIDTH="32" HEIGHT="22" WC="0.96" CONTENT="för"/><SP WIDTH="15" VPOS="1471" HPOS="203"/>
							<String ID="string_281" HPOS="218" VPOS="1471" WIDTH="67" HEIGHT="22" WC="0.96" CONTENT="denna"/><SP WIDTH="15" VPOS="1471" HPOS="285"/>
							<String ID="string_282" HPOS="300" VPOS="1471" WIDTH="32" HEIGHT="22" WC="0.93" CONTENT="sin"/><SP WIDTH="16" VPOS="1471" HPOS="332"/>
							<String ID="string_283" HPOS="348" VPOS="1471" WIDTH="53" HEIGHT="29" WC="0.93" CONTENT="äsigt"/><SP WIDTH="20" VPOS="1471" HPOS="401"/>
							<String ID="string_284" HPOS="421" VPOS="1471" WIDTH="68" HEIGHT="22" WC="0.92" CONTENT="tilläta"/><SP WIDTH="22" VPOS="1471" HPOS="489"/>
							<String ID="string_285" HPOS="511" VPOS="1471" WIDTH="31" HEIGHT="29" WC="0.93" CONTENT="sig"/><SP WIDTH="14" VPOS="1471" HPOS="542"/>
							<String ID="string_286" HPOS="556" VPOS="1471" WIDTH="117" HEIGHT="23" WC="0.89" CONTENT="Ständerna"/><SP WIDTH="21" VPOS="1471" HPOS="673"/>
							<String ID="string_287" HPOS="694" VPOS="1475" WIDTH="56" HEIGHT="18" WC="0.93" CONTENT="ännu"/><SP WIDTH="19" VPOS="1475" HPOS="750"/>
							<String ID="string_288" HPOS="769" VPOS="1471" WIDTH="73" HEIGHT="28" WC="0.92" CONTENT="erinra,"/><SP WIDTH="16" VPOS="1471" HPOS="842"/>
							<String ID="string_289" HPOS="858" VPOS="1472" WIDTH="52" HEIGHT="23" WC="0.92" CONTENT="atti"/>
						</TextLine>
						<TextLine ID="line_37" HPOS="170" VPOS="1505" WIDTH="740" HEIGHT="30">
							<String ID="string_290" HPOS="170" VPOS="1505" WIDTH="140" HEIGHT="30" WC="0.96" CONTENT="beräkningen"/><SP WIDTH="16" VPOS="1505" HPOS="310"/>
							<String ID="string_291" HPOS="326" VPOS="1506" WIDTH="104" HEIGHT="23" WC="0.93" CONTENT="dessutom"/><SP WIDTH="21" VPOS="1506" HPOS="430"/>
							<String ID="string_292" HPOS="451" VPOS="1505" WIDTH="57" HEIGHT="30" WC="0.95" CONTENT="ingå:"/><SP WIDTH="20" VPOS="1505" HPOS="508"/>
							<String ID="string_293" HPOS="528" VPOS="1506" WIDTH="32" HEIGHT="23" WC="0.93" CONTENT="för"/><SP WIDTH="14" VPOS="1506" HPOS="560"/>
							<String ID="string_294" HPOS="574" VPOS="1505" WIDTH="156" HEIGHT="30" WC="0.96" CONTENT="ospecificerade"/><SP WIDTH="21" VPOS="1505" HPOS="730"/>
							<String ID="string_295" HPOS="751" VPOS="1506" WIDTH="91" HEIGHT="29" WC="0.96" CONTENT="utgifter,"/><SP WIDTH="16" VPOS="1506" HPOS="842"/>
							<String ID="string_296" HPOS="858" VPOS="1515" WIDTH="15" HEIGHT="14" WC="0.96" CONTENT="s."/><SP WIDTH="16" VPOS="1515" HPOS="873"/>
							<String ID="string_297" HPOS="889" VPOS="1507" WIDTH="21" HEIGHT="22" WC="0.96" CONTENT="k."/>
						</TextLine>
					</TextBlock>
				</ComposedBlock>
			</PrintSpace>
		</Page>
	</Layout>
</alto>
