1039 1689
416 131 56 22 N:o
488 129 53 23 36.

374 396 58 23 Hans
451 396 148 29 Kejserliga
618 395 138 29 Majestäts
775 394 80 31 nådiga

308 431 130 30 proposition
457 431 31 22 till
510 431 101 23 Finlands
632 431 94 28 Ständer,
744 428 109 32 angående

306 465 92 29 ändring
412 465 23 23 af
448 463 78 31 nådiga
540 465 151 28 förordningen
706 465 39 23 den
760 465 23 23 13
795 465 57 29 April

305 499 61 29 1874,
382 505 32 17 om
431 499 111 26 valörerna
557 498 13 24 å
586 499 100 23 Finlands
704 499 71 23 Banks
787 499 66 24 sedel-

305 534 59 29 mynt
378 539 26 17 m.
417 539 26 17 m.

173 609 95 22 Emedan
291 609 79 26 nädiga
391 609 153 26 förordningen
567 609 23 20 af
611 609 40 20 den
672 610 24 20 13
713 609 60 26 April
792 610 61 25 1874,

98 644 148 21 innefattande
269 643 91 26 ändring
382 643 22 20 af
425 643 39 20 och
484 643 75 26 tillägg
577 643 33 21 till
627 643 146 27 stadgandena
788 643 65 27 angä-

98 679 55 22 ende
177 679 18 26 ej
218 679 82 20 mindre
320 678 112 21 valörerna
451 677 12 20 &
478 677 101 21 Finlands
595 678 72 21 Banks
684 678 125 27 sedelmynt,
825 681 27 18 än

98 713 203 27 ansvarspäföljden
324 712 34 21 för
380 712 134 26 efterapning
536 718 26 15 m.
579 719 26 14 m.
622 712 23 21 af
658 712 100 21 Bankens
774 713 77 26 sedlar,

101 748 94 26 stadgar,
219 747 65 21 bland
307 747 71 26 annat,
398 748 32 19 att
446 747 25 20 de
487 753 41 20 nya
543 746 77 26 sedlar,
637 753 45 14 som
697 747 88 20 Banken
799 747 54 26 jem-

100 782 42 21 likt
158 787 81 15 samma
254 781 126 26 förordning
395 783 51 24 äger
461 781 88 26 utgifva,
566 781 61 20 skola
640 787 51 14 vara
702 781 151 20 underskrifna

97 816 26 21 af
144 823 25 14 en
193 815 96 22 direktör
312 815 39 21 och
374 821 24 15 en
421 821 68 14 annan
513 815 128 26 tjensteman
660 815 7 20 i
686 815 95 26 Banken,
804 821 48 16 men

99 850 213 21 Bankodirektionen
334 849 39 21 hos
399 849 103 21 Finlands
528 849 102 21 Ständers
655 849 197 27 Bankfullmäktige

99 885 88 26 anmält,
204 886 32 19 att
251 884 36 21 det
302 883 33 22 för
350 884 164 21 medlemmaurne
525 884 6 20 i
543 883 140 22 Direktionen
694 890 50 15 vore
755 884 98 27 omöjligt

99 921 39 24 att,
152 919 67 26 jemte
234 918 135 26 fullgörande
384 918 23 20 af
421 918 62 21 deras
500 918 69 26 öfriga
584 918 213 27 tjensteäligganden,
814 925 38 14 un-

99 953 39 21 der
161 953 40 20 den
224 954 109 19 närmaste
355 952 114 21 framtiden
485 953 114 20 medhinna
614 952 201 22 underskrifvandet
831 953 24 20 af

99 987 100 21 Bankens
222 987 71 20 sedlar
312 986 33 21 till
365 986 76 21 sädant
459 987 64 25 antal,
540 992 46 21 som
601 986 33 21 för
650 987 39 20 den
705 987 69 20 första
789 987 63 20 emis-

100 1022 74 21 sionen
200 1021 22 21 af
244 1021 98 21 sedlame
365 1021 12 20 &
399 1021 41 20 fem
464 1021 39 20 och
522 1021 29 20 tio
570 1021 61 20 mark
647 1027 50 14 vore
713 1021 138 26 nödvändigt,

100 1056 64 20 hafva
187 1054 197 26 Bankfullmäktige
407 1055 6 20 i
436 1054 172 26 underdänighet
627 1054 90 21 anhållit
735 1061 34 14 om
785 1055 66 21 sådan

99 1090 92 25 ändring
214 1088 22 21 af
258 1088 92 21 berörda
368 1088 80 26 nädiga
466 1088 132 26 förordning,
618 1090 32 19 att
669 1088 36 21 det
720 1088 35 21 mä
770 1089 82 21 tillätas

101 1122 198 27 Bankfullmäktige
315 1124 32 19 att
362 1122 33 21 för
410 1122 203 21 underskrifvandet
629 1122 22 21 af
664 1122 72 21 sedlar
752 1122 12 21 &
780 1122 72 22 ofvan-

99 1157 92 21 nämnde
215 1157 84 21 valörer
322 1156 54 22 efter
399 1156 65 21 behof
481 1158 79 24 antaga
578 1156 38 21 och
633 1156 102 21 förordna
749 1163 104 20 personer

98 1193 60 19 utom
181 1190 89 22 Banken
293 1192 57 19 emot
369 1191 85 25 arvode,
474 1196 45 16 som
534 1190 198 27 Dankfullmäktige
747 1191 54 26 ägde
818 1191 35 21 be-

98 1227 103 24 stämma;
218 1225 39 21 och
272 1224 90 22 emedan
378 1224 36 21 det
429 1224 33 21 för
477 1225 266 26 penningeomsättningen
757 1225 7 21 i
780 1225 73 21 landet

98 1259 110 21 befunnits
230 1265 52 15 vara
304 1258 22 22 af
348 1258 109 27 synnerlig
475 1259 51 26 vigt,
542 1260 33 20 att
591 1259 25 21 de
632 1266 40 19 nya
688 1259 98 21 sedlarne
801 1261 51 19 utan

101 1294 102 26 dröjsmål
227 1294 39 20 och
288 1293 33 21 till
344 1293 138 26 erforderligt
505 1293 57 21 antal
582 1293 86 21 komma
683 1294 6 20 i
706 1294 92 26 omlopp,
814 1293 39 21 har

100 1328 60 20 Hans
176 1327 122 26 Kejserliga
313 1327 108 25 Majestät,
438 1327 48 20 med
501 1327 61 20 bifall
577 1327 34 20 till
626 1326 55 21 hvad
692 1326 161 21 Bankfullmäk-

101 1362 44 25 tige
161 1361 6 20 i
185 1360 153 22 ofvanstäende
354 1360 67 20 mätto
438 1360 116 21 framställt
570 1362 55 19 samt
640 1360 27 26 pä
683 1361 69 25 grund
763 1361 23 20 af
795 1360 58 21 stad-

99 1395 79 27 gandet
203 1395 6 20 i
228 1396 26 20 55
275 1395 11 27 $
306 1400 62 15 mom.
385 1402 13 12 «
414 1394 6 21 i
436 1394 36 21 det
487 1394 33 21 för
536 1394 87 21 Banken
639 1394 40 21 den
695 1396 27 20 26
737 1395 45 21 Juli
799 1396 54 20 1875

101 1430 86 26 nädigst
210 1430 123 20 fastställda
351 1429 136 27 reglemente,
504 1430 67 20 under
587 1429 40 21 den
644 1430 26 20 30
686 1429 97 22 Oktober
800 1430 54 21 1876

99 1465 48 21 låtit
163 1464 88 22 utfärda
266 1464 38 22 här
320 1464 100 27 bifogade
436 1464 125 27 förordning
576 1464 7 21 i
599 1466 78 25 ämnet,
698 1466 31 20 att
749 1465 58 26 gälla
822 1465 32 21 in-
