1039 1698
297 146 28 20 U,
339 146 31 18 B.
382 156 22 4 —
418 147 81 23 Prop.
511 147 46 18 N:o
570 147 40 17 44.

334 383 176 27 Lagutskottets
524 384 148 23 betänkande
694 385 40 23 N:o
759 385 26 22 14
808 386 9 21 i

274 418 127 28 anledning
415 418 27 22 af
462 419 72 22 Hans
554 418 167 29 Kejserliga
735 419 82 29 Maje-

274 452 72 22 stäts
362 452 84 27 nädiga
455 454 147 27 proposition
610 454 52 22 med
673 453 92 28 förslag
771 454 47 21 till:

278 485 34 22 1:o
333 485 143 29 förordning
498 487 118 28 angående
638 488 133 21 bekännare
793 487 27 22 af

273 520 147 22 främmande
435 521 93 22 kristen
536 522 104 21 troslära
649 522 9 21 i
666 522 100 22 FinJand
773 521 45 22 och

274 553 68 23 deras
356 554 198 28 religionsfrihet;
568 556 35 21 2:0
622 555 143 28 förordning
779 562 38 15 an-

274 586 87 27 gående
389 588 155 22 icke-kristne
568 589 186 22 trosbekännare
775 589 44 22 och

274 621 53 22 dem
342 622 133 27 medgifven
497 623 198 27 religionsfrihet,
710 624 44 22 och
782 623 35 22 3:0

273 654 142 29 förordning
432 661 39 17 om
488 662 84 17 ansvar
589 656 41 23 för
648 657 53 28 den,
723 662 51 18 som
795 662 22 16 o-

274 689 96 27 lofligen
384 689 92 23 förmär
490 690 76 28 nägon
574 691 40 21 till
628 690 127 28 öfvergäng
763 690 55 22 frän

273 729 29 16 en
316 723 104 23 troslära
434 724 39 22 till
488 731 83 15 annan.

140 796 45 21 När
200 797 102 21 Finlands
324 798 24 20 är
378 799 53 19 1863
453 798 33 20 till
509 798 103 27 landtdag
636 797 182 21 sammankallade

85 830 92 22 Ständer
192 831 40 21 den
250 832 24 19 11
291 831 61 28 April
370 832 53 21 1864
438 832 84 27 afgäfvo
543 832 38 21 sitt
602 831 147 28 underdäniga
771 838 49 14 svar

84 865 13 20 å
113 864 40 21 den
167 865 79 27 nådiga
260 866 141 27 proposition,
416 866 61 21 hvari
492 865 62 22 deras
562 866 100 28 yttrande
675 873 38 14 var
727 865 91 28 begärdt

84 899 110 27 angående
209 899 205 28 hufvudgrunderna
429 900 7 20 i
452 899 36 22 det
503 900 23 21 af
539 907 25 14 en
588 900 79 21 komit6
690 899 127 22 utarbetade

85 932 40 22 och
139 933 150 21 förstnämnda
304 934 24 20 år
344 934 81 27 afgifna
439 933 81 28 förslag
535 934 33 21 till
582 941 29 21 ny
625 933 104 29 kyrkolag
741 933 34 22 för
793 933 25 22 de

84 967 245 28 evangelisk-lutherska
343 967 179 28 församlingarne
537 969 6 20 i
559 968 74 21 landet
643 968 40 21 och
699 967 55 22 hvad
771 967 46 22 der-

84 1001 48 21 med
157 1001 53 28 egde
232 1002 136 27 gemenskap,
394 1002 124 21 framstälde
548 1003 119 20 Ständerna
688 1002 71 21 tillika
782 1003 37 20 två

85 1035 167 28 önskningsmäl,
268 1036 112 27 nemligen:
399 1037 19 26 1)
435 1038 31 19 att
481 1038 31 19 ett
528 1036 123 28 lagförslag,
667 1035 151 22 innehållande

83 1068 136 22 föreskrifter
234 1077 34 14 om
283 1069 55 22 hvad
352 1070 107 27 iakttagas
473 1070 73 26 borde,
563 1070 28 21 dä
602 1071 71 27 nägon
683 1070 50 21 ville
749 1069 68 22 öfver-

84 1103 27 28 gä
125 1103 49 22 frän
188 1103 112 23 lutherska
314 1104 82 28 kyrkan
410 1104 34 21 till
466 1106 66 19 annat
549 1104 176 29 kyrkosamfund,
751 1104 66 20 mätte

84 1137 121 22 Ständerna
219 1138 35 21 vid
269 1139 88 20 dernäst
368 1138 128 21 inträffande
508 1138 103 28 landtdag
621 1138 128 28 föreläggas,
762 1139 56 20 samt

84 1171 21 26 2)
125 1179 35 13 om
175 1172 128 27 vidtagande
318 1173 24 20 af
355 1172 106 27 ätgärder,
478 1179 45 14 som
539 1172 62 21 ledde
610 1173 80 20 derhän
706 1173 32 20 att
753 1171 66 21 frihet

83 1204 131 23 förunnades
230 1206 54 25 dem,
300 1205 72 22 hvilka
386 1205 36 21 det
438 1206 100 25 önskade,
548 1208 32 19 att
594 1206 87 27 öfvergä
691 1205 33 22 till
738 1205 81 21 luther-

84 1238 38 22 ska
136 1239 68 26 läran,
221 1240 39 21 och
274 1239 34 21 till
326 1239 141 22 utarbetande
492 1239 23 22 af
532 1239 82 28 förslag
635 1239 34 21 till
691 1238 128 27 fullständig

84 1271 148 30 dissenterlag,
255 1273 147 22 innefattande
418 1273 133 28 stadganden
566 1281 35 14 om
622 1274 44 20 rätt
685 1272 34 22 för
734 1272 85 22 kristna

83 1305 123 22 bekännare
221 1307 23 21 af
256 1308 72 27 nägon
342 1307 48 21 frän
406 1307 40 21 den
460 1307 110 21 lutherska
589 1306 112 22 afvikande
724 1306 94 22 troslära

84 1341 32 19 att
130 1340 60 21 bilda
205 1347 54 20 egna
273 1341 159 26 församlingar,
451 1348 34 13 om
508 1340 26 21 de
555 1340 76 25 vilkor,
654 1339 67 21 under
744 1340 73 21 hvilka

84 1373 70 22 denna
168 1375 44 20 rätt
227 1374 70 21 kunde
313 1374 48 21 dem
375 1374 90 27 beviljas
480 1373 40 22 och
534 1373 56 21 hvad
602 1373 73 22 dervid
687 1379 51 15 vore
753 1375 33 20 att
800 1374 17 21 i-

83 1407 95 29 akttaga,
193 1408 110 22 äfvensom
319 1408 109 28 angäende
444 1407 43 22 alla
502 1407 26 22 de
545 1407 132 28 rättigheter,
700 1407 73 22 hvilka
793 1409 24 20 sä

83 1442 7 21 i
105 1442 95 29 kyrkligt
214 1450 46 14 som
280 1443 118 28 borgerligt
420 1441 100 22 afseende
543 1441 118 22 tillkomme
683 1441 134 22 främmande

83 1476 228 29 religionsförvandter
326 1478 7 20 i
348 1477 79 21 landet.
449 1476 10 21 I
474 1475 115 29 anledning
603 1475 64 22 häraf
680 1475 137 25 meddelades

154 1517 140 23 Lagutskottets
306 1517 116 19 betänkande
435 1516 33 18 N:o
482 1517 25 17 14.
