1034 1695
321 148 24 17 U.
363 148 28 17 B.
409 157 25 3 —
451 148 78 22 Prop:
548 149 44 18 N:o
608 149 33 17 35.
797 146 22 21 11

107 214 48 22 från
177 214 141 22 härförinnan
340 215 48 21 med
411 214 111 28 framgång
537 214 68 28 följda
619 214 232 28 lagstiftningsgrund-

108 250 71 20 satser
193 249 7 20 i
216 250 72 20 ämnet
306 248 89 22 anförda
411 249 46 21 skäl
472 250 75 20 kunna
561 250 22 20 vi
598 249 33 21 för
647 250 38 20 vär
700 250 34 20 del
749 248 47 22 icke
812 249 39 27 gil-

108 283 28 21 la.
166 283 39 21 Att
220 283 111 26 förslaget,
354 283 77 21 sädant
446 284 36 20 det
498 284 61 26 lyder
575 284 7 20 i
597 284 168 26 propositionen,
781 282 70 22 skulle

109 323 52 15 vara
183 317 80 26 egnadt
280 318 33 20 att
338 318 51 26 göra
404 317 86 27 inträng
504 317 28 27 pä
548 317 220 26 sammansättningen
789 316 22 21 af
825 316 27 22 de

106 350 38 21 tvä
166 350 68 22 första
256 350 91 22 ständen
362 357 77 19 genom
454 353 32 19 att
501 351 48 21 frän
566 352 63 20 dessa
644 350 63 22 ständ
722 351 34 21 till
771 350 80 27 Borga-

106 384 112 22 reständet
240 385 108 21 öfverföra
369 391 109 20 personer,
500 386 75 20 hvilka
597 384 107 22 mähända
718 384 7 21 i
741 384 30 22 de
783 384 69 21 andra

107 419 91 21 ständen
223 425 51 15 vore
296 418 113 28 behöflige,
432 420 62 21 torde
509 419 19 28 ej
544 420 54 21 böra
612 419 93 25 befaras,
721 418 28 21 dä
763 418 88 27 sälänge

108 453 36 21 det
159 453 136 22 närvarande
309 453 252 27 representationssättet
576 454 23 21 af
613 453 110 22 allmänna
737 452 114 27 meningen

105 488 7 21 i
128 487 76 22 landet
219 488 165 26 upprätthälles,
402 488 100 26 grundad
517 488 117 26 anledning
649 488 20 26 ej
685 487 117 22 förefinnes
818 486 34 21 till

111 521 133 27 antagandet
266 523 32 20 att
319 522 166 21 medlemmarne
510 522 23 21 af
550 522 70 21 Adeln
635 522 39 21 och
689 520 165 23 Presteständet

104 555 49 23 icke
176 555 70 22 skulle
268 561 52 16 anse
342 556 33 27 sig
390 556 77 21 främst
482 556 131 27 förpligtade
629 558 38 24 att,
685 556 74 21 derest
774 555 79 21 sädant

102 590 43 21 kan
168 590 34 21 för
228 589 48 22 dem
292 589 87 22 komma
399 591 8 20 i
426 590 69 27 fräga,
511 590 75 22 utöfva
601 590 230 27 representationsrätt
845 590 7 20 i

104 624 26 21 de
146 624 70 25 stånd,
238 624 74 21 hvilka
327 625 27 20 de
369 625 122 26 egentligen
506 625 95 21 tillhöra.
632 624 75 21 Ehuru
721 623 22 21 vi
757 623 48 22 icke
813 623 39 21 vil-

101 659 24 26 ja
147 658 91 21 förneka
261 660 39 25 att,
323 658 70 22 säsom
408 658 113 22 Utskottet
535 660 75 26 yttrat,
626 659 41 20 den
682 657 124 27 föreslagna
820 657 32 21 ät-

103 692 81 27 gärden
206 692 70 21 skulle
290 693 7 20 i
313 692 72 22 skilda
399 692 39 22 fall
452 693 91 27 menligt
558 693 90 21 inverka
662 692 28 27 pä
705 693 27 20 de
746 691 35 22 till
796 692 56 21 läro-

103 726 88 22 ständet
212 727 96 21 hörande
327 727 138 21 valmännens
484 727 40 21 och
539 727 7 21 i
561 727 117 26 synnerhet
693 726 159 22 skollärarenes

104 760 97 27 förmäga
218 762 33 20 att
266 760 129 22 underhälla
413 761 47 21 sina
475 762 79 20 ombud
569 761 8 21 i
593 760 170 26 Presteständet,
779 760 74 21 kunna

103 796 20 20 vi
139 795 55 21 dock
220 795 19 27 ej
263 795 131 22 tillerkänna
415 796 70 21 denna
500 795 161 27 omständighet
676 795 41 21 den
733 794 118 27 afgörande

108 830 46 26 vigt
168 829 40 21 och
232 829 112 26 betydelse
359 831 32 20 att
406 836 26 14 en
447 830 7 20 i
470 830 39 21 och
524 829 34 22 för
573 830 33 25 sig
621 829 68 26 rigtig
703 828 84 27 princip
805 828 46 21 der-

106 863 34 22 för
154 863 70 21 mäste
247 863 115 26 uppoffras,
385 863 92 21 likasom
504 863 20 21 vi
544 863 19 27 ej
579 863 69 22 heller
663 863 49 21 dela
727 862 124 22 Utskottets

105 897 58 27 äsigt
186 897 73 21 derom
278 898 33 20 att
326 897 164 26 ifrägavarande
505 897 77 28 ätgärd
597 897 84 21 komme
697 898 32 20 att
744 897 34 20 för
793 897 58 20 med-

105 931 117 22 lemmarne
247 931 23 20 af
293 931 134 22 läroständet
446 931 98 22 medföra
563 931 152 27 skyldigheten
736 932 33 20 att
784 930 67 21 delta-

106 973 28 20 ga
148 967 7 20 i
170 965 147 22 kostnaderne
332 965 56 22 bäde
403 966 33 21 för
451 967 113 20 städernas
580 966 79 21 ombud
674 966 7 20 i
696 965 155 27 Borgarestän-

106 1000 37 21 det
165 1000 40 21 och
228 1000 32 21 för
276 1000 144 21 läroständets
436 1001 79 20 ombud
531 1001 7 20 i
553 1000 171 21 Presteständet.
753 995 98 26 Fastmer

107 1041 51 15 anse
174 1035 21 20 vi
212 1041 26 14 en
253 1036 91 20 motsatt
360 1035 132 27 slutledning
508 1035 74 21 kunna
597 1035 78 26 dragas
690 1035 23 20 af
723 1034 129 26 stadgande-

106 1075 29 15 na
148 1069 8 20 i
172 1069 26 20 14
214 1069 39 20 och
268 1069 28 20 20
311 1069 25 27 $$
351 1069 32 20 uti
398 1069 243 27 landtdagsordningen.

173 1102 31 22 Pä
219 1103 26 21 de
260 1103 23 21 af
297 1109 35 15 oss
348 1103 92 22 anförda
455 1103 47 22 skäl
517 1103 23 22 fä
554 1104 37 21 vid
606 1104 111 21 vördsamt
731 1103 91 21 föreslä:

240 1140 31 18 att
293 1137 81 21 landets
388 1137 110 29 högloflige
514 1138 97 26 Ständer,
627 1138 46 20 med
689 1137 63 28 bifall
767 1137 34 21 till
817 1137 32 21 det

172 1171 42 21 slut
231 1171 155 28 Lagutskottets
403 1171 128 22 betänkande
547 1173 8 19 i
570 1173 66 27 öfrigt
651 1172 122 26 innehäller,
788 1172 63 21 mätte

173 1205 136 21 underkänna
332 1206 38 21 den
386 1206 26 28 af
429 1205 99 22 Utskottet
541 1206 117 29 förordade
674 1206 128 28 bestämning
817 1213 33 13 om

173 1239 125 28 frälsemäns
314 1240 37 20 och
366 1235 143 26 medlemmars
525 1241 27 28 af
565 1240 154 21 Presteståndet
737 1240 113 20 uteslutan-

173 1274 25 20 de
211 1273 53 27 från
279 1273 79 21 valrätt
374 1274 37 20 och
425 1273 108 22 valbarhet
549 1274 33 20 till
597 1274 165 28 landtdagsmän
777 1274 8 20 i
797 1273 53 21 Bor-

170 1308 136 28 gareståndet
328 1311 53 17 samt
403 1308 8 20 i
426 1308 68 21 denna
510 1308 33 21 del
558 1311 79 24 antaga
653 1308 38 20 den
707 1308 80 26 nådiga
799 1314 51 20 pro-

171 1342 124 26 positionen.

104 1381 30 20 A.
156 1381 99 20 Wrede.
298 1381 102 21 Robert
415 1381 197 26 Montgomery.
656 1381 30 20 F.
701 1381 147 21 Forsman.
