1023 1689
271 163 82 22 Ständ.
369 162 37 23 Sv.
423 175 27 4 —
464 163 71 28 Prop.
551 163 40 22 N:o
605 163 36 22 40.
774 165 25 20 77

90 231 111 28 forderliga
219 231 117 22 förarbeten
350 231 33 21 för
397 231 59 21 deras
476 231 118 21 ersättande
608 231 89 22 medelst
711 239 69 13 annan
794 232 36 21 all-

87 270 49 17 män
150 265 133 28 beskattning
296 264 47 23 icke
359 269 57 17 ännu
431 265 105 28 förelegat.
567 264 52 22 Men
635 266 30 20 att
679 265 48 21 med
741 265 35 21 det
786 273 44 14 sna-

87 301 55 20 raste
156 299 143 22 ästadkomma
313 299 76 22 sädana
404 299 118 22 förarbeten
537 298 58 22 torde
611 299 7 20 i
633 299 73 28 hvarje
719 299 37 21 fall
765 299 66 22 blifva

87 333 24 22 af
128 333 75 26 nöden,
223 333 26 21 dä
263 333 35 22 det
314 332 24 29 ju
353 333 47 21 icke
420 340 61 21 synes
496 333 73 21 kunna
583 333 104 22 undvikas
701 335 31 20 att
746 332 85 23 försätta

90 370 47 20 näst
152 367 193 22 sammanträdande
360 367 95 22 Ständer
474 367 8 21 i
496 366 83 23 tillfälle
597 369 30 20 att
646 367 81 22 besluta
741 375 33 13 om
789 375 41 20 nya

88 402 73 28 gärder
175 401 32 22 för
222 402 25 20 de
263 401 65 21 ökade
343 400 201 28 militärutgifternas
558 401 137 21 bestridande.

155 435 117 22 Ständermna
286 434 63 22 hafva
365 434 65 26 alltså,
446 435 48 21 med
508 434 149 22 föranledande
673 435 22 21 af
707 434 56 22 hvad
772 436 8 20 i
790 435 41 21 den

88 470 75 27 nädiga
172 469 155 29 propositionen
337 469 72 21 derom
420 474 23 16 är
452 468 125 26 framstäldt,
592 468 71 22 funnit
677 469 31 28 sig
721 469 50 21 böra
780 476 51 14 sam-

88 504 62 28 tycka
165 503 69 22 dertill

224 540 32 18 att
273 538 25 20 de
308 537 57 27 från
380 536 119 22 rusthällen
515 540 54 18 samt
580 538 98 20 roterade
688 537 96 21 hemman
795 538 37 20 och

158 571 156 21 båtsmanshåll
334 570 41 28 för
397 571 137 21 närvarande
557 571 105 27 utgående
683 571 90 21 vakans-
796 572 37 20 och

154 605 235 29 passevolansafgifter
403 605 42 25 mä,
460 606 69 20 såsom
548 605 76 27 bidrag
639 606 36 20 till
689 606 145 21 bestridandet

157 640 31 27 af
197 639 172 27 militiefondens
384 639 98 27 utgifter,
498 640 34 20 till
553 639 144 26 oförändradt
713 640 72 27 belopp
801 643 32 18 ut-

157 676 65 26 göras
240 674 35 21 till
295 673 38 21 och
351 674 46 22 med
418 674 27 20 är
463 675 62 25 1882,
541 674 109 26 hvarefter
665 674 61 21 dessa
741 674 93 28 afgifter

159 708 51 22 böra
221 708 106 28 upphöra,
337 708 71 20 sävidt
418 708 255 21 nästsammanträdande
682 708 94 22 Ständer
782 709 52 27 före

159 743 95 21 nämnda
277 742 102 27 tidpunkt
402 742 34 20 till
454 742 66 27 sagde
539 742 103 21 ändamäl
661 744 84 20 anvisat
760 750 74 14 annan

158 777 65 25 skatt,
239 776 70 22 sädan
324 783 44 14 som
383 776 41 20 här
438 776 72 20 nedan
525 776 142 27 omförmäles.

158 828 32 22 På
209 828 36 22 det
266 829 31 20 att
316 827 18 29 ej
357 826 81 22 mindre
462 827 117 22 förberörde
594 827 188 30 skatteförändring
801 829 34 22 mä

91 864 72 21 kunna
177 862 100 28 vidtagas,
293 866 27 17 än
334 861 39 22 ock
387 862 26 21 de
433 861 110 29 tillgångar
558 862 158 27 åstadkommas,
731 871 45 14 som
795 864 40 22 den

92 897 97 23 framtida
207 897 105 27 ökningen
332 896 23 21 af
372 895 113 29 utgifterna
503 896 32 22 för
549 896 179 23 militärväsendet
745 898 89 26 kräfver,

93 931 22 23 få
130 931 117 22 Ständerna
262 930 8 21 i
285 929 165 29 underdänighet
464 930 83 22 anhålla

228 967 32 18 att
282 965 36 20 vid
340 964 176 21 nästkommande
538 965 107 28 landtdag
665 965 85 29 förslag
772 967 65 20 måtte

157 999 142 27 Jramläggas
318 999 35 20 till
371 1005 29 21 ny
417 998 134 28 beskattning
567 999 29 26 af
603 999 182 28 jordegendomen
800 1001 37 21 och

162 1040 74 13 annan
242 1032 157 27 förmögenhet,
411 1033 117 26 uppgjordt
538 1033 67 28 enligt
619 1034 40 20 den
669 1035 125 26 grundsats,
805 1038 32 18 att

162 1067 26 20 de
203 1067 57 20 olika
275 1067 74 27 slagen
360 1067 30 25 af
396 1065 151 28 förmögenhet
563 1067 7 20 i
585 1067 45 21 lika
639 1067 145 26 förhällande
794 1069 44 21 del-

163 1103 52 25 taga
230 1101 32 20 uti
277 1101 71 20 denna
363 1100 68 25 skatt;
447 1100 37 21 och
500 1101 65 26 hafva
583 1101 122 22 Ständerna
719 1105 71 18 ansett
803 1103 35 21 det

163 1142 53 14 vara
235 1134 30 27 af
278 1134 76 25 nöden,
369 1137 33 18 att
418 1141 25 14 en
458 1133 77 22 komité
549 1135 29 26 af
587 1135 136 28 sakkunniga
735 1143 103 20 personer

163 1170 66 20 måtte
243 1171 63 23 utses,
316 1168 42 28 för
373 1168 190 21 åstadkommande
574 1169 30 27 af
615 1171 108 26 möjligast
734 1171 104 26 fullstän-

164 1204 37 27 dig
223 1203 116 26 utredning
362 1202 29 27 af
406 1202 129 22 hithörande
550 1204 94 27 frågor;
663 1204 84 21 hvilken
761 1205 78 21 komité

162 1238 78 27 jemväl
263 1237 60 21 torde
345 1237 126 27 uppdragas
493 1239 32 18 att
546 1238 127 26 undersöka,
689 1239 107 21 huruvida
813 1247 25 13 en

165 1272 109 27 reglering
289 1277 48 14 vore
349 1271 107 27 påkallad
470 1271 48 20 med
532 1271 101 28 afseende
648 1273 13 20 å
676 1276 163 24 augmentsrän-

165 1309 75 18 tornas
245 1305 144 27 förhållande
400 1305 35 20 till
450 1305 131 22 rusthållens
595 1305 149 28 skyldigheter,
755 1310 40 24 jör
805 1309 33 19 så-

165 1339 45 20 vidt
229 1339 70 20 sådan
321 1338 108 27 reglering
448 1339 42 20 läte
511 1339 33 26 sig
563 1341 53 25 göra
634 1342 53 18 utan
701 1341 90 28 verkligt
806 1342 33 19 in-

168 1373 63 26 trång
247 1373 8 20 i
271 1372 109 20 bestående
391 1371 324 28 förmögenhetsförhållanden.

168 1425 58 21 Enär
241 1424 118 22 Ständerna
373 1423 73 22 derhos
460 1432 50 13 anse
525 1425 34 21 det
575 1425 118 27 önskvärdt,
709 1429 30 19 att
754 1427 18 28 ej
787 1427 53 22 blott

102 1459 63 22 sådan
185 1459 68 22 direkt
270 1458 138 28 beskattning,
425 1466 43 14 som
482 1459 41 22 den
541 1458 64 23 ofvan
619 1460 91 29 antydda
723 1461 69 23 blefve
806 1470 33 14 an-

102 1494 58 28 Jitad,
176 1502 48 14 men
239 1493 62 23 äfven
315 1493 88 22 medelst
418 1502 26 13 en
458 1494 85 29 lämplig
557 1494 92 24 indirekt
657 1496 133 29 beskattning
799 1505 42 15 me-
