1039 1695
215 150 13 20 8
492 147 53 22 N:o
563 146 56 22 40.

186 217 80 21 räknas
284 215 139 27 tjenstetiden
443 215 95 26 sålunda,
558 215 34 21 för
607 215 47 20 dem
670 215 23 20 af
707 214 142 26 nyssnämnde
864 219 75 21 perso-

186 256 45 20 ner,
251 256 46 15 som
316 249 94 26 antagits
430 249 68 21 under
515 249 59 21 förra
589 248 80 21 hälften
686 248 23 20 af
722 248 147 26 uppbådsåret
885 247 53 27 (No-

186 284 194 26 vember—April),
396 283 48 21 från
460 283 40 21 den
518 284 53 20 1:sta
586 282 123 27 påföljande
725 282 50 27 Maj,
788 282 39 21 och
838 282 34 20 för
882 281 55 25 dem,

186 325 46 15 som
254 318 72 22 blifvit
347 319 92 25 antagne
461 317 68 21 under
548 323 75 15 senare
641 316 82 22 hälften
743 311 59 37 (Maj
817 315 119 27 Oktober),

185 353 48 22 från
248 353 41 21 den
306 354 55 19 1:sta
374 352 124 26 påföljande
513 351 126 21 November.

531 414 11 27 $
561 414 32 21 18.

256 455 10 22 I
285 455 103 21 händelse
406 454 66 21 behof
488 454 91 27 uppstår
597 456 32 19 att
647 454 77 26 bringa
739 453 148 27 bataljonerna
902 453 34 21 till

184 491 63 21 deras
263 490 167 26 krigsnumerär,
446 489 91 20 inkallas
554 495 99 14 reserven
669 488 33 21 till
720 488 59 21 aktiv
792 487 144 28 tjenstgöring

184 525 92 21 medelst
291 523 118 27 Kejserligt
424 523 103 27 Reskript
541 523 33 20 till
590 522 248 21 General-Guvernören.
862 522 75 21 Under

184 559 140 27 tjenstetiden
346 558 35 21 vid
404 564 100 14 reserven
523 557 72 21 kunna
613 557 26 20 de
655 557 32 20 till
703 557 123 20 densamma
841 557 96 20 hörande

183 599 105 22 personer
303 593 23 20 af
340 591 241 22 General-Guvernören
597 591 6 20 i
619 591 74 21 landet
707 591 70 21 kallas
792 591 32 21 till
841 591 96 27 öfnings-

183 630 79 24 möten,
286 627 54 21 dock
363 627 17 26 ej
404 626 52 21 flera
479 629 26 18 än
528 626 36 21 två
582 626 87 27 gånger,
688 627 106 20 hvardera
809 626 83 27 gången
908 626 28 27 på

184 663 65 26 högst
265 669 37 14 sex
317 661 90 22 veckors
423 661 38 21 tid.

529 707 11 28 8
558 708 31 20 19.

253 748 31 21 På
303 747 158 26 framställning
479 747 23 21 af
519 746 92 22 Senaten
630 747 129 21 bestämmer
774 747 104 27 Kejsaren
895 747 39 21 och

182 782 134 22 Storfursten
332 782 26 21 de
374 781 145 27 befattningar
534 781 7 21 i
557 783 82 19 statens
651 782 39 20 och
705 781 139 21 kommunens
860 782 73 27 tjenst,

180 816 74 22 hvilka
270 818 37 19 äro
323 816 25 20 af
360 816 147 20 beskaffenhet
523 816 32 20 att
571 815 62 21 deras
649 815 143 26 innehafvare,
814 816 67 20 churu
896 816 38 20 hö-

180 850 68 22 rande
263 850 34 21 till
312 855 106 20 reserven,
438 849 65 21 likväl
522 849 34 21 må
574 849 80 21 befrias
669 849 47 21 från
733 851 31 19 att
780 850 32 20 till
829 850 105 27 tjenstgö-

182 885 48 26 ring
245 884 99 21 inkallas.

481 951 79 24 Kap.
579 952 58 17 111.

182 1005 50 22 Om
246 1005 32 21 de
289 1004 48 21 vid
347 1003 93 22 aktiva
450 1005 146 25 trupperna
607 1004 48 21 och
665 1010 126 15 reserven
802 1005 134 22 anställde

287 1044 141 21 personers
443 1038 213 27 medborgerliga
670 1039 159 26 rättigheter

430 1073 48 21 och
493 1073 193 26 skyldigheter.

524 1135 11 27 8
551 1136 34 20 20.

250 1175 107 21 Personer
371 1175 8 20 i
394 1175 59 20 aktiv
468 1175 67 26 tjenst
549 1174 78 21 räknas
642 1174 133 22 fortfarande
790 1175 33 21 till
834 1175 26 22 de
871 1175 61 22 kom-

177 1216 83 19 muner,
276 1209 74 21 hvilka
365 1209 26 21 de
406 1209 101 21 tillhörde
525 1209 36 21 vid
579 1209 95 21 inträdet
689 1209 7 20 i
711 1209 99 26 tjensten,
829 1216 48 15 men
893 1211 38 20 äro

178 1244 69 20 under
262 1244 70 19 denna
346 1243 113 26 tjenstetid
473 1243 96 20 befriade
588 1243 48 20 från
651 1243 121 26 utgörande
787 1243 23 20 af
824 1244 42 20 alla
882 1250 48 20 per-

176 1278 76 20 sonela
266 1276 113 26 utskylder
394 1276 39 20 och
448 1275 83 21 besvär.

248 1312 103 20 Deremot
366 1312 37 19 äro
420 1310 26 21 de
460 1310 90 27 pligtige
566 1311 33 20 att
613 1310 34 21 för
662 1310 33 21 sin
705 1311 104 26 egendom
819 1311 7 21 i
837 1312 43 20 löst
890 1312 39 21 och

176 1346 44 22 fast
235 1346 88 26 erlägga
338 1345 59 21 skatt
412 1344 40 22 och
467 1345 67 21 andra
548 1344 90 28 pålagor
653 1347 56 19 samt
723 1345 94 27 fullgöra
832 1346 26 22 de
872 1346 58 28 skyl-

177 1381 104 27 digheter,
298 1380 34 27 lag
347 1379 83 27 bjuder.

523 1408 10 27 $
550 1409 33 20 21.

248 1449 33 21 De
303 1449 7 20 i
333 1449 59 20 aktiv
415 1449 66 26 tjenst
500 1448 106 21 anställde
621 1449 50 26 lyda
686 1449 68 20 under
769 1449 104 27 krigsrätt
889 1450 39 21 och

176 1484 74 21 dömas
266 1483 34 21 för
314 1483 61 21 brott
390 1482 39 21 och
444 1481 116 22 förseelser
575 1482 66 27 enligt
658 1483 25 20 de
695 1482 34 21 för
738 1482 70 22 finska
819 1483 109 22 militären
