1042 1695
230 147 12 20 6
416 147 28 17 U.
457 146 31 17 B.
502 155 21 3 —
537 146 81 23 Prop.
631 146 46 17 N:o
689 145 40 18 38.

199 210 63 22 rande
282 210 58 27 syfte,
362 209 90 22 uttalade
475 209 114 22 Ständerna
604 210 39 21 den
659 209 140 27 underdäniga
814 208 81 26 önskan,
913 208 32 21 att

200 252 26 15 en
240 245 78 22 komitö
333 245 24 21 af
368 245 128 27 sakkunniga
510 251 95 21 personer
621 245 42 20 före
680 243 149 28 derpäföljande
845 243 99 28 landtdag

201 280 65 22 måtte
288 280 84 21 beredas
394 281 82 20 tillfälle
499 281 31 20 att
549 280 27 28 pä
591 280 67 28 grund
674 280 23 21 af
710 280 39 21 den
765 279 119 26 erfarenhet,
900 285 45 15 som

202 316 34 22 vid
251 315 157 28 tillämpningen
424 316 23 21 af
460 315 89 22 nämnda
565 315 119 28 förordning
698 315 90 26 vunnits,
804 315 55 27 yttra
869 314 32 28 sig
912 320 32 15 om

202 352 46 21 dess
262 351 122 28 lämplighet
400 351 43 26 och,
461 351 34 22 der
510 351 121 22 förändrade
647 351 126 28 stadganden
788 351 7 20 i
811 357 24 14 en
849 350 49 21 eller
909 356 36 15 an-

203 394 40 15 nan
266 387 33 21 del
322 387 72 21 funnes
414 387 22 21 af
449 387 95 22 behofvet
559 386 112 28 päkallade,
688 387 105 21 inkomma
808 386 47 21 med
870 385 77 28 förslag

204 423 32 21 till
259 429 27 21 ny
308 422 122 27 författning
452 423 7 20 i
482 423 75 25 ämnet,
582 422 77 21 hvilket
679 422 88 21 derefter
782 422 65 21 skulle
862 421 7 21 i
885 420 63 28 nådig

205 458 125 27 proposition
350 458 81 21 landets
451 458 82 21 dernäst
548 457 192 22 sammanträdande
757 457 86 22 Ständer
859 456 88 27 föreläg-

205 500 42 20 gas.
280 493 101 28 Slutligen
401 493 161 28 tillkännagäfvo
583 493 32 27 sig
631 493 114 21 Ständerna
760 493 44 20 icke
819 492 61 21 hafva
895 492 53 21 kun-

205 529 37 20 nat
264 528 77 27 afgifva
363 527 63 28 nägot
444 528 94 27 yttrande
555 528 104 27 angäende
674 528 25 21 de
713 528 8 20 i
736 527 75 28 nädiga
826 527 123 27 propositio-

206 570 39 14 nen
260 563 86 27 intagna
361 563 163 22 administrativa
539 563 186 27 bestämningarna,
742 569 34 15 om
791 563 78 21 hvilkas
885 563 64 20 ända-

206 598 143 28 mälsenlighet
370 598 99 21 derintills
489 598 22 21 sä
526 599 59 27 ringa
601 599 114 20 erfarenhet
729 598 84 21 vunnits
829 598 38 21 och
881 597 70 22 hvilka

206 634 106 21 dessutom
334 634 108 27 uppgjorts
465 634 98 21 beroende
579 634 23 21 af
615 641 25 14 en
656 641 67 14 annan
738 634 48 27 plan
802 636 25 19 än
843 633 45 26 den,
905 639 46 16 som

206 669 57 28 legat
278 670 33 20 till
326 669 68 28 grund
408 669 32 22 för
456 669 123 22 Ständernas
594 670 106 21 redaktion
716 669 23 21 af
751 669 154 28 författningen.

280 704 66 21 Sedan
369 704 38 21 den
430 705 24 20 af
467 705 114 21 Ständerna
596 705 86 21 sälunda
697 705 91 28 antagna
803 704 148 28 författningen

208 740 59 21 äfven
282 740 74 21 vunnit
372 740 57 21 Hans
444 740 115 28 Kejserliga
573 740 107 27 Majestäts
694 740 152 28 godkännande,
858 739 93 22 utfärda-

210 775 34 22 des
259 776 7 21 i
282 775 90 28 enlighet
388 775 82 22 dermed
486 775 74 29 nådiga
575 776 145 27 förordningen
736 775 104 28 angående
856 775 96 28 flottning

210 811 22 22 af
250 811 123 28 skogsalster
394 811 38 22 den
449 812 27 21 24
492 818 55 15 mars
563 812 63 26 1873,
643 812 140 21 hvarförutom
800 811 39 22 den
854 811 99 22 särskilda

209 853 29 15 nu
260 847 95 27 gällande
378 847 190 28 ordningsstadgan,
589 847 140 21 innefattande
750 847 24 21 de
791 847 163 21 administrativa

209 881 70 28 påbud
301 882 85 21 rörande
409 882 128 29 flottningen,
558 883 69 21 hvilka
641 883 44 21 icke
700 882 69 29 ingått
782 882 9 21 i
806 882 89 22 nämnda
910 882 43 21 för-

210 917 93 28 ordning,
319 917 123 28 uppgjordes
458 917 26 28 på
500 918 67 28 grund
583 918 22 21 af
619 919 29 20 ett
664 919 47 20 utaf
723 918 158 27 Forststyrelsen
894 918 59 21 utar-

210 953 71 21 betadt
303 953 77 28 förslag
402 954 37 21 och
462 956 160 25 guvernörernes
644 954 7 21 i
673 954 70 21 landet
766 953 91 22 deröfver
876 953 78 29 afgifna

210 989 128 21 utlåtanden.

281 1025 49 21 Med
346 1025 109 28 anledning
471 1025 22 21 af
507 1025 123 22 Ständernas
645 1026 8 20 i
669 1025 71 22 anförd
755 1025 66 21 måtto
836 1025 69 21 derom
920 1025 35 20 ut-

211 1060 68 21 talade
300 1060 76 21 önskan
396 1060 103 21 nedsattes
514 1060 27 28 på
555 1060 58 22 Hans
628 1061 115 27 Kejserliga
758 1060 107 27 Majestäts
881 1060 75 27 nådiga

211 1095 113 27 befallning
347 1095 114 22 sedermera
484 1102 24 15 en
531 1096 76 21 komité
626 1096 23 21 af
662 1095 125 28 sakkunnige
802 1098 55 23 män,
873 1095 82 21 hvilken

212 1131 77 20 komité
311 1131 167 20 sammanträdde
500 1131 8 21 i
530 1131 71 28 början
624 1131 23 21 af
667 1131 93 21 sistlidna
783 1131 22 21 år
828 1131 60 25 samt,
905 1130 51 21 efter

213 1165 109 21 verkställd
338 1166 126 28 granskning
479 1165 23 22 af
515 1166 136 27 nyssnämnda
665 1166 75 27 nådiga
750 1165 125 28 förordning,
887 1166 70 21 aflem-

213 1201 51 21 nade
286 1201 17 28 ej
319 1201 79 20 mindre
414 1201 137 28 underdånigt
565 1201 95 28 yttrande
675 1202 7 20 i
698 1201 75 26 ämnet,
791 1203 25 20 än
832 1201 77 27 förslag
924 1201 33 21 till

213 1236 56 20 såväl
289 1243 27 20 ny
331 1236 124 27 förordning,
472 1243 44 13 som
532 1243 27 20 ny
574 1237 171 26 ordningsstadga
759 1236 86 20 rörande
861 1236 96 26 flottning

214 1271 22 20 af
257 1271 129 27 skogsalster.
417 1271 37 19 Uti
476 1270 86 21 berörda
577 1270 100 28 yttrande,
694 1270 98 21 hvarmed
807 1270 150 27 motiveringen

214 1305 23 21 af
264 1304 102 23 komiténs
396 1304 209 29 författningsförslag
633 1305 177 28 sammanhänger,
839 1304 118 22 framhälles

214 1341 73 21 främst
309 1341 98 21 hurusom
430 1341 38 26 väl,
494 1341 64 22 under
573 1341 38 21 den
627 1341 59 21 korta
700 1341 31 21 tid
746 1341 154 27 ifrågavarande
915 1341 43 21 för-

215 1376 87 27 ordning
324 1376 8 21 i
354 1376 46 21 hela
416 1377 44 20 dess
476 1376 48 21 vidd
539 1376 120 27 tillämpats,
676 1377 76 26 ganska
767 1376 59 28 ringa
842 1376 116 21 erfarenhet

215 1412 78 21 kunnat
313 1411 71 22 vinnas
404 1418 34 15 om
459 1412 45 21 dess
519 1411 127 29 lämplighet,
662 1412 53 21 helst
731 1412 62 21 sådan
810 1411 77 22 ordnad
901 1412 57 21 flott-

215 1448 39 26 led,
279 1454 43 15 som
346 1447 64 27 enligt
433 1447 144 28 förordningen
600 1447 62 22 borde
685 1447 148 28 ävägabringas
848 1447 8 21 i
871 1447 41 22 alla
926 1447 33 21 till

216 1483 96 28 flottning
328 1482 125 22 allmännare
468 1482 119 29 begagnade
603 1482 126 28 vattendrag,
747 1482 26 22 dä
789 1485 54 18 ännu
857 1483 43 21 icke
911 1483 48 20 fun-

264 1533 134 19 Sammansatta
414 1533 50 24 Lag-
480 1532 32 20 och
527 1533 181 18 Ekonomiutskottets
723 1531 112 21 betänkande
849 1532 37 19 N:o
902 1531 17 20 8.
