1034 1695
426 107 50 41 N:0.
486 107 49 41 433
793 114 26 20 23

97 177 80 22 den.af
190 183 126 24 egaren
283 172 27 40 mu
326 176 101 23 fordrade
441 177 143 28 köpeskilling
593 177 24 23 af
625 179 92 29 760,000
725 177 63 22 rubel
798 177 53 22 eller

97 212 97 27 omkring
213 213 114 26 2,660,000
346 212 61 21 mark
428 212 49 22 icke
496 212 119 28 obetydligt
636 212 117 27 öfverstiga
776 212 27 22 de
817 212 34 21 till

94 246 84 22 inlösen
193 246 131 28 hembjudna
336 246 166 27 lägenheternas
517 247 72 26 värde,
612 249 53 20 enär
679 247 28 21 de
722 246 23 22 af
757 246 94 27 säljaren

95 280 47 22 frän
164 281 68 27 köpet
254 281 140 27 undantagna
418 281 127 27 fastigheter
569 281 70 22 mäste
664 281 129 27 uppskattas
817 280 34 22 till

95 315 66 22 minst
183 317 91 25 180,000
293 315 67 25 mark,
383 315 77 22 trodde
478 315 120 28 Kejserliga
620 315 95 22 Senaten
734 315 34 27 sig
787 315 62 26 dock,

95 349 68 22 sedan
185 349 44 22 alla
250 350 74 22 försök
345 351 34 21 att
392 350 29 27 pä
434 349 150 28 förmänligare
605 349 70 23 vilkor
693 349 70 22 inlösa
775 349 74 27 lägen-

94 384 92 22 heterna
203 384 76 28 aflupit
293 384 108 27 fruktlöst,
416 385 53 21 böra
483 384 40 22 hos
538 385 60 22 Hans
612 384 122 28 Kejserliga
747 383 104 28 Majestät

94 418 116 21 hemställa
225 424 33 15 om
273 418 98 22 tillständ
386 420 33 19 att
433 418 80 21 afsluta
526 418 44 27 köp
588 424 34 15 om
637 418 83 28 godsen
737 418 30 27 pä
786 418 27 21 de
827 416 24 22 af

94 453 96 27 säljaren
200 452 117 27 betingade
326 452 75 27 vilkor,
417 453 90 22 emedan
517 453 83 22 inlösen
610 452 23 22 af
642 453 65 22 dessa
715 451 135 23 vidsträckta

94 487 54 27 gods
163 487 102 28 utgjorde
280 489 33 20 ett
327 487 137 27 oeftergifligt
478 487 69 22 vilkor
560 486 34 23 för
605 489 32 20 ett
647 487 83 28 slutligt
739 487 110 21 ordnande

94 521 23 22 af
132 521 276 22 donationsförhällandena
421 522 58 21 inom
493 522 65 27 länet,
575 523 57 21 samt
646 522 83 27 möjligt
742 527 51 16 vore
809 522 39 25 att,

93 556 8 21 i
120 555 38 22 fall
178 555 37 22 det
235 555 91 23 sälunda
345 555 104 28 erbjudna
469 556 93 22 tillfället
579 556 111 22 lemnades
705 555 142 28 obegagnadt,

94 589 202 29 donationsfrägans.
318 591 85 27 lösning
424 590 70 23 blefve
515 591 108 22 beroende
645 591 34 21 till
701 597 27 16 en
752 589 96 28 aflägsen

93 624 93 23 framtid.

159 665 11 22 I
192 665 96 27 enlighet
308 665 50 22 med
380 665 104 22 Senatens
506 665 156 27 framställning
683 665 86 22 täcktes
786 665 61 22 Hans

92 699 124 28 Kejserliga
230 700 103 27 Majestät
345 700 79 27 jemväl
439 700 7 21 i
461 701 67 21 näder
542 699 76 28 tilläta,
640 701 34 21 att
691 700 83 27 godsen
791 699 56 28 finge

93 734 81 22 inlösas
191 734 40 22 och
247 735 41 21 den
303 735 115 26 betingade
437 735 172 27 köpeskillingen
626 736 93 25 760,000
735 734 62 22 rubel
814 734 35 21 till

93 769 94 27 säljaren
210 769 111 21 utbetalas
343 775 26 15 ur
390 769 258 22 öfverskottsstatsmedel
673 769 8 21 i
705 768 142 27 statsfonden,

94 809 47 15 som
156 803 123 22 sedermera
295 803 67 22 borde
377 803 23 21 af
409 803 192 22 donationsfonden
611 805 93 20 ersättas
714 802 33 23 för
762 803 25 22 sä
802 805 46 19 stor

93 837 35 21 del
144 837 23 21 af
179 837 162 27 köpesumman,
357 843 46 15 som
419 837 36 21 vid
470 837 94 22 skeende
578 837 119 26 värdering,
712 839 54 19 utan
781 837 66 21 dona-

92 871 179 22 tionsböndernes
296 872 147 26 betungande,
473 872 98 26 skäligen
595 870 73 23 kunde
693 870 154 28 landbolägen-

92 906 90 21 heterna
198 906 90 22 äsättas.

159 946 51 22 Med
228 946 55 22 huru
302 947 56 21 stort
372 946 79 27 belopp
475 945 190 23 donationsfonden
688 945 56 22 skall
762 945 86 21 komma

93 981 33 20 att
142 980 86 27 deltaga
243 980 31 22 uti
293 980 171 28 köpeskillingen
482 980 43 22 kan
543 980 55 22 först
617 980 54 22 efter
689 979 84 22 slutadt
792 981 55 20 stor-

93 1014 64 22 skifte
172 1014 141 27 bestämmas;
329 1015 56 22 dock
400 1021 63 21 synes
480 1015 37 22 det
532 1014 22 22 af
572 1014 275 28 taxeringskommissionen

91 1049 8 21 i
113 1048 154 24 ofvanstäende
282 1050 69 21 mätto
365 1049 33 22 för
407 1049 233 27 landbolägenheterna
650 1048 122 27 föreslagna
781 1049 66 21 värde

91 1083 25 22 af
128 1083 76 22 inalles
222 1085 113 26 1,844,623
350 1084 61 21 mark
432 1084 54 22 böra
500 1084 8 22 i
522 1084 48 22 icke
584 1084 62 26 ringa
668 1084 50 21 män
727 1083 119 21 nedsättas.

158 1130 127 22 Emellertid
298 1130 40 22 har
353 1130 76 27 ätgärd
446 1130 100 28 vidtagits
562 1130 82 22 derhän
658 1131 33 20 att
706 1128 47 23 frän
767 1128 78 28 ifräga-

92 1164 94 22 varande
202 1164 61 28 gods,
279 1165 25 21 sä
318 1164 43 22 fort
371 1164 40 22 ske
420 1164 49 27 kan,
485 1165 99 27 utbrytes
598 1164 34 22 för
642 1166 33 20 att
685 1163 23 22 af
717 1164 131 21 statsverket

94 1199 136 27 disponeras:

158 1238 58 22 inom
231 1238 117 28 Walkjärvi
365 1239 68 26 gods:
457 1240 32 20 ett
511 1238 102 28 hofläger,
632 1238 87 22 hvartill
734 1238 114 22 Weikkola

92 1272 40 22 och
148 1272 160 23 Walkiamatka
323 1274 103 21 stommar
441 1273 62 22 skola
519 1272 146 27 sammansläs,
682 1272 40 22 och
733 1278 27 16 en
769 1272 78 21 krono-

91 1307 55 26 park
159 1307 51 21 med
220 1314 27 14 en
263 1307 92 27 egovidd
369 1307 23 22 af
404 1309 65 25 4,000
487 1307 34 22 till
536 1309 63 25 5,000
612 1307 106 22 tunnland
732 1307 7 20 i
750 1307 99 27 sydöstra

90 1340 64 22 delen
170 1339 24 22 af
207 1341 84 26 godset,
307 1342 56 20 samt

158 1380 58 21 inom
232 1379 114 28 Pyhäjärvi
361 1379 63 28 gods:
441 1380 36 22 tvä
486 1380 153 28 kronoparker,
657 1379 42 22 den
709 1385 41 16 ena
759 1379 8 21 i
776 1385 71 20 norra,

91 1415 43 21 den
157 1414 67 22 andra
242 1414 8 21 i
269 1415 100 28 sydöstra
387 1414 62 22 delen
469 1414 23 22 af
512 1414 132 27 egendomen
668 1415 50 21 med
741 1420 26 15 en
789 1413 59 22 areal

90 1449 24 22 af
130 1449 141 22 tillsammans
290 1449 89 27 ungefär
397 1450 76 25 12,000
493 1449 111 27 tunnland,
623 1448 41 23 och
683 1448 112 22 dessutom
814 1450 33 20 tre
