1034 1692
294 162 80 23 Ständ.
390 162 37 23 Sv.
443 176 27 2 —
486 163 70 27 Prop.
572 164 40 22 N:o
628 163 35 22 35.
813 165 13 21 3

104 232 30 20 att
149 230 49 22 vald
216 230 157 29 landtdagsman
392 231 53 21 skall
464 231 81 28 åtnjuta
559 232 111 21 underhåll
685 232 38 22 och
739 232 114 29 ersättning

103 264 33 22 för
150 264 136 22 resekostnad
307 264 33 22 »af
353 265 53 25 dem,
423 266 73 21 hvilka
514 267 38 19 äro
568 266 171 27 valberättigade
753 266 8 21 i
777 266 34 21 det
827 266 28 22 di-

104 298 68 26 strikt,
184 306 45 14 som
238 300 65 20 utsett
317 299 97 25 honom,»
430 307 49 13 men
494 300 133 28 egenskapen
642 301 31 20 att
687 308 50 13 vara
753 300 100 22 valberät-

102 332 58 29 tigad
181 333 58 21 inom
258 333 157 23 Presteständet
431 333 84 29 jemlikt
534 334 27 21 14
581 334 13 26 8
608 333 87 23 förloras
710 334 23 21 af
746 334 46 26 den,
808 342 45 14 som

103 367 44 22 före
170 368 56 21 valet
248 367 33 22 till
303 368 56 22 detta
377 368 62 22 ständ
454 368 64 22 redan
534 368 86 28 deltagit
634 368 8 21 i
656 368 35 22 val
705 368 32 22 för
752 368 100 28 Borgare-

104 402 88 26 ständet,
214 402 22 21 sä
258 410 49 14 vore
329 409 76 20 genom
419 402 36 22 det
477 402 117 29 föreslagna
608 402 124 28 stadgandet
747 410 27 14 en
788 405 65 27 utväg

104 436 83 29 öppnad
206 435 33 22 för
256 437 25 21 de
299 436 34 22 till
345 437 127 21 läroständet
489 437 93 21 hörande
597 437 90 25 valmän,
703 436 73 22 hvilka
791 437 62 22 äfven

104 470 52 29 egde
174 471 76 22 valrätt
272 471 57 21 inom
346 471 182 29 Borgareständet,
544 473 32 20 att
594 471 135 29 undandraga
744 471 32 28 sig
791 472 64 21 delta-

104 505 67 29 gande
193 505 7 21 i
223 505 25 22 de
271 505 12 22 &
301 505 55 22 färre
379 506 84 22 valmän
485 505 105 22 fördelade
612 505 38 21 och
669 505 81 22 derföre
766 506 87 28 drygare

104 539 139 22 kostnaderna
265 539 32 22 för
319 540 104 21 ombuden
445 540 59 21 inom
525 539 163 22 Presteständet.
719 540 51 21 Men
792 540 62 22 äfven

106 582 34 14 om
162 574 26 21 de
206 574 103 22 motstode
332 582 26 13 en
377 574 64 22 sädan
459 574 99 26 frestelse,
574 573 23 22 sä
615 574 69 21 skulle
699 574 59 21 deras
773 575 34 21 lön
822 574 33 22 för

105 609 69 21 denna
196 608 124 29 uppoffring,
339 614 37 16 när
395 609 36 21 det
452 608 34 22 val
501 608 33 22 till
548 608 181 28 Borgareständet,
746 608 108 22 hvarifrån

104 643 26 21 de
153 642 84 22 afhällit
259 642 37 29 sig,
312 642 89 30 föregätt
423 643 56 21 valet
497 643 34 21 till
545 642 164 25 Presteständet,
725 642 66 22 blifva
805 643 47 25 den,

104 679 31 20 att
150 677 31 26 de,
197 677 68 22 säsom
283 677 162 29 valberättigade
464 677 33 21 till
510 678 65 27 begge
591 677 94 26 ständen,
701 677 55 28 finge
771 677 82 29 deltaga

104 712 8 22 i
133 711 140 22 kostnaderna
295 711 52 23 bäde
365 711 31 23 för
411 712 83 21 stadens
509 711 76 22 ombud
600 711 8 21 i
623 711 177 29 Borgareständet
814 712 38 21 och

105 746 33 22 för
152 745 137 23 läroständets
305 746 76 22 ombud
396 746 8 21 i
419 746 163 22 Presteständet.

172 780 36 22 En
222 780 146 30 utsträckning
386 780 23 22 af
422 781 106 21 städernas
546 780 99 28 politiska
659 780 76 22 valrätt
750 780 33 22 till
797 780 56 22 med-

104 816 88 21 lemmar
214 814 23 22 af
255 815 25 21 de
299 815 23 22 sä
336 815 82 22 kallade
433 814 159 30 privilegierade
608 814 88 22 ständen
712 814 141 22 öfverhufvud

105 858 49 14 anse
165 850 119 22 Ständerna
299 850 79 21 således
393 850 46 21 icke
454 850 56 25 böra,
526 849 126 22 åtminstone
666 849 33 22 för
713 850 138 26 närvarande,

104 885 8 21 i
126 884 58 29 fråga
194 885 94 25 komma;
305 885 96 21 hvarföre
417 885 40 22 den
472 885 118 28 föreslagna
604 885 108 28 lagtexten
726 885 8 21 i
749 884 104 23 öfverens-

105 919 119 22 stämmelse
240 919 87 22 härmed
342 919 69 22 blifvit
426 919 23 22 af
463 919 117 22 Ständerna
595 919 84 22 ändrad.

173 953 117 22 Ständerna
311 953 56 22 hålla
388 953 72 22 vidare
479 953 51 26 före,
546 956 30 19 att
592 953 25 22 de
632 953 7 21 i
654 953 64 22 andra
733 953 83 29 stycket
831 953 22 22 af

104 987 249 30 Landtdagsordningens
375 996 28 13 nu
425 988 95 29 gällande
543 988 27 21 12
586 989 12 25 &
614 987 103 29 ingående
739 988 65 21 orden
821 988 34 22 »så

104 1021 64 23 framt
183 1022 25 21 de
224 1027 34 16 äro
273 1022 7 21 i
295 1022 73 22 staden
383 1022 154 26 skattskrifne,»
554 1022 73 22 hvilka
642 1022 37 21 ord
694 1022 18 28 ej
724 1022 131 22 förekomma

104 1057 8 20 i
127 1057 142 28 lagförslagets
285 1057 144 21 motsvarande
445 1057 78 28 stycke,
539 1057 63 21 borde
618 1057 36 20 der
668 1056 119 29 återgifvas.
811 1057 44 22 Det

104 1091 95 22 inträffar
220 1091 106 28 nemligen
348 1091 103 26 stundom,
467 1093 31 20 att
516 1099 99 20 personer
636 1091 24 21 af
673 1099 26 14 en
719 1091 50 22 eller
784 1099 69 14 annan

106 1125 61 22 orsak
182 1125 32 21 för
229 1125 67 29 någon
311 1125 31 22 tid
357 1125 79 22 bosätta
451 1126 32 28 sig
497 1125 8 21 i
520 1134 25 13 en
560 1125 52 26 stad,
624 1125 37 22 der
677 1126 25 21 de
719 1125 17 29 ej
753 1130 35 17 äro
799 1134 56 13 man-

107 1159 127 25 talsskrifne,
245 1168 49 13 men
309 1160 8 21 i
331 1159 87 22 hvilken
434 1160 25 21 de
473 1159 66 22 likväl
554 1160 26 28 pä
595 1160 68 27 grund
678 1159 23 22 af
713 1161 13 20 3
743 1161 12 24 &
775 1160 3 20 i
791 1161 66 20 Kom-

106 1193 136 29 munallagen
257 1194 72 21 kunna
344 1193 66 22 blifva
425 1194 136 21 medlemmar
576 1193 23 22 af
607 1193 193 22 stadskommunen.
821 1193 35 22 Dä

106 1228 26 21 de
155 1228 45 21 åter
221 1228 68 21 såsom
307 1227 76 22 sädane
399 1233 34 16 äro
449 1228 37 21 der
500 1227 154 22 underkastade
669 1228 102 28 taxering,
788 1228 68 21 skulle

107 1263 53 25 dem,
176 1263 7 20 i
201 1262 37 22 fall
257 1262 159 29 bestämningen
439 1270 33 14 om
488 1263 162 28 skattskrifning
672 1263 101 22 uteslutes
789 1271 25 13 ur
830 1263 26 20 12

106 1298 20 25 8,
142 1297 73 21 kunna
235 1297 64 28 enligt
315 1297 27 21 14
357 1299 14 24 &
386 1297 137 22 tillerkännas
541 1298 76 21 valrätt
632 1297 7 22 i
654 1297 41 22 den
709 1297 52 26 stad,
778 1297 37 22 der
829 1297 26 22 de

106 1333 70 18 senast
197 1331 67 21 bosatt
286 1331 37 27 sig,
340 1331 66 20 ehuru
429 1331 25 20 de
477 1331 99 28 möjligen
592 1330 62 22 äfven
669 1331 86 27 ansäges
770 1331 50 20 böra
834 1330 22 21 fä

106 1363 82 28 åtnjuta
209 1364 76 21 valrätt
299 1363 8 21 i
322 1363 41 22 den
385 1364 51 25 stad,
453 1364 36 21 der
508 1365 25 20 de
548 1363 64 22 hafva
634 1364 35 21 sitt
685 1366 54 19 rätta
753 1363 101 26 hemvist;

108 1398 50 21 eller
178 1398 39 21 ock
239 1397 77 26 kunde,
332 1397 8 22 i
354 1397 37 22 fall
406 1398 25 21 de
455 1405 36 21 ega
511 1398 50 21 eller
576 1398 76 21 besitta
674 1397 47 29 jord
744 1398 27 29 pä
785 1397 71 22 landet

106 1433 38 21 och
161 1432 35 22 det
218 1432 18 29 ej
252 1440 49 13 vore
316 1432 95 28 ostridigt
427 1433 30 20 att
476 1433 25 21 de
515 1433 52 21 höra
581 1432 33 22 till
629 1433 183 28 Borgareständet,
828 1432 26 22 de

106 1467 84 22 komma
205 1469 30 20 att
249 1467 107 22 betraktas
371 1466 67 22 såsom
453 1467 163 28 valberättigade
631 1467 27 28 pä
672 1467 77 22 landet.
774 1461 81 28 Ätmin-

107 1504 59 20 stone
180 1501 72 24 kunde
267 1501 7 22 i
290 1501 72 30 dylika
376 1501 37 22 fall
428 1501 112 22 förefinnas
560 1502 112 29 anledning
687 1501 33 24 till
735 1510 26 14 en
776 1501 80 24 olikhet
