1025 1698
205 161 13 20 9
399 159 28 19 U.
440 160 27 17 B.
479 169 24 4 —
514 160 78 22 Prop.
606 160 46 18 N:o
664 161 41 17 41.

175 228 93 26 utgifter
283 230 37 19 äro
336 229 111 26 upptagna
461 228 33 21 till
512 229 111 25 1,835,000
638 229 62 20 mark
715 229 33 21 för
763 229 53 21 året.
846 229 81 21 Enäri

177 262 161 27 statsförslaget
353 262 33 21 för
401 262 145 21 innevarande
561 262 24 21 är
600 263 60 20 detta
677 263 156 27 utgiftsbelopp
852 265 24 19 är
894 266 33 19 ut-

177 296 59 21 fördt
259 296 48 21 med
331 297 120 26 2,237,637:
474 297 33 26 89,
524 297 62 21 torde
601 297 114 21 Utskottet
729 297 54 22 böra
797 298 84 27 påpeka
895 300 33 19 att

177 331 107 21 olikheten
308 331 109 21 sannolikt
439 331 63 22 beror
525 331 72 27 derpä,
616 333 32 20 att
666 332 7 21 i
690 333 161 26 statsförslaget
865 332 62 27 ingär

176 365 119 22 kostnaden
318 365 34 22 för
373 365 108 22 särskilda
502 366 161 27 nybyggnader,
682 366 74 21 hvilka
770 367 7 20 i
793 367 41 21 den
848 367 79 26 nädiga

176 400 161 27 propositionen
360 402 37 19 äro
417 400 104 21 särskildt
539 400 128 22 beräknade.
698 401 45 21 När
757 401 170 27 gardesbataljo-

176 441 41 14 nen
239 434 71 21 blifvit
333 434 56 21 stäld
411 435 28 26 pä
462 435 41 21 den
525 435 38 26 fot,
582 435 87 26 bilagan
688 435 33 21 IIE
740 436 33 20 till
793 436 40 21 den
848 436 79 27 nådiga

175 469 162 26 propositionen
360 470 98 20 närmare
482 471 112 24 upptager,
620 469 96 22 kommer
741 470 41 21 den
806 472 33 19 att
862 470 65 21 kosta

176 504 91 26 380,000
283 504 61 20 mark
359 503 34 21 för
408 504 52 20 äret.
484 504 10 20 I
507 504 125 21 förenämda
645 504 78 27 belopp
739 506 111 24 1,835,000
865 505 61 21 mark

176 540 25 19 är
223 538 132 21 inberäknad
370 538 135 26 bataljonens
520 538 124 22 nuvarande
659 540 50 25 stat,
725 539 86 21 hvilken
826 540 7 20 i
848 546 78 20 propo-

177 573 99 26 sitionen,
298 579 49 20 pag.
365 574 17 25 1,
398 572 113 27 uppgifves
530 573 33 21 till
579 574 97 25 446,000,
693 580 48 14 men
757 580 45 15 som
818 574 67 26 enligt
900 574 26 22 de

178 608 84 20 senaste
282 607 63 21 ärens
361 606 136 28 statsförslag
513 607 113 26 rätteligen
642 608 64 26 utgör
721 608 99 26 omkring
835 609 91 25 418,000

175 638 67 35 mark.
506 643 3 3 N

246 676 44 22 Det
312 678 24 19 är
359 676 83 21 säledes
461 676 90 27 ungefär
567 676 111 26 1,400,000
694 676 67 27 mark,
778 677 52 21 eller
844 677 82 22 hälften

176 711 23 21 af
219 710 168 22 militiefondens
407 710 121 27 tillgångar,
545 716 46 16 som
606 710 47 22 icke
669 712 24 20 är
709 711 119 27 disponibel
843 712 34 21 till
892 714 33 19 ut-

176 746 92 26 gifterna
283 745 34 21 för
332 745 41 21 den
388 750 41 22 nya
444 745 262 26 militärorganisationen.
736 746 33 20 En
784 746 96 27 betydlig
891 746 34 21 del

176 780 23 22 af
212 780 26 21 de
253 780 81 26 anslag,
351 785 48 15 som
413 778 90 22 sålunda
518 780 96 26 upptaga
628 778 85 27 fonden,
729 780 62 21 torde
807 780 39 21 allt
860 780 65 21 fram-

175 816 51 26 gent
248 814 86 21 komma
357 815 32 19 att
410 813 48 21 från
481 813 123 21 densamma
624 814 58 26 utgå.
713 814 11 21 I
739 820 26 15 en
781 814 34 21 del
831 816 24 19 är
870 815 55 21 dock

175 856 27 15 en
224 848 108 23 successiv
354 848 156 27 förminskning
532 849 33 20 att
580 850 98 25 emotses,
695 848 107 27 nämligen
817 849 7 21 i
839 849 86 28 indrag-

174 884 166 27 ningsstaterna.
370 883 23 20 F.
410 883 19 20 d.
445 882 235 27 inspektörsstyrelsen,
697 883 14 20 f.
728 883 19 20 d.
763 883 161 27 krigskommis-

176 919 89 21 sariatet
288 919 56 20 samt
362 917 26 21 de
403 917 51 21 ären
471 917 61 26 1810,
550 917 60 26 1830,
628 917 52 21 1861
698 917 40 21 och
755 918 53 21 1868
823 918 102 27 upplösta

174 955 90 26 trupper
286 952 89 27 betinga
389 952 68 26 enligt
471 952 144 20 innevarande
630 951 36 21 års
682 952 138 27 statsförslag
835 953 90 26 utgifter

174 988 24 21 af
211 987 157 27 sammanlagdt
383 987 90 25 229,228
489 986 61 21 mark
566 986 26 21 34
607 986 71 26 penni.
702 985 90 23 Oafsedt
807 989 32 19 att
853 987 70 27 nägon

174 1024 34 21 del
223 1023 23 21 af
260 1023 26 21 de
300 1028 110 22 personer,
425 1021 73 21 hvilka
513 1021 83 27 ätnjuta
611 1021 35 21 lön
662 1021 89 21 emedan
767 1022 62 20 deras
844 1022 79 21 befatt-

173 1058 77 26 ningar
271 1057 72 21 blifvit
365 1056 111 27 indragna,
492 1055 107 21 måhända
613 1055 78 21 varder
706 1056 36 20 vid
757 1056 41 21 den
813 1063 42 20 nya
869 1063 54 21 upp-

173 1092 123 26 sättningen
318 1091 24 21 af
358 1090 81 21 militär
453 1090 8 20 i
475 1090 67 26 tjenst
556 1089 102 26 inkallad,
679 1090 76 26 mäste,
776 1090 67 27 enligt
861 1093 62 19 natu-

172 1132 50 15 rens
238 1126 96 26 ordning,
351 1125 64 21 dessa
429 1124 91 26 utgifter
534 1123 112 22 efterhand
661 1124 104 26 upphöra.

243 1160 33 22 En
301 1165 71 16 annan
395 1160 51 26 post
470 1160 24 19 är
517 1158 40 21 den
579 1157 34 21 för
640 1158 282 28 ingvarteringskostnader,

172 1195 98 26 309,414:
286 1195 27 20 43
328 1194 8 20 i
352 1194 57 20 årets
425 1192 144 26 statsförslag.
650 1191 2 2 |

243 1228 40 26 Då,
303 1228 72 21 såsom
392 1226 35 22 för
443 1226 134 21 närvarande
592 1227 25 19 är
631 1225 67 27 fallet,
714 1226 52 26 rysk
781 1227 80 21 militär
875 1230 25 18 är
914 1228 8 20 i

171 1262 97 28 betydlig
289 1261 79 26 mängd
389 1260 85 26 förlagd
489 1260 7 20 i
512 1266 26 14 en
562 1259 34 21 del
615 1258 23 22 af
655 1259 84 21 landets
755 1260 78 26 städer,
849 1261 74 21 hvilka

171 1297 35 21 till
220 1296 54 28 följd
289 1294 61 22 deraf
363 1294 64 21 hafva
442 1295 32 19 att
489 1293 53 21 bära
558 1299 25 15 en
598 1292 82 27 ganska
691 1293 53 27 dryg
753 1294 169 28 ingvarterings-

172 1333 72 25 tunga,
263 1330 43 22 kan
325 1330 37 21 det
376 1329 35 22 väl
427 1328 76 22 endast
519 1333 63 16 anses
596 1327 50 21 med
661 1328 92 21 rättvisa
768 1328 40 22 och
822 1328 100 29 billighet

172 1364 238 27 öfverensstämmande,
425 1365 33 20 att
479 1363 77 26 bidrag
579 1362 22 21 af
618 1362 107 22 allmänna
740 1363 70 22 medel
825 1364 94 21 tilldelas

172 1401 64 21 dessa
254 1399 192 26 stadskommuner,
461 1397 74 22 hvilka
548 1397 117 27 ingalunda
679 1397 73 21 kunna
766 1397 87 28 pröfvas
868 1405 54 15 vara

171 1436 7 21 i
193 1435 67 28 högre
274 1435 54 27 grad
343 1436 28 19 än
385 1433 70 27 öfriga
469 1433 125 21 kommuner
609 1432 7 21 i
632 1432 73 21 landet
723 1433 91 27 pligtiga
828 1435 33 19 att
875 1433 46 22 vid-

170 1471 82 20 kännas
268 1469 108 22 särskilda
389 1467 147 28 uppoffringar
550 1466 34 22 för
599 1467 196 21 militärväsendets
805 1468 113 21 underhåll

241 1508 200 23 Värnepligtsutskottets
453 1507 106 18 betänkande
571 1506 33 17 N:o
616 1506 18 17 2.
