1034 1689
227 159 27 20 38
531 155 56 24 No
602 155 46 23 BW.

540 225 12 26 8
570 224 34 21 25.

269 265 82 22 Blifver
374 265 47 20 frän
444 264 58 21 förut
526 264 112 27 begagnad
653 263 64 22 karta
731 263 130 26 anteckning
875 262 70 27 utplä-

202 301 43 20 nad
268 299 53 22 eller
343 299 63 26 eljest
427 299 115 26 borttagen
561 298 7 21 i
584 297 100 21 ändamäl
706 299 33 19 att
757 297 42 21 slik
814 297 63 20 karta
891 297 55 27 änyo

202 334 105 26 använda,
322 339 50 15 vare
387 333 42 26 lag,
446 339 44 15 som
507 335 62 24 säges
584 332 8 20 i
607 333 13 19 3
633 332 11 27 $
655 331 13 21 8
678 331 93 27 kapitlet
781 331 165 27 Missgernings-

202 368 85 21 balken.

542 411 12 28 8
572 411 36 21 26.

271 452 168 21 Vederbörande
462 451 87 22 fiskaler
568 451 40 21 och
622 450 172 27 kronoäklagare
808 451 8 20 i
831 450 117 21 allmänhet

204 487 83 26 åligger
308 487 33 19 att
362 486 28 25 pä
405 486 38 21 det
457 486 160 26 noggrannaste
633 485 56 20 vaka
704 485 60 20 öfver
779 485 71 20 denna
864 485 82 22 förord-

204 520 63 26 nings
290 519 129 22 efterlefnad
441 519 40 22 och
506 519 157 23 öfverträdelse
686 519 63 22 deraf
761 519 95 27 lagligen
872 519 75 26 beifra,

204 553 90 22 hvarvid
320 553 26 21 de
369 555 41 25 äga
432 553 61 27 njuta
515 554 57 26 hägn
591 554 40 21 och
646 553 99 28 beskydd
760 553 45 21 lika
820 560 45 15 som
881 554 67 21 andre

204 588 91 20 embets-
319 587 39 21 och
381 587 130 27 tjenstemän
526 589 56 20 samt
596 588 116 27 skyndsam
728 587 40 21 och
783 587 82 28 kraftig
880 588 68 21 hand-

203 621 106 26 räckning
331 621 38 22 hos
394 621 162 22 vederbörande
582 622 149 21 auktoriteter.
769 619 102 30 Fullgöra
887 622 26 21 de
929 621 18 27 ej

204 655 57 21 hvad
284 655 47 21 dem
355 655 91 22 sälunda
467 656 75 26 älagdt
564 657 30 25 är,
616 662 51 15 vare
693 655 84 22 derföre
799 656 50 27 laga
871 662 78 15 ansvar

204 689 168 22 underkastade.

505 777 27 19 6
551 777 97 25 Kap.

206 837 32 20 Om
255 837 86 21 domstol
358 838 6 20 i
380 837 40 21 mål
435 838 87 21 rörande
538 838 159 20 öfrerträdelser
713 838 22 20 af
748 838 65 20 denna
828 837 121 27 förordning

237 874 52 18 samt
307 872 118 26 fördelning
441 872 23 20 af
476 872 66 25 böter,
558 879 42 13 som
617 872 64 26 enligt
697 872 116 21 densamma
828 872 89 21 ädömas.

546 934 12 27 8
573 934 34 21 27.

274 974 125 27 Angifvelse
419 981 33 14 om
467 975 61 21 brott
544 976 56 20 emot
616 975 71 21 denna
702 975 126 26 förordning
843 976 106 25 upptages

209 1009 39 21 och
273 1009 97 20 afdömes
391 1008 23 21 af
433 1009 41 21 den
496 1009 58 26 Rätt,
576 1009 38 20 der
636 1009 83 21 brottet
736 1009 71 21 blifvit
821 1009 128 26 uppenbart,

206 1049 48 15 men
270 1043 49 20 sker
335 1043 36 20 det
385 1043 38 20 vid
439 1043 135 22 embetsverk
590 1042 52 21 eller
657 1043 40 21 ock
706 1043 39 21 hos
756 1043 137 26 tjensteman,
904 1049 45 14 som

206 1076 20 27 ej
249 1078 52 24 äger
324 1076 112 26 domsrätt,
458 1076 90 22 förvises
563 1074 65 23 mälet
643 1076 34 21 till
692 1076 163 22 vederbörande
869 1076 79 21 under-

206 1110 93 21 domstol
314 1110 28 26 pä
357 1109 80 27 stället,
454 1112 33 19 att
502 1111 38 20 der
555 1110 23 21 af
592 1109 97 28 offentlig
704 1110 101 26 äklagare
820 1110 91 21 utföras.

274 1143 46 21 Har
335 1143 131 21 embetsman
483 1144 59 26 felat,
558 1144 142 21 öfverlemnas
715 1144 66 21 mälet
794 1144 34 20 till
839 1144 40 21 den
891 1144 58 21 dom-

206 1177 48 25 stol,
271 1182 44 15 som
331 1176 60 21 öfver
406 1177 54 21 hans
476 1178 68 20 andra
558 1177 199 27 tjensteförseelser
772 1179 51 25 äger
837 1177 112 22 domsrätt.

273 1210 44 20 Vill
343 1210 71 26 nägon
437 1211 80 21 tilltala
539 1211 361 27 kartasigillata-försäljningsman
916 1211 32 21 för

205 1243 29 21 fel
250 1243 8 20 i
273 1243 40 21 och
327 1243 34 20 för
377 1244 49 20 dess
441 1244 129 26 befattning,
588 1244 84 21 anmäle
688 1244 79 21 sädant
781 1244 39 21 hos
835 1245 41 21 den
891 1250 58 20 myn-

207 1276 80 27 dighet,
304 1282 45 15 som
365 1276 78 22 honom
458 1277 118 21 förordnat.

544 1339 12 28 8
574 1340 34 21 28.

272 1379 54 27 Den,
349 1386 45 15 som
417 1380 113 22 underslef
546 1382 58 20 emot
618 1380 71 22 denna
703 1380 127 32 förordning
845 1381 103 27 angifver,

202 1413 95 22 erhäller
312 1414 37 21 tvä
364 1414 131 27 tredjedelar
511 1414 23 22 af
547 1415 19 27 ej
582 1414 84 22 mindre
682 1414 27 22 de
723 1415 69 27 böter,
808 1422 45 15 som
861 1415 88 22 ädömas

207 1448 41 22 den
273 1448 110 27 felaktige,
408 1450 27 20 än
459 1449 23 21 af
506 1449 41 22 den
572 1450 167 20 undansnillade
754 1450 195 27 stämpelafgiften
943 1444 10 37 ;

206 1488 48 16 men
270 1482 41 22 den
326 1482 138 23 återstående
479 1483 133 30 tredjedelen
627 1483 98 22 tillfaller
740 1483 90 25 kronan,
