1042 1695
235 151 14 21 4
420 150 28 20 U.
460 151 32 18 B.
504 160 23 4 —
539 151 82 24 Prop.
633 151 46 19 N:o
692 150 39 20 38.

276 216 30 21 Af
319 216 35 21 det
369 215 85 22 anförda
468 215 97 29 framgår,
581 217 32 21 att
627 216 63 22 bland
705 216 24 21 de
743 216 102 26 ändamål,
857 221 44 16 som
912 214 37 23 be-

205 251 155 28 stämningarna
375 257 33 15 om
423 251 119 28 kungsådra
552 251 157 28 ursprungligen
728 251 61 22 afsett
800 251 31 21 att
842 250 105 28 befrämja,

205 293 70 15 senare
290 287 120 21 tillkommit
423 286 77 28 jemväl
511 286 163 28 möjliggörande
685 287 22 21 af
716 286 167 28 virkesflottning,
895 286 54 22 hvil-

206 322 38 22 ken
267 322 77 22 således
367 322 62 21 redan
452 322 60 28 länge
527 322 54 22 varit
596 322 64 27 enligt
675 322 36 28 lag
725 322 81 21 tillåten
822 322 31 21 uti
869 322 40 21 alla
925 322 24 21 de

206 358 128 27 vattendrag,
358 357 35 21 der
414 357 118 28 kungsådra
551 357 62 21 borde
633 356 65 22 hållas
714 360 71 24 öppen,
803 357 65 21 ehuru
883 356 67 22 denna

206 393 101 28 rättighet
327 392 101 28 sjelffallet
448 392 44 22 icke
513 392 40 21 fått
574 392 80 21 utöfvas
669 392 26 27 på
710 392 112 22 bekostnad
837 392 49 21 eller
901 392 49 22 med

206 427 176 28 tillintetgörande
403 427 22 21 af
439 427 24 21 de
479 427 66 28 öfriga
561 427 126 25 ändamålen,
704 427 104 28 nämligen
823 427 126 28 skyddandet

206 464 24 22 af
242 463 134 22 samfärdseln
394 463 38 21 och
447 462 172 28 fiskerinäringen,
636 462 41 22 lika
691 463 47 21 iitet
753 469 44 15 som
812 463 47 21 med
874 463 75 22 kränk-

206 500 50 27 ning
279 499 23 21 af
322 499 77 20 allmän
422 499 49 20 eller
486 498 79 21 enskild
580 498 125 27 eganderätt.
736 498 70 21 Under
820 498 63 29 långa
897 498 53 22 tider

206 535 37 22 har
263 534 61 22 också
343 534 187 27 virkesflottningen
548 533 79 22 kunnat
642 533 127 22 sammanstå
784 534 37 21 och
837 535 50 21 utan
903 534 46 22 svå-

206 577 44 15 rare
273 569 148 28 förvecklingar
444 569 74 28 sämjas
539 569 64 27 jemte
624 569 58 21 dessa
697 569 66 28 öfriga
777 569 109 26 intressen;
902 576 48 15 men

206 606 62 22 sedan
284 605 96 27 exporten
395 605 23 21 af
431 604 171 28 skogsprodukter
617 604 45 21 från
676 604 95 27 Finland,
787 605 8 20 i
809 604 51 29 följd
875 605 24 22 af
906 606 44 21 trä-

206 641 128 28 varuprisens
357 640 92 27 stegring
471 639 26 28 på
513 639 39 22 den
567 640 109 21 utländska
690 640 130 26 marknaden,
837 641 64 21 under
916 647 33 16 se-

205 683 48 15 nare
273 675 53 22 tider
347 675 52 22 efter
414 675 54 21 band
483 674 102 29 betydligt
599 675 87 27 tilltagit
701 675 54 21 samt
770 675 63 22 vållat
849 676 37 21 allt
901 676 49 21 flera

206 713 37 20 och
259 711 80 22 svårare
354 710 116 22 kollisioner
486 710 25 21 de
527 710 53 21 olika
595 710 112 21 intressena
723 710 93 27 emellan,
830 711 37 22 har
877 711 72 22 behof-

205 748 35 21 vet
260 746 23 22 af
301 749 94 19 närmare
410 745 190 27 lagbestämningar
615 745 85 21 rörande
715 745 122 29 flottningen
853 753 44 15 mer
912 747 38 21 och

205 789 44 15 mer
264 782 56 28 gjort
334 782 32 27 sig
381 780 100 28 gällande,
498 782 49 20 enär
559 780 196 28 virkestransporten
765 782 50 26 icke,
826 781 124 23 åtminstone

204 818 8 21 i
227 817 68 28 någon
316 816 126 28 betydligare
462 816 62 26 skala,
541 816 40 21 kan
596 816 91 27 försiggå
701 816 51 22 utan
767 817 77 21 sådana
858 818 91 22 kollisio-

204 859 38 14 ner
256 852 50 21 eller
320 851 102 22 bedrifvas
435 850 131 22 uteslutande
576 850 56 21 inom
643 851 140 27 kungsådrans
794 852 89 27 område,
895 854 55 21 samt

204 887 99 22 särskilda
318 886 100 22 anstalter
433 885 104 22 dessutom
552 885 115 22 flerestädes
683 889 34 18 äro
734 887 23 21 af
769 887 66 22 nöden
850 888 32 21 för
892 888 57 21 flott-

204 923 87 28 ningens
315 920 150 23 verkställande
491 921 39 21 och
554 921 163 22 underlättande.
749 923 48 20 Med
823 923 94 22 afseende
937 925 13 21 &

205 957 178 28 nödvändigheten
399 956 31 21 att
446 955 138 29 åvägabringa
599 959 93 18 närmare
707 958 126 27 stadganden
849 959 56 21 såväl
916 966 34 15 om

206 994 62 21 sättet
288 993 37 21 och
347 992 89 21 vilkoren
457 991 31 21 för
502 991 101 22 vinnande
620 991 23 21 af
656 992 93 22 tillstånd
763 993 34 21 till
812 994 90 21 flottleds
917 995 33 21 in-

205 1028 95 22 rättande
324 1027 38 22 och
384 1027 140 27 begagnande,
549 1033 44 15 som
616 1027 125 22 beträffande
765 1029 25 20 de
805 1029 76 28 många
897 1031 54 21 olika

206 1062 199 23 rättsförhållanden,
429 1062 69 21 hvilka
519 1062 70 21 kunna
604 1063 74 26 uppstå
693 1063 42 22 dels
752 1065 85 20 emellan
854 1071 60 22 egare
930 1066 23 21 af

206 1099 122 28 skogsalster
344 1097 37 22 och
396 1097 205 28 flottningsmanskap
617 1097 12 21 å
645 1104 42 20 ena,
704 1100 54 20 samt
769 1100 87 26 strand-,
867 1101 82 22 vatten-

205 1135 69 20 verks-
298 1133 38 21 och
358 1133 111 27 fiskeegare
493 1132 27 27 på
535 1132 38 21 den
589 1133 63 22 andra
667 1134 63 26 sidan,
747 1135 43 21 dels
806 1136 86 21 emellan
908 1138 41 20 vir-

205 1169 96 28 kesegare
321 1167 100 27 inbördes,
439 1167 25 22 då
479 1167 48 22 flere
543 1167 74 22 sådane
633 1169 106 28 samtidigt
754 1170 33 21 till
801 1170 97 29 flottning
913 1172 36 21 be-

206 1211 68 22 gagna
296 1209 80 16 samma
398 1203 128 27 vattendrag,
550 1203 124 22 anbefalldes
696 1204 159 28 Forststyrelsen
875 1213 75 22 genom

206 1239 104 22 skrifvelse
332 1238 46 20 från
400 1238 115 27 Kejserliga
536 1237 88 22 Senaten
640 1239 23 20 af
675 1240 40 20 den
732 1241 25 19 11
775 1247 55 14 mars
847 1243 56 20 1870
919 1243 32 20 att

205 1274 105 20 inkomma
325 1271 48 22 med
388 1272 76 26 förslag
479 1272 33 20 till
527 1271 122 29 författning
665 1273 6 21 i
682 1274 79 25 ämnet;
773 1274 37 21 och
821 1276 61 21 sedan
893 1276 58 21 detta

205 1308 108 22 aflemnats
335 1306 54 22 samt
409 1306 189 28 tjenstförrättande
618 1308 131 27 Inspektören
765 1309 32 21 för
811 1310 117 23 fiskerierna
942 1311 8 22 i

204 1344 71 22 landet
298 1342 82 28 afgifvit
402 1342 31 21 ett
455 1342 76 21 honom
555 1343 111 21 affordradt
685 1344 102 28 yttrande,
803 1346 103 27 tillsattes,
923 1348 27 27 pä

204 1378 170 28 Forststyrelsens
388 1377 160 28 framställning,
565 1378 65 28 enligt
645 1379 57 22 Hans
717 1380 116 30 Kejserliga
843 1382 107 29 Majestäts

204 1413 142 28 förordnande,
363 1420 25 15 en
404 1413 22 22 af
439 1413 45 28 fyra
498 1419 96 22 personer
610 1414 108 23 bestående
733 1416 82 29 komité,
831 1418 31 22 för
877 1419 32 22 att
919 1420 31 21 vi-

204 1452 48 23 dare
272 1449 108 24 förbereda
394 1449 89 21 ärendet.
515 1449 73 22 Denna
603 1450 82 27 komité,
705 1452 22 21 af
740 1453 61 22 hvars
816 1454 135 22 medlemmar

204 1494 32 19 en,
250 1485 127 24 beträffande
384 1485 54 21 vissa
446 1484 180 29 hufvudprinciper
635 1486 7 21 i
649 1486 79 29 frågan,
737 1487 59 29 hyste
805 1489 53 22 olika
866 1491 85 28 mening

252 1535 136 20 Sammansatta
402 1534 52 24 Lag-
470 1533 31 20 och
516 1534 182 21 Ekonomiutskottets
712 1537 111 20 betänkande
838 1539 37 19 N:o
891 1538 18 20 8.
