1042 1695
155 446 45 27 öd.

156 548 12 27 L

182 548 13 20 [S]

157 717 11 27 8
178 717 24 27 5.

161 819 11 28 s
188 819 18 20 6.

256 169 27 20 46
452 167 27 19 U.
490 167 29 18 B.
531 177 21 3 —
566 167 78 22 Prop.
656 167 43 18 N:o
712 167 37 17 44.

229 237 111 21 Utskottet
354 234 84 23 derföre
452 241 26 14 ur
493 234 60 21 detta
566 234 82 28 förslag
666 234 105 28 aflägsnat
791 233 56 22 hvad
869 233 91 22 detsam-

228 279 36 13 ma
278 278 34 14 om
327 270 55 21 finsk
397 269 186 26 medborgarerätt
596 268 125 21 innehåller.
765 268 81 21 Jemväl
868 269 39 20 har
923 269 37 20 Ut-

228 305 86 26 skottet,
331 305 58 26 uppä
404 303 26 21 de
445 303 53 26 skäl,
514 311 46 14 som
575 303 83 22 anförts
671 303 34 22 vid
714 303 158 28 granskningen
887 303 24 21 af
919 304 43 21 för-

230 339 68 28 slaget
313 338 33 21 till
360 337 127 29 förordning
508 337 110 28 angäende
641 338 122 21 bekännare
786 337 24 22 af
829 337 132 22 främmande

228 374 82 20 kristen
325 372 99 25 troslära,
439 372 48 21 med
503 371 106 22 särskilda
623 373 23 26 $$
662 372 90 27 vidtagit
762 372 67 21 andra
839 372 122 27 ändringar,

230 407 72 21 hvilka
316 408 110 19 motsvara
441 407 116 26 ändringar
571 407 7 20 i
594 406 134 21 sistnämnda
742 406 87 27 förslag.

285 441 36 20 11
339 441 11 27 8
364 440 39 21 har
417 440 112 21 Utskottet
544 440 18 27 ej
578 440 71 21 funnit
664 440 114 28 anledning
789 442 32 19 att
831 440 81 21 föreslå
926 447 37 14 an-

230 483 43 13 nan
288 475 97 28 ändring,
401 476 27 19 än
444 474 46 27 den,
506 481 47 14 som
572 475 66 27 angår
653 474 40 21 den
717 474 109 21 derstädes
846 475 117 21 ftörutsatta

232 510 211 27 medborgarerätten
458 509 34 21 för
506 509 107 21 mosaiske
628 509 175 22 trosbekännare.

287 543 119 22 Enahanda
420 543 157 28 förändringar,
592 551 47 13 som
654 543 111 21 Utskottet
785 543 111 28 föreslagit
910 543 6 21 i
933 543 30 21 af-

231 577 139 28 seende
317 573 10 37 å
338 573 10 37 3
358 573 8 37 8
380 577 6 21 i
395 577 104 28 förslaget
514 577 34 22 till
563 577 126 28 förordning
704 585 35 14 om
752 577 133 22 främmande
900 578 64 21 krist-

232 619 26 14 ne
271 611 177 26 trosförvandter,
464 611 38 21 har
516 611 111 22 Utskottet
641 613 54 20 trott
711 612 31 27 sig
753 612 62 21 äfven
827 612 54 21 böra
896 612 68 21 föror-

232 646 28 21 da
274 646 7 21 i
296 645 100 22 afseende
410 646 14 20 å
438 646 12 20 2
466 646 11 27 $
491 646 8 20 i
518 653 29 14 nu
562 646 7 20 i
583 645 61 28 fråga
665 645 92 22 varande
781 645 183 29 författningsför-

233 681 52 27 slag.

289 715 31 20 På
334 713 52 27 skäl,
402 721 47 14 som
464 715 83 21 anförts
561 714 36 21 vid
610 715 11 20 7
636 715 11 27 $
663 714 22 21 af
702 714 103 28 förslaget
827 722 35 14 om
883 715 82 21 kristne

232 749 175 25 trosbekännare,
423 749 24 20 är
464 748 233 28 äldersbestämningen
721 749 83 22 aderton
826 751 25 20 år
866 749 35 20 15
917 750 11 27 &
944 749 23 21 af

232 791 29 14 nu
276 783 7 21 i
298 783 61 28 fråga
374 783 92 21 varande
480 783 82 28 förslag
577 783 82 21 ändrad
673 783 34 21 till
721 786 86 25 tjuguett
820 786 31 20 år.

292 817 10 21 I
317 817 100 22 afseende
432 819 12 20 å
460 818 12 20 6
487 819 11 26 $
513 818 39 21 har
569 817 122 22 Utskottets
713 818 110 27 pluralitet
845 818 70 29 afböjt
937 821 30 19 ett

233 852 58 22 inom
307 852 110 22 Utskottet
432 852 72 28 gjordt
519 852 86 28 förslag,
621 854 32 19 att
661 852 118 28 äktenskap
791 852 90 22 emellan
888 853 78 21 mosai-

235 886 37 21 ske
284 886 168 21 trosbekännare
467 886 67 22 borde
550 887 56 21 inför
619 886 36 28 lag
669 887 22 21 få
706 887 57 27 gälla
771 888 71 20 såsom
851 887 114 27 bindande,

235 928 35 14 om
279 920 36 21 det
329 920 100 21 afslutats
444 920 47 21 med
508 921 25 21 de
548 921 39 22 hos
603 921 61 21 desse
675 922 167 21 trosbekännare
853 921 64 28 öfliga
923 922 44 21 for-

235 955 113 21 maliteter.
377 954 33 21 Dä
425 954 134 28 lagstiftaren
574 956 106 27 nemligen
696 956 17 27 ej
729 956 43 21 kan
786 956 117 21 förutsätta
921 956 45 22 des-

236 997 24 13 sa
274 990 71 20 såsom
360 988 90 22 allmänt
464 989 76 26 kända,
556 989 62 22 torde
639 990 119 21 desammas
783 990 140 22 användande
948 991 17 27 ej

235 1024 67 21 heller
317 1023 54 21 böra
385 1023 120 27 uppställas
520 1024 71 21 såsom
607 1023 40 21 den
662 1024 42 25 akt,
724 1031 76 20 genom
823 1024 85 21 hvilken
931 1024 36 21 äk-

235 1058 124 26 tenskapets
371 1056 108 28 juridiska
493 1058 127 28 verkningar
635 1058 61 21 skola
710 1058 22 21 få
747 1058 90 21 inträda.

290 1092 42 22 Vid
347 1092 69 20 denna
431 1092 11 27 $
457 1092 61 20 torde
533 1092 34 21 för
581 1091 65 28 öfrigt
661 1092 54 21 böra
724 1092 88 26 erinras,
825 1094 38 24 att,
873 1092 26 21 dä
911 1093 53 20 1869

236 1128 34 20 års
286 1126 109 29 Kyrkolag
409 1125 7 21 i
433 1126 26 20 73
472 1127 12 27 &
498 1126 112 28 förbjuder
624 1126 85 28 lysning
727 1126 33 21 till
778 1126 117 28 äktenskap
911 1126 7 21 i
933 1126 36 21 det

236 1160 45 26 fall,
297 1160 27 22 dä
339 1160 101 27 antingen
455 1167 92 14 mannen
557 1160 51 21 eller
617 1160 93 27 gvinnan
720 1161 24 20 är
755 1160 145 25 icke-kristen,
910 1160 58 21 stad-

236 1194 80 28 gandet
330 1194 31 20 uti
378 1193 39 21 den
432 1194 7 20 i
454 1194 62 27 fråga
531 1194 92 21 varande
639 1195 11 27 &
666 1195 18 27 ej
699 1195 44 20 kan
757 1194 46 21 afse
820 1194 117 27 äktenskap
947 1201 20 14 e-

237 1228 78 20 mellan
330 1227 95 21 mosaisk
439 1228 168 20 trosbekännare
623 1228 40 20 och
676 1228 72 26 nägon
763 1227 90 21 medlem
869 1228 24 20 af
906 1235 62 13 evan-

236 1260 188 26 gelisk-lutherska
438 1260 87 27 kyrkan.

293 1293 41 21 Till
348 1293 156 28 förtydligande
519 1293 24 22 af
559 1292 150 29 stadgandet
700 1288 17 38 i
727 1294 11 20 7
763 1294 17 27 $,
803 1293 34 22 får
861 1293 110 22 Utskottet

238 1327 86 26 föreslå,
339 1329 31 20 att
382 1327 54 22 efter
452 1327 61 22 ordet
527 1327 132 28 kyrkoböcker
675 1327 74 26 skulle,
765 1327 48 22 med
828 1327 86 29 hänsigt
936 1329 33 20 till

238 1362 128 28 stadgandet
381 1362 6 21 i
402 1363 12 20 2
427 1363 18 27 &,
461 1362 99 28 tilläggas
576 1361 66 22 orden
657 1362 48 21 eller
717 1363 160 27 förteckntngar.

297 1397 33 21 Då
344 1397 107 21 mosaiske
465 1397 169 21 trosbekännare
649 1396 66 28 enligt
730 1403 25 15 en
771 1397 98 28 gällande
892 1397 78 28 grund-

239 1432 35 27 lag
288 1432 48 21 icke
349 1432 74 21 kunna
437 1439 51 14 vara
502 1431 67 22 finske
584 1431 140 28 medborgare
739 1434 56 19 samt
814 1432 110 22 Utskottet
938 1439 32 15 re-

238 1467 48 26 dan,
301 1467 34 21 för
350 1465 40 22 den
405 1465 102 22 händelse
522 1467 31 20 att
567 1465 56 22 finsk
641 1465 140 28 medborgare
797 1466 70 21 skulle
883 1467 87 26 öfvergå

237 1501 33 22 till
284 1500 108 22 mosaiska
406 1501 114 25 trosläran,
535 1500 33 22 uti
582 1501 12 27 &
609 1501 13 20 4
637 1499 23 22 af
673 1500 122 22 Utskottets
806 1501 63 21 ofvan
880 1501 89 28 intagna

307 1540 140 23 Lagutskottets
460 1540 116 19 betänkande
589 1540 34 18 N:o
637 1541 26 17 14.
