1036 1692
217 471 2 7 |

217 489 2 9 |

550 153 53 23 N:o
618 152 45 22 89.

302 256 18 26 ej
340 258 24 18 är
384 255 91 21 sälunda
493 256 75 25 utsatt,
586 255 8 20 i
608 253 190 26 landsförsamling
812 252 31 20 ef-

301 292 33 19 ter
356 289 113 21 enahanda
490 289 70 26 grund
581 289 40 20 och
643 288 34 21 till
698 287 46 21 lika
759 287 83 26 belopp,

301 330 44 15 som
368 323 12 21 &
398 322 256 28 sockneadjunktstjenst,
674 323 56 20 samt
748 322 8 20 i
774 322 70 20 stads-

300 358 126 26 församling
438 357 49 22 med
502 363 26 15 en
543 356 110 22 tiondedel
665 355 24 22 af
702 356 41 20 den
758 355 34 21 för
806 361 38 20 pa-

301 391 186 22 storsfullmakten
516 391 7 20 i
552 397 81 15 samma
657 389 126 26 församling
807 389 52 21 be-
846 385 15 36 |

300 425 84 22 stämda
399 425 68 21 karta.

252 460 48 21 10:0
315 460 12 20 &
343 459 324 26 sockneskrifvarebefattning
656 455 15 36 .

252 495 47 20 11:0
314 494 13 21 &
341 493 175 27 kyrkoväktare-,
531 493 64 21 skall-
611 492 41 21 och
666 474 114 45 hrofogde-
788 473 55 40 samt

300 533 70 16 annan
385 527 83 21 mindre
483 527 132 53 hestälaing
631 526 35 21 vid
681 526 74 27 kyrka,
764 526 78 21 socken

300 561 40 22 och
354 561 110 27 menighet
488 577 4 5 .

251 596 46 20 12:0
312 595 13 21 &
339 595 84 21 embete
438 595 40 21 och
492 573 72 53 tjenst,
580 600 46 15 som
628 577 61 38 efter
697 575 74 39 derom
780 575 62 45 gjord

300 629 120 27 ansökning
444 629 97 22 erhållits
560 635 76 20 genom
658 629 111 26 transport
790 628 52 21 eller

299 663 57 27 byte,
372 663 93 21 skrifves
480 663 28 27 på
523 663 116 26 stämpladt
653 668 81 21 papper
749 662 34 21 till
797 662 45 20 lika

299 697 84 27 belopp,
405 703 45 15 som
468 697 37 21 vid
523 697 123 25 befordran,
662 696 72 21 derest
750 696 40 21 den
806 695 36 21 lön

300 737 45 14 som
359 730 114 27 tillträdes,
489 733 23 19 är
527 732 70 19 större
611 733 27 18 än
654 731 40 20 den
709 730 59 21 förut
783 730 59 21 inne-

299 764 71 26 hafda,
389 770 49 15 men
458 767 37 18 äro
516 765 63 21 dessa
596 765 61 20 löner
671 764 45 21 lika
730 763 54 22 eller
799 764 41 20 den

299 798 113 21 tillträdda
440 799 64 21 lönen
531 799 89 25 mindre,
643 798 108 26 begagnas
774 797 67 21 sådan

299 832 68 26 karta,
383 838 45 15 som
444 834 23 19 är
481 832 99 21 bestämd
594 831 34 22 för
643 832 37 21 det
694 831 147 22 embetsverks

299 866 153 26 expeditioner,
468 866 109 21 hvarifrån
593 866 127 21 fullmakten
736 866 52 21 eller
798 866 43 20 för-

299 900 119 20 ordnandet
433 900 104 20 utfärdas.
567 900 54 21 Sker
636 901 138 25 transporten
789 901 52 19 utan

298 933 131 27 föregången
450 934 126 26 ansökning,
598 936 51 24 äger
663 934 71 26 någon
748 934 93 20 kartasi-

297 966 140 27 gillataafgift
452 967 83 21 derföre
550 967 48 21 icke
613 973 54 15 rum.

230 1003 28 23 b)
263 1001 135 21 ånamneller
403 1001 170 27 värdighetutan
579 1001 88 21 dermed
672 1001 89 21 förenad
767 1002 72 26 tjenst:

258 1035 33 20 1:o
307 1034 34 21 för
354 1034 48 26 den,
418 1040 46 16 som
479 1036 25 19 är
518 1034 53 22 eller
585 1035 56 21 varit
655 1035 8 20 i
678 1035 64 26 civil-,
750 1035 90 21 militär-

298 1068 52 21 eller
380 1068 196 27 skollärare-tjenst
603 1069 50 21 med
681 1069 37 21 lön
740 1069 28 27 pä
789 1071 50 25 stat,
853 1064 2 7 |

297 1102 102 26 stämplas
421 1102 100 21 fullmakt
539 1102 13 21 å
570 1108 65 15 namn
655 1102 52 22 eller
726 1103 114 26 värdighet

296 1136 32 20 uti
343 1136 70 26 någon
428 1136 23 20 af
465 1136 27 20 de
506 1136 7 20 i
528 1136 100 26 gällande
643 1137 146 26 rangordning
803 1137 36 21 be-

296 1170 84 20 stämda
394 1170 89 26 klasser,
499 1170 69 21 ehvad
583 1176 32 20 en,
631 1172 87 19 namnet
732 1170 53 22 eller
792 1172 48 19 vär-

296 1203 101 27 digheten
416 1204 151 21 motsvarande
582 1204 83 26 verklig
680 1204 159 26 tjenstebefatt-

296 1238 51 25 ning
367 1237 69 21 finnes
459 1238 53 20 eller
525 1238 54 25 icke,
595 1238 33 20 till
644 1238 94 26 följande
753 1238 85 26 belopp,

294 1270 118 26 nämligen:

336 1304 61 21 Adra
411 1304 140 27 rangklassen
693 1320 73 4 ora

336 1338 56 27 3:dje
473 1354 12 11 E
588 1354 40 4 ms
658 1354 5 5 a
692 1354 5 5 e
728 1355 40 5 taa

337 1372 47 21 4:de
470 1389 12 9 35
586 1388 4 4 N

336 1408 42 20 5:te
471 1424 12 9 N
585 1422 6 5 i

336 1438 42 33 6:te
470 1458 12 10 =

336 1475 47 22 7:de
470 1492 12 10 i
585 1491 251 8 Komon
685 1472 16 35 a
718 1472 56 35 Wa
790 1472 48 35 wh

870 1306 41 22 400

869 1342 42 20 350

869 1376 42 20 300]

869 1410 41 21 240

868 1444 42 21 170

869 1477 40 22 145
