1042 1695
242 165 25 19 38
422 164 30 19 U.
460 159 33 24 'B.
509 175 25 4 —
548 161 82 26 Prop.
646 165 48 18 N:o
708 165 38 18 40,

215 234 110 25 germötet,
340 232 27 19 bo
384 233 56 18 utom
456 231 108 26 kasernen,
580 231 40 20 och
635 231 87 19 sålunda
738 231 93 25 afskiljas
847 230 45 19 från
910 230 45 19 sina

213 266 153 27 värnepligtige
388 265 111 26 kamrater,
518 272 47 13 men
583 265 75 26 många
673 264 37 20 fall
725 265 54 19 dock
794 265 70 18 kunna
881 264 75 19 tänkas

215 301 26 20 då
263 307 26 13 en
311 299 64 20 sådan
397 299 116 26 anordning
531 302 23 17 är
572 301 30 18 att
617 299 24 19 af
654 299 114 26 billighets-
784 299 51 19 eller
850 298 105 20 klokhets-

214 335 44 19 skäl
281 333 118 26 föredraga,
421 333 38 20 har
480 333 108 20 Utskottet
609 333 55 20 velat
687 334 21 19 åt
723 333 158 20 vederbörande
900 333 56 20 befäl

213 368 65 20 hafva
300 367 159 27 öfverlemnadt,
481 370 37 17 när
537 368 21 19 åt
580 367 86 27 frivillig
681 368 33 19 må
729 367 118 27 medgifvas
863 368 29 18 att
907 367 27 20 bo
949 367 7 19 i

213 402 91 21 enskildt
319 404 89 24 qvarter.

280 436 13 26 $
308 435 49 21 105.
388 435 71 27 Något
467 435 96 20 särskildt
572 436 115 25 stadgande
696 443 33 12 om
738 436 26 19 de
772 435 109 26 frivilliges
890 435 65 20 delta-

215 471 69 26 gande
302 470 51 19 eller
363 469 47 20 icke
419 470 125 26 deltagande
553 470 7 19 i
567 464 243 32 handräckningsarbete
817 469 39 19 har
863 469 46 20 icke
921 476 34 12 an-

214 505 66 19 setts
273 499 12 35 i
295 503 138 27 lagförslaget
448 503 106 26 behöfligt.
579 506 9 21 $
605 503 39 20 105
653 504 59 19 torde
721 503 76 26 derför,
806 503 69 19 såsom
883 503 53 19 skild
947 505 9 22 $

214 538 70 19 kunna
306 538 56 26 utgå,
380 545 47 12 men
447 537 46 20 dess
509 537 65 20 första
588 539 92 18 moment
696 537 122 20 observeras
833 537 35 19 vid
883 537 73 26 början

214 573 23 19 af
251 575 9 21 $
277 572 46 19 107.

280 606 14 27 $
316 605 49 21 106.
395 606 9 19 I
427 605 137 20 betraktande
589 606 64 22 deraf,
676 608 29 17 att
728 605 36 20 det
786 606 6 18 i
812 607 30 22 $n
862 605 95 26 inrymda

214 640 116 27 stadgande
345 643 61 23 utgör
421 647 25 12 en
462 640 69 25 vanlig
547 640 254 25 uniformsbestämmelse,
811 640 32 19 för
853 639 62 20 hvars
927 639 29 20 af-

214 675 93 26 görande
322 675 125 20 samverkan
463 674 23 20 af
498 674 82 26 Regent
594 674 40 20 och
652 673 89 20 Ständer
755 673 47 20 icke
818 673 58 20 torde
892 673 64 20 erfor-

215 709 54 25 dras,
287 708 38 20 har
343 709 108 19 Utskottet
473 710 68 18 ansett
560 710 30 18 att
609 708 62 19 äfven
690 708 68 19 denna
776 710 10 22 $
802 708 39 19 kan
857 715 24 12 ur
895 708 62 25 lagen

214 742 105 21 bortfalla.

283 776 13 27 $
319 775 49 22 107.
397 777 46 19 Den
466 776 61 20 korta
549 776 113 26 tjenstetid,
680 783 46 12 som
741 776 65 26 enligt
821 778 39 23 $:n,
875 775 32 20 för
923 775 34 19 fri-

216 811 71 25 villige
303 810 104 20 erfordras
424 810 31 19 för
470 809 111 20 befordran
604 810 31 19 till
651 809 120 20 underbefäl
788 810 40 19 och
843 809 63 26 befäl,
921 809 38 19 har

215 845 35 18 väl
273 845 56 19 inom
351 844 107 19 Utskottet
481 844 63 20 väckt
563 843 173 27 betänkligheter,
751 850 48 13 men
815 844 25 19 dä
856 843 38 20 här
909 843 48 19 fast-

216 878 68 20 stälda
306 878 139 26 tidsperioder
467 878 52 20 blott
543 881 36 17 äro
602 880 30 17 att
646 877 98 20 betrakta
759 878 68 19 såsom
843 877 114 20 minimibe-

216 913 135 26 stämningar,
377 912 39 19 och
440 912 31 19 för
497 912 53 27 öfrigt
582 913 25 19 de
633 912 109 27 frivilliges
764 911 141 27 uppflyttning
927 911 31 20 till

215 947 66 26 högre
297 947 75 26 grader
387 949 23 16 är
426 947 104 20 beroende
546 947 23 19 af
581 946 89 20 befälets
684 947 98 26 pröfning
798 946 23 20 af
834 946 60 20 deras
908 946 50 26 dug-

215 981 66 26 lighet
303 981 39 20 och
365 981 92 26 insigter,
480 987 61 20 synes
564 983 30 22 S:n
610 980 87 26 erbjuda
711 981 128 26 tillräckliga
854 981 105 25 garantier

216 1015 33 20 för
265 1016 32 19 att
319 1014 183 21 underofficerare-
526 1021 38 13 och
588 1015 188 26 officerareplatser
798 1015 47 19 icke
861 1014 62 26 fyllas
938 1015 23 19 af

216 1049 69 20 dertill
301 1048 112 26 olämpliga
427 1055 105 19 personer.

283 1083 14 26 $
312 1081 49 22 109.
385 1082 147 27 Stadgandena
547 1083 5 18 i
569 1085 42 22 $:ns
627 1089 72 14 senare
715 1085 91 17 moment
824 1082 63 20 hafva
895 1083 64 19 väckt

216 1117 118 20 Utskottets
352 1117 182 26 uppmärksamhet
549 1117 47 19 med
612 1117 97 20 afseende
725 1117 12 19 ä
749 1117 35 19 det
792 1117 63 26 tvång
864 1117 25 20 de
900 1119 59 24 synts

217 1151 101 20 innebära
340 1153 44 17 mot
405 1157 108 20 personer,
535 1152 105 25 afgångna
661 1151 45 20 från
728 1151 68 19 finska
810 1151 149 20 kadettkårens

216 1185 167 26 specialklasser,
404 1185 72 20 hvilka
498 1192 75 19 genom
596 1185 106 20 desamma
717 1185 117 20 förhindras
850 1187 30 18 att
895 1185 65 20 under

216 1219 73 26 loppet
311 1219 23 20 af
354 1221 30 18 ett
402 1220 33 19 års
453 1219 30 20 tid
505 1219 51 20 söka
579 1219 112 20 befordran
713 1220 7 19 i
743 1219 50 26 rysk
815 1220 69 25 tjenst.
922 1219 36 20 Ut-

217 1253 81 25 gående
321 1252 46 19 från
383 1252 132 26 synpunkten
530 1254 30 17 att
575 1253 137 19 kadettkåren
728 1255 24 16 är
767 1259 26 12 en
808 1251 54 21 finsk
877 1253 82 18 statsin-

216 1286 99 26 rättning,
337 1285 36 19 der
395 1286 96 19 eleverne
515 1286 80 19 åtnjuta
617 1286 23 19 så
654 1286 51 26 godt
720 1292 43 13 som
780 1286 127 20 kostnadsfri
923 1292 36 12 un-

216 1320 120 26 dervisning
359 1320 39 19 och
420 1319 116 27 uppehälle,
553 1320 39 19 har
607 1320 54 20 dock
676 1320 118 20 Utskottets
810 1321 66 20 flertal
892 1321 68 19 funnit

216 1355 47 19 med
285 1354 96 27 billighet
403 1354 39 20 och
457 1354 87 20 rättvisa
559 1354 49 27 föga
623 1354 235 27 öfverensstämmande,
873 1357 30 18 att
916 1355 44 26 just

217 1388 67 26 desse,
308 1388 71 20 hvilka
401 1389 68 19 dertill
493 1388 32 20 för
542 1388 40 21 den
605 1389 67 19 finska
686 1390 72 19 armén
774 1392 35 17 äro
825 1389 134 27 synnerligen

216 1422 111 27 behöflige,
344 1423 66 19 skulle
426 1423 86 26 fritagas
527 1423 45 20 från
584 1423 39 20 den
639 1423 105 20 allmänna
760 1424 163 26 militärpligten.

283 1457 247 26 Frivillighetsprincipen
554 1464 62 19 synes
641 1457 117 20 emellertid
780 1458 108 19 Utskottet
910 1458 47 19 icke

217 1491 122 26 tillräckligt
360 1491 32 19 till
415 1491 54 26 godo
489 1491 50 20 sedd
556 1497 76 20 genom
648 1491 25 20 de
688 1491 7 19 i
711 1493 9 22 $
736 1491 26 20 82
778 1493 54 18 samt
846 1492 48 25 kap.
910 1492 49 19 XIV

289 1537 195 22 Värnepligtsutskottets
497 1537 109 17 Betänkande
619 1537 33 16 N:o
666 1538 15 16 1.
