1034 1695
269 176 81 24 Ständ.
366 177 37 23 Sv.
420 190 27 4 —
462 179 70 27 Prop.
548 179 40 22 N:o
603 178 35 23 42.
797 181 13 21 3

160 240 12 21 I
188 240 92 28 enlighet
294 241 48 21 med
357 241 35 22 det
407 241 85 22 anförda
506 241 21 22 få
542 241 117 22 Ständerna
674 241 60 23 alltså
747 242 7 21 i
764 242 75 22 under-

92 274 99 28 dånighet
206 276 90 20 anmäla:

227 311 31 19 att
272 309 107 22 Finlands
395 310 32 20 till
442 310 100 27 landidag
554 309 134 28 församlade
699 309 93 22 Ständer
802 318 35 14 an-

158 345 52 19 setts
224 346 106 19 motsvara
345 343 40 22 den
399 345 32 20 uti
441 344 20 27 f.
477 344 19 20 d.
512 344 146 21 Handlanden
672 343 125 28 Längmans
812 347 25 19 te-

159 380 100 20 stamente
283 378 97 28 åsyftade
402 378 79 26 komité,
500 378 100 28 hvarföre
619 377 121 23 Ständerna
755 380 37 20 äro
808 379 29 21 be-

159 413 62 21 redde
236 415 36 24 att,
288 414 27 20 sä
324 413 47 27 fort
383 412 36 22 ske
430 413 47 26 kan,
489 413 109 27 öfvertaga
608 412 153 27 Längmanska
776 415 60 20 testa-

158 447 151 28 mentsfonden,
320 448 40 27 för
378 447 77 22 hvilket
471 447 103 22 ändamål
588 447 120 22 Ständerna
724 447 69 22 tillika
807 448 30 21 be-

158 483 69 22 slutit:

226 517 24 28 a)
265 519 31 20 att
317 517 112 27 uppdraga
452 517 22 20 ät
489 516 133 21 Ständernas
637 515 198 30 Bankfullmäktige

158 554 36 25 att,
210 553 70 20 säsom
295 551 132 22 Ständernas
441 552 175 25 representanter,
627 550 21 27 ej
657 551 82 21 mindre
749 551 29 28 af
785 551 52 22 Fin-

159 587 62 23 lands
236 586 131 22 Statskontor
382 587 101 25 emottaga
501 585 70 21 denna
580 585 58 27 fond
654 585 47 21 med
720 578 65 29 hvad”
792 586 45 21 der-

158 623 33 20 till
205 621 67 26 hörer,
289 622 29 20 än
332 620 65 28 äfven
410 620 96 27 granska
520 620 40 20 den
575 619 133 28 redovisning
719 620 59 27 öfver
788 620 49 27 fon-

158 657 52 22 dens
224 655 135 29 förvaltning
377 654 81 26 hittills,
477 661 44 14 som
539 653 43 22 kan
599 653 82 22 komma
698 655 32 20 att
744 655 33 21 till
792 655 46 22 dem

158 691 108 29 afgifvas;

226 726 21 27 b)
262 726 31 20 att
315 724 116 22 tillsvidare
454 723 128 27 öfverlemna
605 723 23 20 ät
643 722 138 22 Direktionen
798 724 40 26 för

158 760 109 23 Finlands
282 758 64 23 Bank
368 760 35 24 att,
423 758 67 20 under
504 756 210 28 Bankfullmäktiges
739 758 98 22 inseende

158 796 36 22 och
209 796 9 21 i
232 795 67 27 öfrigt
313 793 66 27 enligt
392 792 25 21 de
427 790 145 29 föreskrifter,
584 798 44 14 som
638 792 72 21 kunna
724 792 111 27 meddelas,

158 830 93 29 förvalta
267 829 7 20 i
289 829 69 27 fräga
371 826 94 22 varande
475 825 66 28 fond;
555 827 56 20 samt

226 866 20 27 €)
260 866 32 19 att
301 861 108 30 förordna
427 859 131 22 Siändernas
574 859 168 23 Bankrevisorer
756 862 32 19 att
801 861 37 21 vid

158 901 73 27 hvarje
252 898 93 23 revision
367 895 27 28 af
406 895 109 21 Finlands
529 894 65 22 Bank
610 894 95 27 granska
719 895 64 26 äfven
797 895 39 22 Di-

158 936 119 21 rektionens
288 931 135 29 förvaltning
437 929 28 28 af
477 929 69 26 denna
559 928 58 27 fond.

159 969 65 23 Hvad
244 966 97 24 beträffar
356 965 25 21 de
403 968 95 17 närmare
520 963 182 28 bestämmningarna
723 971 35 14 om
774 966 63 19 sättet

90 1007 32 22 för
132 1003 154 28 förvaltningen
297 1002 53 21 samt
360 1007 33 14 om
404 999 35 21 det
452 997 136 22 användande
603 997 23 22 af
638 997 25 22 de
678 997 101 22 särskilda
794 998 43 22 fon-

93 1042 64 21 derna
175 1039 43 22 Lit.
235 1040 23 19 A.
280 1036 38 22 och
333 1035 33 25 B.,
387 1041 44 14 som
449 1032 31 21 för
497 1032 128 22 närvarande
647 1031 38 22 och
702 1031 55 22 intill
779 1034 58 20 nästa

95 1074 99 28 landtdag
215 1073 42 20 kan
279 1071 84 21 komma
377 1068 7 21 i
399 1067 63 29 fräga,
478 1071 22 17 är
517 1066 23 22 af
560 1068 85 20 testator
666 1065 120 24 förordnadt
807 1069 30 20 att

91 1109 81 23 hälften
194 1107 23 22 af
236 1107 26 21 de
284 1104 65 29 årliga
370 1104 76 23 räntor,
469 1109 44 14 som
535 1101 73 28 inflyta
626 1101 8 20 i
653 1100 77 22 fonden
744 1101 43 22 Lit.
803 1101 33 25 B.,

92 1144 53 23 skall
161 1141 106 23 användas
288 1139 34 22 till
336 1136 155 28 utbetalningar
513 1135 23 22 af
551 1134 102 22 Finlands
667 1135 61 21 andel
743 1135 8 21 i
765 1135 26 22 de
805 1135 32 22 uti

91 1177 135 23 testamentet
247 1173 107 23 bestämda
377 1171 79 28 legater
477 1171 38 20 och
530 1169 32 22 till
576 1169 132 22 bestridande
722 1169 115 22 tillsvidare

92 1212 23 22 af
128 1206 253 31 förvaltningskostnaden
396 1205 31 22 för
442 1205 64 28 begge
520 1203 100 22 fonderna
634 1205 53 20 samt
700 1205 30 20 att
740 1203 40 26 det,
792 1211 45 14 som

92 1245 22 23 af
128 1245 68 22 denna
209 1242 54 23 hälft
277 1240 92 25 återstår,
385 1240 54 27 finge
455 1239 63 21 redan
533 1245 29 14 nu
576 1237 105 22 användas
702 1237 43 22 «för
759 1238 78 22 Veten-

91 1280 75 28 skaper
180 1278 38 21 och
235 1277 65 21 sköna
315 1276 91 24 konster,
417 1273 106 22 Litterära
533 1272 95 22 Arbeten
641 1272 39 21 och
690 1271 94 23 skrifters
794 1280 45 20 gra-

91 1314 27 22 tis
133 1312 109 27 utdelning
256 1311 33 21 till
305 1310 106 26 allmoge.>
443 1308 50 21 Men
512 1307 86 21 emedan
614 1306 34 22 det
666 1306 55 22 visat
735 1306 31 28 sig
781 1306 56 22 svärt

92 1350 31 20 att
137 1346 93 23 beräkna
244 1344 35 22 det
293 1344 81 27 belopp,
389 1340 85 23 hvartill
489 1340 68 22 denna
578 1338 70 22 halfva
666 1341 59 19 ränta
743 1340 94 21 kommer

92 1384 31 20 att
137 1379 81 30 uppgä,
228 1379 38 22 och
285 1375 111 30 utredning
414 1374 74 23 saknas
506 1381 34 14 om
554 1373 26 22 de
594 1373 84 28 legater,
693 1373 73 21 hvilka
781 1377 55 18 ännu

92 1417 80 28 årligen
179 1414 58 22 skola
245 1412 108 25 utbetalas,
362 1412 53 21 samt
426 1407 278 30 förvaltningskostnaderna
714 1407 47 22 icke
771 1408 66 22 heller

91 1452 82 21 kunnat
188 1449 27 28 pä
226 1447 89 23 förhand
330 1442 130 29 bestämmas,
475 1443 63 22 hafva
556 1442 118 23 Ständerna
688 1444 68 20 ansett
770 1442 67 29 någon
853 1465 2 2 .

92 1483 107 25 föreskrift
209 1483 35 22 vid
260 1482 68 22 denna
334 1480 99 28 landtdag
445 1479 46 22 icke
506 1479 60 20 kunn
576 1485 12 14 a
599 1477 104 22 meddelas
720 1485 34 14 om
768 1482 68 18 använ

93 1520 77 23 dandet
180 1518 22 23 af
212 1517 35 23 det
258 1516 52 23 efter
319 1513 135 25 förenämnda
469 1513 70 29 afdrag
553 1511 139 30 tilläfventyrs
706 1511 131 24 återstående
