1028 1692
266 135 85 23 Ständ.
367 135 40 23 Sv.
422 148 26 3 —
464 136 73 28 Prop.
552 136 45 22 N:o
612 136 34 22 37.

220 339 118 22 Finlands
359 339 126 23 Ständers
502 338 177 29 underdåniga
697 345 56 18 svar
771 340 6 22 i
795 345 37 18 an-

287 379 85 26 ledning
389 379 25 22 af
428 379 56 23 Hans
502 379 114 28 Kejserliga
633 378 108 28 Majeståts
753 379 79 28 nådiga

286 419 136 28 proposition,
441 419 107 31 angående
558 418 275 30 stämpelpappersafgiften.

139 497 217 27 Stormäktigste,
371 497 207 29 Allernådigste
593 497 112 28 Kejsare
721 498 48 21 och

377 531 157 23 Storfurste!

150 583 98 22 Emedan
269 583 42 20 den
332 583 261 29 stämpelpappersafgift,
609 590 46 15 som
671 584 24 21 af
708 584 124 21 Ständerna

81 617 36 22 vid
132 619 86 20 senaste
236 617 106 28 landtdag
356 617 72 22 blifvit
443 618 98 21 bestämä
556 617 41 22 och
612 625 79 21 genom
707 619 66 28 nädig
787 619 44 22 för-

82 652 94 28 ordning
191 652 23 21 af
222 652 42 21 den
276 653 12 20 9
299 651 123 22 December
434 653 55 22 1872
498 652 119 29 pähjuden,
627 653 51 21 med
685 653 113 29 utgången
809 654 25 21 af

80 689 24 20 är
116 688 55 21 1877
185 687 88 22 komme
288 688 33 20 att
336 687 107 28 upphöra,
458 688 40 21 har
512 688 81 21 Eders
608 685 155 31 Kejserliga
777 688 53 22 Ma-

78 723 84 28 jestät
173 722 33 21 uti
218 721 80 22 afläten
314 721 67 29 nädig
395 722 143 28 proposition,
554 721 113 29 angäende
682 723 148 28 stämpelpap-

81 757 151 28 persafgiften,
248 758 120 27 uppmanat
382 763 30 15 nu
427 756 132 22 församlade
575 756 93 23 Ständer
683 759 33 19 att
725 758 57 27 ånyo
793 757 37 22 be-

81 792 57 21 sluta
153 798 35 14 om
199 791 67 28 sagde
277 790 152 23 statsinkomst
439 791 35 22 för
484 791 187 28 femärsperioden
681 792 147 21 1878—1882.

147 825 52 21 Med
214 825 103 21 afseende
332 826 14 20 å
360 825 28 21 de
403 826 85 28 årligen
503 826 129 29 tilltagande
648 826 183 28 statsutgifterna,

79 860 66 22 bland
167 860 75 20 hvilka
264 859 103 21 särskildt
390 861 92 20 nämnas
502 860 104 28 anslagen
621 860 34 22 för
671 860 103 22 skolorna
789 860 41 22 och

79 894 215 30 fängelseväsendet,
306 894 40 22 har
356 894 83 22 Eders
451 894 152 30 Kejserliga
619 895 124 29 Majestät
757 895 74 21 funnit

79 930 126 21 inkomsten
220 930 24 21 af
257 929 178 29 stämpelpapper
446 929 135 22 fortfarande
592 936 51 14 vara
653 930 34 21 för
698 930 135 21 statsverket

79 965 102 27 behöflig.
211 963 64 21 Dock
287 964 41 21 har
340 963 82 22 Eders
433 963 124 29 Majestät
569 964 48 22 icke
636 964 58 21 velat
709 964 32 21 uti
757 966 73 19 senast

80 998 126 22 meddelade
222 998 139 21 föreskrifter
376 1005 35 14 om
427 998 290 28 stämpelpappersafgiften,
733 1006 46 14 som
791 1005 40 14 un-

80 1034 39 21 der
133 1034 52 21 åren
203 1034 142 20 1871—1875
360 1033 8 20 i
383 1033 104 21 medeltal
502 1033 84 27 årligen
602 1033 83 21 lemnat
700 1040 27 14 en
743 1040 38 15 ren
792 1033 38 21 be-

79 1068 101 28 hållning
202 1068 24 20 af
246 1068 92 25 474,689
361 1068 62 20 mark
438 1068 26 20 41
482 1068 66 26 penni
562 1068 82 21 föreslå
658 1068 69 28 några
741 1067 90 22 ändrin-

80 1110 45 22 gar,
141 1103 7 21 i
159 1102 57 29 syfte
224 1104 32 19 att
264 1102 78 21 föröka
350 1102 142 22 statsverkets
501 1102 34 21 till
542 1102 82 22 Eders
634 1102 141 28 Majestäts
785 1102 45 21 för-

79 1138 94 28 fogande
189 1137 71 21 stälda
274 1136 79 22 medel.
371 1136 51 22 Men
439 1136 90 22 emedan
546 1144 27 14 en
588 1136 128 28 förhöjning
726 1136 24 21 af
758 1137 72 21 denna

80 1172 71 28 afgift,
168 1172 49 20 med
232 1172 104 20 afseende
352 1172 12 20 å
379 1171 50 21 dess
445 1171 33 21 för
493 1172 135 20 närvarande
639 1171 8 21 i
657 1171 121 21 allmänhet
788 1171 41 21 lin-

80 1208 62 26 driga
163 1206 80 28 belopp
266 1206 41 22 och
330 1206 41 20 den
387 1206 149 28 begränsning
551 1205 7 21 i
574 1205 153 28 skyldigheten
743 1207 34 19 att
791 1204 37 22 be-

80 1248 72 22 gagna
175 1240 183 28 stämpelpapper,
381 1246 46 15 som
452 1246 52 22 eger
526 1247 55 19 rum,
603 1239 63 22 torde
686 1240 75 21 kunna
775 1241 53 19 utan

80 1276 118 28 olägenhet
219 1275 83 21 införas
324 1275 39 21 och
386 1275 108 21 måhända
515 1276 63 20 äfven
592 1281 52 14 vore
659 1274 24 21 af
696 1274 132 28 omständig-

80 1311 93 20 heterna
195 1310 103 27 påkallad
320 1309 34 21 för
376 1311 32 19 att
429 1309 81 21 bereda
528 1309 80 27 nödiga
621 1308 71 22 medel
707 1308 34 21 till
755 1308 73 22 betäc-

81 1344 71 21 kande
175 1344 23 20 af
218 1343 72 27 någon
306 1342 35 21 del
357 1342 48 21 utaf
418 1342 27 21 de
460 1342 82 27 anslag,
558 1348 35 14 om
608 1341 86 21 hvilkas
709 1342 119 21 anvisande

80 1378 162 27 framställning
264 1383 81 22 genom
364 1376 107 22 särskilda
491 1376 78 28 nådiga
584 1376 158 28 propositioner
757 1376 71 28 gjorts

80 1413 34 22 till
123 1419 30 16 nu
163 1411 131 23 församlade
305 1411 100 27 Ständer,
416 1411 40 21 har
466 1410 83 22 Eders
561 1410 133 29 Majestät
703 1410 59 22 velat
771 1410 8 21 i
790 1411 37 21 nå-

81 1449 38 21 der
141 1447 103 27 förklara,
267 1449 32 19 att
322 1446 65 21 sedan
410 1446 25 22 af
448 1446 42 21 den
506 1445 259 30 stämpelpappersafgift,
781 1452 45 15 som
