1042 1692
319 148 28 20 U.
359 149 29 18 B.
400 159 23 3 —
434 150 80 22 Prop,
529 149 42 17 N:o
584 150 37 17 44.
771 150 26 20 33

98 218 119 27 märkning,
234 218 65 21 ehuru
315 218 58 21 inom
388 218 110 22 Utskottet
519 217 137 26 understödd,
681 217 18 27 ej
723 216 106 23 föranledt

98 254 71 26 någon
184 252 75 27 åtgärd
273 252 48 21 från
336 252 121 22 Utskottets
472 252 52 21 sida.

155 287 46 20 Den
217 287 7 20 i
239 287 13 20 4
266 293 64 15 mom.
345 287 24 20 af
383 287 25 20 12
424 288 11 26 $
450 286 105 28 ingående
576 286 140 27 bestämning,
732 287 32 20 att
782 285 47 26 den,

100 327 46 15 som
160 320 40 29 fylt
214 320 81 22 femton
310 321 30 26 år,
356 321 41 25 må,
413 328 35 14 om
462 320 134 21 föräldrarne
613 320 86 28 öfvergå
711 320 34 21 till
759 326 70 15 annan

100 355 98 25 troslära,
215 354 51 28 sjelf
277 356 81 26 atgöra,
373 355 106 20 huruvida
494 355 42 20 han
559 355 36 20 vill
620 356 130 25 gvarstanna
772 354 58 20 inom

101 389 36 21 det
151 389 174 28 kyrkosamfund,
341 389 7 20 i
362 389 63 21 hvars
440 389 47 20 lära
501 389 42 20 han
558 389 71 21 blifvit
643 387 133 29 uppfostrad,
791 387 39 22 har

101 423 142 28 Kyrkomötet
264 423 78 22 önskat
370 423 22 22 fä
407 423 82 21 ändrad
504 424 30 25 sä,
550 425 33 20 att
598 422 232 29 äldersbestämningen

100 459 77 26 femton
192 457 26 22 år
247 457 70 22 blefve
333 457 71 28 utbytt
418 458 34 21 till
467 458 35 27 tolf
514 461 32 23 dr,
570 459 51 20 enär
635 457 46 22 ofta
707 457 67 22 redan
796 457 35 22 vid

102 491 133 22 sistnämnda
250 492 59 21 älder
324 492 18 27 ej
358 491 92 22 allenast
464 494 103 20 samvetet
581 493 24 20 är
626 493 68 25 vaket,
717 494 52 19 utan
791 492 40 21 ock

103 527 40 20 den
158 526 100 27 religiösa
273 526 92 27 insigten
379 533 43 21 nog
436 527 114 21 utvecklad
565 527 33 20 för
613 528 32 19 att
657 528 30 19 ett
700 526 132 27 nödtvunget

102 560 132 22 omfattande
251 561 23 20 af
288 560 40 21 den
343 560 52 26 lära,
410 560 87 21 hvartill
512 560 135 21 föräldrarne
664 560 93 27 öfvergä,
779 560 53 21 kun-

103 595 26 21 de
144 595 34 20 för
192 594 76 21 barnet
283 593 96 22 medföra
394 594 135 21 samvetsnöd
545 594 40 21 och
600 595 52 26 göra
667 594 48 21 dess
731 593 28 21 lif
771 594 63 27 högst

103 628 107 29 olyckligt.
240 628 160 21 Instämmande
414 628 8 20 i
437 627 63 22 dessa
515 628 46 21 skäl
575 628 39 20 har
627 627 151 28 Lagutskottet
797 635 36 13 an-

104 664 42 20 sett
161 662 32 27 sig
208 662 61 22 äfven
284 662 7 20 i
307 661 69 22 denna
390 661 62 28 fräga
465 661 54 22 böra
533 662 95 27 iakttaga
647 662 33 21 sin
700 662 8 20 i
722 661 36 22 det
778 661 56 22 före-

104 696 82 28 gäende
201 696 55 28 (sida
273 697 33 26 18)
323 695 93 29 antydda
431 696 144 27 uppfattning,
591 697 32 20 att
636 695 133 22 främmande
780 697 55 20 tros-

104 730 135 22 förvandters
254 730 167 27 religionsfrihet
435 730 43 20 kan
493 730 40 21 och
548 730 39 21 bör
606 730 78 21 ordnas
698 731 29 26 pä
749 732 31 19 ett
802 731 33 20 sä-

105 765 51 21 dant
171 766 49 24 sätt,
237 767 33 19 att
284 764 41 21 den
340 764 110 22 lutherska
465 765 80 27 kyrkan
564 764 6 20 i
593 764 78 26 landet,
694 766 24 20 sä
739 764 46 22 vidt
806 766 28 26 pä

104 800 163 28 lagstiftningen
282 798 69 26 beror,
367 799 19 27 ej
402 798 61 27 löper
477 799 47 21 fara
539 800 32 19 att
588 799 81 21 förlora
689 799 66 21 andra
778 798 57 22 med-

105 835 95 25 lemmar,
217 836 27 20 än
259 834 87 26 sådane,
361 834 72 20 hvilka
447 834 34 21 vid
496 840 76 21 mogen
588 834 60 21 ålder
655 834 74 27 sjelfve
743 834 92 21 bestäm-

107 876 35 14 ma
158 869 33 27 sig
205 868 34 21 för
254 868 85 21 utträde
354 867 72 26 derur;
443 868 40 20 och
498 867 90 21 likasom
602 867 110 22 Utskottet
732 868 29 27 på
775 867 62 21 dessa

107 903 47 21 skäl
168 902 67 22 redan
250 902 110 28 tillstyrkt,
375 903 32 19 att
422 901 233 28 åldersbestämningen
666 901 90 22 aderton
763 902 25 20 år
802 902 7 20 i
825 902 12 20 7

106 938 12 27 &
133 938 67 20 måtte
221 936 77 21 ändras
312 936 33 21 till
368 936 94 27 tjuguett
476 936 30 25 år,
529 942 63 14 anser
615 936 120 21 Utskottets
750 936 88 27 plurali-

107 973 31 19 tet
153 971 32 27 sig
201 970 61 22 äfven
276 970 7 21 i
296 970 62 27 fråga
372 976 34 14 om
421 970 13 20 4
449 976 63 14 mom.
528 970 7 20 i
552 970 25 20 12
592 970 11 27 $
617 970 59 25 böra,
691 970 34 21 till
739 971 52 20 värn
805 969 34 21 för

108 1004 112 22 lutherska
234 1004 82 28 kyrkan
331 1005 56 19 emot
402 1003 65 21 barns
482 1003 85 21 utträde
585 1003 64 21 derur
666 1003 35 21 vid
723 1003 116 21 föräldrar-

108 1046 38 14 nes
165 1038 116 28 öfvergäng
298 1038 35 21 till
350 1044 71 15 annan
440 1038 98 25 troslära,
557 1039 55 19 samt
629 1037 133 28 följaktligen
777 1037 62 22 äfven

111 1072 132 22 beträffande
259 1073 40 21 den
315 1072 32 21 uti
362 1072 54 21 sista
430 1072 112 27 meningen
557 1072 23 20 af
593 1072 12 20 2
620 1078 63 14 mom.
699 1072 141 21 omförmälda

110 1108 108 25 händelse,
236 1107 102 21 fasthålla
356 1106 40 22 den
414 1106 141 28 bestämning,
574 1108 32 19 att
624 1106 63 27 ingen
702 1107 35 20 må
755 1106 86 29 ombyta

112 1142 182 25 trosbekännelse,
310 1141 65 21 innan
388 1141 43 21 han
446 1140 76 22 hunnit
537 1140 40 21 den
591 1140 98 27 mognad,
700 1147 47 14 som
763 1140 40 21 den
812 1140 29 21 ci-

110 1177 43 21 vila
168 1175 209 29 myndighetsåldern
392 1175 93 28 tjuguett
500 1175 23 20 år
537 1174 95 21 innebär.
677 1174 109 22 Utskottet
800 1174 39 21 har

112 1211 34 21 väl
162 1211 18 27 ej
196 1210 105 25 förbisett,
316 1210 33 20 att
362 1209 124 28 härigenom
500 1208 43 22 kan
557 1208 93 26 inträffa,
661 1210 32 20 att
706 1209 54 21 barn
774 1210 68 20 måste

113 1244 123 27 uppfostras
257 1244 7 20 i
286 1250 71 14 annan
376 1242 135 26 bekännelse,
533 1244 26 19 än
579 1242 151 26 föräldrarnes,
749 1243 40 21 och
811 1244 32 20 att

114 1279 58 20 detta
187 1278 41 21 kan
243 1277 98 22 medföra
356 1277 142 28 olägenheter.
525 1277 49 20 Men
589 1277 28 20 då
631 1277 212 27 religionsundervis-

113 1313 51 26 ning
183 1312 34 20 för
234 1311 243 27 evangelisk-lutherska
495 1311 54 20 barn
563 1311 45 20 står
623 1313 32 18 att
669 1311 91 21 erhållas
776 1312 7 20 i
797 1311 46 21 lan-

115 1347 46 20 dets
182 1345 72 22 skolor
269 1347 56 19 samt
342 1346 24 19 13
381 1345 11 26 8
407 1345 7 20 i
429 1344 138 27 lagförslaget
581 1344 118 21 innehåller
713 1344 130 21 bestämnin-

114 1387 39 20 gar
168 1386 34 14 om
217 1379 58 28 dylik
289 1378 152 27 undervisning
456 1378 34 21 för
505 1378 52 21 barn
573 1377 24 21 af
609 1385 70 14 annan
694 1378 81 21 kristen
789 1381 55 18 tros-

115 1414 52 26 lära,
186 1413 39 22 har
245 1413 111 22 Utskottet
374 1414 70 20 ansett
462 1412 93 21 nämnda
573 1411 135 29 olägenheter
726 1420 51 14 vara
796 1413 49 22 vida

115 1449 85 27 ringare
222 1448 40 21 och
285 1447 83 23 derföre
390 1447 64 22 också
472 1447 82 21 mindre
573 1447 54 21 böra
644 1447 95 27 beaktas,
757 1448 27 21 än
803 1448 41 21 den

116 1484 62 21 svåra
198 1483 118 27 olägenhet,
334 1489 46 15 som
399 1481 129 28 uppkomme
546 1481 127 29 derigenom,
689 1483 32 20 att
739 1484 30 20 ett
783 1482 60 27 barn,

177 1523 139 22 Lagutskottets
328 1521 118 20 betänkande
462 1522 34 18 N:o
510 1522 27 17 14.
790 1523 11 18 3
