1025 1695
299 152 27 19 U.
340 152 27 17 B.
380 162 22 3 —
415 153 80 23 Prop.
506 151 47 20 N:o
566 153 41 17 41.

352 415 248 29 Värnepligtsutskotteis
615 415 133 24 betänkande
763 416 38 23 N:o
816 416 12 23 2

283 450 6 23 i
314 449 113 28 anledning
450 449 23 24 af
494 450 58 23 Hans
575 450 120 29 Kejserliga
717 450 110 28 Majestäts

284 481 79 32 nädiga
386 484 127 29 proposition
538 490 31 17 om
594 485 115 22 anvisande
729 485 22 22 af
765 485 64 23 medel

284 518 31 23 till
338 518 133 23 bestridande
493 519 22 22 af
536 518 142 24 kostnaderna
700 518 33 24 för
752 519 77 23 allmän

282 553 132 29 värnepligts
430 553 110 23 införande
555 553 6 22 i
578 553 75 23 landet.

148 610 31 21 Pä
195 617 81 14 samma
290 610 57 27 gäng
362 617 47 14 som
424 610 79 27 nädiga
517 611 161 26 propositionen
696 617 33 15 n:o
745 612 34 25 40,
795 618 34 15 om

79 645 114 21 införande
209 645 22 21 af
240 645 78 21 allmän
329 645 121 26 värnepligt
461 645 6 21 i
479 645 78 26 landet,
569 645 39 20 har
626 645 61 21 äfven
705 645 126 22 förcnämda

79 679 79 27 nädiga
173 680 134 26 proposition
323 679 70 21 blifvit
409 679 23 20 af
446 679 100 27 samtliga
561 679 64 21 ständ
640 679 146 22 öfverlemnad
797 681 33 20 till

81 714 36 21 det
132 713 33 22 för
180 713 208 28 värnepligtsfrägan
404 714 92 21 tillsatta
511 713 108 22 särskilda
634 714 90 22 utskott.

153 805 11 21 I
183 806 40 21 den
239 806 79 26 nädiga
332 805 162 27 propositionen
509 805 109 22 meddelas
634 812 26 15 en
674 805 158 28 budgetberäk-

82 841 51 26 ning
148 839 34 22 för
197 840 162 26 militiefonden,
375 840 147 27 upptagande:

155 875 20 26 1)
192 875 100 26 samtliga
306 874 91 27 utgifter
412 881 46 14 som
474 874 68 21 under
556 873 182 28 femärsperioden
751 875 82 22 1878—

84 910 54 21 1882
162 909 61 21 skola
245 909 48 21 frän
315 909 78 21 fonden
416 909 118 26 bestridas;
553 909 90 21 hvarvid
658 909 128 22 förutsättes
802 912 33 19 att

82 944 94 21 förutom
198 943 202 27 gardesbataljonen
423 944 12 20 8
458 943 124 27 bataljoner
604 943 150 28 skarpskyttar
773 944 61 22 skola

83 979 127 26 uppställas,
232 984 49 15 men
303 978 66 27 nägot
384 978 123 21 inkallande
523 978 23 21 af
561 979 154 26 värnepligtigt
729 979 103 27 manskap

83 1013 47 21 icke
153 1019 39 20 ega
214 1019 47 15 rum
282 1012 46 22 före
345 1013 39 20 den
406 1015 3 19 1
428 1013 121 21 November
566 1013 60 20 1880.
656 1013 77 21 Totala
748 1013 86 27 utgifts-

85 1054 96 15 summan
204 1047 33 21 för
260 1047 26 21 de
302 1048 12 21 5
330 1048 51 20 ären
397 1049 24 19 är
436 1047 125 28 kalkylerad
577 1047 32 22 till
625 1048 126 26 28,700,000
767 1049 67 21 mark.

156 1082 22 27 2)
195 1082 25 21 de
236 1082 96 21 deremot
347 1082 104 21 svarande
466 1082 149 26 tillgängarna,
630 1082 118 27 nämligen:

86 1117 23 27 a)
124 1116 169 22 Militiefondens
316 1117 147 26 besparingar,
485 1116 124 22 beräknade

129 1153 33 20 att
176 1151 37 21 vid
229 1152 53 20 1877
299 1151 35 21 ärs
349 1151 82 26 utgäng
446 1153 93 24 utgöra.
569 1166 5 5 .
604 1167 4 4 .
640 1152 112 26 9,500,000
768 1153 67 20 mark.

87 1185 21 28 0)
124 1185 90 21 fondens
236 1185 119 21 inkomster
376 1185 67 21 under
459 1185 50 21 åren
528 1185 82 21 1878—

131 1220 53 22 1882
201 1219 12 20 ä
228 1220 114 25 2,840,000
357 1219 61 21 mark
433 1219 34 21 för
482 1219 60 21 året.
572 1235 4 4 .
607 1220 148 25 .14,200,000
799 1237 8 10 ,

528 1259 86 21 Summa
629 1261 127 25 23,700,000
800 1278 9 10 =,

158 1293 43 21 Det
220 1293 69 21 skulle
305 1293 84 21 säledes
405 1293 108 21 erfordras
530 1295 31 19 ett
576 1294 93 21 tillskott
684 1294 23 22 af
721 1295 117 26 5,000,000

87 1327 69 25 mark,
172 1329 32 18 att
219 1327 23 20 af
256 1327 121 20 Ständerna
392 1328 92 20 anvisas.

159 1361 137 21 Beträffande
312 1361 26 20 de
354 1361 108 20 särskilda
476 1361 186 27 utgiftsposterna,
677 1362 8 21 i
697 1362 40 21 den
748 1363 91 26 ordning

89 1395 26 22 de
137 1395 7 21 i
168 1395 40 22 den
224 1395 79 27 nådiga
317 1395 168 27 propositionen,
501 1395 137 28 förekomma,
662 1402 64 21 synas
745 1396 94 28 följande

91 1430 183 26 omständigheter
289 1430 54 21 böra
357 1429 134 22 framhällas:

124 1460 3 13 '
163 1464 21 27 1)
200 1464 32 21 De
247 1464 67 27 enligt
328 1470 30 15 nu
373 1464 98 27 gällande
487 1465 44 20 stat
546 1465 13 20 &
573 1464 155 23 militiefonden
739 1466 102 21 anvisade

162 1503 201 24 Värnepligtsutskottets
375 1503 106 18 betänkande
493 1503 33 18 N:o
539 1504 17 18 2.
