1036 1695
298 155 29 18 U.
340 156 30 17 B.
384 166 20 2 —
417 156 82 22 Prop.
511 155 45 18 N:o
568 155 40 19 44.
764 157 24 20 19

146 223 32 21 En
193 231 70 14 annan
279 224 99 21 afvikelse
394 225 55 21 ifrän
459 225 39 20 den
509 225 77 27 nädiga
597 225 160 26 propositionen
764 225 52 20 hän-

90 257 34 20 för
138 257 32 27 sig
183 257 34 21 till
227 257 40 21 den
279 259 123 26 omfattning,
413 265 44 14 som
467 259 36 20 det
513 259 7 20 i
531 258 60 27 fråga
603 258 92 21 varande
704 258 112 27 lagförsla-

91 293 35 25 get
142 291 84 20 erhållit
241 298 76 20 genom
334 291 48 21 dess
397 293 26 19 22
439 293 17 26 $,
471 292 59 21 hvari
545 292 134 25 bestämmes,
694 294 32 19 att
740 299 76 20 genom

91 325 40 21 den
145 332 41 21 nya
200 325 62 27 lagen
277 325 47 21 icke
338 326 70 27 någon
423 326 90 27 ändring
528 326 49 21 sker
591 325 23 22 af
627 326 56 21 hvad
697 326 7 20 i
717 326 99 21 afseende

91 360 12 20 å
117 359 160 28 grekisk-ryska
291 359 167 22 trosbekännare
473 361 24 20 är
519 360 105 27 stadgadt.
661 360 10 21 I
686 360 34 21 det
734 360 83 27 föregä-

91 393 53 22 ende
160 393 47 28 (sid.
225 394 34 27 12)
275 394 39 21 har
329 393 110 22 Utskottet
452 394 66 21 redan
533 394 80 28 antydt,
636 396 32 19 att
680 394 55 21 hvad
750 401 46 14 som
810 394 7 21 i

91 427 120 21 afseende
202 423 13 37 å
225 427 61 21 desse
296 427 169 22 trosförvandter
479 428 48 21 från
542 428 40 22 och
597 428 48 21 med
659 430 24 20 är
702 430 53 20 1810
770 428 48 22 blif-

91 461 30 21 vit
135 462 51 20 utan
201 461 130 21 Ständernas
346 461 127 21 medverkan
492 462 98 28 stadgadt
605 462 7 21 i
627 463 76 27 mänga
716 462 58 22 delar
786 463 32 20 in-

91 495 67 21 nebär
172 495 113 21 afvikelser
299 495 56 21 ifrän
370 495 80 21 sädana
464 496 66 27 lagar,
552 504 45 14 som
622 496 48 21 med
689 496 129 22 Ständernas

92 529 107 27 samtycke
214 529 129 21 tillkommit.
372 529 77 28 Dylika
464 530 112 21 afvikelser
590 537 63 14 anser
663 530 109 22 Utskottet
787 530 31 21 in-

93 564 34 26 gå:
142 563 7 20 i
158 563 89 27 Kejserl.
263 563 86 21 Brefvot
364 563 40 21 den
420 564 25 20 25
461 564 50 20 Juni
528 565 53 20 1810
596 564 40 21 och
652 564 35 21 det
696 565 67 21 under
777 564 41 21 litt.

92 599 7 19 i
121 597 39 21 här
183 597 62 21 ofvan
259 597 93 21 nämnda
367 597 57 27 Kejs.
440 597 86 22 Brefvet
546 598 39 21 den
602 599 24 20 15
642 598 88 22 Januari
756 599 62 25 1827,

92 631 72 21 hvilka
177 631 71 21 afvika
262 631 48 21 från
327 632 24 20 18
365 632 8 27 $
387 632 3 20 i
404 632 197 28 Riksdagsbeslutet
616 632 41 21 den
670 634 13 20 4
698 633 51 21 Juni
766 633 52 21 1752

93 666 40 21 och
149 666 77 27 Kongl.
241 666 161 27 Förordningen
416 666 38 21 den
471 667 26 20 24
513 666 101 22 Februari
630 674 80 14 samma
729 668 24 20 är
765 669 55 19 samt

95 700 7 21 i
124 700 42 22 viss
190 701 49 20 män
255 700 48 21 från
318 700 76 28 Kongl.
418 700 159 29 Förordningen
601 701 40 21 den
662 702 12 20 4
699 701 119 23 November

96 736 59 25 1772;
170 748 27 2 —
212 735 7 21 i
227 735 60 27 Kejs.
302 735 160 27 Förordningen
478 736 40 20 den
535 737 8 19 1
564 736 60 27 April
641 737 59 25 1812,
716 744 52 19 som,
784 744 34 14 en-

93 769 40 27 ligt
146 769 55 21 hvad
216 769 66 21 redan
298 769 58 21 förut
372 770 24 20 är
411 770 103 26 anmärkt,
530 770 78 21 ändrar
633 770 76 28 Kongl.
732 770 87 28 Kungö-

93 803 70 21 relsen
178 804 40 20 den
233 804 27 20 24
275 803 90 21 Januari
382 804 59 25 1781;
458 817 25 2 —
497 804 7 20 i
518 804 90 28 Kejserl.
627 804 85 22 Brefvet
736 805 40 21 den
792 806 26 20 22

94 836 44 21 Juli
153 838 59 24 1817,
228 837 58 27 Kejs.
305 836 160 28 Förordningen
490 837 39 21 den
552 838 26 20 25
600 838 52 21 Nov.
676 839 59 25 1826,
760 839 58 27 Kejs.

94 871 86 21 Brefvet
195 871 18 20 d.
230 872 11 19 7
257 871 123 26 September
397 871 53 20 1830
465 871 40 21 och
519 871 58 28 Kejs.
592 871 148 28 Kungörelsen
758 872 19 21 d.
794 873 26 20 22

94 905 89 21 Januari
200 905 59 25 1849,
274 904 72 21 hvilka
359 904 103 21 innebära
476 905 112 21 afvikelser
603 905 55 20 ifrån
676 906 79 21 allmän
777 907 43 20 rät-

94 939 181 28 tegängsordning
295 939 40 20 och
356 938 65 21 delvis
444 938 47 21 frän
515 940 24 19 16
560 940 11 27 $
588 939 6 21 i
620 940 52 20 1772
695 941 35 20 ärs
754 940 66 28 Rege-

94 972 125 28 ringsform;
243 985 28 2 —
295 973 7 20 i
320 972 119 28 Kejserliga
457 973 159 28 Förordningen
635 973 40 21 den
690 975 26 20 24
732 974 89 21 Januari

98 1007 59 25 1824,
181 1007 57 27 Kejs.
260 1006 86 21 Brefvet
370 1006 40 21 den
433 1007 9 19 1
465 1006 50 21 Juni
538 1007 53 21 1824
614 1009 55 19 samt
688 1007 58 29 Kejs.
762 1009 58 21 Kun-

96 1040 121 27 görelserna
244 1040 40 21 den
307 1041 26 20 29
352 1040 42 27 Maj
416 1041 51 20 1867
487 1041 38 21 och
544 1041 40 21 den
602 1042 25 20 12
642 1041 102 22 Februari
761 1043 59 25 1874,

95 1074 72 22 hvilka
187 1074 71 21 afvika
278 1074 48 21 frän
347 1075 13 20 3
380 1074 39 22 och
444 1075 12 20 4
480 1075 120 27 punkterna
621 1076 7 20 i
650 1076 171 28 Presterskapets

96 1108 123 28 Privilegier
248 1108 23 21 af
298 1108 41 21 den
370 1109 24 20 16
420 1108 94 22 Oktober
537 1110 63 25 17283;
630 1122 27 2 —
686 1110 6 20 i
720 1110 102 28 Kejserli-

96 1150 28 20 ga
138 1142 86 22 Brefvet
239 1142 39 21 den
296 1143 24 19 15
335 1142 90 21 Januari
443 1143 51 20 1827
510 1142 48 28 (litt.
584 1144 28 26 A),
636 1150 45 14 som
705 1144 117 21 innefattar

97 1177 109 27 undantag
220 1177 48 20 frän
285 1178 11 19 7
312 1176 40 22 och
367 1177 12 19 8
395 1177 24 27 $$
434 1177 12 19 3
462 1177 47 27 kap.
522 1177 237 27 Missgerningsbalken;
775 1190 27 3 —
815 1178 7 21 i

98 1211 58 27 Kejs.
171 1210 162 27 Förordningen
348 1210 39 20 den
405 1210 24 20 14
445 1210 90 28 Augusti
552 1211 59 25 1827,
627 1218 45 14 som
688 1212 38 26 gör
740 1211 82 21 undan-

98 1247 36 25 tag
148 1244 47 21 från
212 1245 30 27 18
257 1244 7 20 i
276 1245 53 20 1772
344 1244 34 21 års
393 1244 171 28 Regeringsform
581 1258 16 2 —
607 1247 55 19 samt
677 1246 7 20 i
698 1246 57 27 Kejs.
763 1246 59 21 Kun-

99 1278 96 28 görelsen
211 1278 18 21 d.
248 1279 26 20 29
290 1278 57 21 Mars
367 1278 59 26 1858,
441 1278 84 22 hvilken
540 1279 18 28 ej
576 1279 88 22 beaktat
677 1281 31 20 att
731 1280 91 27 lagstift-

98 1312 78 27 ningen
191 1319 34 14 om
240 1312 106 27 borgerlig
360 1314 67 24 tunga
441 1313 123 21 ankommer
585 1314 13 20 &
621 1313 66 27 begge
710 1315 112 20 statsmak-

99 1348 67 19 terna.
195 1346 38 20 Att
247 1347 30 19 ett
292 1345 120 28 antagande
426 1346 24 20 af
462 1347 27 19 22
504 1347 11 26 8
529 1347 7 19 i
551 1347 103 26 förslaget
671 1347 67 21 skulle
763 1349 59 20 inne-

99 1379 54 22 bära
168 1381 30 20 ett
211 1379 131 21 åtminstone
365 1378 92 21 indirekt
480 1379 154 28 godkännande
648 1380 24 21 af
684 1381 138 22 förenämnda

101 1413 137 28 stadganden,
253 1420 62 21 synes
334 1413 150 28 Lagutskottet
507 1421 51 14 vara
573 1414 126 27 uppenbart,
720 1415 41 21 och
784 1415 38 21 Ut-

101 1448 80 21 skottet
193 1447 41 22 kan
250 1448 24 21 så
288 1447 84 29 mycket
385 1447 82 22 mindre
481 1455 30 14 nu
522 1447 87 22 förorda
624 1450 30 20 ett
675 1449 75 21 sådant
772 1449 50 29 god-

168 1523 139 23 Lagutskottets
319 1521 115 20 betänkande
445 1521 33 20 N:o
493 1523 26 19 14,
