1017 1642
264 112 86 24 Ständ.
366 113 40 23 Sv.
422 126 26 3 —
464 114 74 28 Prop.
553 113 46 23 N:o
614 114 35 22 37.

782 114 27 20 25

225 219 82 22 Bruks-
332 221 35 20 och
383 220 166 28 godsförvaltare
570 223 55 19 samt
648 221 67 21 landi-

225 254 134 22 handlande
349 250 12 35 .

225 288 130 26 Apothekare

224 322 79 22 Annan
311 302 146 51 ständsperson
468 306 12 37 i
473 330 6 13 i
487 305 49 38 stad
545 306 63 38 eller?
600 323 31 26 pä
639 306 76 38 landet

224 356 176 22 Handelsbiträde
416 358 14 20 &
445 357 92 21 landet
526 352 15 36 .
604 373 4 5 ;

195 391 50 20 12:0
259 391 34 26 för
304 397 79 20 person
391 391 26 27 af
420 391 56 21 hvad
488 392 109 26 värdighet
606 373 38 39 öck
650 373 66 40 stånd

224 460 91 27 borgare,
331 461 36 20 må
381 460 87 22 kartans
484 460 70 28 belopp
568 461 47 21 bero
631 461 26 27 af
668 461 45 26 den,

223 502 45 15 som
286 494 84 28 lysning
392 495 68 27 begär,
484 502 46 15 men
551 495 37 27 får
609 495 50 22 dock
681 496 34 26 för

225 530 152 26 ständsperson
392 530 18 27 ej
425 530 123 28 understiga
566 546 5 5 .

225 564 36 23 och
275 564 34 27 för
325 571 69 15 annan
424 580 4 5 .
460 581 4 4 .
495 581 5 5 .
530 581 6 5 .

166 598 163 28 Magisterbref:
343 606 22 14 se
381 599 83 27 diplom.

166 629 133 36 Mästarebref
315 633 6 27 .
388 650 5 4 N

167 668 110 27 Mätebref
287 668 34 26 för
335 668 76 28 fartyg,
424 650 51 40 oben
476 650 62 40 nn
554 650 26 44 af
590 650 102 40 lästetalet
709 650 4 38 .

166 703 232 27 Naturalisationsbref
409 703 36 21 och
461 703 232 21 tillständsresolution
684 699 12 35 :

195 740 33 20 1:o
243 739 15 19 å
273 738 88 27 beviljad
374 739 45 20 rätt
434 740 31 19 att
479 738 32 26 pä
531 738 70 26 finska
622 737 92 22 Riddar-

223 773 61 21 huset
298 773 64 21 vinna
377 772 153 22 introduktion:

223 807 34 28 för
272 807 128 27 fremmande
415 807 56 28 adlig
487 808 32 21 ätt
537 823 1 5 .
567 823 5 5 .
603 823 5 5 .
638 823 4 5 .
673 823 5 6 .

224 839 35 35 för
331 859 9 10 W
416 842 105 27 friherrlig
532 858 4 5 .

223 873 34 35 för
414 877 74 27 greflig
532 894 4 3 =.
710 893 5 5 x

195 913 36 20 2:0
246 911 34 27 för
301 890 99 53 utländsk
422 911 112 26 adelsman,
560 893 31 40 att
604 893 112 45 upptägas

223 946 68 21 under
304 946 66 21 redan
384 945 147 22 introducerad
545 947 33 20 ätt
602 961 5 6 .

197 981 35 21 3:0
247 980 35 27 för
296 980 103 22 vinnande
414 981 26 26 af
450 980 177 28 medborgarerätt
641 980 8 21 i
662 980 53 21 Fin-

224 1015 62 21 land:

223 1049 34 27 för
271 1049 158 27 ständsperson,
440 1049 119 22 handlande
567 1049 36 22 och
610 1049 106 27 fabrikant

223 1084 34 27 för
271 1085 72 27 hvarje
358 1090 70 15 annan
460 1101 4 4 .
496 1100 4 4 .

166 1119 174 26 Notariatsbevis,
357 1119 26 26 af
393 1119 55 21 hvad
462 1125 63 14 namn
531 1100 40 40 och
577 1095 138 54 beskaffenhet

223 1153 34 22 det
271 1160 51 15 vara
336 1154 37 21 må
387 1169 5 6 .

167 1187 56 22 Pass
237 1188 35 27 för
286 1195 49 14 resa
348 1190 58 19 utom
420 1169 95 40 Finland
528 1165 113 66 äfvensom
645 1169 69 39 vistel-

196 1222 88 27 sebiljett
297 1221 34 27 för
345 1221 112 27 utländing
464 1221 88 27 skrifves
558 1221 34 28 på
606 1221 109 21 enahanda

195 1256 61 21 karta
269 1255 48 22 med
326 1255 68 28 öfriga
399 1255 141 26 expeditioner
549 1255 51 26 från
608 1255 39 21 den
655 1262 58 20 myn-

195 1289 75 28 dighet,
285 1296 46 15 som
347 1289 114 21 detsamma
472 1289 105 26 utfärdar.

223 1323 160 28 Anmärkning
376 1318 12 37 :
402 1323 100 27 utfärdas
515 1325 127 25 gemensamt
660 1329 55 20 pass

194 1359 34 27 för
242 1365 50 16 man
307 1358 37 22 och
365 1358 81 26 hustru,
468 1357 107 28 föräldrar
598 1357 36 22 och
655 1357 58 26 barn,

193 1393 108 22 husbonde
315 1393 48 22 eller
376 1393 114 22 matmoder
510 1392 36 22 och
560 1392 48 22 dess
632 1393 81 26 tjenste-

193 1428 56 27 hjon,
266 1428 47 21 eller
327 1428 35 27 för
377 1427 41 22 alla
433 1427 31 22 till
479 1429 29 20 ett
522 1427 83 22 hushäll
624 1427 90 22 hörande

225 425 34 21 det
273 432 51 14 vara
338 426 41 26 mä,
394 425 81 22 hvilken
491 425 41 22 icke
549 427 26 20 är
589 426 55 26 finsk
658 425 66 22 med-|

767 288 29 21 25]

769 321 27 22 10)

754 808 42 23 500
