1036 1692
285 161 28 19 U.
329 161 29 19 B.
375 171 23 3 —
423 161 82 23 Prop.
520 161 45 19 N:o
579 162 39 18 40.
769 159 25 20 67

80 226 80 20 hälften
176 226 23 20 af
211 226 119 20 December
337 227 77 20 månad
430 227 127 27 föregående
573 228 29 25 år,
619 227 43 25 bör,
678 226 23 20 så
716 226 44 20 vidt
776 226 44 28 kyr-

80 258 125 22 koböckerna
221 260 69 20 derom
299 261 66 19 lemna
376 261 134 27 upplysning,
532 261 106 19 innehålla
652 260 82 26 uppgift
750 266 34 14 om
799 260 26 20 de

81 294 44 19 deri
148 294 81 20 införde
252 301 112 19 personers
388 296 22 22 a)
434 295 95 19 förnamn
552 294 40 20 och
614 294 87 26 familje-
717 294 52 20 eller
784 294 40 19 till-

80 334 70 19 namn,
174 331 53 17 samt
250 328 70 20 faders
343 328 57 25 eller,
422 335 33 13 om
477 328 26 20 de
526 331 36 17 äro
587 328 23 20 af
627 328 64 19 oäkta
705 327 60 25 börd,
781 334 43 13 mo-

80 362 47 20 ders
136 368 68 20 namn,
221 362 22 24 b)
252 362 134 26 boningsort;
402 364 21 22 c)
446 362 110 26 födelseår,
579 362 76 19 månad
677 362 38 20 och
731 362 48 26 dag,
795 362 30 20 äf-

80 402 87 14 vensom
192 402 34 13 om
249 396 25 20 de
298 396 67 20 blifvit
394 396 149 26 vaccinerade;
560 396 24 24 d)
598 395 182 26 trosbekännelse;
802 397 22 23 e)

81 430 54 26 fräjd
163 430 39 20 och
225 430 175 26 nattvardsgäng;
423 430 19 24 f)
466 430 72 26 syssla,
554 430 117 19 handtverk
690 429 51 20 eller
762 430 63 26 yrke;

80 467 24 24 g)
128 465 40 19 läs-
191 464 40 20 och
239 464 170 26 skrifkunnighet
425 466 54 18 samt
494 464 35 20 vid
544 463 82 20 hvilket
640 464 97 20 läroverk
753 464 25 20 de
794 470 30 14 er-

79 498 61 20 hållit
155 498 31 20 sin
202 498 94 26 bildning
312 498 51 20 eller
377 501 55 17 ännu
448 498 80 26 åtnjuta
543 498 158 26 undervisning;
716 498 109 20 äfvensom

79 532 25 25 h)
125 532 226 26 familjeförhällanden
374 532 51 20 eller
447 532 130 26 kroppslyte,
599 532 28 26 pä
648 532 66 26 grund
730 532 23 20 af
772 532 52 19 hvil-

80 567 28 19 ka
130 566 93 27 eftergift
242 567 3 18 i
262 566 155 26 värnepligtens
433 566 115 27 utgörande
569 566 66 26 enligt
648 566 53 26 Kap.
718 566 19 19 V
751 566 42 20 kan
808 566 16 20 i-

81 600 151 28 frägakomma.

386 665 10 21 S
412 663 32 19 55.
465 663 54 25 (61)

146 710 66 19 Innan
237 709 40 19 den
301 708 24 20 15
343 708 85 20 Januari
444 708 38 20 bör
495 708 78 26 jemvä]
589 707 194 21 häradsskrifvaren
799 710 26 24 pä

80 744 66 26 grund
170 743 23 20 af
213 743 26 20 de
263 742 152 27 anteckningar
436 742 41 20 han
509 742 34 20 vid
559 742 219 26 mantalsskrifningen
793 742 33 20 för

80 778 74 20 sådant
177 777 98 19 ändamål
297 783 50 20 eger
363 776 52 26 föra,
431 776 31 20 till
477 776 186 26 uppbädsnämden
679 776 90 20 aflemna
784 776 40 20 för-

80 812 99 26 teckning
203 812 59 20 öfver
285 811 41 20 alla
347 810 112 27 ynglingar
474 810 55 20 inom
546 810 94 26 häradet,
656 810 72 20 hvilka
743 810 81 26 föregä-

81 846 52 19 ende
160 846 22 19 år
205 845 88 26 uppnått
316 845 90 26 tjuguett
422 844 33 19 års
471 844 63 20 ålder.
564 844 32 19 De
611 843 32 20 till
658 844 61 19 dessa
734 843 91 21 förteck-

80 881 74 25 ningar
177 879 137 26 erforderliga
332 878 118 20 blanketter
470 879 59 19 skola
549 878 23 20 af
584 878 185 26 uppbädsnämden
785 879 40 18 till-

81 914 71 19 ställas
181 913 194 20 häradsskrifvaren
392 914 70 17 senast
477 913 56 19 inom
549 912 56 20 förra
615 911 80 20 hälften
704 911 23 20 af
735 912 89 20 Decem-

80 948 38 20 ber
133 948 75 19 månad
221 946 126 29 föregående
364 947 28 19 är.

386 1005 10 22 $
412 1003 32 20 56.
460 1003 56 25 (62.)

148 1050 47 20 Med
204 1050 85 26 ledning
294 1043 24 37 af
326 1049 25 20 de
359 1050 6 19 i
374 1051 21 22 $$
405 1049 25 20 54
440 1049 39 20 och
488 1049 25 19 55
522 1049 37 24 (60
569 1048 39 20 och
624 1048 36 23 61)
676 1047 90 20 nämnda
782 1047 40 20 för-

81 1085 130 26 teckningar,
219 1085 72 19 hvilka
298 1084 52 20 böra
365 1083 23 20 af
394 1083 183 26 uppbädsnämden
589 1082 48 20 med
644 1082 118 20 hvarandra
771 1083 52 25 jem-

82 1119 55 21 föras
154 1119 38 20 och
208 1119 108 26 granskas,
333 1119 107 25 upprättar
459 1116 185 28 uppbädsnämden
659 1115 165 28 uppbädslängd,

81 1153 134 26 upptagande
239 1152 138 23 kommunvis,
404 1151 38 20 och
467 1152 5 18 i
489 1150 146 23 nummerfölid
660 1150 41 20 alla
726 1149 25 20 de
772 1157 53 19 yng-

81 1187 148 26 lingar,hvilka
243 1186 66 20 under
324 1185 126 27 föregående
467 1185 22 20 är
504 1185 88 26 uppnått
607 1185 90 26 tjuguett
711 1184 33 19 års
760 1183 64 26 ålder,

81 1221 47 19 med
145 1221 105 26 undantag
266 1220 23 20 af
302 1219 53 27 dem,
372 1226 44 13 som
431 1219 79 20 inträdt
527 1219 35 19 vid
578 1220 113 24 trupperna
705 1218 68 19 såsom
789 1217 35 20 fri-

81 1255 77 26 villige.
180 1251 65 22 Öfver
268 1254 60 19 desse
350 1253 56 20 föres
429 1260 25 13 en
477 1252 88 21 särskild
588 1252 70 26 längd,
680 1252 27 25 pä
722 1251 67 27 grund
804 1251 24 20 af

82 1288 26 20 de
123 1288 106 27 uppgifter
244 1294 45 13 som
304 1287 137 27 krigsbefälet
457 1286 151 27 ofördröjligen
620 1285 54 20 efter
689 1285 35 20 det
739 1285 86 26 frivillig

81 1321 70 20 blifvit
166 1324 98 23 antagen,
280 1321 38 19 bör
333 1321 31 18 till
380 1321 89 18 nämden
485 1320 95 19 atlemna.

390 1379 10 22 $
416 1377 33 19 57.
467 1377 55 24 (63.)

150 1420 8 19 I
174 1418 187 28 uppbädslängden
376 1417 79 20 införas
475 1417 26 20 de
516 1417 5 20 i
538 1418 10 23 $
564 1416 26 19 54
605 1416 49 25 (60)
669 1415 91 20 nämnda
774 1422 50 19 upp-

83 1455 68 27 gifter.
181 1454 77 20 Finnas
281 1454 57 19 inom
361 1452 95 21 området
478 1457 167 21 manspersoner,
668 1450 58 20 öfver
744 1450 82 20 hvilkas

83 1489 58 21 ålder
156 1489 79 26 lagliga
250 1489 60 26 intyg
326 1487 46 21 icke
389 1490 35 17 äro
441 1488 30 19 att
486 1486 66 27 tillgå,
568 1493 47 13 men
627 1484 199 21 hvilka
703 1480 10 39 i
722 1484 104 21 anseende

160 1533 198 23 Värnepligtsutskottets
370 1532 111 18 Betänkande
493 1531 33 18 N:o
540 1531 15 18 1.
