1031 1689
148 105 32 14 Bär
345 99 12 18 4
643 97 4 12 !

291 152 26 19 U.
333 151 29 18 B.
379 162 24 3 —
420 152 82 23 Prop.
517 153 49 18 N:o
581 153 38 18 40.

359 409 190 44 Bihang.

447 501 25 20 1.

314 551 128 27 Historisk
461 551 134 34 öfversigt.

153 630 75 22 Säsom
249 635 29 16 ett
302 631 133 28 nödvändigt
458 631 67 21 vilkor
544 631 33 22 för
596 631 231 28 samhällsordningens

85 664 188 29 upprätthällande
289 669 50 24 gent
354 669 56 17 emot
425 665 47 21 inre
487 665 39 21 och
541 667 56 26 yttre
607 673 102 21 angrepp,
721 665 69 22 bildar
802 673 25 14 en

86 703 51 17 stats
155 699 185 27 krigsförfattning
360 703 30 17 ett
408 699 103 27 naturligt
526 699 143 28 komplement
688 700 32 21 till
735 699 47 22 dess
797 700 30 21 öf-

87 733 46 28 riga
148 733 110 28 offentliga
273 733 150 25 institutioner,
438 733 39 22 och
493 735 66 20 måste
574 734 47 21 med
637 734 67 21 dessa
718 735 34 20 stä
762 735 7 20 i
780 737 47 18 när-

86 772 66 17 maste
168 767 109 21 samband.
302 767 122 22 Historiens
437 767 132 22 vittnesbörd
585 767 132 29 ädagalä;ga
731 772 97 23 nogsamt

86 805 30 17 att
132 806 30 17 ett
176 801 61 22 lands
253 801 186 29 krigsförfattning
454 802 48 21 icke
513 801 42 22 kan
571 802 73 28 skiljas
655 803 46 21 från
717 803 48 21 dess
777 810 51 14 sam-

86 836 188 27 hällsförfattning,
297 840 50 18 utan
370 839 30 18 att
421 837 42 20 fast
485 844 58 13 mera
568 837 69 27 bägge
661 837 32 20 till
712 838 117 21 hvarandra

87 869 83 22 befinna
205 871 32 26 sig
265 871 7 20 i
298 874 52 18 nära
380 871 201 22 vexelförhällande.
622 871 46 21 Allt
700 872 52 21 efter
784 879 44 14 som

87 904 40 21 den
147 904 113 22 historiska
283 905 150 28 utvecklingen
457 905 90 28 fortgätt
568 912 78 21 genom
668 905 58 22 oliks
752 905 76 22 skeden

87 938 39 21 har
148 939 70 21 derför
241 939 60 21 äfven
325 939 162 28 krigsväsendet
508 939 78 22 iklädts
611 939 94 28 ständigt
724 947 42 21 nya
787 940 43 21 for-

87 980 52 19 mer,
160 973 90 22 likasom
271 975 12 20 å
301 974 66 21 andra
383 974 61 21 sidan
463 975 61 21 äfven
535 977 67 18 större
613 974 149 28 förändringar
772 974 57 21 inom

88 1008 250 27 militärorganisationen
353 1009 44 20 ofta
412 1009 61 28 djupt
487 1009 121 21 äterverkat
625 1010 29 27 pä
666 1009 121 21 statslifvets
798 1008 31 21 öf-

88 1043 46 27 riga
148 1043 109 21 områden.
286 1043 12 21 I
316 1045 87 19 främsta
423 1049 89 15 rummet
531 1050 50 21 eger
599 1043 69 21 denna
688 1043 141 27 anmärkning

88 1076 151 30 tillämplighet
257 1078 27 28 på
302 1081 62 18 sättet
383 1077 33 21 för
435 1078 25 20 de
479 1078 90 20 militära
587 1077 119 22 krafternas
726 1084 104 14 samman-

88 1111 126 27 bringande,
230 1112 169 28 rekryteringen,
414 1111 81 22 hvilket
509 1113 70 21 såsom
594 1111 73 27 sjelfva
682 1111 147 29 kärnpunkten

88 1146 7 20 i
110 1149 101 25 systemet
226 1147 66 21 måste
307 1146 68 21 verka
391 1146 159 22 bestämmande
565 1146 33 21 för
613 1146 68 27 öfriga
695 1145 59 22 delar
764 1146 22 21 af
796 1152 34 14 or-

90 1180 153 28 ganisationen.

157 1214 34 22 De
207 1214 172 28 medborgerliga
390 1215 151 28 rättigheterna
554 1214 75 21 kräfva
639 1214 68 21 såsom
718 1213 35 21 sitt
763 1212 67 23 ound-

90 1248 103 28 gängliga
208 1248 137 22 korollarium
361 1249 174 28 medborgerliga
549 1248 151 28 skyldigheter,
715 1248 40 20 och
767 1247 63 22 bland

92 1282 61 22 dessa
172 1282 82 28 intager
272 1282 82 29 pligten
374 1287 31 17 att
423 1286 67 18 värna
505 1286 78 18 statens
599 1282 106 28 integritet
720 1282 40 21 och
775 1288 55 15 sam-

92 1316 237 22 hällsinstitutionernas
345 1316 89 22 bestånd
449 1321 30 17 ett
493 1318 23 18 af
524 1317 25 20 de
559 1317 87 19 främsta
657 1322 101 14 rummen.
781 1315 50 21 Den

92 1350 122 21 allmännna
228 1350 39 20 och
282 1350 122 28 personliga
423 1349 222 29 tjensteskyldigheten
661 1348 38 22 har
713 1349 73 21 derför
801 1349 29 20 äf-

92 1391 39 14 ven
153 1384 7 20 i
184 1384 42 21 alla
244 1384 75 21 länder
337 1385 81 27 utgjort
437 1384 40 21 den
497 1383 184 29 ursprungligaste
697 1383 82 21 formen
798 1382 34 21 för

93 1417 161 29 krigstjenstens
273 1418 124 28 utgörande.
427 1418 74 22 Redan
520 1419 7 19 i
548 1417 97 22 antikens
664 1419 64 20 stater
747 1416 84 22 betrak-

94 1452 60 22 tades
172 1452 36 22 det
225 1453 70 21 såsom
317 1452 74 28 hvarje
409 1452 28 21 fri
455 1452 151 28 medborgares
625 1452 51 27 pligt
697 1454 31 18 att
745 1451 61 21 träda
824 1450 8 22 i

95 1494 68 22 vapen
178 1487 33 21 till
233 1487 146 22 fosterlandets
397 1487 89 21 försvar.
515 1486 12 22 I
546 1485 71 23 Athen
637 1494 38 14 var
690 1487 78 21 enhvar
784 1489 48 17 vär-

166 1533 195 24 Värnepligtsutskottels
373 1534 110 18 Betänkande
496 1533 34 18 N:o
545 1533 16 19 1.
