1023 1695
215 157 27 21 70
373 157 79 22 Ständ.
467 157 37 22 Sv.
520 169 27 4 —
561 157 71 28 Prop.
648 157 39 22 N:o
701 157 38 22 40.

323 224 21 27 b)
359 224 129 21 läkarebevis
508 227 32 18 att
559 224 44 21 han
621 225 8 20 i
644 225 101 26 afseende
760 225 14 20 å
788 224 142 28 kroppsbygg-

254 258 45 21 nad
317 258 37 21 och
373 258 159 21 helsotillstånd
551 261 121 18 motsvarar
687 259 24 20 de
729 258 142 29 fordringar,
888 265 44 14 som

254 293 9 19 i
278 292 117 21 allmänhet
411 295 38 18 äro
466 292 107 22 bestämda
583 293 42 27 för
639 293 158 28 godkännande
813 293 35 21 till
862 293 70 28 krigs-

255 327 76 26 tjenst;

322 361 19 27 c)
356 361 53 26 ifall
419 361 43 21 han
472 363 26 18 är
513 361 106 28 omyndig,
636 362 61 27 intyg
713 361 30 27 af
749 361 125 27 föräldrar,
881 361 49 28 för-

255 395 103 28 myndare
379 395 51 21 eller
451 395 105 21 målsman
575 395 62 28 öfver
655 395 105 29 samtycke
776 396 35 21 till
825 396 108 26 inträdet;

255 431 56 19 samt

323 463 21 28 d)
360 470 32 14 om
408 464 44 20 han
467 466 25 18 är
507 464 122 27 inskrifven
643 465 36 20 vid
689 471 97 15 reserven
798 464 52 21 eller
861 465 72 21 landt-

255 500 81 24 värnet,
351 498 61 28 intyg
421 499 82 27 jemväl
517 498 109 28 häröfver.

555 556 15 28 $
585 557 48 21 100.

323 590 46 21 För
383 590 103 26 volontär,
498 598 45 14 som
558 591 67 27 enligt
639 592 9 19 i
658 591 135 28 föregående
807 591 15 27 $
837 591 96 27 anförda

254 626 97 27 grunder
373 625 100 21 inträder
494 626 8 20 i
525 626 58 20 aktiv
606 626 70 26 tjenst,
696 626 71 26 gäller
786 625 56 21 hvad
861 626 9 20 i
886 626 12 27 $
914 627 19 25 9,

251 659 99 28 jemförd
365 659 46 21 med
425 660 16 26 $
455 660 34 24 32,
505 666 33 15 om
554 660 111 27 tjenstetid
683 660 36 20 vid
738 660 58 21 aktiv
817 662 65 25 trupp
898 660 37 21 och

255 700 98 14 reserven
369 693 64 28 sagdt
448 695 32 19 är.
505 694 50 21 Har
571 693 42 21 han
630 694 69 20 redan
712 694 102 28 fullgjort
830 694 104 27 tjenstgö-

255 728 50 28 ring
321 728 36 20 vid
372 727 57 21 aktiv
445 730 64 25 trupp
525 728 51 21 eller
591 734 103 20 reserven,
712 728 124 21 bestämmes
851 728 84 27 tjenste-

256 762 59 21 tiden
329 768 74 22 genom
419 762 64 26 aftal.

556 797 15 27 $
585 797 49 21 101.

327 830 105 21 Volontär
447 830 105 21 likställes
567 831 9 20 i
589 831 42 20 allt
646 831 47 20 med
703 830 54 25 dem,
768 838 45 13 som
821 832 32 26 pä
863 831 73 26 grund

255 865 31 26 af
302 864 88 28 uppbåd
410 864 90 21 inträda
520 865 8 20 i
547 865 70 27 tjenst,
637 864 37 21 och
690 864 137 22 underhälles
839 865 32 27 pä
887 864 48 21 kro-

256 905 57 15 nans
328 898 123 22 bekostnad.

553 933 16 28 $
584 935 49 19 102.

327 967 104 21 Volontär
453 969 103 26 mottages
577 967 70 21 under
669 967 71 28 loppet
761 967 31 28 af
810 967 48 21 hela
880 968 52 20 året.

258 1001 145 28 Tjenstetiden
413 1001 81 22 räknas
505 1001 62 28 ifrån
583 1002 36 21 och
636 1002 47 21 med
693 1001 75 27 första
783 1002 70 27 dagen
868 1002 9 21 i
891 1002 44 21 må-

256 1036 71 21 naden
345 1037 49 20 näst
414 1035 54 28 efter
484 1036 46 25 den,
546 1036 69 21 under
630 1036 86 21 hvilken
727 1036 48 29 han
790 1037 95 20 anstälts
900 1036 36 21 vid

257 1072 126 26 trupperna.

523 1144 58 28 Kap.
598 1144 64 22 XVI.

257 1202 38 21 Om
316 1208 106 20 personer,
440 1208 44 14 som
504 1204 36 19 äro
559 1202 124 26 oförmögne
701 1203 30 19 att
750 1202 100 20 fortsätta
867 1202 65 27 krigs-

322 1236 96 26 tjensten,
435 1237 106 19 äfvensom
557 1235 106 26 angående
679 1236 75 20 vården
770 1242 33 14 om
820 1236 46 19 dem

430 1270 38 19 och
484 1275 32 14 om
533 1269 116 26 krigsmäns
665 1270 92 25 familjer.

562 1325 15 28 $
593 1326 47 21 103.

325 1360 16 21 I
353 1359 57 22 aktiv
429 1361 65 27 tjenst
513 1361 51 20 eller
581 1360 36 21 vid
631 1367 98 14 reserven
750 1360 87 22 stående
848 1367 87 20 person,

258 1402 44 15 som
316 1401 75 22 genom
406 1395 99 27 sjukdom
520 1395 52 21 eller
587 1394 122 29 kroppslyte
724 1395 74 28 blifvit
813 1394 122 29 oförmögen

259 1430 34 21 till
309 1429 142 29 tjenstgöring
471 1430 60 20 såväl
547 1430 14 25 i,
576 1436 44 15 som
636 1431 57 19 utom
706 1429 95 26 fronten,
816 1430 120 28 entledigas

253 1464 42 27 för
313 1465 66 21 alltid
397 1471 27 14 ur
445 1465 91 26 tjensten
556 1463 38 22 och
614 1463 80 28 afföres
709 1471 28 14 ur
751 1465 106 25 rullorna,
874 1464 62 21 hvar-

253 1500 66 29 jemte
335 1499 22 23 åt
373 1499 76 21 honom
465 1499 104 29 utfärdas
587 1499 62 28 intyg
663 1498 61 28 öfver
733 1499 113 28 fullgjord
861 1501 77 19 värne-
