1700 1856
637 246 29 19 U.
679 247 30 17 B.
727 257 19 3 —
760 247 79 23 Prop,
855 246 44 19 N:o
912 247 40 18 44.
1100 247 27 20 45

426 314 42 21 dan
482 315 69 21 finnas
566 315 6 21 i
589 315 78 26 landet,
683 315 40 21 och
738 317 23 18 att
785 315 39 21 den
840 315 7 20 i
861 315 148 28 Kyrkolagens
1025 316 12 19 6
1047 316 10 27 &
1068 315 88 28 medgif-

424 357 28 13 na
467 349 104 28 rättighet
584 349 33 21 till
632 349 85 21 utträde
732 357 26 12 ur
773 349 242 28 evangelisk-lutherska
1025 349 81 27 kyrkan
1113 349 42 21 kan

424 383 112 21 föranleda
551 383 115 28 öfvergäng
681 383 33 20 till
728 383 138 21 icke-kristen
883 383 98 25 troslära,
997 383 98 22 hvarföre
1111 383 45 22 det-

424 419 24 19 ta
462 417 134 21 förhållande
611 417 61 22 äfven
688 417 70 22 blifvit
777 417 70 22 afsedt
861 417 6 21 i
883 419 12 19 4
911 418 10 27 &
936 417 24 21 af
974 417 119 21 Utskottets
1117 417 39 21 här

424 453 96 20 närmast
535 452 110 21 ofvanföre
659 452 89 27 intagna
769 451 219 28 törfattningsförslag.
1018 451 49 21 Men
1078 451 78 28 Lagut-

425 487 80 21 skottet
520 487 39 20 har
574 487 40 21 ock
629 487 28 26 pä
672 489 31 18 ett
717 488 66 19 annat
797 487 62 20 ställe
875 486 56 28 (sida
949 487 36 28 35)
1007 488 49 21 sökt
1077 488 79 27 ädaga-

424 521 70 28 lägga,
510 523 38 24 att,
566 521 27 21 dä
610 522 9 19 1
636 521 11 27 8
660 521 9 20 i
686 521 53 20 1772
755 521 34 21 års
804 521 173 28 Regeringsform
990 523 57 20 ännu
1055 522 47 21 icke
1118 530 38 13 un-

424 556 85 27 dergätt
524 555 91 28 ändring
629 555 34 21 till
682 555 84 21 förmän
781 555 33 21 för
838 555 138 22 icke-kristne
995 563 108 20 personer,
1119 557 37 20 nä-

425 597 38 20 gra
473 589 140 28 medborgare
621 589 24 20 af
658 589 138 21 icke-kristen
811 589 176 22 trosbekännelse
1002 591 154 27 grundlagsen-

424 624 40 27 ligt
478 625 58 20 ännu
551 624 47 21 icke
612 624 73 20 kunna
699 623 69 22 finnas
783 624 8 20 i
806 624 96 21 Finland.
939 624 70 21 Häraf
1023 631 62 21 synes
1100 624 57 21 klart

425 658 89 28 framgä,
530 659 32 20 att
577 660 30 19 ett
622 657 149 29 medgifvande
787 658 22 21 af
822 658 167 28 religionsfrihet
1003 659 22 20 ät
1040 659 79 21 sädane
1128 658 28 21 ic-

425 693 119 20 ke-kristne
559 699 108 21 personer,
683 699 46 14 som
744 693 115 27 uppehälla
873 693 33 28 sig
923 693 40 21 här
977 693 7 20 i
1007 693 80 26 landet,
1110 692 46 22 icke

425 727 99 28 betingas
539 727 28 26 af,
583 727 52 21 eller
651 734 36 14 ens
702 727 42 20 kan
759 727 7 20 i
781 727 40 21 och
831 727 34 22 för
880 727 32 28 sig
927 727 98 26 förunna,
1034 728 56 21 finsk
1099 727 58 21 med-

425 761 136 28 borgarerätt
576 762 22 20 ät
610 761 66 28 judar
691 761 52 20 eller
758 761 67 21 andra
833 761 138 22 icke-kristne
981 761 175 26 trosbekännare,

425 795 73 22 hvilka
512 795 56 22 först
583 795 53 21 efter
652 803 26 13 en
692 795 123 28 ytterligare
824 795 91 22 skeende
924 795 175 28 grundlagsenlig
1106 795 51 21 änd-

425 831 49 27 ring
484 831 23 20 af
517 831 9 19 1
538 831 28 27 $i
582 830 200 27 Regeringsformen
797 830 72 21 kunna
884 830 81 21 erhålla
973 830 185 27 medborgarerätt

426 864 7 21 i
447 864 79 22 landet.
556 865 103 21 Deremot
673 864 39 21 har
727 864 49 22 deti
792 864 76 28 Kongl.
879 864 86 22 Brefvet
980 864 41 21 den
1031 865 27 20 25
1066 864 91 22 Novem-

426 898 38 22 ber
481 900 53 20 1806
549 898 175 22 förekommande
740 899 40 21 och
794 899 7 20 i
818 900 25 20 12
858 900 11 26 &
884 898 24 22 af
920 899 59 27 Kejs.
995 898 162 28 Förordningen

428 933 40 21 den
486 934 24 20 17
526 933 51 21 Juni
595 934 52 20 1862
663 933 123 27 upprepade
801 932 100 22 förbudet
915 933 34 21 för
961 932 65 28 judar
1040 934 32 20 att
1087 932 72 22 bosät-

427 970 23 19 ta
464 967 32 28 sig
511 967 8 21 i
534 967 90 21 Finland
640 967 123 21 tillkommit
777 968 28 26 pä
820 967 156 21 administrativ
994 968 39 27 väg
1055 966 40 22 och
1117 966 42 21 kan

428 1002 85 22 derföre
527 1003 28 26 pä
569 1002 45 21 lika
629 1003 43 20 sätt
688 1002 124 28 upphäfvas,
829 1009 34 15 om
879 1002 34 21 det
929 1001 40 22 ock
985 1003 91 20 emoten
1091 1001 68 21 sädan

427 1036 77 28 ätgärd
518 1037 36 20 mä
569 1036 73 21 kunna
657 1037 119 25 anmärkas,
796 1039 31 19 att
851 1037 58 21 detta
929 1036 78 21 förbud
1030 1035 129 28 följdrigtigt

427 1071 102 28 härflyter
544 1078 27 14 ur
585 1071 56 21 hvad
658 1072 9 19 1
684 1071 11 27 $
710 1071 7 21 i
731 1071 201 27 Regeringsformen
949 1070 124 22 innehäller.
1089 1069 71 21 Emel-

428 1106 63 21 lertid
507 1105 70 26 hafva,
593 1106 71 20 säsom
679 1105 67 21 kändt
761 1106 30 25 är,
814 1105 101 21 Finlands
931 1104 102 28 politiska
1057 1104 103 26 ställning

427 1140 34 21 till
476 1139 163 29 Kejsaredömet
654 1140 40 20 och
709 1140 41 20 den
764 1140 65 27 ryska
845 1140 118 20 militärens
974 1139 85 21 vistelse
1069 1138 8 21 i
1087 1138 73 21 landet

428 1174 108 21 föranledt
551 1175 30 19 ett
595 1174 48 21 icke
658 1174 118 28 obetydligt
790 1174 59 21 antal
861 1174 66 27 judar
941 1176 56 19 samt
1012 1174 102 28 möjligen
1129 1173 31 21 äf-

428 1215 40 14 ven
483 1208 67 21 andra
564 1208 139 21 icke-kristne
717 1208 169 22 trosbekännare
901 1210 32 19 att
948 1208 54 22 efter
1011 1208 149 28 tjenstetidens

429 1243 80 27 utgäng
525 1244 131 25 gvarstanna
670 1242 39 21 här
723 1242 8 21 i
745 1242 80 26 landet,
841 1243 39 21 och
895 1242 27 21 dä
941 1242 35 22 det
998 1249 90 14 numera
1103 1243 58 20 svär-

428 1276 57 27 ligen
500 1276 61 22 torde
576 1277 73 20 kunna
663 1276 85 21 komma
763 1276 6 21 i
785 1277 61 27 fräga
860 1278 32 20 att
906 1276 70 22 utvisa
989 1276 63 21 dessa
1059 1282 103 22 personer

429 1318 26 13 ur
470 1310 97 27 Finland,
583 1310 116 22 förefinnas
715 1311 65 21 ocksä
794 1311 46 21 häri
859 1311 169 27 uppenbarligen
1051 1308 112 24 enahanda

429 1344 47 21 skäl
491 1351 46 14 som
551 1344 35 20 vid
603 1345 53 20 1779
671 1346 35 19 års
721 1344 87 28 riksdag
823 1346 32 19 att
868 1346 98 20 närmare
984 1344 119 21 bestämma
1127 1350 35 14 om

430 1377 26 21 de
470 1378 151 21 icke-kristnes
637 1378 40 21 och
691 1378 123 28 isynnerhet
819 1378 104 28 judarnes
933 1377 229 29 religionsrättigheter

430 1411 8 20 i
452 1411 79 21 landet.

466 1439 4 3 *
486 1444 69 21 Jemte
570 1444 37 21 det
621 1444 151 28 Lagutskottet
787 1444 84 22 derföre
885 1451 64 15 anser
963 1444 32 28 sig
1009 1444 54 21 böra
1075 1443 88 22 förorda

430 1478 253 28 författningsförslagets
699 1478 120 28 antagande
833 1479 7 21 i
856 1473 120 38 hufvudsak,
989 1473 69 38 finner
1072 1477 91 22 Utskot-

431 1515 31 20 tet
476 1513 163 22 förhällandena
653 1513 5 21 i
675 1513 72 22 landet
771 1514 57 21 ännu
844 1514 47 21 icke
909 1513 86 28 päkalla
1013 1515 30 20 ett
1067 1512 96 29 uttryck-

430 1547 40 29 ligt
485 1548 120 29 antagande
621 1548 65 27 deraf,
702 1550 32 19 att
746 1548 65 28 judar
827 1548 68 22 skulle
909 1548 114 22 innehafva
1037 1547 126 28 medborga-

431 1584 68 21 rerätt
512 1583 8 20 i
534 1583 97 21 Finland.
662 1582 161 22 Godkännande
837 1583 102 22 rubriken
955 1583 33 21 till
999 1582 110 28 förslaget,
1124 1582 40 21 har

505 1623 139 22 Lagutskottets
657 1622 115 19 betänkande
785 1622 34 19 N:o
833 1623 29 18 14.
