1050 1692
229 179 14 21 4
389 178 81 22 Ständ.
486 177 37 23 Sv.
539 189 27 4 —
581 178 71 27 Prop.
668 178 40 21 N:o
723 178 36 21 44.

201 240 62 22 hvars
279 240 58 28 lagar
350 239 9 21 i
374 239 22 22 så
410 240 76 28 många
500 239 115 29 rigtningar
629 240 50 20 bära
692 240 86 28 prägeln
792 239 24 21 af
823 239 69 22 denna
903 240 47 28 kyr-

201 274 38 22 kas
254 274 122 28 inflytande,
391 273 68 21 skulle
475 274 48 21 med
539 281 36 15 ens
590 274 94 28 upphöra
702 276 31 19 att
747 274 95 22 betrakta
857 274 93 22 densam-

202 316 34 14 ma
251 308 68 22 såsom
334 308 32 21 sin
381 308 150 28 hufvudkyrka
546 309 39 21 och
600 308 81 21 derföre
696 308 73 22 kunna
783 310 50 20 utan
849 308 101 22 afsaknad

202 343 42 21 lida
259 343 62 21 äfven
337 342 73 22 sådant
424 342 83 28 intrång
522 342 26 29 på
563 342 31 22 sin
610 342 114 22 frisinnade
739 342 113 29 kyrkolags
863 343 87 21 bestäm-

201 377 80 28 ningar,
297 385 44 13 som
358 376 18 28 ej
392 381 23 17 är
430 376 23 22 af
466 376 180 23 samvetsfriheten
662 376 138 29 ovilkorligen
815 377 112 29 påkalladt.

269 412 35 20 En
326 418 69 14 annan
418 410 101 22 afvikelse
542 410 45 22 från
607 411 153 28 propositionen
779 411 74 21 hänför
871 411 31 28 sig
917 411 33 21 till

202 446 40 20 den
257 445 132 27 omfattning,
405 453 44 13 som
465 445 34 21 det
514 444 156 30 ifrågavarande
680 444 134 29 lagförslaget
824 444 83 22 erhållit
916 453 33 20 ge-

201 487 49 14 nom
270 480 46 20 dess
335 480 28 20 22
378 476 20 30 &,
414 479 62 21 hvari
493 480 131 23 bestämmes,
640 482 31 19 att
685 486 76 21 genom
776 479 40 21 den
831 487 43 20 nya
888 479 61 28 lagen

200 514 47 21 icke
270 514 49 21 sker
341 513 67 29 nägon
431 513 87 29 ändring
540 514 23 21 af
580 513 55 22 hvad
650 513 128 22 beträffande
793 514 155 28 grekisk-ryska

200 548 164 22 trosförvandter
379 552 22 17 är
416 548 100 28 stadgadt.
547 548 50 21 Med
614 547 98 22 afseende
731 547 52 22 härä
800 548 72 21 kunna
888 547 60 23 Stän-

201 583 64 21 derna
279 582 33 22 till
327 590 27 13 en
369 582 71 28 början
456 582 46 22 icke
518 582 69 28 undgå
597 584 31 19 att
642 582 7 21 i
664 582 168 29 underdänighet
842 582 105 28 påminna,

200 617 102 22 hurusom
323 616 158 30 lagstiftningen
504 616 106 29 angående
633 616 189 29 religionsfriheten
839 617 38 21 och
893 617 55 22 hvad

201 651 85 22 dermed
308 652 175 27 sammanhänger
502 651 85 29 jemlikt
606 651 80 22 landets
705 652 125 28 grundlagar
845 651 103 22 erfordrar

201 686 127 22 Ständernas
347 686 127 21 medverkan
491 688 54 20 samt
564 687 31 20 att
610 686 25 21 de
652 685 27 29 pä
694 685 73 22 sädant
782 688 41 19 sätt
837 686 110 22 tillkomna

199 721 57 27 lagar
276 720 18 28 ej
313 720 107 21 innehålla
439 719 61 29 några
520 719 101 22 särskilda
640 720 156 28 bestämningar
815 728 32 13 om
864 720 24 22 de
904 728 43 20 gre-

199 754 120 29 kisk-ryska
334 754 200 22 trosförvandternes
550 756 46 24 rätt,
612 754 86 21 hvilken
715 754 81 22 derföre
812 754 66 28 enligt
888 755 59 21 dessa

199 790 56 27 lagar
270 796 49 14 vore
335 791 31 19 att
381 788 95 22 härledas
490 797 26 13 ur
531 790 13 25 8
562 789 9 20 1
588 788 7 22 i
612 789 54 21 1772
681 788 33 22 års
729 788 177 28 Regeringsform,
917 797 29 13 ar-

199 824 67 22 tikeln
283 824 9 20 1
310 823 7 21 i
334 824 54 20 1723
407 822 33 21 års
455 822 200 29 Prestaprivilegier,
673 824 12 24 8
702 824 11 20 7
729 822 8 21 i
751 822 196 28 Riksdagsbeslutet

200 858 40 21 den
260 858 27 21 26
307 857 91 22 Januari
418 857 53 21 1779
486 859 54 20 samt
559 857 77 27 Kongl.
654 857 139 28 kungörelsen
812 857 39 21 den
868 858 27 21 24
910 858 36 21 Ja-

199 892 61 21 nuari
280 892 61 21 1781.
371 891 43 22 Väl
428 891 63 21 hafva
510 891 45 21 frän
571 891 38 22 och
625 891 47 21 med
692 891 23 21 är
731 892 54 21 1810
801 891 102 22 utfärdats
918 891 28 22 &t-

198 926 83 28 skilliga
300 925 153 28 författningar,
468 925 147 22 innehällande
633 925 155 28 bestämningar
806 933 34 14 om
854 925 92 29 grekisk-

198 960 62 28 ryske
283 959 173 22 trosförvandters
479 959 195 22 rättsförhällanden
694 962 54 19 samt
767 959 130 22 föreskrifter
912 968 33 13 an-

197 994 80 28 gående
300 995 60 20 deras
382 993 62 22 civila
466 994 38 20 och
526 993 164 28 medborgerliga
712 993 104 28 ställning.
850 994 50 21 Men
920 994 25 21 då

198 1029 60 20 dessa
279 1030 52 19 utan
349 1027 128 22 Ständernas
499 1027 127 22 medverkan
646 1027 111 22 tillkomna
776 1027 169 29 författningar
934 1023 16 37 i

197 1061 76 28 mänga
287 1062 58 21 delar
360 1061 106 22 innehälla
482 1061 111 22 afvikelser
608 1061 45 22 frän
668 1062 77 21 sädana
755 1062 63 27 lagar,
830 1062 32 21 till
872 1062 73 22 hvilka

198 1096 118 22 Ständerna
334 1095 97 29 bidragit,
446 1095 63 22 hafva
528 1096 118 22 Ständerna
662 1096 71 21 funnit
751 1096 64 21 redan
829 1096 46 21 häri
890 1096 55 28 ligga

198 1132 30 19 ett
242 1130 76 21 hinder
332 1129 33 22 för
380 1132 30 19 ett
424 1129 132 22 oförändradt
572 1130 115 27 antagande
703 1129 23 22 af
739 1131 13 25 &
768 1131 28 20 22
810 1130 7 21 i
832 1138 29 13 nu
872 1129 72 29 ifräga-

198 1165 91 22 varande
303 1163 217 29 författningsförslag.

264 1194 64 25 Ännu
349 1198 143 28 betänkligare
510 1203 23 16 är
553 1198 65 28 enligt
632 1197 128 23 Ständernas
779 1199 63 21 tanke
858 1200 30 20 att
903 1198 39 22 den

196 1232 170 27 religionsfrihet,
381 1232 87 20 hvilken
484 1231 36 22 det
534 1240 28 12 nu
578 1232 141 27 föreliggande
734 1231 132 28 lagförslaget
881 1240 62 19 synes

196 1265 77 28 egnadt
294 1267 31 19 att
339 1265 63 21 ordna
418 1265 39 21 och
471 1265 85 25 befästa,
572 1265 66 22 måste
652 1273 76 20 genom
743 1265 129 22 sistnämnda
886 1273 58 20 para-

194 1299 56 29 grafs
265 1299 117 28 antagande
397 1298 65 22 blifva
476 1298 110 22 inskränkt
606 1299 38 22 och
658 1299 106 22 utesluten
777 1299 45 29 just
836 1299 7 22 i
860 1299 25 22 de
900 1299 42 27 fall,

196 1334 36 21 der
246 1333 100 22 behofvet
361 1333 23 21 af
397 1333 120 22 densamma
531 1333 33 21 för
578 1334 129 21 närvarande
725 1337 37 24 gör
776 1334 32 29 sig
822 1336 54 20 mest
892 1335 50 21 kän-

195 1369 51 22 bart.
277 1368 41 22 Att
339 1376 76 21 genom
437 1368 71 28 lagens
530 1367 64 29 tväng
614 1368 51 22 söka
679 1368 36 21 vid
731 1376 25 14 en
771 1369 86 22 troslära
872 1368 71 30 fjettra

196 1403 53 26 dem,
260 1403 84 22 hvilkas
359 1405 92 19 samvete
465 1410 73 14 manar
552 1402 48 21 dem
610 1405 30 20 att
651 1403 58 28 hylla
720 1411 26 14 en
756 1411 75 18 annan,
847 1404 38 21 har
900 1403 42 23 ofta

196 1438 54 22 varit
265 1437 187 28 olycksbringande
467 1438 38 21 och
520 1437 57 22 leder
592 1437 125 22 åtminstone
728 1438 32 22 till
771 1438 100 29 hyckleri,
883 1439 59 22 hvar-

195 1474 55 19 emot
265 1471 35 22 det
315 1472 36 21 vid
367 1471 40 22 den
422 1471 61 27 kraft,
499 1472 101 21 hvarmed
614 1472 116 28 sanningen
748 1472 67 21 under
830 1473 77 28 hägnet
922 1473 22 21 af

194 1506 190 29 religionsfriheten
403 1506 91 22 omsider
510 1506 64 22 mäste
590 1515 65 20 segra,
670 1507 67 28 ligger
751 1507 47 28 föga
813 1507 59 22 makt
887 1507 55 29 uppä
