1025 1698
393 160 80 22 Ständ.
489 159 37 23 Sv.
541 173 28 2 —
583 160 71 27 Prop.
669 159 41 22 N:o
724 159 37 22 40.

336 228 102 21 Deremot.
460 229 39 20 äro
519 228 24 21 de
560 228 93 27 pligtige
672 229 33 19 att
718 227 42 27 för
774 228 34 20 sin
823 226 101 28 egendom
939 226 8 21 i

270 256 41 28 löst
331 262 37 21 och
380 262 51 27 fast
450 262 89 28 erlägga
562 262 58 21 skatt
640 261 37 21 och
697 262 71 20 andra
783 261 95 28 pålagor
893 262 55 19 samt

265 296 104 28 fullgöra
384 296 26 21 de
424 295 151 28 skyldigheter,
591 296 37 27 lag
644 295 83 27 bjuder.

577 335 15 28 $
607 336 33 20 16.

338 370 34 21 De
387 370 8 20 i
410 369 59 21 aktiv
487 370 66 27 tjenst
572 369 99 21 anstälde
690 370 50 27 lyda
760 369 69 21 under
842 369 107 27 krigsrätt

271 404 39 21 och
323 404 74 21 dömas
408 403 42 28 för
465 404 56 21 brott
536 404 37 20 och
584 403 118 28 förseelser
716 404 68 27 enligt
797 403 24 21 de
827 403 41 27 för
874 403 75 27 finska

271 438 111 21 militären
403 438 103 28 gällande
525 438 69 27 lagar,
615 437 108 22 hvaremot
739 438 31 26 de,
786 444 44 14 som
845 437 53 22 höra
915 438 34 20 till

271 478 103 20 reserven,
388 473 35 20 stå
437 472 70 21 under
521 472 82 21 allmän
615 472 36 28 lag
662 472 38 20 och
710 472 75 21 dömas
795 471 29 28 af
829 472 50 20 civil
889 472 60 20 dom-

271 507 48 26 stol,
334 508 59 19 utom
402 506 52 28 för:

339 540 23 27 a)
386 540 153 27 uteblifvande,
563 539 88 22 oaktadt
673 540 121 26 inkallelse,
812 539 58 27 från
892 539 57 22 aktiv

273 574 143 28 tjenstgöring
432 574 51 21 eller
498 574 166 28 öfningsmöten,

341 608 22 27 b)
386 608 56 22 brott
464 608 39 21 och
523 608 120 27 förseelser,
667 608 112 28 begångna
799 608 70 22 under
889 608 61 21 dessa

271 644 77 25 möten,
366 642 36 22 och

340 678 21 26 c)
370 676 119 28 förseelser
503 679 44 19 mot
561 677 128 27 disciplinen
704 676 110 27 äfvensom
824 677 126 21 subordina-

273 712 115 20 tionsbrott
402 712 69 20 under
485 711 35 21 det
535 711 26 21 de
575 711 54 21 bära
644 710 104 28 uniform,

340 746 10 21 i
364 746 72 21 hvilka
446 745 49 28 fall
509 746 61 21 dessa
581 752 106 22 personer
698 746 52 28 lyda
760 746 68 22 under
839 746 111 28 krigsrätt.

580 786 15 28 $
610 787 34 20 17.

342 820 143 28 Anställning
502 820 36 21 vid
553 827 97 14 reserven
664 822 64 26 utgör
742 822 20 27 ej
777 820 78 22 hinder
864 821 41 27 för
919 822 32 20 in-

275 855 61 22 träde
351 855 9 21 i
374 855 50 21 civil
438 857 66 19 stats-
519 856 51 21 eller
585 855 196 27 kommunaltjenst.

582 895 15 28 $
613 896 33 20 18.

346 929 41 21 Vid
402 935 97 16 reserven
515 929 95 27 anstäld,
625 936 44 14 som
684 931 70 20 under
768 930 69 28 krigs-
848 931 52 20 eller
909 933 42 19 mö-

275 963 63 22 testid
349 963 57 28 från
422 963 50 21 civil
486 966 65 19 stats-
566 963 53 21 eller
633 963 188 29 kommunaltjenst
835 965 96 22 inkallas
945 967 9 19 i

275 1001 130 24 truppernas
428 998 65 26 leder,
513 997 114 22 bibehålles
645 998 37 21 vid
700 999 34 21 sin
753 999 63 21 civila
832 999 121 29 befattning

275 1032 37 21 och
327 1034 27 19 är
363 1032 83 28 jemväl
461 1032 121 28 berättigad
597 1035 33 18 att
645 1033 154 28 tillgodonjuta
809 1034 26 21 de
845 1034 48 21 med
903 1035 49 20 den-

275 1073 83 15 samma
367 1065 108 29 förenade
491 1067 165 27 löneförmåner,
672 1067 56 28 efter
743 1067 83 28 afdrag
841 1068 30 27 af
876 1069 36 21 det
922 1069 31 21 be-

275 1101 58 27 lopp,
348 1107 44 14 som
407 1101 67 27 enligt
487 1101 103 28 gällande
601 1100 167 29 författningar
783 1102 129 22 tillkommer
922 1104 31 20 vi-

275 1135 66 20 karie.

557 1163 59 28 Kap.
632 1164 40 21 IV.

519 1215 38 21 Om
573 1215 136 22 landtvärnet.

584 1259 15 27 $
614 1261 34 19 19.

344 1292 66 29 Efter
432 1293 100 27 afslutad
551 1293 111 27 tjenstetid
675 1294 37 21 vid
727 1301 97 14 reserven
839 1295 116 28 inskrifves

276 1327 146 28 värnepligtig
438 1327 38 21 vid
491 1327 137 22 landtvärnet
643 1328 38 21 och
696 1329 101 27 gvarstär
811 1329 36 22 vid
861 1329 93 22 detsam-

277 1368 35 15 ma
327 1361 60 22 intill
396 1361 69 28 fylda
475 1361 87 28 fyratio
578 1362 31 21 är.

583 1403 15 27 $
611 1403 34 21 20.
757 1412 14 13 <

331 1457 2 2 .
346 1437 39 25 De,
401 1436 73 22 hvilka
489 1436 89 22 tillhöra
593 1437 145 27 landtvärnet,
752 1437 72 23 kallas
838 1441 116 20 värnemän

278 1471 38 22 och
331 1471 73 22 kunna
420 1471 75 21 endast
509 1472 35 21 vid
554 1471 113 29 fiendiligt
681 1472 70 27 infall
765 1473 9 20 i
789 1473 74 22 landet
873 1474 82 29 uppdä-

279 1506 40 21 das
334 1506 36 23 till
384 1506 46 21 dess
441 1505 98 30 försvar.
