<?xml version="1.0" encoding="UTF-8"?>
<alto xmlns="http://www.loc.gov/standards/alto/ns-v3#" xmlns:xlink="http://www.w3.org/1999/xlink" xmlns:xsi="http://www.w3.org/2001/XMLSchema-instance" xsi:schemaLocation="http://www.loc.gov/standards/alto/ns-v3# http://www.loc.gov/alto/v3/alto-3-0.xsd">
	<Description>
		<MeasurementUnit>pixel</MeasurementUnit>
		<sourceImageInformation>
			<fileName>/tmp/tess__pzvz57e_input.PNG</fileName>
		</sourceImageInformation>
		<OCRProcessing ID="OCR_0">
			<ocrProcessingStep>
				<processingSoftware>
					<softwareName>tesseract 5.3.4</softwareName>
				</processingSoftware>
			</ocrProcessingStep>
		</OCRProcessing>
	</Description>
	<Layout>
		<Page WIDTH="1042" HEIGHT="1692" PHYSICAL_IMG_NR="0" ID="page_0">
			<PrintSpace HPOS="0" VPOS="0" WIDTH="1042" HEIGHT="1692">
				<ComposedBlock ID="cblock_0" HPOS="152" VPOS="277" WIDTH="45" HEIGHT="27">
					<TextBlock ID="block_0" HPOS="152" VPOS="277" WIDTH="45" HEIGHT="27">
						<TextLine ID="line_0" HPOS="152" VPOS="277" WIDTH="45" HEIGHT="27">
							<String ID="string_0" HPOS="152" VPOS="277" WIDTH="11" HEIGHT="27" WC="0.81" CONTENT="s"/><SP WIDTH="15" VPOS="277" HPOS="163"/>
							<String ID="string_1" HPOS="178" VPOS="278" WIDTH="19" HEIGHT="19" WC="0.87" CONTENT="3."/>
						</TextLine>
					</TextBlock>
				</ComposedBlock>
				<ComposedBlock ID="cblock_1" HPOS="252" VPOS="169" WIDTH="491" HEIGHT="23">
					<TextBlock ID="block_1" HPOS="252" VPOS="169" WIDTH="491" HEIGHT="23">
						<TextLine ID="line_1" HPOS="252" VPOS="169" WIDTH="491" HEIGHT="23">
							<String ID="string_2" HPOS="252" VPOS="172" WIDTH="26" HEIGHT="20" WC="0.96" CONTENT="54"/><SP WIDTH="156" VPOS="172" HPOS="278"/>
							<String ID="string_3" HPOS="434" VPOS="169" WIDTH="28" HEIGHT="19" WC="0.92" CONTENT="U."/><SP WIDTH="13" VPOS="169" HPOS="462"/>
							<String ID="string_4" HPOS="475" VPOS="170" WIDTH="30" HEIGHT="17" WC="0.90" CONTENT="B."/><SP WIDTH="16" VPOS="170" HPOS="505"/>
							<String ID="string_5" HPOS="521" VPOS="180" WIDTH="17" HEIGHT="2" WC="0.90" CONTENT="—"/><SP WIDTH="15" VPOS="180" HPOS="538"/>
							<String ID="string_6" HPOS="553" VPOS="170" WIDTH="80" HEIGHT="22" WC="0.95" CONTENT="Prop."/><SP WIDTH="13" VPOS="170" HPOS="633"/>
							<String ID="string_7" HPOS="646" VPOS="170" WIDTH="45" HEIGHT="17" WC="0.96" CONTENT="N:o"/><SP WIDTH="13" VPOS="170" HPOS="691"/>
							<String ID="string_8" HPOS="704" VPOS="170" WIDTH="39" HEIGHT="16" WC="0.96" CONTENT="44."/>
						</TextLine>
					</TextBlock>
				</ComposedBlock>
				<ComposedBlock ID="cblock_2" HPOS="226" VPOS="236" WIDTH="735" HEIGHT="1329">
					<TextBlock ID="block_2" HPOS="279" VPOS="236" WIDTH="454" HEIGHT="31">
						<TextLine ID="line_2" HPOS="279" VPOS="236" WIDTH="454" HEIGHT="31">
							<String ID="string_9" HPOS="279" VPOS="239" WIDTH="41" HEIGHT="28" WC="0.93" CONTENT="Jag"/><SP WIDTH="16" VPOS="239" HPOS="320"/>
							<String ID="string_10" HPOS="336" VPOS="238" WIDTH="98" HEIGHT="27" WC="0.86" CONTENT="öfvergär"/><SP WIDTH="14" VPOS="238" HPOS="434"/>
							<String ID="string_11" HPOS="448" VPOS="244" WIDTH="30" HEIGHT="14" WC="0.96" CONTENT="nu"/><SP WIDTH="14" VPOS="244" HPOS="478"/>
							<String ID="string_12" HPOS="492" VPOS="237" WIDTH="33" HEIGHT="21" WC="0.93" CONTENT="till"/><SP WIDTH="16" VPOS="237" HPOS="525"/>
							<String ID="string_13" HPOS="541" VPOS="236" WIDTH="74" HEIGHT="28" WC="0.96" CONTENT="sjelfva"/><SP WIDTH="15" VPOS="236" HPOS="615"/>
							<String ID="string_14" HPOS="630" VPOS="236" WIDTH="103" HEIGHT="27" WC="0.96" CONTENT="förslaget"/>
						</TextLine>
					</TextBlock>
					<TextBlock ID="block_3" HPOS="226" VPOS="269" WIDTH="733" HEIGHT="543">
						<TextLine ID="line_3" HPOS="282" VPOS="269" WIDTH="675" HEIGHT="30">
							<String ID="string_15" HPOS="282" VPOS="273" WIDTH="10" HEIGHT="21" WC="0.96" CONTENT="I"/><SP WIDTH="18" VPOS="273" HPOS="292"/>
							<String ID="string_16" HPOS="310" VPOS="273" WIDTH="9" HEIGHT="20" WC="0.75" CONTENT="I"/><SP WIDTH="17" VPOS="273" HPOS="319"/>
							<String ID="string_17" HPOS="336" VPOS="279" WIDTH="64" HEIGHT="14" WC="0.96" CONTENT="mom."/><SP WIDTH="19" VPOS="279" HPOS="400"/>
							<String ID="string_18" HPOS="419" VPOS="271" WIDTH="23" HEIGHT="22" WC="0.93" CONTENT="af"/><SP WIDTH="14" VPOS="271" HPOS="442"/>
							<String ID="string_19" HPOS="456" VPOS="272" WIDTH="10" HEIGHT="27" WC="0.86" CONTENT="&amp;"/><SP WIDTH="16" VPOS="272" HPOS="466"/>
							<String ID="string_20" HPOS="482" VPOS="272" WIDTH="12" HEIGHT="20" WC="0.96" CONTENT="3"/><SP WIDTH="15" VPOS="272" HPOS="494"/>
							<String ID="string_21" HPOS="509" VPOS="271" WIDTH="40" HEIGHT="21" WC="0.93" CONTENT="har"/><SP WIDTH="15" VPOS="271" HPOS="549"/>
							<String ID="string_22" HPOS="564" VPOS="271" WIDTH="109" HEIGHT="20" WC="0.95" CONTENT="Utskottet"/><SP WIDTH="15" VPOS="271" HPOS="673"/>
							<String ID="string_23" HPOS="688" VPOS="270" WIDTH="67" HEIGHT="21" WC="0.93" CONTENT="infört"/><SP WIDTH="14" VPOS="270" HPOS="755"/>
							<String ID="string_24" HPOS="769" VPOS="271" WIDTH="47" HEIGHT="20" WC="0.92" CONTENT="2:ne"/><SP WIDTH="14" VPOS="271" HPOS="816"/>
							<String ID="string_25" HPOS="830" VPOS="270" WIDTH="81" HEIGHT="27" WC="0.95" CONTENT="tillägg,"/><SP WIDTH="24" VPOS="270" HPOS="911"/>
							<String ID="string_26" HPOS="935" VPOS="269" WIDTH="22" HEIGHT="21" WC="0.96" CONTENT="af"/>
						</TextLine>
						<TextLine ID="line_4" HPOS="226" VPOS="304" WIDTH="729" HEIGHT="27">
							<String ID="string_27" HPOS="226" VPOS="307" WIDTH="71" HEIGHT="21" WC="0.91" CONTENT="hvilka"/><SP WIDTH="15" VPOS="307" HPOS="297"/>
							<String ID="string_28" HPOS="312" VPOS="307" WIDTH="36" HEIGHT="20" WC="0.93" CONTENT="det"/><SP WIDTH="13" VPOS="307" HPOS="348"/>
							<String ID="string_29" HPOS="361" VPOS="305" WIDTH="139" HEIGHT="22" WC="0.90" CONTENT="förraställer"/><SP WIDTH="14" VPOS="305" HPOS="500"/>
							<String ID="string_30" HPOS="514" VPOS="312" WIDTH="26" HEIGHT="13" WC="0.93" CONTENT="en"/><SP WIDTH="9" VPOS="312" HPOS="540"/>
							<String ID="string_31" HPOS="549" VPOS="304" WIDTH="254" HEIGHT="27" WC="0.90" CONTENT="dissentersförsamlings"/><SP WIDTH="14" VPOS="304" HPOS="803"/>
							<String ID="string_32" HPOS="817" VPOS="304" WIDTH="35" HEIGHT="20" WC="0.96" CONTENT="val"/><SP WIDTH="15" VPOS="304" HPOS="852"/>
							<String ID="string_33" HPOS="867" VPOS="304" WIDTH="24" HEIGHT="20" WC="0.93" CONTENT="af"/><SP WIDTH="6" VPOS="304" HPOS="891"/>
							<String ID="string_34" HPOS="897" VPOS="306" WIDTH="58" HEIGHT="25" WC="0.93" CONTENT="prest"/>
						</TextLine>
						<TextLine ID="line_5" HPOS="227" VPOS="338" WIDTH="729" HEIGHT="29">
							<String ID="string_35" HPOS="227" VPOS="341" WIDTH="51" HEIGHT="22" WC="0.93" CONTENT="eller"/><SP WIDTH="14" VPOS="341" HPOS="278"/>
							<String ID="string_36" HPOS="292" VPOS="341" WIDTH="70" HEIGHT="21" WC="0.93" CONTENT="lärare"/><SP WIDTH="14" VPOS="341" HPOS="362"/>
							<String ID="string_37" HPOS="376" VPOS="340" WIDTH="7" HEIGHT="20" WC="0.93" CONTENT="i"/><SP WIDTH="14" VPOS="340" HPOS="383"/>
							<String ID="string_38" HPOS="397" VPOS="339" WIDTH="106" HEIGHT="22" WC="0.92" CONTENT="beroende"/><SP WIDTH="15" VPOS="339" HPOS="503"/>
							<String ID="string_39" HPOS="518" VPOS="339" WIDTH="23" HEIGHT="21" WC="0.93" CONTENT="af"/><SP WIDTH="14" VPOS="339" HPOS="541"/>
							<String ID="string_40" HPOS="555" VPOS="338" WIDTH="118" HEIGHT="29" WC="0.92" CONTENT="Styrelsens"/><SP WIDTH="16" VPOS="338" HPOS="673"/>
							<String ID="string_41" HPOS="689" VPOS="338" WIDTH="161" HEIGHT="27" WC="0.92" CONTENT="godkännande,"/><SP WIDTH="15" VPOS="338" HPOS="850"/>
							<String ID="string_42" HPOS="865" VPOS="339" WIDTH="40" HEIGHT="20" WC="0.96" CONTENT="och"/><SP WIDTH="16" VPOS="339" HPOS="905"/>
							<String ID="string_43" HPOS="921" VPOS="339" WIDTH="35" HEIGHT="20" WC="0.96" CONTENT="det"/>
						</TextLine>
						<TextLine ID="line_6" HPOS="228" VPOS="373" WIDTH="729" HEIGHT="28">
							<String ID="string_44" HPOS="228" VPOS="383" WIDTH="74" HEIGHT="14" WC="0.96" CONTENT="senare"/><SP WIDTH="15" VPOS="383" HPOS="302"/>
							<String ID="string_45" HPOS="317" VPOS="376" WIDTH="23" HEIGHT="21" WC="0.93" CONTENT="ät"/><SP WIDTH="14" VPOS="376" HPOS="340"/>
							<String ID="string_46" HPOS="354" VPOS="375" WIDTH="138" HEIGHT="21" WC="0.92" CONTENT="Guvernören"/><SP WIDTH="17" VPOS="375" HPOS="492"/>
							<String ID="string_47" HPOS="509" VPOS="374" WIDTH="115" HEIGHT="27" WC="0.91" CONTENT="inrymmer"/><SP WIDTH="17" VPOS="374" HPOS="624"/>
							<String ID="string_48" HPOS="641" VPOS="373" WIDTH="103" HEIGHT="27" WC="0.92" CONTENT="rättighet"/><SP WIDTH="22" VPOS="373" HPOS="744"/>
							<String ID="string_49" HPOS="766" VPOS="374" WIDTH="32" HEIGHT="19" WC="0.93" CONTENT="att"/><SP WIDTH="20" VPOS="374" HPOS="798"/>
							<String ID="string_50" HPOS="818" VPOS="373" WIDTH="76" HEIGHT="26" WC="0.92" CONTENT="pröfva"/><SP WIDTH="22" VPOS="373" HPOS="894"/>
							<String ID="string_51" HPOS="916" VPOS="373" WIDTH="41" HEIGHT="21" WC="0.96" CONTENT="den"/>
						</TextLine>
						<TextLine ID="line_7" HPOS="227" VPOS="406" WIDTH="730" HEIGHT="31">
							<String ID="string_52" HPOS="227" VPOS="416" WIDTH="89" HEIGHT="21" WC="0.93" CONTENT="persons"/><SP WIDTH="15" VPOS="416" HPOS="316"/>
							<String ID="string_53" HPOS="331" VPOS="408" WIDTH="125" HEIGHT="27" WC="0.92" CONTENT="lämplighet"/><SP WIDTH="14" VPOS="408" HPOS="456"/>
							<String ID="string_54" HPOS="470" VPOS="407" WIDTH="152" HEIGHT="27" WC="0.93" CONTENT="församlingen"/><SP WIDTH="16" VPOS="407" HPOS="622"/>
							<String ID="string_55" HPOS="638" VPOS="408" WIDTH="67" HEIGHT="19" WC="0.93" CONTENT="utsett"/><SP WIDTH="14" VPOS="408" HPOS="705"/>
							<String ID="string_56" HPOS="719" VPOS="406" WIDTH="33" HEIGHT="21" WC="0.93" CONTENT="till"/><SP WIDTH="15" VPOS="406" HPOS="752"/>
							<String ID="string_57" HPOS="767" VPOS="407" WIDTH="148" HEIGHT="21" WC="0.91" CONTENT="föreständare"/><SP WIDTH="8" VPOS="407" HPOS="915"/>
							<String ID="string_58" HPOS="923" VPOS="407" WIDTH="34" HEIGHT="21" WC="0.96" CONTENT="för"/>
						</TextLine>
						<TextLine ID="line_8" HPOS="227" VPOS="441" WIDTH="730" HEIGHT="28">
							<String ID="string_59" HPOS="227" VPOS="443" WIDTH="79" HEIGHT="22" WC="0.92" CONTENT="värden"/><SP WIDTH="16" VPOS="443" HPOS="306"/>
							<String ID="string_60" HPOS="322" VPOS="449" WIDTH="34" HEIGHT="15" WC="0.96" CONTENT="om"/><SP WIDTH="24" VPOS="449" HPOS="356"/>
							<String ID="string_61" HPOS="380" VPOS="443" WIDTH="47" HEIGHT="20" WC="0.93" CONTENT="sina"/><SP WIDTH="18" VPOS="443" HPOS="427"/>
							<String ID="string_62" HPOS="445" VPOS="441" WIDTH="184" HEIGHT="28" WC="0.92" CONTENT="angelägenheter,"/><SP WIDTH="22" VPOS="441" HPOS="629"/>
							<String ID="string_63" HPOS="651" VPOS="441" WIDTH="40" HEIGHT="20" WC="0.93" CONTENT="och"/><SP WIDTH="21" VPOS="441" HPOS="691"/>
							<String ID="string_64" HPOS="712" VPOS="441" WIDTH="71" HEIGHT="20" WC="0.91" CONTENT="hvilka"/><SP WIDTH="22" VPOS="441" HPOS="783"/>
							<String ID="string_65" HPOS="805" VPOS="441" WIDTH="81" HEIGHT="28" WC="0.88" CONTENT="tillägg,"/><SP WIDTH="23" VPOS="441" HPOS="886"/>
							<String ID="string_66" HPOS="909" VPOS="442" WIDTH="48" HEIGHT="20" WC="0.96" CONTENT="med"/>
						</TextLine>
						<TextLine ID="line_9" HPOS="228" VPOS="474" WIDTH="729" HEIGHT="29">
							<String ID="string_67" HPOS="228" VPOS="477" WIDTH="40" HEIGHT="22" WC="0.93" CONTENT="den"/><SP WIDTH="16" VPOS="477" HPOS="268"/>
							<String ID="string_68" HPOS="284" VPOS="476" WIDTH="184" HEIGHT="27" WC="0.90" CONTENT="ofördragsamhet"/><SP WIDTH="15" VPOS="476" HPOS="468"/>
							<String ID="string_69" HPOS="483" VPOS="483" WIDTH="45" HEIGHT="13" WC="0.93" CONTENT="som"/><SP WIDTH="15" VPOS="483" HPOS="528"/>
							<String ID="string_70" HPOS="543" VPOS="474" WIDTH="115" HEIGHT="22" WC="0.93" CONTENT="förefinnes"/><SP WIDTH="19" VPOS="474" HPOS="658"/>
							<String ID="string_71" HPOS="677" VPOS="475" WIDTH="40" HEIGHT="20" WC="0.92" CONTENT="och"/><SP WIDTH="20" VPOS="475" HPOS="717"/>
							<String ID="string_72" HPOS="737" VPOS="475" WIDTH="72" HEIGHT="27" WC="0.90" CONTENT="hvarje"/><SP WIDTH="23" VPOS="475" HPOS="809"/>
							<String ID="string_73" HPOS="832" VPOS="475" WIDTH="125" HEIGHT="28" WC="0.90" CONTENT="Statskyrka"/>
						</TextLine>
						<TextLine ID="line_10" HPOS="228" VPOS="509" WIDTH="729" HEIGHT="25">
							<String ID="string_74" HPOS="228" VPOS="511" WIDTH="78" HEIGHT="22" WC="0.92" CONTENT="alstrar"/><SP WIDTH="14" VPOS="511" HPOS="306"/>
							<String ID="string_75" HPOS="320" VPOS="513" WIDTH="57" HEIGHT="19" WC="0.96" CONTENT="emot"/><SP WIDTH="15" VPOS="513" HPOS="377"/>
							<String ID="string_76" HPOS="392" VPOS="511" WIDTH="57" HEIGHT="20" WC="0.93" CONTENT="olika"/><SP WIDTH="15" VPOS="511" HPOS="449"/>
							<String ID="string_77" HPOS="464" VPOS="509" WIDTH="113" HEIGHT="25" WC="0.92" CONTENT="tänkande,"/><SP WIDTH="9" VPOS="509" HPOS="577"/>
							<String ID="string_78" HPOS="586" VPOS="509" WIDTH="61" HEIGHT="20" WC="0.93" CONTENT="alltid"/><SP WIDTH="15" VPOS="509" HPOS="647"/>
							<String ID="string_79" HPOS="662" VPOS="509" WIDTH="68" HEIGHT="20" WC="0.92" CONTENT="mäste"/><SP WIDTH="10" VPOS="509" HPOS="730"/>
							<String ID="string_80" HPOS="740" VPOS="509" WIDTH="98" HEIGHT="21" WC="0.92" CONTENT="försvära"/><SP WIDTH="11" VPOS="509" HPOS="838"/>
							<String ID="string_81" HPOS="849" VPOS="510" WIDTH="39" HEIGHT="21" WC="0.93" CONTENT="och"/><SP WIDTH="15" VPOS="510" HPOS="888"/>
							<String ID="string_82" HPOS="903" VPOS="512" WIDTH="54" HEIGHT="19" WC="0.92" CONTENT="mot-"/>
						</TextLine>
						<TextLine ID="line_11" HPOS="228" VPOS="543" WIDTH="729" HEIGHT="30">
							<String ID="string_83" HPOS="228" VPOS="546" WIDTH="65" HEIGHT="21" WC="0.93" CONTENT="verka"/><SP WIDTH="14" VPOS="546" HPOS="293"/>
							<String ID="string_84" HPOS="307" VPOS="544" WIDTH="175" HEIGHT="29" WC="0.92" CONTENT="organiserandet"/><SP WIDTH="14" VPOS="544" HPOS="482"/>
							<String ID="string_85" HPOS="496" VPOS="543" WIDTH="24" HEIGHT="22" WC="0.93" CONTENT="af"/><SP WIDTH="13" VPOS="543" HPOS="520"/>
							<String ID="string_86" HPOS="533" VPOS="543" WIDTH="80" HEIGHT="21" WC="0.93" CONTENT="sädana"/><SP WIDTH="21" VPOS="543" HPOS="613"/>
							<String ID="string_87" HPOS="634" VPOS="543" WIDTH="158" HEIGHT="28" WC="0.90" CONTENT="församlingar,"/><SP WIDTH="18" VPOS="543" HPOS="792"/>
							<String ID="string_88" HPOS="810" VPOS="546" WIDTH="55" HEIGHT="19" WC="0.93" CONTENT="samt"/><SP WIDTH="22" VPOS="546" HPOS="865"/>
							<String ID="string_89" HPOS="887" VPOS="545" WIDTH="70" HEIGHT="20" WC="0.93" CONTENT="sälun-"/>
						</TextLine>
						<TextLine ID="line_12" HPOS="228" VPOS="578" WIDTH="729" HEIGHT="28">
							<String ID="string_90" HPOS="228" VPOS="580" WIDTH="27" HEIGHT="21" WC="0.96" CONTENT="da"/><SP WIDTH="14" VPOS="580" HPOS="255"/>
							<String ID="string_91" HPOS="269" VPOS="580" WIDTH="73" HEIGHT="21" WC="0.91" CONTENT="kunna"/><SP WIDTH="14" VPOS="580" HPOS="342"/>
							<String ID="string_92" HPOS="356" VPOS="579" WIDTH="48" HEIGHT="21" WC="0.95" CONTENT="leda"/><SP WIDTH="14" VPOS="579" HPOS="404"/>
							<String ID="string_93" HPOS="418" VPOS="579" WIDTH="33" HEIGHT="20" WC="0.93" CONTENT="till"/><SP WIDTH="15" VPOS="579" HPOS="451"/>
							<String ID="string_94" HPOS="466" VPOS="578" WIDTH="90" HEIGHT="28" WC="0.93" CONTENT="verkligt"/><SP WIDTH="23" VPOS="578" HPOS="556"/>
							<String ID="string_95" HPOS="579" VPOS="578" WIDTH="162" HEIGHT="27" WC="0.92" CONTENT="samvetstväng,"/><SP WIDTH="16" VPOS="578" HPOS="741"/>
							<String ID="string_96" HPOS="757" VPOS="580" WIDTH="52" HEIGHT="19" WC="0.96" CONTENT="utan"/><SP WIDTH="22" VPOS="580" HPOS="809"/>
							<String ID="string_97" HPOS="831" VPOS="580" WIDTH="32" HEIGHT="19" WC="0.91" CONTENT="att"/><SP WIDTH="21" VPOS="580" HPOS="863"/>
							<String ID="string_98" HPOS="884" VPOS="579" WIDTH="73" HEIGHT="21" WC="0.83" CONTENT="betän-"/>
						</TextLine>
						<TextLine ID="line_13" HPOS="228" VPOS="611" WIDTH="729" HEIGHT="29">
							<String ID="string_99" HPOS="228" VPOS="614" WIDTH="79" HEIGHT="21" WC="0.91" CONTENT="kandet"/><SP WIDTH="13" VPOS="614" HPOS="307"/>
							<String ID="string_100" HPOS="320" VPOS="613" WIDTH="119" HEIGHT="21" WC="0.89" CONTENT="innehäller"/><SP WIDTH="13" VPOS="613" HPOS="439"/>
							<String ID="string_101" HPOS="452" VPOS="613" WIDTH="68" HEIGHT="27" WC="0.92" CONTENT="nägra"/><SP WIDTH="13" VPOS="613" HPOS="520"/>
							<String ID="string_102" HPOS="533" VPOS="612" WIDTH="66" HEIGHT="21" WC="0.93" CONTENT="motiv"/><SP WIDTH="15" VPOS="612" HPOS="599"/>
							<String ID="string_103" HPOS="614" VPOS="612" WIDTH="33" HEIGHT="21" WC="0.93" CONTENT="till"/><SP WIDTH="21" VPOS="612" HPOS="647"/>
							<String ID="string_104" HPOS="668" VPOS="611" WIDTH="104" HEIGHT="28" WC="0.92" CONTENT="förslaget"/><SP WIDTH="15" VPOS="611" HPOS="772"/>
							<String ID="string_105" HPOS="787" VPOS="613" WIDTH="6" HEIGHT="20" WC="0.96" CONTENT="i"/><SP WIDTH="16" VPOS="613" HPOS="793"/>
							<String ID="string_106" HPOS="809" VPOS="613" WIDTH="62" HEIGHT="20" WC="0.96" CONTENT="dessa"/><SP WIDTH="22" VPOS="613" HPOS="871"/>
							<String ID="string_107" HPOS="893" VPOS="613" WIDTH="64" HEIGHT="26" WC="0.96" CONTENT="delar,"/>
						</TextLine>
						<TextLine ID="line_14" HPOS="230" VPOS="646" WIDTH="728" HEIGHT="29">
							<String ID="string_108" HPOS="230" VPOS="655" WIDTH="34" HEIGHT="14" WC="0.93" CONTENT="om"/><SP WIDTH="14" VPOS="655" HPOS="264"/>
							<String ID="string_109" HPOS="278" VPOS="647" WIDTH="19" HEIGHT="28" WC="0.91" CONTENT="ej"/><SP WIDTH="15" VPOS="647" HPOS="297"/>
							<String ID="string_110" HPOS="312" VPOS="647" WIDTH="72" HEIGHT="21" WC="0.93" CONTENT="härtill"/><SP WIDTH="11" VPOS="647" HPOS="384"/>
							<String ID="string_111" HPOS="395" VPOS="647" WIDTH="71" HEIGHT="21" WC="0.92" CONTENT="kunde"/><SP WIDTH="6" VPOS="647" HPOS="466"/>
							<String ID="string_112" HPOS="472" VPOS="646" WIDTH="101" HEIGHT="21" WC="0.92" CONTENT="hänföras"/><SP WIDTH="10" VPOS="646" HPOS="573"/>
							<String ID="string_113" HPOS="583" VPOS="646" WIDTH="54" HEIGHT="21" WC="0.90" CONTENT="hvad"/><SP WIDTH="16" VPOS="646" HPOS="637"/>
							<String ID="string_114" HPOS="653" VPOS="646" WIDTH="124" HEIGHT="21" WC="0.89" CONTENT="Utskottet"/><SP WIDTH="-9" VPOS="646" HPOS="777"/>
							<String ID="string_115" HPOS="768" VPOS="642" WIDTH="13" HEIGHT="37" WC="0.89" CONTENT="i"/><SP WIDTH="6" VPOS="642" HPOS="781"/>
							<String ID="string_116" HPOS="787" VPOS="646" WIDTH="116" HEIGHT="22" WC="0.93" CONTENT="allmänhet"/><SP WIDTH="14" VPOS="646" HPOS="903"/>
							<String ID="string_117" HPOS="917" VPOS="649" WIDTH="41" HEIGHT="26" WC="0.92" CONTENT="ytt-"/>
						</TextLine>
						<TextLine ID="line_15" HPOS="228" VPOS="681" WIDTH="731" HEIGHT="28">
							<String ID="string_118" HPOS="228" VPOS="689" WIDTH="37" HEIGHT="14" WC="0.93" CONTENT="rar"/><SP WIDTH="9" VPOS="689" HPOS="265"/>
							<String ID="string_119" HPOS="274" VPOS="681" WIDTH="133" HEIGHT="22" WC="0.96" CONTENT="beträffande"/><SP WIDTH="16" VPOS="681" HPOS="407"/>
							<String ID="string_120" HPOS="423" VPOS="681" WIDTH="25" HEIGHT="21" WC="0.93" CONTENT="de"/><SP WIDTH="10" VPOS="681" HPOS="448"/>
							<String ID="string_121" HPOS="458" VPOS="681" WIDTH="113" HEIGHT="21" WC="0.92" CONTENT="afvikelser"/><SP WIDTH="14" VPOS="681" HPOS="571"/>
							<String ID="string_122" HPOS="585" VPOS="681" WIDTH="47" HEIGHT="20" WC="0.93" CONTENT="frän"/><SP WIDTH="16" VPOS="681" HPOS="632"/>
							<String ID="string_123" HPOS="648" VPOS="681" WIDTH="40" HEIGHT="20" WC="0.93" CONTENT="den"/><SP WIDTH="14" VPOS="681" HPOS="688"/>
							<String ID="string_124" HPOS="702" VPOS="681" WIDTH="79" HEIGHT="28" WC="0.92" CONTENT="nädiga"/><SP WIDTH="14" VPOS="681" HPOS="781"/>
							<String ID="string_125" HPOS="795" VPOS="681" WIDTH="164" HEIGHT="27" WC="0.92" CONTENT="Propositionen"/>
						</TextLine>
						<TextLine ID="line_16" HPOS="230" VPOS="715" WIDTH="729" HEIGHT="28">
							<String ID="string_126" HPOS="230" VPOS="716" WIDTH="110" HEIGHT="21" WC="0.95" CONTENT="Utskottet"/><SP WIDTH="14" VPOS="716" HPOS="340"/>
							<String ID="string_127" HPOS="354" VPOS="715" WIDTH="103" HEIGHT="26" WC="0.96" CONTENT="förordat,"/><SP WIDTH="16" VPOS="715" HPOS="457"/>
							<String ID="string_128" HPOS="473" VPOS="715" WIDTH="51" HEIGHT="21" WC="0.96" CONTENT="eller"/><SP WIDTH="15" VPOS="715" HPOS="524"/>
							<String ID="string_129" HPOS="539" VPOS="717" WIDTH="32" HEIGHT="19" WC="0.93" CONTENT="att"/><SP WIDTH="16" VPOS="717" HPOS="571"/>
							<String ID="string_130" HPOS="587" VPOS="715" WIDTH="60" HEIGHT="21" WC="0.92" CONTENT="desse"/><SP WIDTH="8" VPOS="715" HPOS="647"/>
							<String ID="string_131" HPOS="655" VPOS="715" WIDTH="150" HEIGHT="28" WC="0.81" CONTENT="förnämligast"/><SP WIDTH="6" VPOS="715" HPOS="805"/>
							<String ID="string_132" HPOS="811" VPOS="716" WIDTH="46" HEIGHT="21" WC="0.81" CONTENT="afse"/><SP WIDTH="15" VPOS="716" HPOS="857"/>
							<String ID="string_133" HPOS="872" VPOS="718" WIDTH="36" HEIGHT="25" WC="0.93" CONTENT="ett,"/><SP WIDTH="16" VPOS="718" HPOS="908"/>
							<String ID="string_134" HPOS="924" VPOS="724" WIDTH="35" HEIGHT="14" WC="0.93" CONTENT="en-"/>
						</TextLine>
						<TextLine ID="line_17" HPOS="230" VPOS="749" WIDTH="729" HEIGHT="29">
							<String ID="string_135" HPOS="230" VPOS="751" WIDTH="40" HEIGHT="27" WC="0.93" CONTENT="ligt"/><SP WIDTH="14" VPOS="751" HPOS="270"/>
							<String ID="string_136" HPOS="284" VPOS="750" WIDTH="120" HEIGHT="22" WC="0.93" CONTENT="Utskottets"/><SP WIDTH="16" VPOS="750" HPOS="404"/>
							<String ID="string_137" HPOS="420" VPOS="750" WIDTH="64" HEIGHT="22" WC="0.93" CONTENT="tanke"/><SP WIDTH="14" VPOS="750" HPOS="484"/>
							<String ID="string_138" HPOS="498" VPOS="749" WIDTH="103" HEIGHT="29" WC="0.92" CONTENT="behöfligt"/><SP WIDTH="20" VPOS="749" HPOS="601"/>
							<String ID="string_139" HPOS="621" VPOS="749" WIDTH="67" HEIGHT="29" WC="0.96" CONTENT="skydd"/><SP WIDTH="22" VPOS="749" HPOS="688"/>
							<String ID="string_140" HPOS="710" VPOS="749" WIDTH="33" HEIGHT="22" WC="0.96" CONTENT="för"/><SP WIDTH="21" VPOS="749" HPOS="743"/>
							<String ID="string_141" HPOS="764" VPOS="750" WIDTH="40" HEIGHT="21" WC="0.91" CONTENT="den"/><SP WIDTH="25" VPOS="750" HPOS="804"/>
							<String ID="string_142" HPOS="829" VPOS="751" WIDTH="130" HEIGHT="27" WC="0.91" CONTENT="evangelisk-"/>
						</TextLine>
						<TextLine ID="line_18" HPOS="230" VPOS="784" WIDTH="212" HEIGHT="28">
							<String ID="string_143" HPOS="230" VPOS="784" WIDTH="111" HEIGHT="22" WC="0.93" CONTENT="lutherska"/><SP WIDTH="14" VPOS="784" HPOS="341"/>
							<String ID="string_144" HPOS="355" VPOS="784" WIDTH="87" HEIGHT="28" WC="0.96" CONTENT="kyrkan."/>
						</TextLine>
					</TextBlock>
					<TextBlock ID="block_4" HPOS="231" VPOS="818" WIDTH="730" HEIGHT="469">
						<TextLine ID="line_19" HPOS="287" VPOS="818" WIDTH="672" HEIGHT="30">
							<String ID="string_145" HPOS="287" VPOS="818" WIDTH="61" HEIGHT="22" WC="0.92" CONTENT="Hvad"/><SP WIDTH="15" VPOS="818" HPOS="348"/>
							<String ID="string_146" HPOS="363" VPOS="826" WIDTH="29" HEIGHT="13" WC="0.96" CONTENT="nu"/><SP WIDTH="16" VPOS="826" HPOS="392"/>
							<String ID="string_147" HPOS="408" VPOS="818" WIDTH="35" HEIGHT="21" WC="0.93" CONTENT="det"/><SP WIDTH="14" VPOS="818" HPOS="443"/>
							<String ID="string_148" HPOS="457" VPOS="818" WIDTH="59" HEIGHT="21" WC="0.92" CONTENT="förra"/><SP WIDTH="14" VPOS="818" HPOS="516"/>
							<String ID="string_149" HPOS="530" VPOS="818" WIDTH="23" HEIGHT="21" WC="0.96" CONTENT="af"/><SP WIDTH="14" VPOS="818" HPOS="553"/>
							<String ID="string_150" HPOS="567" VPOS="818" WIDTH="62" HEIGHT="21" WC="0.92" CONTENT="dessa"/><SP WIDTH="14" VPOS="818" HPOS="629"/>
							<String ID="string_151" HPOS="643" VPOS="818" WIDTH="75" HEIGHT="28" WC="0.92" CONTENT="tillägg"/><SP WIDTH="15" VPOS="818" HPOS="718"/>
							<String ID="string_152" HPOS="733" VPOS="819" WIDTH="72" HEIGHT="27" WC="0.92" CONTENT="angär,"/><SP WIDTH="16" VPOS="819" HPOS="805"/>
							<String ID="string_153" HPOS="821" VPOS="820" WIDTH="24" HEIGHT="20" WC="0.96" CONTENT="sä"/><SP WIDTH="10" VPOS="820" HPOS="845"/>
							<String ID="string_154" HPOS="855" VPOS="826" WIDTH="63" HEIGHT="15" WC="0.95" CONTENT="anser"/><SP WIDTH="4" VPOS="826" HPOS="918"/>
							<String ID="string_155" HPOS="922" VPOS="820" WIDTH="37" HEIGHT="28" WC="0.95" CONTENT="jag"/>
						</TextLine>
						<TextLine ID="line_20" HPOS="233" VPOS="852" WIDTH="727" HEIGHT="28">
							<String ID="string_156" HPOS="233" VPOS="853" WIDTH="117" HEIGHT="21" WC="0.90" CONTENT="detsamma"/><SP WIDTH="14" VPOS="853" HPOS="350"/>
							<String ID="string_157" HPOS="364" VPOS="852" WIDTH="103" HEIGHT="22" WC="0.91" CONTENT="innebära"/><SP WIDTH="15" VPOS="852" HPOS="467"/>
							<String ID="string_158" HPOS="482" VPOS="854" WIDTH="30" HEIGHT="19" WC="0.96" CONTENT="ett"/><SP WIDTH="15" VPOS="854" HPOS="512"/>
							<String ID="string_159" HPOS="527" VPOS="853" WIDTH="24" HEIGHT="20" WC="0.93" CONTENT="sä"/><SP WIDTH="14" VPOS="853" HPOS="551"/>
							<String ID="string_160" HPOS="565" VPOS="852" WIDTH="128" HEIGHT="28" WC="0.91" CONTENT="väsendtligt"/><SP WIDTH="15" VPOS="852" HPOS="693"/>
							<String ID="string_161" HPOS="708" VPOS="853" WIDTH="89" HEIGHT="27" WC="0.92" CONTENT="ingrepp"/><SP WIDTH="22" VPOS="853" HPOS="797"/>
							<String ID="string_162" HPOS="819" VPOS="854" WIDTH="48" HEIGHT="20" WC="0.96" CONTENT="ien"/><SP WIDTH="22" VPOS="854" HPOS="867"/>
							<String ID="string_163" HPOS="889" VPOS="854" WIDTH="24" HEIGHT="20" WC="0.96" CONTENT="af"/><SP WIDTH="21" VPOS="854" HPOS="913"/>
							<String ID="string_164" HPOS="934" VPOS="862" WIDTH="26" HEIGHT="13" WC="0.96" CONTENT="en"/>
						</TextLine>
						<TextLine ID="line_21" HPOS="232" VPOS="886" WIDTH="728" HEIGHT="29">
							<String ID="string_165" HPOS="232" VPOS="887" WIDTH="115" HEIGHT="21" WC="0.93" CONTENT="dissenters"/><SP WIDTH="15" VPOS="887" HPOS="347"/>
							<String ID="string_166" HPOS="362" VPOS="886" WIDTH="136" HEIGHT="28" WC="0.92" CONTENT="församlings"/><SP WIDTH="16" VPOS="886" HPOS="498"/>
							<String ID="string_167" HPOS="514" VPOS="886" WIDTH="135" HEIGHT="28" WC="0.92" CONTENT="ömtäligaste"/><SP WIDTH="14" VPOS="886" HPOS="649"/>
							<String ID="string_168" HPOS="663" VPOS="887" WIDTH="46" HEIGHT="21" WC="0.93" CONTENT="inre"/><SP WIDTH="18" VPOS="887" HPOS="709"/>
							<String ID="string_169" HPOS="727" VPOS="887" WIDTH="184" HEIGHT="28" WC="0.91" CONTENT="angelägenheter,"/><SP WIDTH="17" VPOS="887" HPOS="911"/>
							<String ID="string_170" HPOS="928" VPOS="891" WIDTH="32" HEIGHT="19" WC="0.97" CONTENT="att"/>
						</TextLine>
						<TextLine ID="line_22" HPOS="232" VPOS="920" WIDTH="727" HEIGHT="29">
							<String ID="string_171" HPOS="232" VPOS="921" WIDTH="48" HEIGHT="21" WC="0.96" CONTENT="hela"/><SP WIDTH="15" VPOS="921" HPOS="280"/>
							<String ID="string_172" HPOS="295" VPOS="920" WIDTH="40" HEIGHT="22" WC="0.95" CONTENT="den"/><SP WIDTH="15" VPOS="920" HPOS="335"/>
							<String ID="string_173" HPOS="350" VPOS="920" WIDTH="108" HEIGHT="28" WC="0.96" CONTENT="betydelse"/><SP WIDTH="14" VPOS="920" HPOS="458"/>
							<String ID="string_174" HPOS="472" VPOS="927" WIDTH="50" HEIGHT="14" WC="0.93" CONTENT="man"/><SP WIDTH="14" VPOS="927" HPOS="522"/>
							<String ID="string_175" HPOS="536" VPOS="920" WIDTH="67" HEIGHT="22" WC="0.92" CONTENT="fäster"/><SP WIDTH="17" VPOS="920" HPOS="603"/>
							<String ID="string_176" HPOS="620" VPOS="920" WIDTH="35" HEIGHT="21" WC="0.96" CONTENT="vid"/><SP WIDTH="24" VPOS="920" HPOS="655"/>
							<String ID="string_177" HPOS="679" VPOS="928" WIDTH="25" HEIGHT="14" WC="0.90" CONTENT="en"/><SP WIDTH="21" VPOS="928" HPOS="704"/>
							<String ID="string_178" HPOS="725" VPOS="921" WIDTH="95" HEIGHT="28" WC="0.90" CONTENT="frikyrka"/><SP WIDTH="21" VPOS="921" HPOS="820"/>
							<String ID="string_179" HPOS="841" VPOS="922" WIDTH="7" HEIGHT="20" WC="0.93" CONTENT="i"/><SP WIDTH="21" VPOS="922" HPOS="848"/>
							<String ID="string_180" HPOS="869" VPOS="924" WIDTH="90" HEIGHT="19" WC="0.89" CONTENT="motsats"/>
						</TextLine>
						<TextLine ID="line_23" HPOS="232" VPOS="955" WIDTH="727" HEIGHT="28">
							<String ID="string_181" HPOS="232" VPOS="956" WIDTH="33" HEIGHT="20" WC="0.93" CONTENT="till"/><SP WIDTH="15" VPOS="956" HPOS="265"/>
							<String ID="string_182" HPOS="280" VPOS="955" WIDTH="122" HEIGHT="28" WC="0.93" CONTENT="statskyrka"/><SP WIDTH="15" VPOS="955" HPOS="402"/>
							<String ID="string_183" HPOS="417" VPOS="955" WIDTH="121" HEIGHT="27" WC="0.91" CONTENT="derigenom"/><SP WIDTH="15" VPOS="955" HPOS="538"/>
							<String ID="string_184" HPOS="553" VPOS="955" WIDTH="127" HEIGHT="27" WC="0.89" CONTENT="upphäfves;"/><SP WIDTH="31" VPOS="955" HPOS="680"/>
							<String ID="string_185" HPOS="711" VPOS="951" WIDTH="6" HEIGHT="36" WC="0.60" CONTENT="="/><SP WIDTH="7" VPOS="951" HPOS="717"/>
							<String ID="string_186" HPOS="724" VPOS="955" WIDTH="49" HEIGHT="21" WC="0.63" CONTENT="Men"/><SP WIDTH="17" VPOS="955" HPOS="773"/>
							<String ID="string_187" HPOS="790" VPOS="955" WIDTH="47" HEIGHT="21" WC="0.96" CONTENT="icke"/><SP WIDTH="18" VPOS="955" HPOS="837"/>
							<String ID="string_188" HPOS="855" VPOS="963" WIDTH="42" HEIGHT="20" WC="0.93" CONTENT="nog"/><SP WIDTH="14" VPOS="963" HPOS="897"/>
							<String ID="string_189" HPOS="911" VPOS="956" WIDTH="48" HEIGHT="21" WC="0.92" CONTENT="här-"/>
						</TextLine>
						<TextLine ID="line_24" HPOS="231" VPOS="988" WIDTH="730" HEIGHT="29">
							<String ID="string_190" HPOS="231" VPOS="990" WIDTH="55" HEIGHT="25" WC="0.93" CONTENT="med,"/><SP WIDTH="16" VPOS="990" HPOS="286"/>
							<String ID="string_191" HPOS="302" VPOS="990" WIDTH="62" HEIGHT="20" WC="0.95" CONTENT="äfven"/><SP WIDTH="14" VPOS="990" HPOS="364"/>
							<String ID="string_192" HPOS="378" VPOS="989" WIDTH="34" HEIGHT="21" WC="0.93" CONTENT="för"/><SP WIDTH="16" VPOS="989" HPOS="412"/>
							<String ID="string_193" HPOS="428" VPOS="988" WIDTH="107" HEIGHT="29" WC="0.96" CONTENT="Styrelsen"/><SP WIDTH="15" VPOS="988" HPOS="535"/>
							<String ID="string_194" HPOS="550" VPOS="988" WIDTH="61" HEIGHT="22" WC="0.93" CONTENT="torde"/><SP WIDTH="14" VPOS="988" HPOS="611"/>
							<String ID="string_195" HPOS="625" VPOS="988" WIDTH="121" HEIGHT="28" WC="0.96" CONTENT="uppdraget"/><SP WIDTH="19" VPOS="988" HPOS="746"/>
							<String ID="string_196" HPOS="765" VPOS="991" WIDTH="32" HEIGHT="19" WC="0.96" CONTENT="att"/><SP WIDTH="21" VPOS="991" HPOS="797"/>
							<String ID="string_197" HPOS="818" VPOS="990" WIDTH="91" HEIGHT="21" WC="0.96" CONTENT="bedöma"/><SP WIDTH="22" VPOS="990" HPOS="909"/>
							<String ID="string_198" HPOS="931" VPOS="993" WIDTH="30" HEIGHT="19" WC="0.96" CONTENT="ett"/>
						</TextLine>
						<TextLine ID="line_25" HPOS="231" VPOS="1022" WIDTH="728" HEIGHT="27">
							<String ID="string_199" HPOS="231" VPOS="1023" WIDTH="133" HEIGHT="22" WC="0.93" CONTENT="främmande"/><SP WIDTH="14" VPOS="1023" HPOS="364"/>
							<String ID="string_200" HPOS="378" VPOS="1022" WIDTH="156" HEIGHT="22" WC="0.92" CONTENT="trossamfunds"/><SP WIDTH="15" VPOS="1022" HPOS="534"/>
							<String ID="string_201" HPOS="549" VPOS="1022" WIDTH="34" HEIGHT="22" WC="0.96" CONTENT="val"/><SP WIDTH="18" VPOS="1022" HPOS="583"/>
							<String ID="string_202" HPOS="601" VPOS="1022" WIDTH="23" HEIGHT="21" WC="0.90" CONTENT="af"/><SP WIDTH="22" VPOS="1022" HPOS="624"/>
							<String ID="string_203" HPOS="646" VPOS="1025" WIDTH="59" HEIGHT="24" WC="0.90" CONTENT="prest"/><SP WIDTH="24" VPOS="1025" HPOS="705"/>
							<String ID="string_204" HPOS="729" VPOS="1023" WIDTH="52" HEIGHT="21" WC="0.93" CONTENT="eller"/><SP WIDTH="23" VPOS="1023" HPOS="781"/>
							<String ID="string_205" HPOS="804" VPOS="1023" WIDTH="69" HEIGHT="22" WC="0.96" CONTENT="lärare"/><SP WIDTH="21" VPOS="1023" HPOS="873"/>
							<String ID="string_206" HPOS="894" VPOS="1024" WIDTH="65" HEIGHT="21" WC="0.95" CONTENT="blifva"/>
						</TextLine>
						<TextLine ID="line_26" HPOS="232" VPOS="1056" WIDTH="726" HEIGHT="29">
							<String ID="string_207" HPOS="232" VPOS="1058" WIDTH="82" HEIGHT="27" WC="0.93" CONTENT="ganska"/><SP WIDTH="14" VPOS="1058" HPOS="314"/>
							<String ID="string_208" HPOS="328" VPOS="1056" WIDTH="142" HEIGHT="28" WC="0.96" CONTENT="betungande,"/><SP WIDTH="14" VPOS="1056" HPOS="470"/>
							<String ID="string_209" HPOS="484" VPOS="1056" WIDTH="57" HEIGHT="21" WC="0.93" CONTENT="helst"/><SP WIDTH="12" VPOS="1056" HPOS="541"/>
							<String ID="string_210" HPOS="553" VPOS="1057" WIDTH="67" HEIGHT="27" WC="0.96" CONTENT="några"/><SP WIDTH="8" VPOS="1057" HPOS="620"/>
							<String ID="string_211" HPOS="628" VPOS="1056" WIDTH="181" HEIGHT="28" WC="0.93" CONTENT="omständigheter"/><SP WIDTH="13" VPOS="1056" HPOS="809"/>
							<String ID="string_212" HPOS="822" VPOS="1057" WIDTH="47" HEIGHT="21" WC="0.96" CONTENT="icke"/><SP WIDTH="8" VPOS="1057" HPOS="869"/>
							<String ID="string_213" HPOS="877" VPOS="1059" WIDTH="37" HEIGHT="20" WC="0.92" CONTENT="äro"/><SP WIDTH="8" VPOS="1059" HPOS="914"/>
							<String ID="string_214" HPOS="922" VPOS="1065" WIDTH="36" HEIGHT="14" WC="0.90" CONTENT="an-"/>
						</TextLine>
						<TextLine ID="line_27" HPOS="232" VPOS="1090" WIDTH="728" HEIGHT="29">
							<String ID="string_215" HPOS="232" VPOS="1091" WIDTH="65" HEIGHT="28" WC="0.92" CONTENT="gifna,"/><SP WIDTH="14" VPOS="1091" HPOS="297"/>
							<String ID="string_216" HPOS="311" VPOS="1091" WIDTH="81" HEIGHT="27" WC="0.90" CONTENT="hvarpä"/><SP WIDTH="15" VPOS="1091" HPOS="392"/>
							<String ID="string_217" HPOS="407" VPOS="1090" WIDTH="165" HEIGHT="28" WC="0.90" CONTENT="godkännandet"/><SP WIDTH="23" VPOS="1090" HPOS="572"/>
							<String ID="string_218" HPOS="595" VPOS="1090" WIDTH="51" HEIGHT="20" WC="0.92" CONTENT="eller"/><SP WIDTH="21" VPOS="1090" HPOS="646"/>
							<String ID="string_219" HPOS="667" VPOS="1090" WIDTH="116" HEIGHT="27" WC="0.92" CONTENT="ogillandet"/><SP WIDTH="21" VPOS="1090" HPOS="783"/>
							<String ID="string_220" HPOS="804" VPOS="1091" WIDTH="24" HEIGHT="21" WC="0.96" CONTENT="af"/><SP WIDTH="20" VPOS="1091" HPOS="828"/>
							<String ID="string_221" HPOS="848" VPOS="1092" WIDTH="59" HEIGHT="21" WC="0.96" CONTENT="detta"/><SP WIDTH="20" VPOS="1092" HPOS="907"/>
							<String ID="string_222" HPOS="927" VPOS="1092" WIDTH="33" HEIGHT="21" WC="0.96" CONTENT="val"/>
						</TextLine>
						<TextLine ID="line_28" HPOS="232" VPOS="1123" WIDTH="728" HEIGHT="29">
							<String ID="string_223" HPOS="232" VPOS="1125" WIDTH="67" HEIGHT="21" WC="0.93" CONTENT="borde"/><SP WIDTH="14" VPOS="1125" HPOS="299"/>
							<String ID="string_224" HPOS="313" VPOS="1124" WIDTH="58" HEIGHT="26" WC="0.90" CONTENT="bero,"/><SP WIDTH="15" VPOS="1124" HPOS="371"/>
							<String ID="string_225" HPOS="386" VPOS="1124" WIDTH="41" HEIGHT="21" WC="0.96" CONTENT="och"/><SP WIDTH="16" VPOS="1124" HPOS="427"/>
							<String ID="string_226" HPOS="443" VPOS="1123" WIDTH="40" HEIGHT="21" WC="0.93" CONTENT="den"/><SP WIDTH="14" VPOS="1123" HPOS="483"/>
							<String ID="string_227" HPOS="497" VPOS="1124" WIDTH="84" HEIGHT="20" WC="0.92" CONTENT="kristna"/><SP WIDTH="13" VPOS="1124" HPOS="581"/>
							<String ID="string_228" HPOS="594" VPOS="1124" WIDTH="81" HEIGHT="28" WC="0.96" CONTENT="kyrkan"/><SP WIDTH="15" VPOS="1124" HPOS="675"/>
							<String ID="string_229" HPOS="690" VPOS="1124" WIDTH="66" HEIGHT="20" WC="0.93" CONTENT="redan"/><SP WIDTH="18" VPOS="1124" HPOS="756"/>
							<String ID="string_230" HPOS="774" VPOS="1125" WIDTH="136" HEIGHT="27" WC="0.91" CONTENT="uppenbarar"/><SP WIDTH="18" VPOS="1125" HPOS="910"/>
							<String ID="string_231" HPOS="928" VPOS="1126" WIDTH="32" HEIGHT="26" WC="0.96" CONTENT="sig"/>
						</TextLine>
						<TextLine ID="line_29" HPOS="232" VPOS="1157" WIDTH="729" HEIGHT="29">
							<String ID="string_232" HPOS="232" VPOS="1160" WIDTH="6" HEIGHT="20" WC="0.96" CONTENT="i"/><SP WIDTH="16" VPOS="1160" HPOS="238"/>
							<String ID="string_233" HPOS="254" VPOS="1160" WIDTH="24" HEIGHT="20" WC="0.93" CONTENT="sä"/><SP WIDTH="13" VPOS="1160" HPOS="278"/>
							<String ID="string_234" HPOS="291" VPOS="1159" WIDTH="78" HEIGHT="27" WC="0.92" CONTENT="mänga"/><SP WIDTH="15" VPOS="1159" HPOS="369"/>
							<String ID="string_235" HPOS="384" VPOS="1158" WIDTH="57" HEIGHT="21" WC="0.96" CONTENT="olika"/><SP WIDTH="14" VPOS="1158" HPOS="441"/>
							<String ID="string_236" HPOS="455" VPOS="1157" WIDTH="80" HEIGHT="21" WC="0.95" CONTENT="former"/><SP WIDTH="13" VPOS="1157" HPOS="535"/>
							<String ID="string_237" HPOS="548" VPOS="1160" WIDTH="32" HEIGHT="19" WC="0.96" CONTENT="att"/><SP WIDTH="13" VPOS="1160" HPOS="580"/>
							<String ID="string_238" HPOS="593" VPOS="1164" WIDTH="26" HEIGHT="14" WC="0.93" CONTENT="en"/><SP WIDTH="19" VPOS="1164" HPOS="619"/>
							<String ID="string_239" HPOS="638" VPOS="1164" WIDTH="148" HEIGHT="21" WC="0.92" CONTENT="noggrannare"/><SP WIDTH="17" VPOS="1164" HPOS="786"/>
							<String ID="string_240" HPOS="803" VPOS="1159" WIDTH="120" HEIGHT="21" WC="0.92" CONTENT="kännedom"/><SP WIDTH="15" VPOS="1159" HPOS="923"/>
							<String ID="string_241" HPOS="938" VPOS="1160" WIDTH="23" HEIGHT="20" WC="0.96" CONTENT="af"/>
						</TextLine>
						<TextLine ID="line_30" HPOS="234" VPOS="1191" WIDTH="725" HEIGHT="30">
							<String ID="string_242" HPOS="234" VPOS="1193" WIDTH="47" HEIGHT="21" WC="0.96" CONTENT="dem"/><SP WIDTH="15" VPOS="1193" HPOS="281"/>
							<String ID="string_243" HPOS="296" VPOS="1192" WIDTH="43" HEIGHT="22" WC="0.93" CONTENT="alla"/><SP WIDTH="14" VPOS="1192" HPOS="339"/>
							<String ID="string_244" HPOS="353" VPOS="1192" WIDTH="95" HEIGHT="27" WC="0.92" CONTENT="skäligen"/><SP WIDTH="15" VPOS="1192" HPOS="448"/>
							<String ID="string_245" HPOS="463" VPOS="1192" WIDTH="47" HEIGHT="20" WC="0.93" CONTENT="icke"/><SP WIDTH="14" VPOS="1192" HPOS="510"/>
							<String ID="string_246" HPOS="524" VPOS="1192" WIDTH="43" HEIGHT="21" WC="0.93" CONTENT="kan"/><SP WIDTH="14" VPOS="1192" HPOS="567"/>
							<String ID="string_247" HPOS="581" VPOS="1191" WIDTH="127" HEIGHT="22" WC="0.91" CONTENT="förutsättas"/><SP WIDTH="12" VPOS="1191" HPOS="708"/>
							<String ID="string_248" HPOS="720" VPOS="1192" WIDTH="39" HEIGHT="21" WC="0.93" CONTENT="hos"/><SP WIDTH="10" VPOS="1192" HPOS="759"/>
							<String ID="string_249" HPOS="769" VPOS="1192" WIDTH="119" HEIGHT="29" WC="0.93" CONTENT="Styrelsens"/><SP WIDTH="15" VPOS="1192" HPOS="888"/>
							<String ID="string_250" HPOS="903" VPOS="1194" WIDTH="56" HEIGHT="20" WC="0.92" CONTENT="med-"/>
						</TextLine>
						<TextLine ID="line_31" HPOS="235" VPOS="1226" WIDTH="725" HEIGHT="28">
							<String ID="string_251" HPOS="235" VPOS="1227" WIDTH="94" HEIGHT="20" WC="0.88" CONTENT="lemmar."/><SP WIDTH="30" VPOS="1227" HPOS="329"/>
							<String ID="string_252" HPOS="359" VPOS="1226" WIDTH="45" HEIGHT="20" WC="0.96" CONTENT="Och"/><SP WIDTH="14" VPOS="1226" HPOS="404"/>
							<String ID="string_253" HPOS="418" VPOS="1226" WIDTH="37" HEIGHT="20" WC="0.96" CONTENT="vill"/><SP WIDTH="12" VPOS="1226" HPOS="455"/>
							<String ID="string_254" HPOS="467" VPOS="1226" WIDTH="37" HEIGHT="26" WC="0.93" CONTENT="jag"/><SP WIDTH="16" VPOS="1226" HPOS="504"/>
							<String ID="string_255" HPOS="520" VPOS="1226" WIDTH="84" HEIGHT="20" WC="0.92" CONTENT="derföre"/><SP WIDTH="14" VPOS="1226" HPOS="604"/>
							<String ID="string_256" HPOS="618" VPOS="1226" WIDTH="117" HEIGHT="26" WC="0.92" CONTENT="ingalunda"/><SP WIDTH="14" VPOS="1226" HPOS="735"/>
							<String ID="string_257" HPOS="749" VPOS="1226" WIDTH="90" HEIGHT="21" WC="0.92" CONTENT="besvära"/><SP WIDTH="14" VPOS="1226" HPOS="839"/>
							<String ID="string_258" HPOS="853" VPOS="1228" WIDTH="107" HEIGHT="26" WC="0.93" CONTENT="Styrelsen"/>
						</TextLine>
						<TextLine ID="line_32" HPOS="232" VPOS="1258" WIDTH="304" HEIGHT="29">
							<String ID="string_259" HPOS="232" VPOS="1260" WIDTH="48" HEIGHT="21" WC="0.96" CONTENT="med"/><SP WIDTH="16" VPOS="1260" HPOS="280"/>
							<String ID="string_260" HPOS="296" VPOS="1261" WIDTH="30" HEIGHT="20" WC="0.93" CONTENT="ett"/><SP WIDTH="16" VPOS="1261" HPOS="326"/>
							<String ID="string_261" HPOS="342" VPOS="1258" WIDTH="76" HEIGHT="22" WC="0.92" CONTENT="sädant"/><SP WIDTH="14" VPOS="1258" HPOS="418"/>
							<String ID="string_262" HPOS="432" VPOS="1258" WIDTH="104" HEIGHT="29" WC="0.92" CONTENT="uppdrag."/>
						</TextLine>
					</TextBlock>
					<TextBlock ID="block_5" HPOS="232" VPOS="1292" WIDTH="728" HEIGHT="240">
						<TextLine ID="line_33" HPOS="288" VPOS="1292" WIDTH="671" HEIGHT="31">
							<String ID="string_263" HPOS="288" VPOS="1294" WIDTH="33" HEIGHT="21" WC="0.91" CONTENT="Dä"/><SP WIDTH="16" VPOS="1294" HPOS="321"/>
							<String ID="string_264" HPOS="337" VPOS="1294" WIDTH="51" HEIGHT="25" WC="0.91" CONTENT="äter,"/><SP WIDTH="16" VPOS="1294" HPOS="388"/>
							<String ID="string_265" HPOS="404" VPOS="1292" WIDTH="132" HEIGHT="22" WC="0.93" CONTENT="beträffande"/><SP WIDTH="15" VPOS="1292" HPOS="536"/>
							<String ID="string_266" HPOS="551" VPOS="1293" WIDTH="120" HEIGHT="22" WC="0.92" CONTENT="Utskottets"/><SP WIDTH="16" VPOS="1293" HPOS="671"/>
							<String ID="string_267" HPOS="687" VPOS="1300" WIDTH="75" HEIGHT="16" WC="0.92" CONTENT="senare"/><SP WIDTH="14" VPOS="1300" HPOS="762"/>
							<String ID="string_268" HPOS="776" VPOS="1294" WIDTH="81" HEIGHT="29" WC="0.91" CONTENT="tillägg,"/><SP WIDTH="16" VPOS="1294" HPOS="857"/>
							<String ID="string_269" HPOS="873" VPOS="1295" WIDTH="7" HEIGHT="21" WC="0.93" CONTENT="i"/><SP WIDTH="15" VPOS="1295" HPOS="880"/>
							<String ID="string_270" HPOS="895" VPOS="1295" WIDTH="64" HEIGHT="28" WC="0.93" CONTENT="sagde"/>
						</TextLine>
						<TextLine ID="line_34" HPOS="233" VPOS="1327" WIDTH="727" HEIGHT="30">
							<String ID="string_271" HPOS="233" VPOS="1336" WIDTH="63" HEIGHT="14" WC="0.93" CONTENT="mom."/><SP WIDTH="16" VPOS="1336" HPOS="296"/>
							<String ID="string_272" HPOS="312" VPOS="1328" WIDTH="61" HEIGHT="29" WC="0.90" CONTENT="ingär"/><SP WIDTH="13" VPOS="1328" HPOS="373"/>
							<String ID="string_273" HPOS="386" VPOS="1327" WIDTH="135" HEIGHT="28" WC="0.92" CONTENT="bestämning"/><SP WIDTH="16" VPOS="1327" HPOS="521"/>
							<String ID="string_274" HPOS="537" VPOS="1327" WIDTH="78" HEIGHT="27" WC="0.93" CONTENT="derom,"/><SP WIDTH="16" VPOS="1327" HPOS="615"/>
							<String ID="string_275" HPOS="631" VPOS="1330" WIDTH="32" HEIGHT="19" WC="0.96" CONTENT="att"/><SP WIDTH="14" VPOS="1330" HPOS="663"/>
							<String ID="string_276" HPOS="677" VPOS="1328" WIDTH="152" HEIGHT="29" WC="0.96" CONTENT="församlingen"/><SP WIDTH="22" VPOS="1328" HPOS="829"/>
							<String ID="string_277" HPOS="851" VPOS="1329" WIDTH="55" HEIGHT="22" WC="0.93" CONTENT="skall"/><SP WIDTH="22" VPOS="1329" HPOS="906"/>
							<String ID="string_278" HPOS="928" VPOS="1331" WIDTH="32" HEIGHT="20" WC="0.93" CONTENT="sä-"/>
						</TextLine>
						<TextLine ID="line_35" HPOS="234" VPOS="1361" WIDTH="726" HEIGHT="31">
							<String ID="string_279" HPOS="234" VPOS="1371" WIDTH="46" HEIGHT="14" WC="0.93" CONTENT="som"/><SP WIDTH="13" VPOS="1371" HPOS="280"/>
							<String ID="string_280" HPOS="293" VPOS="1362" WIDTH="148" HEIGHT="23" WC="0.93" CONTENT="föreständare"/><SP WIDTH="14" VPOS="1362" HPOS="441"/>
							<String ID="string_281" HPOS="455" VPOS="1361" WIDTH="34" HEIGHT="22" WC="0.93" CONTENT="för"/><SP WIDTH="14" VPOS="1361" HPOS="489"/>
							<String ID="string_282" HPOS="503" VPOS="1362" WIDTH="79" HEIGHT="22" WC="0.93" CONTENT="värden"/><SP WIDTH="15" VPOS="1362" HPOS="582"/>
							<String ID="string_283" HPOS="597" VPOS="1369" WIDTH="34" HEIGHT="14" WC="0.96" CONTENT="om"/><SP WIDTH="23" VPOS="1369" HPOS="631"/>
							<String ID="string_284" HPOS="654" VPOS="1363" WIDTH="47" HEIGHT="22" WC="0.93" CONTENT="sina"/><SP WIDTH="22" VPOS="1363" HPOS="701"/>
							<String ID="string_285" HPOS="723" VPOS="1364" WIDTH="178" HEIGHT="28" WC="0.92" CONTENT="angelägenheter"/><SP WIDTH="23" VPOS="1364" HPOS="901"/>
							<String ID="string_286" HPOS="924" VPOS="1371" WIDTH="36" HEIGHT="15" WC="0.93" CONTENT="an-"/>
						</TextLine>
						<TextLine ID="line_36" HPOS="233" VPOS="1397" WIDTH="726" HEIGHT="28">
							<String ID="string_287" HPOS="233" VPOS="1398" WIDTH="63" HEIGHT="22" WC="0.92" CONTENT="ställa"/><SP WIDTH="15" VPOS="1398" HPOS="296"/>
							<String ID="string_288" HPOS="311" VPOS="1397" WIDTH="71" HEIGHT="22" WC="0.91" CONTENT="dertill"/><SP WIDTH="14" VPOS="1397" HPOS="382"/>
							<String ID="string_289" HPOS="396" VPOS="1397" WIDTH="88" HEIGHT="28" WC="0.96" CONTENT="lämplig"/><SP WIDTH="14" VPOS="1397" HPOS="484"/>
							<String ID="string_290" HPOS="498" VPOS="1405" WIDTH="84" HEIGHT="20" WC="0.96" CONTENT="person,"/><SP WIDTH="16" VPOS="1405" HPOS="582"/>
							<String ID="string_291" HPOS="598" VPOS="1399" WIDTH="24" HEIGHT="20" WC="0.93" CONTENT="är"/><SP WIDTH="15" VPOS="1399" HPOS="622"/>
							<String ID="string_292" HPOS="637" VPOS="1398" WIDTH="88" HEIGHT="22" WC="0.92" CONTENT="härmed"/><SP WIDTH="22" VPOS="1398" HPOS="725"/>
							<String ID="string_293" HPOS="747" VPOS="1399" WIDTH="23" HEIGHT="21" WC="0.96" CONTENT="ät"/><SP WIDTH="21" VPOS="1399" HPOS="770"/>
							<String ID="string_294" HPOS="791" VPOS="1399" WIDTH="47" HEIGHT="22" WC="0.93" CONTENT="dess"/><SP WIDTH="22" VPOS="1399" HPOS="838"/>
							<String ID="string_295" HPOS="860" VPOS="1399" WIDTH="99" HEIGHT="22" WC="0.91" CONTENT="medlem-"/>
						</TextLine>
						<TextLine ID="line_37" HPOS="232" VPOS="1432" WIDTH="726" HEIGHT="28">
							<String ID="string_296" HPOS="232" VPOS="1440" WIDTH="47" HEIGHT="14" WC="0.96" CONTENT="mar"/><SP WIDTH="14" VPOS="1440" HPOS="279"/>
							<String ID="string_297" HPOS="293" VPOS="1432" WIDTH="111" HEIGHT="28" WC="0.93" CONTENT="anvisning"/><SP WIDTH="14" VPOS="1432" HPOS="404"/>
							<String ID="string_298" HPOS="418" VPOS="1432" WIDTH="84" HEIGHT="21" WC="0.92" CONTENT="lemnad"/><SP WIDTH="15" VPOS="1432" HPOS="502"/>
							<String ID="string_299" HPOS="517" VPOS="1434" WIDTH="32" HEIGHT="20" WC="0.96" CONTENT="att"/><SP WIDTH="14" VPOS="1434" HPOS="549"/>
							<String ID="string_300" HPOS="563" VPOS="1432" WIDTH="34" HEIGHT="21" WC="0.96" CONTENT="vid"/><SP WIDTH="15" VPOS="1432" HPOS="597"/>
							<String ID="string_301" HPOS="612" VPOS="1433" WIDTH="57" HEIGHT="21" WC="0.92" CONTENT="valet"/><SP WIDTH="13" VPOS="1433" HPOS="669"/>
							<String ID="string_302" HPOS="682" VPOS="1433" WIDTH="57" HEIGHT="22" WC="0.92" CONTENT="tillse"/><SP WIDTH="15" VPOS="1433" HPOS="739"/>
							<String ID="string_303" HPOS="754" VPOS="1435" WIDTH="31" HEIGHT="20" WC="0.96" CONTENT="att"/><SP WIDTH="16" VPOS="1435" HPOS="785"/>
							<String ID="string_304" HPOS="801" VPOS="1433" WIDTH="46" HEIGHT="27" WC="0.96" CONTENT="den,"/><SP WIDTH="16" VPOS="1433" HPOS="847"/>
							<String ID="string_305" HPOS="863" VPOS="1435" WIDTH="22" HEIGHT="20" WC="0.93" CONTENT="ät"/><SP WIDTH="20" VPOS="1435" HPOS="885"/>
							<String ID="string_306" HPOS="905" VPOS="1434" WIDTH="53" HEIGHT="21" WC="0.92" CONTENT="hvil-"/>
						</TextLine>
						<TextLine ID="line_38" HPOS="234" VPOS="1466" WIDTH="725" HEIGHT="31">
							<String ID="string_307" HPOS="234" VPOS="1468" WIDTH="40" HEIGHT="21" WC="0.93" CONTENT="ken"/><SP WIDTH="15" VPOS="1468" HPOS="274"/>
							<String ID="string_308" HPOS="289" VPOS="1467" WIDTH="147" HEIGHT="28" WC="0.96" CONTENT="befattningen"/><SP WIDTH="15" VPOS="1467" HPOS="436"/>
							<String ID="string_309" HPOS="451" VPOS="1466" WIDTH="114" HEIGHT="27" WC="0.96" CONTENT="anförtros,"/><SP WIDTH="16" VPOS="1466" HPOS="565"/>
							<String ID="string_310" HPOS="581" VPOS="1467" WIDTH="61" HEIGHT="22" WC="0.96" CONTENT="äfven"/><SP WIDTH="15" VPOS="1467" HPOS="642"/>
							<String ID="string_311" HPOS="657" VPOS="1467" WIDTH="42" HEIGHT="22" WC="0.93" CONTENT="kan"/><SP WIDTH="14" VPOS="1467" HPOS="699"/>
							<String ID="string_312" HPOS="713" VPOS="1467" WIDTH="94" HEIGHT="29" WC="0.95" CONTENT="fullgöra"/><SP WIDTH="17" VPOS="1467" HPOS="807"/>
							<String ID="string_313" HPOS="824" VPOS="1468" WIDTH="25" HEIGHT="21" WC="0.92" CONTENT="de"/><SP WIDTH="19" VPOS="1468" HPOS="849"/>
							<String ID="string_314" HPOS="868" VPOS="1468" WIDTH="91" HEIGHT="29" WC="0.92" CONTENT="skyldig-"/>
						</TextLine>
						<TextLine ID="line_39" HPOS="232" VPOS="1501" WIDTH="723" HEIGHT="31">
							<String ID="string_315" HPOS="232" VPOS="1503" WIDTH="60" HEIGHT="20" WC="0.96" CONTENT="heter"/><SP WIDTH="14" VPOS="1503" HPOS="292"/>
							<String ID="string_316" HPOS="306" VPOS="1502" WIDTH="78" HEIGHT="21" WC="0.96" CONTENT="honom"/><SP WIDTH="16" VPOS="1502" HPOS="384"/>
							<String ID="string_317" HPOS="400" VPOS="1501" WIDTH="65" HEIGHT="28" WC="0.93" CONTENT="enligt"/><SP WIDTH="21" VPOS="1501" HPOS="465"/>
							<String ID="string_318" HPOS="486" VPOS="1501" WIDTH="133" HEIGHT="22" WC="0.92" CONTENT="föreskrifter"/><SP WIDTH="20" VPOS="1501" HPOS="619"/>
							<String ID="string_319" HPOS="639" VPOS="1502" WIDTH="7" HEIGHT="21" WC="0.95" CONTENT="i"/><SP WIDTH="23" VPOS="1502" HPOS="646"/>
							<String ID="string_320" HPOS="669" VPOS="1502" WIDTH="94" HEIGHT="29" WC="0.96" CONTENT="följande"/><SP WIDTH="21" VPOS="1502" HPOS="763"/>
							<String ID="string_321" HPOS="784" VPOS="1509" WIDTH="63" HEIGHT="15" WC="0.93" CONTENT="mom."/><SP WIDTH="22" VPOS="1509" HPOS="847"/>
							<String ID="string_322" HPOS="869" VPOS="1503" WIDTH="86" HEIGHT="29" WC="0.90" CONTENT="äligger,"/>
						</TextLine>
					</TextBlock>
					<TextBlock ID="block_6" HPOS="299" VPOS="1541" WIDTH="349" HEIGHT="24">
						<TextLine ID="line_40" HPOS="299" VPOS="1541" WIDTH="349" HEIGHT="24">
							<String ID="string_323" HPOS="299" VPOS="1542" WIDTH="137" HEIGHT="23" WC="0.92" CONTENT="Lagutskottets"/><SP WIDTH="12" VPOS="1542" HPOS="436"/>
							<String ID="string_324" HPOS="448" VPOS="1541" WIDTH="115" HEIGHT="19" WC="0.90" CONTENT="betänkande"/><SP WIDTH="13" VPOS="1541" HPOS="563"/>
							<String ID="string_325" HPOS="576" VPOS="1541" WIDTH="33" HEIGHT="18" WC="0.96" CONTENT="N:o"/><SP WIDTH="14" VPOS="1541" HPOS="609"/>
							<String ID="string_326" HPOS="623" VPOS="1543" WIDTH="25" HEIGHT="16" WC="0.96" CONTENT="14."/>
						</TextLine>
					</TextBlock>
				</ComposedBlock>
			</PrintSpace>
		</Page>
	</Layout>
</alto>
