1025 1698
244 161 25 20 12

436 160 27 19 U.
476 161 27 18 B.
515 170 23 3 —
550 162 78 21 Prop.
642 161 48 18 N:e
703 161 38 18 41.

285 229 136 22 Beträffande
436 231 66 20 sättet
512 229 33 22 för
557 230 139 21 anskaffande
706 231 23 21 af
739 231 68 20 denna
818 237 87 20 summa,
917 231 50 20 stor

214 265 12 20 6
241 263 108 22 millioner
370 263 68 26 mark,
460 264 62 21 torde
545 264 82 27 förslag
645 265 23 20 af
683 264 167 22 Statsutskottet
865 265 97 26 afgifvas.

285 298 123 21 Resultatet
423 298 23 21 af
454 299 56 21 hvad
521 299 112 21 Utskottet
643 299 7 20 i
661 299 37 21 det
708 299 130 27 föregående
848 299 114 26 framstält,

214 333 43 20 blir
273 333 83 21 således
372 339 26 15 en
413 333 99 21 vördsam
527 333 129 22 hemställan
672 334 79 25 derom,

287 734 45 21 Och

419 398 32 19 att
468 396 122 21 Ständerna
603 397 65 20 måtte
674 396 42 27 för
726 399 64 18 nästa
796 397 167 27 femårsperiod,

352 430 50 21 eller
420 431 53 20 åren
488 432 153 23 1878-1882,
657 431 76 20 anvisa
749 439 25 13 en
789 438 82 14 summa
887 431 30 27 af
928 438 37 14 sex

350 464 108 21 millioner
465 465 62 20 mark
535 465 8 20 i
551 467 28 18 ett
583 465 42 26 för
633 465 46 25 allt,
689 465 149 21 motsvarande
848 466 118 24 1,200,000

350 499 62 20 mark
427 506 33 13 om
475 499 51 25 året,
542 499 71 20 såsom
629 499 91 21 tillskott
730 499 43 27 för
787 499 137 21 betäckandet
938 499 30 28 af

350 534 25 20 de
395 533 99 28 utgifter,
513 533 72 21 hvilka
603 534 48 20 med
666 534 117 27 anledning
799 534 30 26 af
840 534 124 27 värneplig-

351 571 44 18 tens
415 568 116 27 införande
549 568 61 21 skola
625 569 69 20 under
712 569 81 21 nämda
810 569 31 20 tid
861 568 30 27 af
905 569 60 20 mili-

351 602 119 27 tiefondens
500 602 121 28 disponibla
650 603 121 28 tillgångar
796 602 105 22 bestridas
926 603 38 20 och

350 636 72 21 hvilka
447 637 92 27 utgifter
564 639 38 18 äro
623 637 135 28 förslagsvis
780 637 8 21 i
810 637 156 27 ofvanstående

350 671 202 28 sammanställning
569 674 119 25 upptagna.

347 734 66 27 vågar
428 734 112 21 Utskottet
555 734 77 21 derhos
649 734 135 27 öfverlemna,

419 785 107 22 huruvida
545 785 45 22 icke
611 785 123 22 Ständerna
748 786 72 27 funne
838 786 33 27 sig
882 786 84 27 föran-

352 821 66 24 låtna,
435 823 32 18 att
482 821 8 20 i
501 820 155 28 sammanhang
668 820 85 21 dermed
763 821 77 24 uttala,
853 821 34 20 det
899 820 66 21 Stän-

352 856 66 20 derna
440 856 47 20 med
506 856 53 20 tillit
576 858 81 22 emotse,
677 858 33 18 att
727 856 108 27 Styrelsen
850 855 63 25 skall,
929 856 36 20 vid

346 890 170 26 fastställandet
539 890 29 27 af
584 890 112 27 definitiva
710 893 68 18 stater
789 890 41 27 för
846 892 119 26 trupperna

351 924 37 21 och
408 924 74 21 dertill
499 924 94 21 hörande
609 925 99 20 militära
724 925 154 27 inrättningar,
895 925 70 20 lemna

350 959 69 27 insteg
438 959 23 20 åt
483 959 31 21 all
531 959 40 21 den
589 959 140 27 sparsamhet,
750 966 44 14 som
812 959 47 21 med
875 960 89 20 ernåen-

351 993 34 21 det
400 993 30 27 af
442 1000 24 13 en
482 994 75 27 duglig
572 994 149 27 organisation
736 996 26 18 är
774 993 105 27 förenlig.

285 1056 51 21 Med
352 1056 135 26 åberopande
502 1056 23 21 af
538 1056 55 21 hvad
609 1056 63 21 ofvan
688 1056 82 21 anförts
786 1056 133 21 beträffande
932 1057 33 20 in-

216 1090 281 28 gvarteringskostnaderna
511 1090 33 21 får
559 1090 114 21 Utskottet
691 1090 101 27 slutligen
808 1091 157 21 vördsammast

213 1125 90 22 föreslå:

419 1155 32 19 att
476 1152 121 21 Ständerna
613 1153 8 20 i
636 1155 70 19 svaret
722 1154 13 20 å
751 1153 39 21 den
812 1154 83 27 nådiga
910 1160 56 20 pro-

346 1187 122 28 positionen
483 1188 49 20 ville
543 1187 7 20 i
560 1187 174 28 underdånighet
747 1188 96 25 anhålla,
858 1188 35 21 det
904 1188 60 21 täck-

352 1225 28 18 tes
398 1221 64 21 Hans
480 1221 123 28 Kejserliga
621 1221 104 27 Majestät
740 1222 9 20 i
763 1222 75 21 Nåder
857 1225 50 24 taga
922 1229 45 13 un-

350 1256 38 19 der
398 1255 115 27 pröfning,
529 1255 108 20 huruvida
657 1255 35 21 det
707 1255 45 20 icke
767 1262 48 14 vore
830 1255 30 27 af
871 1256 92 20 rättvisa

350 1289 38 20 och
404 1289 96 27 billighet
514 1291 104 25 gentemot
631 1289 25 21 de
666 1289 171 28 skattdragande
848 1289 115 28 betingadt,

350 1325 33 19 att
408 1323 146 28 skyldigheten
572 1323 42 27 för
639 1323 83 22 landets
748 1324 104 21 invånare
881 1326 32 19 att
941 1325 24 20 åt

349 1357 174 28 militärtrupper
534 1360 100 25 prestera
649 1358 148 29 ingvartering
813 1358 73 27 blefve,
897 1359 67 21 sedan

349 1393 157 28 värnepligtens
522 1393 117 28 införande
654 1393 93 28 vidtagit
757 1393 37 21 och
805 1394 60 21 såväl
872 1401 92 20 person-

351 1428 30 27 lig
404 1427 141 28 tjenstyöring
565 1435 44 13 som
627 1428 135 28 beskattning
780 1429 93 20 sålunda
891 1429 72 27 ålagts

349 1461 164 28 medborgarene
535 1462 42 27 för
603 1462 84 21 landets
708 1463 100 27 försvar,
829 1463 134 27 förmildras

273 1502 201 23 Värnepligtsutskottets
486 1502 105 18 betänkande
603 1503 33 17 N:o
649 1503 16 18 2.
