1025 1695
209 118 26 20 12
408 118 22 23 U.
447 118 23 22 B.
486 130 27 3 —
530 118 63 28 Prop.
611 117 38 23 N:o
665 118 39 22 40.

319 190 49 14 son-
390 184 48 20 eller
462 184 132 20 dottersonen
609 185 61 25 utgör
684 183 107 27 familjens
805 183 128 27 hufvudsak-

317 217 43 27 liga
374 217 53 27 stöd,
444 218 23 22 d)
482 218 50 20 ende
547 224 64 14 sonen
627 218 8 20 i
649 224 25 14 en
688 217 74 26 familj,
772 217 62 27 äfven
852 224 33 14 om
900 218 34 26 fa-

321 252 51 20 dren
390 253 26 19 är
435 252 107 26 arbetsför,
562 251 19 28 e)
602 252 39 20 den
656 258 46 14 som
716 251 9 21 i
740 251 58 21 ålder
811 251 60 27 följer
885 252 52 20 näst

318 286 52 26 efter
384 293 25 14 en
424 286 79 26 broder,
527 286 80 21 hvilken
618 286 33 26 på
665 286 70 26 grund
750 286 27 26 af
787 286 88 26 uppbåd
889 286 47 21 står

319 321 9 20 i
344 320 54 22 aktiv
414 321 63 26 tjenst
491 320 48 22 eller
554 320 44 22 dött
613 320 8 21 i
635 320 126 22 densamma.

251 354 62 21 Anm.
329 354 10 20 I
355 354 139 21 oförändrad.

249 389 62 21 Anm.
327 388 22 22 II
364 388 135 22 oförändrad.

388 424 61 19 Anm.
471 423 31 21 III
522 424 77 21 Derest
613 431 24 14 en
652 424 66 21 redan
733 424 31 21 till
780 424 62 26 tjenst
856 424 81 26 uppbå-

321 458 44 21 dad
374 465 80 20 person
471 465 74 20 genom
560 465 73 14 senare
647 458 106 26 inträffad
766 457 99 22 händelse
879 457 57 22 kom-

320 493 40 20 mit
374 493 8 20 i
396 493 66 26 något
477 493 78 21 sådant
567 492 218 27 familjeförhällande,
797 499 45 14 som
852 493 8 19 i
870 492 69 21 denna

317 526 16 27 $
349 527 138 26 omförmäles,
505 527 77 26 befrias
601 527 42 21 han
657 527 52 26 från
725 527 54 21 aktiv
796 527 141 26 tjenstgöring.

376 561 47 21 Har
438 562 45 20 åter
499 561 34 22 det
546 561 215 27 familjeförhållande,
782 561 81 26 hvarpå
877 561 62 26 befri-

319 595 55 22 elsen
387 596 96 26 grundar
505 597 38 26 sig,
567 596 96 26 upphört,
686 595 90 22 inkallas
792 595 39 21 den
847 595 92 21 sålunda

319 629 91 26 befriade
426 630 31 21 till
480 630 54 21 aktiv
550 631 142 26 tjenstgöring,
709 630 50 21 dock
782 630 18 27 ej
818 630 34 26 för
867 630 72 26 längre

320 664 32 21 tid
374 665 29 20 än
426 671 46 14 som
488 664 103 21 återstode
617 664 26 27 af
663 664 55 21 hans
743 663 195 28 tjensteskyldighet,

319 698 70 22 derest
410 699 42 21 han
469 699 18 26 e
501 699 85 21 kommit
601 699 7 20 i
623 699 124 26 åtnjutande
763 699 26 26 af
799 699 140 26 förenämnda

319 733 97 27 eftergift.

531 762 11 26 8
558 762 33 20 28.

252 795 41 21 Till
308 795 33 27 8:n
358 796 39 20 har
411 798 140 19 Presteståndet
565 796 111 27 föreslagit
691 797 31 20 ett
736 796 159 28 förtydligande
905 796 34 21 til-

181 830 51 27 lägg
247 830 23 20 af
284 830 67 21 orden
367 829 37 27 ,så
419 830 63 28 länge
502 831 42 20 han
559 830 7 21 i
581 837 99 14 reserven
701 830 118 27 qvarstår",
835 830 54 21 efter
905 837 34 14 or-

183 864 36 21 det
235 881 7 10 ,
248 864 100 27 befrias.”

250 899 57 20 Enär
323 899 59 21 detta
396 899 85 28 uttryck
497 899 47 22 icke
560 901 59 26 synts
628 899 109 22 Utskottet
753 900 23 20 af
789 899 104 22 behofvet
902 898 38 29 på-

183 932 89 27 kalladt,
288 933 39 21 har
350 934 69 21 denna
440 933 173 22 Presteståndets
636 934 141 27 anmärkning
799 934 48 21 icke
868 934 72 21 föran-

181 967 46 21 ledt
248 967 71 28 någon
341 967 77 29 åtgärd
436 967 48 22 från
499 968 120 22 Utskottets
642 969 54 21 sida.
727 969 108 27 Derjämte
853 968 34 21 får
902 968 38 21 Ut”

183 1002 80 21 skottet
279 1003 85 21 anmäla
379 1005 31 19 att
425 1003 7 21 i
447 1003 70 22 finska
533 1005 71 20 texten
621 1003 52 22 sista
688 1003 113 28 meningen
815 1003 47 26 bör,
877 1003 8 22 i
899 1003 41 21 lik”

182 1037 37 21 het
234 1037 48 22 med
297 1038 55 21 hvad
368 1037 60 22 fallet
444 1039 25 20 är
482 1039 7 20 i
505 1039 41 21 den
561 1038 97 27 svenska,
673 1038 60 21 bilda
749 1038 66 21 skildt
831 1038 79 28 stycke.

529 1085 12 27 s
556 1085 34 20 29.

252 1119 9 20 I
277 1119 34 26 &:n
326 1119 40 20 har
385 1120 138 20 Presteständet
545 1119 78 21 ändrat
643 1119 96 28 följande
758 1119 7 21 i
783 1119 69 22 finska
867 1122 73 19 texten

183 1151 105 29 ingående
303 1153 39 21 ord
366 1153 82 27 ,voipi*
464 1153 33 21 till
514 1153 86 28 ,saapi*
618 1153 53 22 eller
687 1154 102 25 ,taitaa",
806 1154 132 25 ,nimittäin*

183 1187 34 20 till
234 1187 73 26 ,vain*
324 1190 56 18 samt
396 1189 85 24 ,tämän
501 1188 87 21 vuoksi*
612 1188 33 21 till
662 1189 66 26 ,tällä
742 1189 93 25 tavoin*,
852 1189 40 21 och
907 1188 34 22 får

184 1221 111 22 Utskottet
316 1221 7 21 i
346 1222 115 27 anledning
483 1223 63 20 häraf
573 1222 81 21 föreslä
675 1230 27 14 en
724 1223 116 22 förändrad
858 1223 83 27 lydelse

185 1255 23 20 af
221 1255 44 27 &:ns
280 1254 70 22 finska
365 1257 51 19 text.

532 1284 11 27 $
559 1284 34 21 30.

252 1317 48 22 Den
315 1317 22 22 af
352 1319 135 21 Bondeständet
503 1318 34 22 vid
551 1319 12 27 8
579 1320 26 20 27
621 1319 123 28 föreslagna
765 1327 42 21 nya
829 1320 112 21 befrielse-

185 1352 104 28 kategori,
304 1352 86 21 hvilken
405 1352 55 21 dock
475 1353 102 28 riktigare
593 1354 61 20 torde
674 1361 51 14 vara
743 1356 32 19 att
790 1354 101 22 hänföras
906 1354 34 22 till

185 1387 148 28 stadgandena
347 1387 8 20 i
370 1387 70 22 denna
454 1388 19 27 &,
489 1388 39 21 har
545 1390 58 26 synts
619 1388 116 26 Utskottet,
749 1389 34 21 för
799 1389 24 22 sä
838 1389 44 23 vidt
897 1391 42 21 den

186 1421 101 22 omfattar
301 1422 175 28 hemmansegare
491 1423 24 20 af
528 1423 92 28 angifvet
635 1423 53 28 slag,
706 1424 54 21 böra
775 1424 24 21 af
811 1425 129 28 lagstiftnin-

258 1463 196 22 Värnepligtsutskottets
466 1465 107 16 betänkande
585 1465 36 16 N:o
633 1463 16 18 3.
