<?xml version="1.0" encoding="UTF-8"?>
<alto xmlns="http://www.loc.gov/standards/alto/ns-v3#" xmlns:xlink="http://www.w3.org/1999/xlink" xmlns:xsi="http://www.w3.org/2001/XMLSchema-instance" xsi:schemaLocation="http://www.loc.gov/standards/alto/ns-v3# http://www.loc.gov/alto/v3/alto-3-0.xsd">
	<Description>
		<MeasurementUnit>pixel</MeasurementUnit>
		<sourceImageInformation>
			<fileName>/tmp/tess_6y9iqcux_input.PNG</fileName>
		</sourceImageInformation>
		<OCRProcessing ID="OCR_0">
			<ocrProcessingStep>
				<processingSoftware>
					<softwareName>tesseract 5.3.4</softwareName>
				</processingSoftware>
			</ocrProcessingStep>
		</OCRProcessing>
	</Description>
	<Layout>
		<Page WIDTH="1023" HEIGHT="1698" PHYSICAL_IMG_NR="0" ID="page_0">
			<PrintSpace HPOS="0" VPOS="0" WIDTH="1023" HEIGHT="1698">
				<ComposedBlock ID="cblock_0" HPOS="226" VPOS="162" WIDTH="529" HEIGHT="29">
					<TextBlock ID="block_0" HPOS="226" VPOS="162" WIDTH="529" HEIGHT="29">
						<TextLine ID="line_0" HPOS="226" VPOS="162" WIDTH="529" HEIGHT="29">
							<String ID="string_0" HPOS="226" VPOS="162" WIDTH="28" HEIGHT="22" WC="0.96" CONTENT="48"/><SP WIDTH="133" VPOS="162" HPOS="254"/>
							<String ID="string_1" HPOS="387" VPOS="162" WIDTH="80" HEIGHT="23" WC="0.91" CONTENT="Ständ."/><SP WIDTH="15" VPOS="162" HPOS="467"/>
							<String ID="string_2" HPOS="482" VPOS="163" WIDTH="38" HEIGHT="23" WC="0.93" CONTENT="Sv."/><SP WIDTH="16" VPOS="163" HPOS="520"/>
							<String ID="string_3" HPOS="536" VPOS="175" WIDTH="28" HEIGHT="4" WC="0.93" CONTENT="—"/><SP WIDTH="14" VPOS="175" HPOS="564"/>
							<String ID="string_4" HPOS="578" VPOS="164" WIDTH="71" HEIGHT="27" WC="0.94" CONTENT="Prop."/><SP WIDTH="15" VPOS="164" HPOS="649"/>
							<String ID="string_5" HPOS="664" VPOS="164" WIDTH="40" HEIGHT="22" WC="0.95" CONTENT="N:o"/><SP WIDTH="14" VPOS="164" HPOS="704"/>
							<String ID="string_6" HPOS="718" VPOS="164" WIDTH="37" HEIGHT="21" WC="0.95" CONTENT="40."/>
						</TextLine>
					</TextBlock>
				</ComposedBlock>
				<ComposedBlock ID="cblock_1" HPOS="262" VPOS="235" WIDTH="682" HEIGHT="338">
					<TextBlock ID="block_1" HPOS="299" VPOS="235" WIDTH="610" HEIGHT="98">
						<TextLine ID="line_1" HPOS="299" VPOS="235" WIDTH="610" HEIGHT="25">
							<String ID="string_7" HPOS="299" VPOS="235" WIDTH="23" HEIGHT="23" WC="0.89" CONTENT="C)"/><SP WIDTH="18" VPOS="235" HPOS="322"/>
							<String ID="string_8" HPOS="340" VPOS="235" WIDTH="36" HEIGHT="18" WC="0.93" CONTENT="Om"/><SP WIDTH="10" VPOS="235" HPOS="376"/>
							<String ID="string_9" HPOS="386" VPOS="237" WIDTH="88" HEIGHT="22" WC="0.92" CONTENT="uppskof"/><SP WIDTH="9" VPOS="237" HPOS="474"/>
							<String ID="string_10" HPOS="483" VPOS="237" WIDTH="37" HEIGHT="17" WC="0.96" CONTENT="och"/><SP WIDTH="11" VPOS="237" HPOS="520"/>
							<String ID="string_11" HPOS="531" VPOS="237" WIDTH="94" HEIGHT="18" WC="0.96" CONTENT="befrielse"/><SP WIDTH="12" VPOS="237" HPOS="625"/>
							<String ID="string_12" HPOS="637" VPOS="237" WIDTH="25" HEIGHT="23" WC="0.96" CONTENT="på"/><SP WIDTH="12" VPOS="237" HPOS="662"/>
							<String ID="string_13" HPOS="674" VPOS="237" WIDTH="64" HEIGHT="22" WC="0.96" CONTENT="grund"/><SP WIDTH="12" VPOS="237" HPOS="738"/>
							<String ID="string_14" HPOS="750" VPOS="237" WIDTH="22" HEIGHT="17" WC="0.96" CONTENT="af"/><SP WIDTH="9" VPOS="237" HPOS="772"/>
							<String ID="string_15" HPOS="781" VPOS="236" WIDTH="128" HEIGHT="18" WC="0.96" CONTENT="ekonomiska"/>
						</TextLine>
						<TextLine ID="line_2" HPOS="516" VPOS="265" WIDTH="175" HEIGHT="23">
							<String ID="string_16" HPOS="516" VPOS="265" WIDTH="175" HEIGHT="23" WC="0.95" CONTENT="angelägenheter."/>
						</TextLine>
						<TextLine ID="line_3" HPOS="572" VPOS="306" WIDTH="63" HEIGHT="27">
							<String ID="string_17" HPOS="572" VPOS="306" WIDTH="14" HEIGHT="27" WC="0.93" CONTENT="$"/><SP WIDTH="14" VPOS="306" HPOS="586"/>
							<String ID="string_18" HPOS="600" VPOS="307" WIDTH="35" HEIGHT="20" WC="0.95" CONTENT="29."/>
						</TextLine>
					</TextBlock>
					<TextBlock ID="block_2" HPOS="262" VPOS="339" WIDTH="681" HEIGHT="96">
						<TextLine ID="line_4" HPOS="333" VPOS="339" WIDTH="610" HEIGHT="28">
							<String ID="string_19" HPOS="333" VPOS="339" WIDTH="45" HEIGHT="21" WC="0.96" CONTENT="För"/><SP WIDTH="21" VPOS="339" HPOS="378"/>
							<String ID="string_20" HPOS="399" VPOS="339" WIDTH="113" HEIGHT="22" WC="0.95" CONTENT="ordnande"/><SP WIDTH="14" VPOS="339" HPOS="512"/>
							<String ID="string_21" HPOS="526" VPOS="339" WIDTH="30" HEIGHT="28" WC="0.96" CONTENT="af"/><SP WIDTH="10" VPOS="339" HPOS="556"/>
							<String ID="string_22" HPOS="566" VPOS="339" WIDTH="138" HEIGHT="22" WC="0.95" CONTENT="ekonomiska"/><SP WIDTH="13" VPOS="339" HPOS="704"/>
							<String ID="string_23" HPOS="717" VPOS="339" WIDTH="177" HEIGHT="28" WC="0.73" CONTENT="angelägenheter"/><SP WIDTH="14" VPOS="339" HPOS="894"/>
							<String ID="string_24" HPOS="908" VPOS="339" WIDTH="35" HEIGHT="20" WC="0.96" CONTENT="må"/>
						</TextLine>
						<TextLine ID="line_5" HPOS="266" VPOS="373" WIDTH="677" HEIGHT="29">
							<String ID="string_25" HPOS="266" VPOS="373" WIDTH="99" HEIGHT="27" WC="0.92" CONTENT="uppskof"/><SP WIDTH="15" VPOS="373" HPOS="365"/>
							<String ID="string_26" HPOS="380" VPOS="373" WIDTH="48" HEIGHT="21" WC="0.96" CONTENT="med"/><SP WIDTH="19" VPOS="373" HPOS="428"/>
							<String ID="string_27" HPOS="447" VPOS="374" WIDTH="85" HEIGHT="21" WC="0.96" CONTENT="inträde"/><SP WIDTH="16" VPOS="374" HPOS="532"/>
							<String ID="string_28" HPOS="548" VPOS="375" WIDTH="8" HEIGHT="19" WC="0.96" CONTENT="i"/><SP WIDTH="14" VPOS="375" HPOS="556"/>
							<String ID="string_29" HPOS="570" VPOS="374" WIDTH="58" HEIGHT="21" WC="0.93" CONTENT="aktiv"/><SP WIDTH="16" VPOS="374" HPOS="628"/>
							<String ID="string_30" HPOS="644" VPOS="375" WIDTH="63" HEIGHT="26" WC="0.92" CONTENT="tjenst"/><SP WIDTH="16" VPOS="375" HPOS="707"/>
							<String ID="string_31" HPOS="723" VPOS="373" WIDTH="93" HEIGHT="29" WC="0.95" CONTENT="beviljas,"/><SP WIDTH="16" VPOS="373" HPOS="816"/>
							<String ID="string_32" HPOS="832" VPOS="373" WIDTH="53" HEIGHT="22" WC="0.96" CONTENT="dock"/><SP WIDTH="14" VPOS="373" HPOS="885"/>
							<String ID="string_33" HPOS="899" VPOS="373" WIDTH="44" HEIGHT="21" WC="0.96" CONTENT="icke"/>
						</TextLine>
						<TextLine ID="line_6" HPOS="262" VPOS="407" WIDTH="310" HEIGHT="28">
							<String ID="string_34" HPOS="262" VPOS="407" WIDTH="32" HEIGHT="27" WC="0.96" CONTENT="på"/><SP WIDTH="16" VPOS="407" HPOS="294"/>
							<String ID="string_35" HPOS="310" VPOS="407" WIDTH="75" HEIGHT="28" WC="0.96" CONTENT="längre"/><SP WIDTH="15" VPOS="407" HPOS="385"/>
							<String ID="string_36" HPOS="400" VPOS="407" WIDTH="32" HEIGHT="21" WC="0.96" CONTENT="tid"/><SP WIDTH="14" VPOS="407" HPOS="432"/>
							<String ID="string_37" HPOS="446" VPOS="409" WIDTH="29" HEIGHT="19" WC="0.96" CONTENT="än"/><SP WIDTH="16" VPOS="409" HPOS="475"/>
							<String ID="string_38" HPOS="491" VPOS="408" WIDTH="34" HEIGHT="20" WC="0.96" CONTENT="två"/><SP WIDTH="15" VPOS="408" HPOS="525"/>
							<String ID="string_39" HPOS="540" VPOS="408" WIDTH="32" HEIGHT="21" WC="0.96" CONTENT="år."/>
						</TextLine>
					</TextBlock>
					<TextBlock ID="block_3" HPOS="264" VPOS="441" WIDTH="680" HEIGHT="132">
						<TextLine ID="line_7" HPOS="334" VPOS="441" WIDTH="609" HEIGHT="30">
							<String ID="string_40" HPOS="334" VPOS="441" WIDTH="123" HEIGHT="21" WC="0.92" CONTENT="Enahanda"/><SP WIDTH="16" VPOS="441" HPOS="457"/>
							<String ID="string_41" HPOS="473" VPOS="441" WIDTH="104" HEIGHT="30" WC="0.95" CONTENT="befrielse,"/><SP WIDTH="15" VPOS="441" HPOS="577"/>
							<String ID="string_42" HPOS="592" VPOS="449" WIDTH="45" HEIGHT="14" WC="0.96" CONTENT="som"/><SP WIDTH="15" VPOS="449" HPOS="637"/>
							<String ID="string_43" HPOS="652" VPOS="442" WIDTH="8" HEIGHT="20" WC="0.93" CONTENT="i"/><SP WIDTH="14" VPOS="442" HPOS="660"/>
							<String ID="string_44" HPOS="674" VPOS="443" WIDTH="25" HEIGHT="26" WC="0.6" CONTENT="$"/><SP WIDTH="3" VPOS="443" HPOS="699"/>
							<String ID="string_45" HPOS="702" VPOS="443" WIDTH="29" HEIGHT="20" WC="0.6" CONTENT="26"/><SP WIDTH="12" VPOS="443" HPOS="731"/>
							<String ID="string_46" HPOS="743" VPOS="443" WIDTH="32" HEIGHT="26" WC="0.96" CONTENT="på"/><SP WIDTH="14" VPOS="443" HPOS="775"/>
							<String ID="string_47" HPOS="789" VPOS="441" WIDTH="73" HEIGHT="29" WC="0.77" CONTENT="yrund"/><SP WIDTH="11" VPOS="441" HPOS="862"/>
							<String ID="string_48" HPOS="873" VPOS="441" WIDTH="29" HEIGHT="27" WC="0.92" CONTENT="af"/><SP WIDTH="2" VPOS="441" HPOS="902"/>
							<String ID="string_49" HPOS="904" VPOS="441" WIDTH="39" HEIGHT="27" WC="0.92" CONTENT="fa-"/>
						</TextLine>
						<TextLine ID="line_8" HPOS="265" VPOS="463" WIDTH="678" HEIGHT="44">
							<String ID="string_50" HPOS="265" VPOS="463" WIDTH="216" HEIGHT="44" WC="0.91" CONTENT="miljeförhållanden"/><SP WIDTH="14" VPOS="463" HPOS="481"/>
							<String ID="string_51" HPOS="495" VPOS="475" WIDTH="95" HEIGHT="29" WC="0.96" CONTENT="beviljas,"/><SP WIDTH="15" VPOS="475" HPOS="590"/>
							<String ID="string_52" HPOS="605" VPOS="477" WIDTH="35" HEIGHT="20" WC="0.96" CONTENT="må"/><SP WIDTH="15" VPOS="477" HPOS="640"/>
							<String ID="string_53" HPOS="655" VPOS="476" WIDTH="64" HEIGHT="27" WC="0.92" CONTENT="äfven"/><SP WIDTH="15" VPOS="476" HPOS="719"/>
							<String ID="string_54" HPOS="734" VPOS="475" WIDTH="118" HEIGHT="28" WC="0.89" CONTENT="medgifvas"/><SP WIDTH="10" VPOS="475" HPOS="852"/>
							<String ID="string_55" HPOS="862" VPOS="475" WIDTH="81" HEIGHT="28" WC="0.89" CONTENT="fader-"/>
						</TextLine>
						<TextLine ID="line_9" HPOS="266" VPOS="509" WIDTH="678" HEIGHT="29">
							<String ID="string_56" HPOS="266" VPOS="509" WIDTH="38" HEIGHT="21" WC="0.93" CONTENT="och"/><SP WIDTH="14" VPOS="509" HPOS="304"/>
							<String ID="string_57" HPOS="318" VPOS="509" WIDTH="105" HEIGHT="22" WC="0.93" CONTENT="moderlös"/><SP WIDTH="14" VPOS="509" HPOS="423"/>
							<String ID="string_58" HPOS="437" VPOS="510" WIDTH="98" HEIGHT="28" WC="0.96" CONTENT="yngling,"/><SP WIDTH="15" VPOS="510" HPOS="535"/>
							<String ID="string_59" HPOS="550" VPOS="517" WIDTH="44" HEIGHT="14" WC="0.96" CONTENT="som"/><SP WIDTH="16" VPOS="517" HPOS="594"/>
							<String ID="string_60" HPOS="610" VPOS="517" WIDTH="72" HEIGHT="14" WC="0.96" CONTENT="ensam"/><SP WIDTH="16" VPOS="517" HPOS="682"/>
							<String ID="string_61" HPOS="698" VPOS="510" WIDTH="100" HEIGHT="21" WC="0.92" CONTENT="handhar"/><SP WIDTH="8" VPOS="510" HPOS="798"/>
							<String ID="string_62" HPOS="806" VPOS="509" WIDTH="138" HEIGHT="28" WC="0.90" CONTENT="förvaltnin-"/>
						</TextLine>
						<TextLine ID="line_10" HPOS="264" VPOS="543" WIDTH="450" HEIGHT="30">
							<String ID="string_63" HPOS="264" VPOS="550" WIDTH="40" HEIGHT="21" WC="0.94" CONTENT="gen"/><SP WIDTH="16" VPOS="550" HPOS="304"/>
							<String ID="string_64" HPOS="320" VPOS="543" WIDTH="30" HEIGHT="28" WC="0.95" CONTENT="af"/><SP WIDTH="10" VPOS="543" HPOS="350"/>
							<String ID="string_65" HPOS="360" VPOS="544" WIDTH="10" HEIGHT="20" WC="0.93" CONTENT="i"/><SP WIDTH="13" VPOS="544" HPOS="370"/>
							<String ID="string_66" HPOS="383" VPOS="543" WIDTH="43" HEIGHT="29" WC="0.91" CONTENT="arf"/><SP WIDTH="10" VPOS="543" HPOS="426"/>
							<String ID="string_67" HPOS="436" VPOS="547" WIDTH="108" HEIGHT="25" WC="0.93" CONTENT="mottagen"/><SP WIDTH="9" VPOS="547" HPOS="544"/>
							<String ID="string_68" HPOS="553" VPOS="544" WIDTH="161" HEIGHT="29" WC="0.91" CONTENT="jordlägenhet."/>
						</TextLine>
					</TextBlock>
				</ComposedBlock>
				<ComposedBlock ID="cblock_2" HPOS="260" VPOS="610" WIDTH="684" HEIGHT="920">
					<TextBlock ID="block_4" HPOS="314" VPOS="610" WIDTH="584" HEIGHT="71">
						<TextLine ID="line_11" HPOS="314" VPOS="610" WIDTH="584" HEIGHT="28">
							<String ID="string_69" HPOS="314" VPOS="611" WIDTH="26" HEIGHT="24" WC="0.91" CONTENT="D)"/><SP WIDTH="20" VPOS="611" HPOS="340"/>
							<String ID="string_70" HPOS="360" VPOS="610" WIDTH="35" HEIGHT="19" WC="0.93" CONTENT="Om"/><SP WIDTH="12" VPOS="610" HPOS="395"/>
							<String ID="string_71" HPOS="407" VPOS="612" WIDTH="87" HEIGHT="23" WC="0.92" CONTENT="uppskof"/><SP WIDTH="9" VPOS="612" HPOS="494"/>
							<String ID="string_72" HPOS="503" VPOS="612" WIDTH="37" HEIGHT="23" WC="0.96" CONTENT="och"/><SP WIDTH="12" VPOS="612" HPOS="540"/>
							<String ID="string_73" HPOS="552" VPOS="612" WIDTH="91" HEIGHT="23" WC="0.96" CONTENT="eftergift"/><SP WIDTH="11" VPOS="612" HPOS="643"/>
							<String ID="string_74" HPOS="654" VPOS="612" WIDTH="26" HEIGHT="24" WC="0.96" CONTENT="på"/><SP WIDTH="9" VPOS="612" HPOS="680"/>
							<String ID="string_75" HPOS="689" VPOS="612" WIDTH="67" HEIGHT="26" WC="0.95" CONTENT="grund"/><SP WIDTH="12" VPOS="612" HPOS="756"/>
							<String ID="string_76" HPOS="768" VPOS="612" WIDTH="22" HEIGHT="19" WC="0.96" CONTENT="af"/><SP WIDTH="10" VPOS="612" HPOS="790"/>
							<String ID="string_77" HPOS="800" VPOS="612" WIDTH="98" HEIGHT="23" WC="0.96" CONTENT="bildning."/>
						</TextLine>
						<TextLine ID="line_12" HPOS="523" VPOS="653" WIDTH="112" HEIGHT="28">
							<String ID="string_78" HPOS="523" VPOS="671" WIDTH="2" HEIGHT="3" WC="0.26" CONTENT="="/><SP WIDTH="46" VPOS="671" HPOS="525"/>
							<String ID="string_79" HPOS="571" VPOS="653" WIDTH="15" HEIGHT="28" WC="0.86" CONTENT="$"/><SP WIDTH="15" VPOS="653" HPOS="586"/>
							<String ID="string_80" HPOS="601" VPOS="655" WIDTH="34" HEIGHT="20" WC="0.94" CONTENT="30."/>
						</TextLine>
					</TextBlock>
					<TextBlock ID="block_5" HPOS="260" VPOS="675" WIDTH="684" HEIGHT="177">
						<TextLine ID="line_13" HPOS="318" VPOS="675" WIDTH="625" HEIGHT="40">
							<String ID="string_81" HPOS="318" VPOS="675" WIDTH="2" HEIGHT="2" WC="0.29" CONTENT="="/><SP WIDTH="22" VPOS="675" HPOS="320"/>
							<String ID="string_82" HPOS="342" VPOS="686" WIDTH="153" HEIGHT="29" WC="0.91" CONTENT="Värnepligtig,"/><SP WIDTH="14" VPOS="686" HPOS="495"/>
							<String ID="string_83" HPOS="509" VPOS="694" WIDTH="49" HEIGHT="17" WC="0.94" CONTENT="som"/><SP WIDTH="22" VPOS="694" HPOS="558"/>
							<String ID="string_84" HPOS="580" VPOS="687" WIDTH="66" HEIGHT="22" WC="0.96" CONTENT="idkar"/><SP WIDTH="18" VPOS="687" HPOS="646"/>
							<String ID="string_85" HPOS="664" VPOS="687" WIDTH="89" HEIGHT="26" WC="0.96" CONTENT="studier,"/><SP WIDTH="18" VPOS="687" HPOS="753"/>
							<String ID="string_86" HPOS="771" VPOS="687" WIDTH="44" HEIGHT="21" WC="0.96" CONTENT="kan"/><SP WIDTH="9" VPOS="687" HPOS="815"/>
							<String ID="string_87" HPOS="824" VPOS="687" WIDTH="42" HEIGHT="28" WC="0.95" CONTENT="för"/><SP WIDTH="14" VPOS="687" HPOS="866"/>
							<String ID="string_88" HPOS="880" VPOS="687" WIDTH="63" HEIGHT="22" WC="0.95" CONTENT="deras"/>
						</TextLine>
						<TextLine ID="line_14" HPOS="260" VPOS="709" WIDTH="684" HEIGHT="41">
							<String ID="string_89" HPOS="260" VPOS="709" WIDTH="151" HEIGHT="40" WC="0.90" CONTENT="fortsättande"/><SP WIDTH="15" VPOS="709" HPOS="411"/>
							<String ID="string_90" HPOS="426" VPOS="722" WIDTH="36" HEIGHT="20" WC="0.96" CONTENT="vid"/><SP WIDTH="15" VPOS="722" HPOS="462"/>
							<String ID="string_91" HPOS="477" VPOS="722" WIDTH="67" HEIGHT="27" WC="0.96" CONTENT="något"/><SP WIDTH="14" VPOS="722" HPOS="544"/>
							<String ID="string_92" HPOS="558" VPOS="721" WIDTH="30" HEIGHT="28" WC="0.96" CONTENT="af"/><SP WIDTH="10" VPOS="721" HPOS="588"/>
							<String ID="string_93" HPOS="598" VPOS="722" WIDTH="25" HEIGHT="21" WC="0.96" CONTENT="de"/><SP WIDTH="14" VPOS="722" HPOS="623"/>
							<String ID="string_94" HPOS="637" VPOS="722" WIDTH="9" HEIGHT="21" WC="0.96" CONTENT="i"/><SP WIDTH="14" VPOS="722" HPOS="646"/>
							<String ID="string_95" HPOS="660" VPOS="729" WIDTH="60" HEIGHT="14" WC="0.93" CONTENT="mom."/><SP WIDTH="16" VPOS="729" HPOS="720"/>
							<String ID="string_96" HPOS="736" VPOS="723" WIDTH="33" HEIGHT="20" WC="0.77" CONTENT="2:0"/><SP WIDTH="13" VPOS="723" HPOS="769"/>
							<String ID="string_97" HPOS="782" VPOS="722" WIDTH="36" HEIGHT="21" WC="0.93" CONTENT="och"/><SP WIDTH="10" VPOS="722" HPOS="818"/>
							<String ID="string_98" HPOS="828" VPOS="723" WIDTH="33" HEIGHT="20" WC="0.72" CONTENT="3:0"/><SP WIDTH="11" VPOS="723" HPOS="861"/>
							<String ID="string_99" HPOS="872" VPOS="722" WIDTH="8" HEIGHT="21" WC="0.92" CONTENT="i"/><SP WIDTH="10" VPOS="722" HPOS="880"/>
							<String ID="string_100" HPOS="890" VPOS="722" WIDTH="14" HEIGHT="28" WC="0.89" CONTENT="$"/><SP WIDTH="10" VPOS="722" HPOS="904"/>
							<String ID="string_101" HPOS="914" VPOS="723" WIDTH="30" HEIGHT="20" WC="0.96" CONTENT="32"/>
						</TextLine>
						<TextLine ID="line_15" HPOS="266" VPOS="755" WIDTH="676" HEIGHT="29">
							<String ID="string_102" HPOS="266" VPOS="756" WIDTH="128" HEIGHT="21" WC="0.91" CONTENT="omnämnda"/><SP WIDTH="16" VPOS="756" HPOS="394"/>
							<String ID="string_103" HPOS="410" VPOS="755" WIDTH="104" HEIGHT="26" WC="0.91" CONTENT="läroverk,"/><SP WIDTH="12" VPOS="755" HPOS="514"/>
							<String ID="string_104" HPOS="526" VPOS="757" WIDTH="33" HEIGHT="27" WC="0.93" CONTENT="pä"/><SP WIDTH="15" VPOS="757" HPOS="559"/>
							<String ID="string_105" HPOS="574" VPOS="756" WIDTH="121" HEIGHT="28" WC="0.92" CONTENT="ansökning"/><SP WIDTH="15" VPOS="756" HPOS="695"/>
							<String ID="string_106" HPOS="710" VPOS="756" WIDTH="38" HEIGHT="21" WC="0.96" CONTENT="och"/><SP WIDTH="16" VPOS="756" HPOS="748"/>
							<String ID="string_107" HPOS="764" VPOS="756" WIDTH="55" HEIGHT="27" WC="0.93" CONTENT="efter"/><SP WIDTH="8" VPOS="756" HPOS="819"/>
							<String ID="string_108" HPOS="827" VPOS="756" WIDTH="115" HEIGHT="28" WC="0.93" CONTENT="pröfning,"/>
						</TextLine>
						<TextLine ID="line_16" HPOS="266" VPOS="790" WIDTH="677" HEIGHT="29">
							<String ID="string_109" HPOS="266" VPOS="790" WIDTH="86" HEIGHT="21" WC="0.92" CONTENT="erhålla"/><SP WIDTH="18" VPOS="790" HPOS="352"/>
							<String ID="string_110" HPOS="370" VPOS="791" WIDTH="95" HEIGHT="20" WC="0.96" CONTENT="anstånd"/><SP WIDTH="14" VPOS="791" HPOS="465"/>
							<String ID="string_111" HPOS="479" VPOS="791" WIDTH="48" HEIGHT="21" WC="0.92" CONTENT="med"/><SP WIDTH="14" VPOS="791" HPOS="527"/>
							<String ID="string_112" HPOS="541" VPOS="791" WIDTH="86" HEIGHT="20" WC="0.96" CONTENT="inträde"/><SP WIDTH="14" VPOS="791" HPOS="627"/>
							<String ID="string_113" HPOS="641" VPOS="791" WIDTH="9" HEIGHT="20" WC="0.96" CONTENT="i"/><SP WIDTH="14" VPOS="791" HPOS="650"/>
							<String ID="string_114" HPOS="664" VPOS="791" WIDTH="58" HEIGHT="21" WC="0.93" CONTENT="aktiv"/><SP WIDTH="17" VPOS="791" HPOS="722"/>
							<String ID="string_115" HPOS="739" VPOS="792" WIDTH="64" HEIGHT="27" WC="0.91" CONTENT="tjenst"/><SP WIDTH="10" VPOS="792" HPOS="803"/>
							<String ID="string_116" HPOS="813" VPOS="790" WIDTH="41" HEIGHT="28" WC="0.96" CONTENT="för"/><SP WIDTH="15" VPOS="790" HPOS="854"/>
							<String ID="string_117" HPOS="869" VPOS="798" WIDTH="26" HEIGHT="14" WC="0.97" CONTENT="en"/><SP WIDTH="16" VPOS="798" HPOS="895"/>
							<String ID="string_118" HPOS="911" VPOS="791" WIDTH="32" HEIGHT="21" WC="0.96" CONTENT="tid"/>
						</TextLine>
						<TextLine ID="line_17" HPOS="265" VPOS="824" WIDTH="256" HEIGHT="28">
							<String ID="string_119" HPOS="265" VPOS="824" WIDTH="31" HEIGHT="28" WC="0.91" CONTENT="af"/><SP WIDTH="10" VPOS="824" HPOS="296"/>
							<String ID="string_120" HPOS="306" VPOS="824" WIDTH="62" HEIGHT="28" WC="0.95" CONTENT="högst"/><SP WIDTH="14" VPOS="824" HPOS="368"/>
							<String ID="string_121" HPOS="382" VPOS="827" WIDTH="33" HEIGHT="18" WC="0.95" CONTENT="tre"/><SP WIDTH="14" VPOS="827" HPOS="415"/>
							<String ID="string_122" HPOS="429" VPOS="825" WIDTH="32" HEIGHT="20" WC="0.82" CONTENT="är."/><SP WIDTH="55" VPOS="825" HPOS="461"/>
							<String ID="string_123" HPOS="516" VPOS="836" WIDTH="5" HEIGHT="9" WC="0.42" CONTENT="ca"/>
						</TextLine>
					</TextBlock>
					<TextBlock ID="block_6" HPOS="344" VPOS="859" WIDTH="290" HEIGHT="28">
						<TextLine ID="line_18" HPOS="344" VPOS="859" WIDTH="290" HEIGHT="28">
							<String ID="string_124" HPOS="344" VPOS="870" WIDTH="2" HEIGHT="2" WC="0.62" CONTENT=";"/><SP WIDTH="224" VPOS="870" HPOS="346"/>
							<String ID="string_125" HPOS="570" VPOS="859" WIDTH="16" HEIGHT="28" WC="0.92" CONTENT="$"/><SP WIDTH="14" VPOS="859" HPOS="586"/>
							<String ID="string_126" HPOS="600" VPOS="860" WIDTH="34" HEIGHT="21" WC="0.96" CONTENT="31."/>
						</TextLine>
					</TextBlock>
					<TextBlock ID="block_7" HPOS="262" VPOS="893" WIDTH="682" HEIGHT="232">
						<TextLine ID="line_19" HPOS="333" VPOS="893" WIDTH="611" HEIGHT="29">
							<String ID="string_127" HPOS="333" VPOS="893" WIDTH="16" HEIGHT="21" WC="0.94" CONTENT="I"/><SP WIDTH="7" VPOS="893" HPOS="349"/>
							<String ID="string_128" HPOS="356" VPOS="893" WIDTH="133" HEIGHT="28" WC="0.92" CONTENT="föregående"/><SP WIDTH="14" VPOS="893" HPOS="489"/>
							<String ID="string_129" HPOS="503" VPOS="894" WIDTH="15" HEIGHT="27" WC="0.91" CONTENT="$"/><SP WIDTH="14" VPOS="894" HPOS="518"/>
							<String ID="string_130" HPOS="532" VPOS="893" WIDTH="126" HEIGHT="21" WC="0.92" CONTENT="omnämnde"/><SP WIDTH="11" VPOS="893" HPOS="658"/>
							<String ID="string_131" HPOS="669" VPOS="900" WIDTH="106" HEIGHT="21" WC="0.92" CONTENT="personer"/><SP WIDTH="15" VPOS="900" HPOS="775"/>
							<String ID="string_132" HPOS="790" VPOS="900" WIDTH="38" HEIGHT="21" WC="0.92" CONTENT="ega"/><SP WIDTH="11" VPOS="900" HPOS="828"/>
							<String ID="string_133" HPOS="839" VPOS="894" WIDTH="105" HEIGHT="28" WC="0.96" CONTENT="rättighet"/>
						</TextLine>
						<TextLine ID="line_20" HPOS="266" VPOS="927" WIDTH="676" HEIGHT="26">
							<String ID="string_134" HPOS="266" VPOS="930" WIDTH="32" HEIGHT="19" WC="0.96" CONTENT="att"/><SP WIDTH="14" VPOS="930" HPOS="298"/>
							<String ID="string_135" HPOS="312" VPOS="930" WIDTH="71" HEIGHT="19" WC="0.96" CONTENT="senast"/><SP WIDTH="17" VPOS="930" HPOS="383"/>
							<String ID="string_136" HPOS="400" VPOS="928" WIDTH="68" HEIGHT="20" WC="0.95" CONTENT="innan"/><SP WIDTH="15" VPOS="928" HPOS="468"/>
							<String ID="string_137" HPOS="483" VPOS="928" WIDTH="41" HEIGHT="21" WC="0.96" CONTENT="den"/><SP WIDTH="16" VPOS="928" HPOS="524"/>
							<String ID="string_138" HPOS="540" VPOS="928" WIDTH="27" HEIGHT="20" WC="0.96" CONTENT="15"/><SP WIDTH="15" VPOS="928" HPOS="567"/>
							<String ID="string_139" HPOS="582" VPOS="927" WIDTH="98" HEIGHT="22" WC="0.95" CONTENT="Januari"/><SP WIDTH="14" VPOS="927" HPOS="680"/>
							<String ID="string_140" HPOS="694" VPOS="928" WIDTH="37" HEIGHT="21" WC="0.96" CONTENT="det"/><SP WIDTH="14" VPOS="928" HPOS="731"/>
							<String ID="string_141" HPOS="745" VPOS="928" WIDTH="32" HEIGHT="25" WC="0.96" CONTENT="år,"/><SP WIDTH="16" VPOS="928" HPOS="777"/>
							<String ID="string_142" HPOS="793" VPOS="928" WIDTH="28" HEIGHT="21" WC="0.96" CONTENT="då"/><SP WIDTH="16" VPOS="928" HPOS="821"/>
							<String ID="string_143" HPOS="837" VPOS="928" WIDTH="25" HEIGHT="21" WC="0.96" CONTENT="de"/><SP WIDTH="17" VPOS="928" HPOS="862"/>
							<String ID="string_144" HPOS="879" VPOS="928" WIDTH="63" HEIGHT="22" WC="0.96" CONTENT="borde"/>
						</TextLine>
						<TextLine ID="line_21" HPOS="266" VPOS="961" WIDTH="677" HEIGHT="29">
							<String ID="string_145" HPOS="266" VPOS="963" WIDTH="8" HEIGHT="20" WC="0.96" CONTENT="i"/><SP WIDTH="16" VPOS="963" HPOS="274"/>
							<String ID="string_146" HPOS="290" VPOS="962" WIDTH="119" HEIGHT="28" WC="0.96" CONTENT="lottningen"/><SP WIDTH="15" VPOS="962" HPOS="409"/>
							<String ID="string_147" HPOS="424" VPOS="962" WIDTH="94" HEIGHT="28" WC="0.96" CONTENT="deltaga,"/><SP WIDTH="14" VPOS="962" HPOS="518"/>
							<String ID="string_148" HPOS="532" VPOS="961" WIDTH="38" HEIGHT="21" WC="0.93" CONTENT="hos"/><SP WIDTH="14" VPOS="961" HPOS="570"/>
							<String ID="string_149" HPOS="584" VPOS="962" WIDTH="165" HEIGHT="27" WC="0.91" CONTENT="uppbådsnämd"/><SP WIDTH="14" VPOS="962" HPOS="749"/>
							<String ID="string_150" HPOS="763" VPOS="962" WIDTH="88" HEIGHT="22" WC="0.96" CONTENT="anmäla"/><SP WIDTH="11" VPOS="962" HPOS="851"/>
							<String ID="string_151" HPOS="862" VPOS="963" WIDTH="34" HEIGHT="20" WC="0.93" CONTENT="sin"/><SP WIDTH="10" VPOS="963" HPOS="896"/>
							<String ID="string_152" HPOS="906" VPOS="964" WIDTH="37" HEIGHT="20" WC="0.93" CONTENT="ön-"/>
						</TextLine>
						<TextLine ID="line_22" HPOS="266" VPOS="996" WIDTH="676" HEIGHT="28">
							<String ID="string_153" HPOS="266" VPOS="996" WIDTH="54" HEIGHT="21" WC="0.91" CONTENT="skan"/><SP WIDTH="16" VPOS="996" HPOS="320"/>
							<String ID="string_154" HPOS="336" VPOS="998" WIDTH="32" HEIGHT="19" WC="0.96" CONTENT="att"/><SP WIDTH="14" VPOS="998" HPOS="368"/>
							<String ID="string_155" HPOS="382" VPOS="998" WIDTH="78" HEIGHT="26" WC="0.93" CONTENT="utgöra"/><SP WIDTH="10" VPOS="998" HPOS="460"/>
							<String ID="string_156" HPOS="470" VPOS="996" WIDTH="150" HEIGHT="27" WC="0.92" CONTENT="värnepligten"/><SP WIDTH="10" VPOS="996" HPOS="620"/>
							<String ID="string_157" HPOS="630" VPOS="996" WIDTH="70" HEIGHT="21" WC="0.93" CONTENT="såsom"/><SP WIDTH="6" VPOS="996" HPOS="700"/>
							<String ID="string_158" HPOS="706" VPOS="996" WIDTH="116" HEIGHT="28" WC="0.92" CONTENT="frivillige."/><SP WIDTH="28" VPOS="996" HPOS="822"/>
							<String ID="string_159" HPOS="850" VPOS="996" WIDTH="37" HEIGHT="26" WC="0.92" CONTENT="De,"/><SP WIDTH="11" VPOS="996" HPOS="887"/>
							<String ID="string_160" HPOS="898" VPOS="1003" WIDTH="44" HEIGHT="15" WC="0.92" CONTENT="som"/>
						</TextLine>
						<TextLine ID="line_23" HPOS="266" VPOS="1030" WIDTH="676" HEIGHT="28">
							<String ID="string_161" HPOS="266" VPOS="1030" WIDTH="75" HEIGHT="21" WC="0.96" CONTENT="härom"/><SP WIDTH="22" VPOS="1030" HPOS="341"/>
							<String ID="string_162" HPOS="363" VPOS="1030" WIDTH="90" HEIGHT="26" WC="0.96" CONTENT="anmält,"/><SP WIDTH="20" VPOS="1030" HPOS="453"/>
							<String ID="string_163" HPOS="473" VPOS="1030" WIDTH="80" HEIGHT="27" WC="0.96" CONTENT="befrias"/><SP WIDTH="11" VPOS="1030" HPOS="553"/>
							<String ID="string_164" HPOS="564" VPOS="1030" WIDTH="58" HEIGHT="27" WC="0.96" CONTENT="från"/><SP WIDTH="16" VPOS="1030" HPOS="622"/>
							<String ID="string_165" HPOS="638" VPOS="1030" WIDTH="94" HEIGHT="28" WC="0.96" CONTENT="lottning"/><SP WIDTH="15" VPOS="1030" HPOS="732"/>
							<String ID="string_166" HPOS="747" VPOS="1030" WIDTH="38" HEIGHT="21" WC="0.96" CONTENT="och"/><SP WIDTH="15" VPOS="1030" HPOS="785"/>
							<String ID="string_167" HPOS="800" VPOS="1030" WIDTH="74" HEIGHT="22" WC="0.93" CONTENT="kunna"/><SP WIDTH="10" VPOS="1030" HPOS="874"/>
							<String ID="string_168" HPOS="884" VPOS="1031" WIDTH="58" HEIGHT="27" WC="0.91" CONTENT="jem-"/>
						</TextLine>
						<TextLine ID="line_24" HPOS="265" VPOS="1064" WIDTH="677" HEIGHT="29">
							<String ID="string_169" HPOS="265" VPOS="1064" WIDTH="36" HEIGHT="21" WC="0.95" CONTENT="väl"/><SP WIDTH="13" VPOS="1064" HPOS="301"/>
							<String ID="string_170" HPOS="314" VPOS="1064" WIDTH="83" HEIGHT="21" WC="0.95" CONTENT="komma"/><SP WIDTH="16" VPOS="1064" HPOS="397"/>
							<String ID="string_171" HPOS="413" VPOS="1065" WIDTH="8" HEIGHT="20" WC="0.96" CONTENT="i"/><SP WIDTH="14" VPOS="1065" HPOS="421"/>
							<String ID="string_172" HPOS="435" VPOS="1064" WIDTH="129" HEIGHT="28" WC="0.96" CONTENT="åtnjutande"/><SP WIDTH="15" VPOS="1064" HPOS="564"/>
							<String ID="string_173" HPOS="579" VPOS="1064" WIDTH="31" HEIGHT="27" WC="0.95" CONTENT="af"/><SP WIDTH="10" VPOS="1064" HPOS="610"/>
							<String ID="string_174" HPOS="620" VPOS="1064" WIDTH="80" HEIGHT="21" WC="0.96" CONTENT="sådant"/><SP WIDTH="18" VPOS="1064" HPOS="700"/>
							<String ID="string_175" HPOS="718" VPOS="1065" WIDTH="95" HEIGHT="21" WC="0.93" CONTENT="anstånd"/><SP WIDTH="14" VPOS="1065" HPOS="813"/>
							<String ID="string_176" HPOS="827" VPOS="1066" WIDTH="15" HEIGHT="27" WC="0.93" CONTENT="$"/><SP WIDTH="14" VPOS="1066" HPOS="842"/>
							<String ID="string_177" HPOS="856" VPOS="1066" WIDTH="29" HEIGHT="20" WC="0.93" CONTENT="30"/><SP WIDTH="15" VPOS="1066" HPOS="885"/>
							<String ID="string_178" HPOS="900" VPOS="1072" WIDTH="42" HEIGHT="14" WC="0.89" CONTENT="om-"/>
						</TextLine>
						<TextLine ID="line_25" HPOS="262" VPOS="1098" WIDTH="114" HEIGHT="27">
							<String ID="string_179" HPOS="262" VPOS="1098" WIDTH="114" HEIGHT="27" WC="0.71" CONTENT="Jörmäler."/>
						</TextLine>
					</TextBlock>
					<TextBlock ID="block_8" HPOS="573" VPOS="1133" WIDTH="64" HEIGHT="26">
						<TextLine ID="line_26" HPOS="573" VPOS="1133" WIDTH="64" HEIGHT="26">
							<String ID="string_180" HPOS="573" VPOS="1133" WIDTH="15" HEIGHT="26" WC="0.83" CONTENT="$"/><SP WIDTH="14" VPOS="1133" HPOS="588"/>
							<String ID="string_181" HPOS="602" VPOS="1134" WIDTH="35" HEIGHT="20" WC="0.93" CONTENT="32."/>
						</TextLine>
					</TextBlock>
					<TextBlock ID="block_9" HPOS="266" VPOS="1166" WIDTH="677" HEIGHT="95">
						<TextLine ID="line_27" HPOS="333" VPOS="1166" WIDTH="609" HEIGHT="29">
							<String ID="string_182" HPOS="333" VPOS="1166" WIDTH="114" HEIGHT="25" WC="0.96" CONTENT="Personer,"/><SP WIDTH="15" VPOS="1166" HPOS="447"/>
							<String ID="string_183" HPOS="462" VPOS="1173" WIDTH="44" HEIGHT="14" WC="0.93" CONTENT="som"/><SP WIDTH="12" VPOS="1173" HPOS="506"/>
							<String ID="string_184" HPOS="518" VPOS="1166" WIDTH="116" HEIGHT="28" WC="0.85" CONTENT="innehafva"/><SP WIDTH="12" VPOS="1166" HPOS="634"/>
							<String ID="string_185" HPOS="646" VPOS="1166" WIDTH="165" HEIGHT="21" WC="0.91" CONTENT="nedannämnda"/><SP WIDTH="12" VPOS="1166" HPOS="811"/>
							<String ID="string_186" HPOS="823" VPOS="1166" WIDTH="119" HEIGHT="29" WC="0.91" CONTENT="bildnings-"/>
						</TextLine>
						<TextLine ID="line_28" HPOS="266" VPOS="1200" WIDTH="677" HEIGHT="28">
							<String ID="string_187" HPOS="266" VPOS="1200" WIDTH="88" HEIGHT="28" WC="0.96" CONTENT="grader,"/><SP WIDTH="20" VPOS="1200" HPOS="354"/>
							<String ID="string_188" HPOS="374" VPOS="1200" WIDTH="91" HEIGHT="27" WC="0.95" CONTENT="åtnjuta,"/><SP WIDTH="16" VPOS="1200" HPOS="465"/>
							<String ID="string_189" HPOS="481" VPOS="1200" WIDTH="29" HEIGHT="21" WC="0.96" CONTENT="dä"/><SP WIDTH="16" VPOS="1200" HPOS="510"/>
							<String ID="string_190" HPOS="526" VPOS="1201" WIDTH="25" HEIGHT="20" WC="0.96" CONTENT="de"/><SP WIDTH="14" VPOS="1201" HPOS="551"/>
							<String ID="string_191" HPOS="565" VPOS="1202" WIDTH="78" HEIGHT="26" WC="0.93" CONTENT="utgöra"/><SP WIDTH="17" VPOS="1202" HPOS="643"/>
							<String ID="string_192" HPOS="660" VPOS="1201" WIDTH="148" HEIGHT="27" WC="0.92" CONTENT="värnepligten"/><SP WIDTH="16" VPOS="1201" HPOS="808"/>
							<String ID="string_193" HPOS="824" VPOS="1201" WIDTH="54" HEIGHT="27" WC="0.93" CONTENT="efter"/><SP WIDTH="16" VPOS="1201" HPOS="878"/>
							<String ID="string_194" HPOS="894" VPOS="1201" WIDTH="49" HEIGHT="21" WC="0.80" CONTENT="lott-"/>
						</TextLine>
						<TextLine ID="line_29" HPOS="266" VPOS="1234" WIDTH="632" HEIGHT="27">
							<String ID="string_195" HPOS="266" VPOS="1236" WIDTH="61" HEIGHT="29" WC="0.93" CONTENT="ning,"/><SP WIDTH="11" VPOS="1236" HPOS="327"/>
							<String ID="string_196" HPOS="338" VPOS="1234" WIDTH="120" HEIGHT="26" WC="0.93" CONTENT="förkortad"/><SP WIDTH="16" VPOS="1234" HPOS="458"/>
							<String ID="string_197" HPOS="474" VPOS="1235" WIDTH="108" HEIGHT="31" WC="0.74" CONTENT="tjenstetid"/><SP WIDTH="15" VPOS="1235" HPOS="582"/>
							<String ID="string_198" HPOS="597" VPOS="1235" WIDTH="66" HEIGHT="26" WC="0.96" CONTENT="enligt"/><SP WIDTH="10" VPOS="1235" HPOS="663"/>
							<String ID="string_199" HPOS="673" VPOS="1234" WIDTH="103" HEIGHT="27" WC="0.96" CONTENT="följande"/><SP WIDTH="15" VPOS="1234" HPOS="776"/>
							<String ID="string_200" HPOS="791" VPOS="1235" WIDTH="107" HEIGHT="26" WC="0.95" CONTENT="grunder:"/>
						</TextLine>
					</TextBlock>
					<TextBlock ID="block_10" HPOS="266" VPOS="1266" WIDTH="677" HEIGHT="264">
						<TextLine ID="line_30" HPOS="334" VPOS="1266" WIDTH="608" HEIGHT="29">
							<String ID="string_201" HPOS="334" VPOS="1268" WIDTH="32" HEIGHT="19" WC="0.69" CONTENT="1:0"/><SP WIDTH="26" VPOS="1268" HPOS="366"/>
							<String ID="string_202" HPOS="392" VPOS="1266" WIDTH="43" HEIGHT="25" WC="0.96" CONTENT="De,"/><SP WIDTH="25" VPOS="1266" HPOS="435"/>
							<String ID="string_203" HPOS="460" VPOS="1273" WIDTH="44" HEIGHT="14" WC="0.91" CONTENT="som"/><SP WIDTH="22" VPOS="1273" HPOS="504"/>
							<String ID="string_204" HPOS="526" VPOS="1264" WIDTH="122" HEIGHT="31" WC="0.95" CONTENT="genomgått"/><SP WIDTH="18" VPOS="1264" HPOS="648"/>
							<String ID="string_205" HPOS="666" VPOS="1267" WIDTH="138" HEIGHT="28" WC="0.96" CONTENT="fullständig"/><SP WIDTH="26" VPOS="1267" HPOS="804"/>
							<String ID="string_206" HPOS="830" VPOS="1267" WIDTH="52" HEIGHT="22" WC="0.96" CONTENT="kurs"/><SP WIDTH="25" VPOS="1267" HPOS="882"/>
							<String ID="string_207" HPOS="907" VPOS="1269" WIDTH="35" HEIGHT="20" WC="0.96" CONTENT="vid"/>
						</TextLine>
						<TextLine ID="line_31" HPOS="266" VPOS="1300" WIDTH="676" HEIGHT="30">
							<String ID="string_208" HPOS="266" VPOS="1301" WIDTH="65" HEIGHT="28" WC="0.93" CONTENT="högre"/><SP WIDTH="11" VPOS="1301" HPOS="331"/>
							<String ID="string_209" HPOS="342" VPOS="1300" WIDTH="129" HEIGHT="28" WC="0.93" CONTENT="folkskolor,"/><SP WIDTH="17" VPOS="1300" HPOS="471"/>
							<String ID="string_210" HPOS="488" VPOS="1300" WIDTH="133" HEIGHT="29" WC="0.92" CONTENT="tväklassiga"/><SP WIDTH="14" VPOS="1300" HPOS="621"/>
							<String ID="string_211" HPOS="635" VPOS="1301" WIDTH="119" HEIGHT="21" WC="0.83" CONTENT="realskolor"/><SP WIDTH="15" VPOS="1301" HPOS="754"/>
							<String ID="string_212" HPOS="769" VPOS="1301" WIDTH="51" HEIGHT="21" WC="0.95" CONTENT="eller"/><SP WIDTH="11" VPOS="1301" HPOS="820"/>
							<String ID="string_213" HPOS="831" VPOS="1302" WIDTH="60" HEIGHT="28" WC="0.93" CONTENT="lägre"/><SP WIDTH="11" VPOS="1302" HPOS="891"/>
							<String ID="string_214" HPOS="902" VPOS="1302" WIDTH="40" HEIGHT="21" WC="0.93" CONTENT="ele-"/>
						</TextLine>
						<TextLine ID="line_32" HPOS="266" VPOS="1335" WIDTH="677" HEIGHT="28">
							<String ID="string_215" HPOS="266" VPOS="1335" WIDTH="162" HEIGHT="25" WC="0.90" CONTENT="mentarskolor,"/><SP WIDTH="18" VPOS="1335" HPOS="428"/>
							<String ID="string_216" HPOS="446" VPOS="1335" WIDTH="138" HEIGHT="28" WC="0.88" CONTENT="fyrklassiga"/><SP WIDTH="23" VPOS="1335" HPOS="584"/>
							<String ID="string_217" HPOS="607" VPOS="1336" WIDTH="74" HEIGHT="27" WC="0.92" CONTENT="lyceer,"/><SP WIDTH="23" VPOS="1336" HPOS="681"/>
							<String ID="string_218" HPOS="704" VPOS="1335" WIDTH="176" HEIGHT="28" WC="0.91" CONTENT="handelsskolor,"/><SP WIDTH="11" VPOS="1335" HPOS="880"/>
							<String ID="string_219" HPOS="891" VPOS="1337" WIDTH="52" HEIGHT="20" WC="0.96" CONTENT="eller"/>
						</TextLine>
						<TextLine ID="line_33" HPOS="266" VPOS="1365" WIDTH="676" HEIGHT="34">
							<String ID="string_220" HPOS="266" VPOS="1370" WIDTH="37" HEIGHT="22" WC="0.93" CONTENT="ock"/><SP WIDTH="22" VPOS="1370" HPOS="303"/>
							<String ID="string_221" HPOS="325" VPOS="1365" WIDTH="67" HEIGHT="33" WC="0.82" CONTENT="aflagt"/><SP WIDTH="22" VPOS="1365" HPOS="392"/>
							<String ID="string_222" HPOS="414" VPOS="1370" WIDTH="148" HEIGHT="21" WC="0.91" CONTENT="motsvarande"/><SP WIDTH="26" VPOS="1370" HPOS="562"/>
							<String ID="string_223" HPOS="588" VPOS="1369" WIDTH="168" HEIGHT="29" WC="0.83" CONTENT="kunskapsprof,"/><SP WIDTH="23" VPOS="1369" HPOS="756"/>
							<String ID="string_224" HPOS="779" VPOS="1371" WIDTH="109" HEIGHT="28" WC="0.92" CONTENT="äfvensom"/><SP WIDTH="22" VPOS="1371" HPOS="888"/>
							<String ID="string_225" HPOS="910" VPOS="1371" WIDTH="32" HEIGHT="27" WC="0.95" CONTENT="de,"/>
						</TextLine>
						<TextLine ID="line_34" HPOS="267" VPOS="1404" WIDTH="675" HEIGHT="30">
							<String ID="string_226" HPOS="267" VPOS="1405" WIDTH="73" HEIGHT="22" WC="0.93" CONTENT="hvilka"/><SP WIDTH="14" VPOS="1405" HPOS="340"/>
							<String ID="string_227" HPOS="354" VPOS="1405" WIDTH="93" HEIGHT="27" WC="0.92" CONTENT="afslutat"/><SP WIDTH="15" VPOS="1405" HPOS="447"/>
							<String ID="string_228" HPOS="462" VPOS="1404" WIDTH="52" HEIGHT="21" WC="0.96" CONTENT="kurs"/><SP WIDTH="14" VPOS="1404" HPOS="514"/>
							<String ID="string_229" HPOS="528" VPOS="1405" WIDTH="36" HEIGHT="20" WC="0.93" CONTENT="vid"/><SP WIDTH="9" VPOS="1405" HPOS="564"/>
							<String ID="string_230" HPOS="573" VPOS="1405" WIDTH="193" HEIGHT="28" WC="0.49" CONTENT="jorddruksskolor"/><SP WIDTH="9" VPOS="1405" HPOS="766"/>
							<String ID="string_231" HPOS="775" VPOS="1406" WIDTH="51" HEIGHT="21" WC="0.94" CONTENT="eller"/><SP WIDTH="11" VPOS="1406" HPOS="826"/>
							<String ID="string_232" HPOS="837" VPOS="1406" WIDTH="60" HEIGHT="28" WC="0.93" CONTENT="lägre"/><SP WIDTH="10" VPOS="1406" HPOS="897"/>
							<String ID="string_233" HPOS="907" VPOS="1406" WIDTH="35" HEIGHT="27" WC="0.80" CONTENT="af-"/>
						</TextLine>
						<TextLine ID="line_35" HPOS="266" VPOS="1439" WIDTH="676" HEIGHT="28">
							<String ID="string_234" HPOS="266" VPOS="1439" WIDTH="89" HEIGHT="28" WC="0.96" CONTENT="delning"/><SP WIDTH="11" VPOS="1439" HPOS="355"/>
							<String ID="string_235" HPOS="366" VPOS="1439" WIDTH="29" HEIGHT="28" WC="0.93" CONTENT="af"/><SP WIDTH="7" VPOS="1439" HPOS="395"/>
							<String ID="string_236" HPOS="402" VPOS="1439" WIDTH="221" HEIGHT="26" WC="0.86" CONTENT="landtbruksinstitut,"/><SP WIDTH="11" VPOS="1439" HPOS="623"/>
							<String ID="string_237" HPOS="634" VPOS="1442" WIDTH="55" HEIGHT="19" WC="0.93" CONTENT="samt"/><SP WIDTH="5" VPOS="1442" HPOS="689"/>
							<String ID="string_238" HPOS="694" VPOS="1439" WIDTH="248" HEIGHT="28" WC="0.91" CONTENT="farmaciestuderande,"/>
						</TextLine>
						<TextLine ID="line_36" HPOS="266" VPOS="1473" WIDTH="676" HEIGHT="29">
							<String ID="string_239" HPOS="266" VPOS="1473" WIDTH="136" HEIGHT="22" WC="0.92" CONTENT="maskinister"/><SP WIDTH="21" VPOS="1473" HPOS="402"/>
							<String ID="string_240" HPOS="423" VPOS="1473" WIDTH="37" HEIGHT="21" WC="0.93" CONTENT="och"/><SP WIDTH="18" VPOS="1473" HPOS="460"/>
							<String ID="string_241" HPOS="478" VPOS="1473" WIDTH="166" HEIGHT="28" WC="0.90" CONTENT="understyrmän"/><SP WIDTH="16" VPOS="1473" HPOS="644"/>
							<String ID="string_242" HPOS="660" VPOS="1474" WIDTH="58" HEIGHT="27" WC="0.96" CONTENT="tjena"/><SP WIDTH="15" VPOS="1474" HPOS="718"/>
							<String ID="string_243" HPOS="733" VPOS="1475" WIDTH="8" HEIGHT="20" WC="0.96" CONTENT="i"/><SP WIDTH="15" VPOS="1475" HPOS="741"/>
							<String ID="string_244" HPOS="756" VPOS="1473" WIDTH="57" HEIGHT="22" WC="0.93" CONTENT="aktiv"/><SP WIDTH="15" VPOS="1473" HPOS="813"/>
							<String ID="string_245" HPOS="828" VPOS="1475" WIDTH="64" HEIGHT="27" WC="0.91" CONTENT="tjenst"/><SP WIDTH="15" VPOS="1475" HPOS="892"/>
							<String ID="string_246" HPOS="907" VPOS="1475" WIDTH="35" HEIGHT="20" WC="0.96" CONTENT="två"/>
						</TextLine>
						<TextLine ID="line_37" HPOS="266" VPOS="1507" WIDTH="334" HEIGHT="23">
							<String ID="string_247" HPOS="266" VPOS="1509" WIDTH="26" HEIGHT="21" WC="0.95" CONTENT="år"/><SP WIDTH="16" VPOS="1509" HPOS="292"/>
							<String ID="string_248" HPOS="308" VPOS="1507" WIDTH="37" HEIGHT="23" WC="0.95" CONTENT="och"/><SP WIDTH="15" VPOS="1507" HPOS="345"/>
							<String ID="string_249" HPOS="360" VPOS="1508" WIDTH="35" HEIGHT="21" WC="0.93" CONTENT="vid"/><SP WIDTH="15" VPOS="1508" HPOS="395"/>
							<String ID="string_250" HPOS="410" VPOS="1514" WIDTH="96" HEIGHT="15" WC="0.95" CONTENT="reserven"/><SP WIDTH="15" VPOS="1514" HPOS="506"/>
							<String ID="string_251" HPOS="521" VPOS="1510" WIDTH="32" HEIGHT="19" WC="0.96" CONTENT="tre"/><SP WIDTH="15" VPOS="1510" HPOS="553"/>
							<String ID="string_252" HPOS="568" VPOS="1508" WIDTH="32" HEIGHT="21" WC="0.93" CONTENT="är."/>
						</TextLine>
					</TextBlock>
				</ComposedBlock>
			</PrintSpace>
		</Page>
	</Layout>
</alto>
