1045 1695
318 167 29 22 U.
361 167 28 22 B.
405 179 28 4 —
447 167 72 28 Prop.
535 167 44 23 N:o
594 167 37 22 44.
797 167 27 22 13

100 231 132 21 beträffande
242 231 135 26 inledningen
389 231 34 20 till
435 231 128 21 Ständernas
575 237 55 19 svar,
642 231 7 20 i
660 231 55 21 hvad
724 231 36 20 det
768 231 84 20 komme

101 267 31 20 att
149 265 55 26 angå
222 264 226 27 grundlagsförslaget,
467 265 33 21 får
518 264 108 27 tillstyrka
641 266 31 19 ett
687 264 76 21 sådant
779 265 73 26 utbyte

100 299 23 21 af
140 299 39 21 ord
197 298 62 22 äfven
279 299 7 20 i
304 299 13 21 2
336 305 62 14 mom.
418 298 24 21 af
458 299 13 21 2
491 299 11 26 8
521 300 56 19 samt
595 298 132 21 fördenskull
743 298 109 21 vördsamt

100 333 91 22 föreslå:

339 368 30 19 att
382 366 96 27 samtliga
493 366 96 22 Ständen
602 366 48 22 ville
664 366 85 27 besluta,
765 367 30 20 att
809 367 16 20 2
837 365 15 28 $

270 400 53 23 skall
338 401 47 27 lyda
400 400 102 22 sålunda:

340 440 127 22 Bekännare
492 440 24 26 af
540 447 71 14 annan
638 442 29 20 än
692 439 159 27 evangelisk-lu-

272 475 83 22 therska
369 475 107 23 trosläran
490 476 36 20 mä
541 475 19 27 ej
574 474 124 27 förordnas:
716 476 30 19 att
761 490 89 5 .....

272 516 18 15 0.
309 516 16 15 s.
344 516 19 14 v.
379 510 67 26 enligt
460 510 144 21 betänkandet
618 510 33 20 till
668 510 38 20 och
721 510 49 20 med
785 509 66 21 orden

273 544 102 26 offentligt
389 543 100 21 läroverk.

339 584 49 21 Icke
410 584 62 21 heller
494 584 36 20 må
551 583 117 21 bekännare
690 584 25 26 af
736 590 70 15 annan
824 584 29 20 än

272 618 127 28 evangelisk-
416 618 103 22 lutherska
535 618 106 21 trosläran
655 619 71 21 såsom
742 635 109 4 ......

273 654 28 26 (0.
317 659 17 16 s.
349 660 19 14 v.
384 653 67 27 enligt
465 653 144 21 betänkandet
620 653 33 21 till
665 653 39 21 och
717 653 48 21 med
777 653 75 27 orden)

274 688 80 21 landets
369 687 100 21 läroverk.

455 728 46 27 83.

170 763 34 21 Då
222 763 13 21 3
254 763 12 27 &
286 765 24 19 är
324 762 67 28 gillad
406 763 23 20 af
443 762 130 28 Ridderskapet
588 762 38 22 och
642 762 54 21 Adeln
712 764 55 20 samt
781 762 72 22 Preste-

103 798 39 22 och
156 796 163 29 Borgareständen,
334 797 125 21 hemställes
473 798 120 20 vördsamt:

341 839 34 19 att
393 837 62 26 äfven
477 837 159 21 Bondeständet
657 838 63 19 måtte
741 837 112 26 godkänna

274 873 14 19 3
303 871 15 28 $
334 871 9 21 i
357 871 144 22 betänkandet.

455 917 11 28 8
481 919 20 20 4.

170 951 131 28 Ridderskapet
309 952 39 21 och
356 951 55 22 Adeln
419 951 62 22 hafva
489 952 95 27 godkänt
591 952 13 21 4
612 952 12 27 $
631 952 67 27 enligt
704 952 149 21 betänkandet.

171 991 132 22 Presteständet
320 992 39 21 har
377 992 95 26 beslutit,
491 993 32 20 att
541 993 14 20 4
570 991 11 28 &
597 992 55 21 skall
667 999 25 14 ur
707 992 146 27 författnings-

103 1027 105 26 förslaget
222 1027 58 26 utgä.

171 1059 152 29 Borgareständet
344 1060 39 22 har
405 1060 94 27 beslutit,
523 1062 32 20 att
577 1061 3 21 i
598 1061 14 21 4
631 1061 11 27 $
662 1061 39 21 bör
721 1061 55 21 efter
794 1061 61 21 ordet

104 1095 223 27 "Regeringsformen*
341 1094 81 22 införas
438 1095 79 21 dennas
533 1095 72 21 datum
616 1096 48 20 med
676 1096 75 21 orden:
763 1096 51 21 *den
825 1097 25 20 21

104 1130 92 26 Augusti
211 1130 73 21 1772”.

172 1164 96 20 Emedan
282 1163 103 26 förslaget
400 1163 33 21 till
448 1163 123 27 förordning
586 1164 109 25 angäende
706 1164 56 20 icke-
772 1164 82 20 kristne

104 1198 166 21 trosbekännare
289 1197 8 21 i
314 1197 91 21 Finland
424 1197 39 21 och
482 1198 47 20 dem
544 1197 120 27 medgifven
680 1197 173 27 religionsfrihet,

105 1232 70 20 säsom
190 1231 58 21 förut
262 1233 24 19 är
301 1231 104 26 anmärkt,
421 1230 33 22 för
468 1231 131 21 närvarande
614 1231 68 21 mäste
694 1231 92 27 förfalla,
798 1233 55 19 samt

104 1265 172 22 Presteständets
291 1265 76 26 beslut,
383 1266 33 20 att
430 1266 14 19 4
459 1265 11 27 $
485 1266 8 20 i
507 1265 222 26 grundlagsförslaget
743 1266 39 20 bör
797 1266 56 26 utgå,

105 1299 141 22 sammanstär
260 1300 49 21 med
324 1299 49 22 dess
386 1299 72 21 beslut
469 1301 31 19 att
509 1299 97 21 förkasta
616 1299 141 27 nyssberörda
767 1299 88 27 förslag,

105 1333 34 21 fär
152 1333 112 22 Utskottet
277 1333 109 20 vördsamt
402 1333 89 20 föreslä:

343 1367 30 20 att
386 1365 154 27 Ridderskapet
554 1365 36 22 och
605 1366 69 21 Adelm
684 1368 54 19 samt
747 1367 96 26 Borgare

274 1400 84 21 ständet
372 1400 70 26 mätte,
457 1400 9 20 i
480 1399 63 22 likhet
557 1400 47 21 med
618 1399 84 22 Preste-
718 1401 35 20 och
768 1400 87 22 Bonde-

275 1435 95 26 ständen,
393 1434 84 27 besluta,
501 1437 30 19 att
550 1436 14 19 4
582 1435 15 28 $
615 1435 9 20 i
640 1435 217 28 grundlagsförslaget

276 1469 53 22 skall
343 1469 57 28 utgå,
417 1470 106 25 äfvensom

174 1511 71 22 Bihang
256 1511 28 16 till
295 1511 123 22 Lagutskottets
430 1511 102 17 betänkande
544 1510 35 17 N:o
592 1511 26 16 14.
