1017 1692
216 122 27 20 30

371 120 84 32 Ständ.
472 120 38 22 Sv.
528 133 27 3 —
570 119 74 29 Prop.
659 119 46 23 N:o
721 118 34 23 37.

301 226 73 22 seende
390 228 13 19 ä
418 227 123 26 inteckning,
557 226 111 26 utsökning
684 226 47 20 eller
749 232 71 14 annan

302 261 82 27 åtgärd,
400 261 47 21 med
460 261 108 26 undantag
584 260 26 27 af
622 260 112 27 bevakning
749 260 8 20 i
771 259 49 22 kon-

301 295 50 22 kurs
367 295 46 21 eller
429 295 149 26 årsproklama,
594 294 89 27 ingifves
705 294 48 21 eller
767 300 52 20 upp-

302 332 30 19 tes
349 330 37 21 hos
404 329 88 22 domstol
514 329 47 22 eller
582 329 151 21 vederbörande
748 329 71 21 exeku-

302 367 39 23 tor,
361 364 51 21 skall
434 365 120 20 densamma
573 365 32 25 pä
626 363 139 27 gäldenärens
788 363 32 20 be-

302 399 89 21 kostnad
406 399 97 27 beläggas
517 399 48 20 med
579 399 79 20 sådant
679 397 141 27 stämpelpap-

297 439 47 20 per,
361 440 44 14 som
420 433 50 26 efter
485 433 34 21 det
535 433 118 21 resterande
675 432 146 27 kapitalbelop-

300 469 37 25 pet
350 468 41 21 kan
406 467 111 28 erfordras.

274 502 192 27 Försäkringsbref,
494 501 162 27 assuranspolis,
684 502 55 21 bevis
766 501 55 27 öfver

302 537 92 27 förnyad
408 537 46 21 eller
470 537 104 27 öfverförd
590 537 126 27 försäkring,
739 543 46 15 som
800 536 26 27 af

302 572 211 27 försäkringsgifvare
541 575 58 19 utom
628 571 94 22 Finland
749 579 74 20 genom

304 606 48 21 dess
369 609 60 24 agent
448 607 46 21 eller
517 607 76 21 ombud
613 607 39 20 här
673 607 9 20 i
704 606 70 22 landet
789 608 32 19 ut-

304 641 72 21 ställes
395 641 47 21 eller
464 641 109 26 utlemnas,
591 641 89 21 rörande
701 641 121 26 försäkring

305 676 27 25 af
348 676 137 26 menniskolif
503 676 35 20 och
561 675 149 27 lifstidsränta,
734 675 47 21 eller
801 676 25 26 af

305 710 97 26 egendom
416 713 54 18 emot
484 710 32 21 eld
531 710 37 21 och
582 710 67 21 brand
663 710 48 21 eller
725 710 98 27 sjöskada

278 743 119 28 Gäfvobref
414 745 93 21 karteras
530 745 42 21 lika
593 744 46 21 med
662 745 101 26 köpebref,
787 745 45 30 och|

305 779 60 26 skall,
383 780 33 25 pä
438 781 44 20 sätt
505 786 32 15 om
560 780 105 27 bytesbref
677 781 26 19 är
716 779 105 27 stadgadt,

305 816 55 19 samt
373 814 37 21 vid
424 814 41 21 lika
476 814 90 27 päföljä,
581 814 92 26 gäfvans
682 814 64 21 värde
757 814 7 20 i
769 820 53 20 pen-

305 849 76 26 ningar
397 848 59 22 alltid
470 850 32 20 uti
515 848 142 28 gäfvobrefvet
671 850 94 20 utsättas
777 849 46 20 eller

305 884 8 20 i
329 885 65 19 annat
408 883 38 27 fall
461 883 87 27 lagligen
562 883 91 25 utredas,
665 884 34 25 pä
714 883 33 21 det
757 884 66 20 stäm-

303 917 128 26 pelbeloppet
452 918 36 20 mä
502 918 71 20 kunna
588 917 87 26 derefter
690 917 131 21 bestämmas.

277 951 171 22 Konnässement
472 952 47 20 eller
539 951 113 27 fraktsedel
673 952 14 20 å
708 951 59 27 gods,
792 951 31 27 af-

305 986 81 26 gäende
401 986 31 20 till
447 988 33 19 ort
493 988 57 19 utom
565 985 102 22 Finland:

335 1020 46 21 med
395 1020 65 26 finskt
475 1020 47 22 eller
536 1020 60 28 ryskt
604 1020 75 55 i
651 1027 29 20 blyg

351 1072 9 8 »
397 1054 108 22 utländskt

277 1089 111 26 Kontrakt,
404 1089 112 27 skriftligt:

305 1126 34 19 1:o
355 1130 33 15 om
403 1124 91 26 arrende,
510 1124 57 27 hyra,
584 1124 50 26 lega,
650 1124 72 27 städja
729 1124 47 21 eller
787 1131 36 14 an-

334 1166 44 14 nan
393 1158 73 27 afgäld
480 1159 33 26 för
528 1159 104 27 egendom,
647 1159 45 26 hus,
708 1166 53 18 rum,
777 1159 46 26 bod,
836 1180 2 2 |

334 1192 84 26 källare,
442 1195 56 24 tomt,
522 1193 109 26 trädgård,
655 1200 70 20 qvarn,
748 1193 75 27 fabrik,

336 1227 55 25 bruk,
414 1227 55 26 åker,
490 1229 48 24 äng,
554 1228 111 25 beteshage,
681 1228 56 25 skog,
753 1227 72 26 fiskeri

335 1260 47 21 med
395 1267 62 19 mera,
473 1262 27 19 så
510 1261 8 20 i
526 1260 50 41 stad
586 1267 44 14 som
637 1261 32 25 på
678 1260 75 27 landet,
765 1260 58 26 skall,
832 1284 2 11 |

335 1297 52 19 utan
410 1295 132 26 afseende
529 1290 14 36 å
560 1294 34 22 det
614 1296 48 25 sätt,
678 1295 81 26 hvarpä
773 1284 61 32 kon-
829 1280 9 46 |

337 1329 73 22 traktet
428 1331 26 19 är
468 1330 130 26 upprättadt,
614 1330 67 26 förses
696 1330 47 21 med
757 1330 66 26 karta,

337 1364 105 21 beräknad
464 1364 50 27 efter
530 1364 38 22 den
584 1365 173 26 arrendesumma,
773 1365 52 28 hyra

337 1399 47 22 eller
399 1399 77 27 afgäld,
493 1406 45 15 som
552 1399 34 27 för
600 1399 41 22 helt
655 1401 26 20 år
695 1401 33 26 sig
739 1396 84 52 belöper,

337 1435 102 21 sälunda:
