1034 1692
227 152 27 21 40
537 151 53 23 N:o
610 149 44 23 89.

542 218 13 27 8
570 218 33 20 31.

267 253 31 20 Pä
313 253 38 21 det
365 252 118 26 stämpladt
497 258 81 20 papper
588 252 41 20 och
637 250 182 28 stämpelmärken
828 250 35 22 mä
871 250 74 21 kunna

200 286 145 22 allmänheten
361 286 182 25 tillhandahållas,
559 285 56 21 skall
629 285 8 21 i
647 285 75 27 hvarje
734 284 49 22 stad
791 283 155 27 samt
851 279 10 38 i
872 283 74 27 hvarje

201 320 79 22 socken
300 326 26 15 en
348 319 52 21 eller
422 318 53 22 flera
489 319 189 27 försäljningsmän
694 318 55 22 efter
764 318 67 21 behof
848 319 97 25 antagas,

201 354 39 21 hos
260 354 75 21 hvilka
352 354 27 20 de
400 354 57 20 mest
475 353 108 27 behöfliga
597 353 82 21 värden
693 353 54 21 böra
761 358 53 16 vara
829 354 32 19 att
876 352 69 26 tillgä.

202 388 179 26 Stämpelpapper
403 388 39 20 och
466 386 180 28 stämpelmärken
670 386 68 26 skola,
753 386 30 27 pä
796 386 151 27 försäljnings-

201 423 104 19 männens
327 421 109 27 skriftliga
457 421 135 27 regvisition,
611 426 77 21 genom
708 420 177 27 Länestyrelsens
904 419 43 21 för-

201 461 51 21 sorg
277 454 154 22 kostnadsfritt
452 454 70 22 hällas
543 454 48 22 dem
615 454 117 26 tillhanda;
753 454 40 21 och
813 456 40 24 äga
871 454 28 20 de
913 454 34 21 för

202 489 43 20 alla
259 488 76 26 medel,
351 494 46 15 som
412 494 76 21 genom
503 488 156 27 försäljningen
673 488 77 27 inflyta
764 488 41 22 och
820 488 71 21 såsom
899 488 49 20 kro-

202 528 54 16 nans
279 522 123 27 behällning
421 523 33 21 till
474 523 167 21 landtränteriet
662 523 139 25 inlevereras,
816 522 32 21 uti
863 522 85 27 försälj-

202 556 174 28 ningsprovision
391 557 33 27 sig
439 556 34 22 till
489 557 55 27 godo
560 557 102 25 beräkna,
678 557 7 20 i
700 556 139 27 Helsingfors
854 558 40 24 tre,
905 556 8 21 i
923 556 26 22 de

203 590 70 27 öfriga
293 591 101 21 städerna
413 591 48 27 fyra
479 592 90 26 procent
588 592 39 20 och
642 591 28 27 pä
685 591 75 21 landet
775 591 34 21 för
823 591 126 21 levererade

202 624 130 22 femhundra
353 625 61 21 mark
437 625 46 21 ätta
497 627 97 25 procent,
610 626 56 20 samt
680 625 34 21 för
729 625 57 21 hvad
802 631 98 16 summan
914 625 35 22 för

203 658 47 22 året
266 659 124 21 derutöfver
404 659 43 21 kan
463 661 77 25 utgöra
554 660 78 21 endast
646 665 37 15 sex
698 661 97 25 procent,
805 660 89 21 hvilken
900 666 49 20 pro-

203 692 76 26 vision,
303 692 55 22 efter
378 694 96 20 medlens
497 694 144 26 inleverering
657 694 39 20 och
711 693 28 27 pä
754 694 70 26 grund
840 694 24 21 af
878 694 71 21 deröf-

204 732 37 16 ver
261 726 114 22 företedda
393 728 215 26 ränterigvittanser;
623 728 23 21 af
663 728 167 26 Länestyrelsen
849 728 34 21 till
901 728 48 21 dem

202 761 139 21 utanordnas.

548 796 12 28 8
575 796 33 21 32.

273 829 30 21 Pä
319 829 140 22 Guvernören
474 830 6 21 i
497 830 74 28 hvarje
586 830 36 22 län
638 830 123 22 ankommer
776 832 39 25 att,
830 830 28 29 pä
868 831 81 21 Lands-

204 864 150 22 kamrerarens
369 864 161 28 föredragning,
546 865 34 21 till
595 865 190 27 försäljningsmän
799 867 49 20 utse
859 865 39 22 och
906 866 43 21 för-

205 899 68 20 ordna
298 898 81 22 sådana
400 905 109 21 personer,
532 905 46 16 som
600 899 97 22 befinnas
720 899 74 22 dertill
815 899 76 28 villiga
911 900 39 21 och

204 932 109 27 lämpliga,
333 934 56 20 samt
408 933 64 22 ställa
492 933 97 27 antaglig
609 933 106 22 säkerhet.
752 933 34 22 Dä
801 933 148 28 försäljnings-

205 972 49 15 man
269 966 73 21 blifvit
356 966 117 22 förordnad
489 967 40 22 och
543 967 156 27 försäljningen
714 967 51 24 kan,
772 967 107 28 begynna,
894 967 56 22 skall

206 1000 88 21 derom
282 996 13 37 i
305 1001 88 21 stadens
409 1001 52 21 eller
476 1001 105 22 socknens
597 1001 81 27 kyrkor
692 1001 116 27 kungöras.
832 1001 74 22 Större
915 1002 34 21 be-

204 1035 50 26 lopp
271 1035 118 26 stämpladt
403 1041 82 21 papper
500 1035 40 22 och
555 1035 182 26 stämpelmärken
752 1037 28 19 än
796 1035 42 26 det,
850 1035 100 22 hvarföre

206 1068 101 22 säkerhet
327 1068 72 22 blifvit
414 1068 72 27 ställd,
502 1069 34 21 mä
552 1069 18 26 ej
586 1069 34 21 till
636 1068 192 28 försäljningsman
843 1069 106 27 utgifvas;

205 1102 47 21 icke
272 1102 69 21 heller
355 1104 48 25 nytt
418 1103 70 27 förlag
504 1103 62 22 deraf
579 1103 79 22 honom
673 1103 88 26 lemnas,
777 1103 66 22 innan
858 1104 43 21 han
916 1103 34 22 till

206 1137 177 21 Landtränteriet
404 1137 130 22 inlevererat
555 1137 112 27 betalning
685 1137 34 22 för
735 1137 57 22 hvad
807 1137 86 22 utöfver
909 1137 41 22 den

206 1170 80 22 ställda
308 1170 128 22 säkerheten
459 1171 42 21 kan
523 1171 129 27 regvireras,
674 1171 117 22 hvaröfver
815 1171 37 22 det
867 1171 83 28 åligger

205 1204 175 22 Landskontoret
395 1206 32 20 att
441 1211 57 21 noga
513 1205 61 22 vaka.

274 1238 10 20 I
306 1238 29 19 all
357 1238 103 21 händelse
480 1241 25 18 är
526 1239 189 26 försäljningsman
737 1239 78 26 pligtig
838 1241 33 19 att
885 1239 66 21 minst

206 1270 74 27 hvarje
303 1270 55 21 halft
380 1271 24 20 är
426 1271 112 27 betalning
560 1271 35 21 för
616 1271 96 22 försälda
733 1271 76 22 kartor
823 1272 126 21 inleverera.

205 1303 45 22 Blir
266 1305 7 20 i
289 1304 78 22 sädant
381 1304 102 22 afseende
498 1305 71 27 nägon
584 1305 250 28 penningeförsändning
849 1305 50 22 med
913 1312 37 21 po-

205 1340 47 21 sten
278 1338 23 22 af
321 1339 77 26 nöden,
421 1339 84 27 ätnjute
529 1339 191 28 försäljningsman
742 1339 67 22 frihet
831 1339 48 22 från
894 1340 55 22 både

204 1374 63 27 porto
287 1373 40 22 och
345 1373 197 28 assuransafgifter,
563 1373 24 22 sä
606 1374 40 21 ock
660 1374 34 21 för
709 1373 28 22 all
753 1380 71 16 annan
839 1375 7 20 i
862 1375 40 22 och
916 1375 34 22 för

204 1408 54 21 hans
274 1407 123 28 befattning
412 1407 128 29 erforderlig
555 1409 181 27 korrespondans.

273 1442 82 22 Genom
363 1443 152 21 Guvernörens
528 1443 6 21 i
541 1443 102 27 Wiborgs
655 1443 34 21 län
702 1443 86 27 försorg
799 1444 91 26 antages
896 1444 53 27 jem-

205 1476 35 23 väl
247 1477 37 22 vid
292 1476 71 24 finska
374 1477 224 30 Passexpeditionen
587 1472 14 41 i
608 1477 32 24 S:t
654 1477 133 29 Petersburg
802 1477 89 32 lämplig
906 1477 43 25 för-
