1050 1692
223 165 25 21 16

389 164 81 23 Ständ.
486 164 37 22 Sv.
539 178 26 2 —
581 165 71 27 Prop.
668 164 41 22 N:o
724 164 36 22 44.

260 226 78 27 villiga
355 226 28 27 ja
399 226 37 21 och
450 226 107 27 samtycke
578 227 35 20 till
627 225 141 28 giftermålet,
784 227 67 20 varde
866 226 26 21 de
902 226 42 27 för

261 259 51 21 äkta
334 260 78 20 makar
429 258 139 30 förklarade.
604 260 66 21 Hvad
691 260 95 20 sålunda
804 260 141 27 förekommit

260 293 58 21 skall
332 296 109 26 upptagas
457 294 8 20 i
479 294 106 21 särskildt
600 294 63 27 öfver
677 294 86 20 sådana
779 294 94 21 ärenden
878 294 66 27 fördt

258 328 117 26 protokoll,
391 328 84 24 hvilket,
491 328 40 20 der
545 327 140 28 äktenskapet
700 329 27 19 är
742 328 60 27 inför
812 328 132 28 kronofogde

260 362 110 27 ingånget,
387 362 38 21 bör
439 362 30 27 af
479 362 82 20 vittnen
577 362 116 28 bestyrkas.
716 362 43 20 Det
769 362 117 27 äktenskap
894 369 50 14 vare

261 395 43 21 lika
320 396 57 28 gildt
392 403 45 14 som
453 396 54 21 hade
522 396 35 21 det
572 396 47 21 med
633 396 66 28 vigsel
714 396 111 27 afslutats.

568 465 15 27 $
599 466 32 19 10.

328 504 75 21 Innan
413 504 117 28 äktenskap
542 504 30 27 af
579 504 142 27 främmande
732 504 166 21 trosbekännare
908 505 35 20 in-

260 540 46 26 gås,
322 538 58 21 skall
395 538 72 21 derom
477 538 67 28 förut
563 538 189 28 tillkännagifvas,
766 539 31 26 pä
812 540 44 19 sätt
870 540 15 20 2
898 539 16 26 $
928 540 14 19 7

259 573 49 27 kap.
328 572 25 20 G.
368 572 25 21 B.
409 579 34 14 om
459 574 86 27 lysning
561 573 99 27 stadgar,
671 573 9 20 i
689 573 41 20 den
735 573 146 27 församlings
892 572 48 28 kyr-

260 607 34 25 ka,
310 607 84 21 hvarest
409 608 96 27 gvinnan
521 609 27 19 är
561 606 134 27 inskrifven;
710 614 47 14 men
769 614 32 13 om
813 606 42 21 hon
866 608 19 26 ej
896 608 44 20 till-

259 640 40 22 hör
314 641 66 27 något
395 641 8 20 i
419 642 74 20 landet
509 641 112 27 behörigen
636 641 110 21 inrättadt
762 640 178 29 kyrkosamfund,

259 676 65 20 varde
339 675 36 21 det
391 676 128 20 tillämnade
529 675 137 27 äktenskapet
676 675 120 28 kungjordt
807 676 8 18 i
825 675 41 20 den
877 682 64 14 evan-

259 709 192 28 gelisk-lutherska
461 710 146 27 församlings
623 709 74 27 kyrka,
709 710 59 20 inom
778 710 65 20 hvars
854 710 88 20 omräde

260 743 94 28 gvinnan
377 745 27 19 är
427 743 74 21 bosatt.
534 743 236 27 Tillkännagifvandet
792 743 104 27 utfärdas
916 743 30 27 af

255 777 175 28 församlingens
449 780 62 24 prest
532 778 52 20 eller
602 777 158 27 föreståndare
782 778 52 20 eller
857 777 38 21 ock
914 778 32 26 af

260 811 107 27 borgerlig
389 811 123 28 myndighet
532 812 8 20 i
555 812 35 20 det
608 810 47 27 fall
678 811 29 21 dä
722 811 140 27 äktenskapet
876 812 64 25 skall,

259 846 69 27 enligt
342 847 14 19 9
369 846 21 26 $,
406 845 62 27 inför
489 845 71 21 sådan
583 844 123 29 myndighet
729 845 102 27 afslutas,
850 845 91 22 hvarvid

254 879 42 27 för
313 879 144 27 främmande
480 879 168 21 trosbekännare
666 880 19 27 ej
700 879 113 27 erfordras
834 880 55 21 bevis
908 887 32 15 om

260 913 41 27 dop
317 913 38 21 och
371 913 180 28 nattvardsgång.

331 947 44 20 Vill
397 949 71 26 någon
491 949 54 26 göra
562 947 45 28 jäf
623 949 54 19 emot
692 947 147 28 äktenskapet,
855 948 85 21 anmäle

258 981 81 20 sådant
355 981 37 21 hos
407 981 47 26 den,
470 988 44 14 som
529 981 102 27 utfärdat
655 981 113 28 lysningen
784 982 52 20 eller
851 982 90 21 tillkän-

258 1015 149 28 nagifvandet,
424 1016 36 21 och
477 1016 57 27 gälle
549 1016 8 20 i
572 1015 69 28 öfrigt
656 1015 57 21 hvad
728 1017 14 19 3
756 1015 16 27 $
786 1017 14 19 7
815 1015 49 27 kap.
876 1015 25 22 G.
915 1015 24 22 B.

258 1049 99 27 stadgar.

566 1112 15 27 $
596 1113 34 20 11.

326 1151 117 28 Borgerlig
458 1151 125 28 myndighet
598 1151 57 20 skall
674 1158 32 14 om
722 1151 74 27 hvarje
811 1151 62 27 inför
888 1152 52 20 den-

257 1192 83 14 samma
362 1185 103 27 ingånget
487 1185 118 26 äktenskap
627 1185 56 20 inom
705 1192 37 14 sex
756 1185 76 20 veckor
847 1185 94 28 derefter

258 1219 88 20 anmäla
369 1219 37 20 hos
429 1219 53 24 dem,
501 1225 43 14 som
561 1218 55 27 föra
639 1219 26 20 de
679 1218 150 28 kyrkoböcker,
845 1219 9 19 i
868 1219 72 20 hvilka

256 1252 106 21 makarne
377 1253 38 19 äro
431 1255 119 24 upptagna.

325 1285 51 21 Har
390 1285 81 21 sådant
490 1285 67 27 aftal,
573 1291 45 15 som
633 1286 8 19 i
657 1286 28 21 12
699 1286 15 27 $
729 1285 143 27 omförmäles,
888 1285 52 27 blif-

256 1321 30 20 vit
300 1319 76 29 gjordt
391 1319 38 22 och
443 1319 61 28 inför
519 1320 40 21 den
575 1319 121 29 borgerliga
719 1320 150 28 myndigheten
887 1320 53 28 före

256 1354 151 28 äktenskapets
423 1354 127 27 afslutande
565 1355 124 27 uppvisadt,
706 1354 57 22 skall
772 1355 82 27 jemväl
869 1362 23 14 en
906 1355 33 21 be-

256 1389 71 28 styrkt
344 1388 94 28 afskrift
453 1388 70 28 deraf
532 1389 37 21 vid
583 1389 105 21 anmälan
699 1396 33 14 om
744 1389 150 28 äktenskapets
905 1390 35 21 in-

256 1423 83 28 gående
349 1423 106 28 aflemnas
470 1423 8 20 i
493 1423 100 28 afseende
609 1424 13 20 å
637 1423 130 28 anteckning
778 1425 8 20 i
797 1424 141 28 kyrkoboken.

325 1457 66 22 Hvad
409 1458 94 21 sålunda
520 1457 41 28 för
577 1458 109 28 borgerlig
701 1459 124 27 myndighet
840 1461 26 18 är
880 1459 58 20 stad-

255 1492 59 28 gadt,
334 1493 59 27 gälle
413 1491 62 28 äfven
491 1493 8 20 i
515 1493 133 28 tillämpliga
671 1493 62 21 delar
748 1493 41 26 för
807 1495 68 26 prest,
894 1500 44 14 som
