1014 1695
254 123 85 24 Ständ.
356 124 38 23 Sv.
411 124 73 29 Prop.
500 138 29 3 —
543 125 46 22 N:o
603 124 35 23 37.
769 127 27 20 35

138 197 79 20 rymme
232 191 14 20 å
270 191 68 26 första
359 192 69 25 sidan,
451 193 36 20 mä
509 192 169 25 stämpelmärket
695 192 80 27 jemväl
794 193 31 26 pä

139 225 114 26 frånsidan
272 226 118 26 anbringas.
423 225 42 22 Och
482 226 53 21 skall
553 227 96 26 derjemte
665 226 61 21 hvart
744 227 36 20 och
797 229 29 19 ett

140 259 27 26 af
188 259 25 21 de
235 259 117 27 begagnade
376 260 189 26 stämpelmärkena
589 260 117 21 makuleras
728 261 97 26 antingen

139 293 85 21 medelst
244 293 139 28 påtryckning
406 293 27 26 af
451 294 88 26 stämpel
561 294 62 27 enligt
644 294 111 27 fastställd
770 295 56 26 form

140 327 53 26 eller,
209 327 36 21 der
260 327 69 22 sådan
347 328 18 27 ej
382 327 68 28 blifvit
472 327 39 22 den
529 328 128 27 tjensteman,
677 335 47 14 som
738 328 89 27 skriften

140 364 116 25 emottager,
274 362 94 27 tillstäld,
383 369 75 21 genom
473 370 25 13 en
513 363 27 26 af
549 362 76 22 honom
647 363 47 21 eller
708 363 117 27 sakägaren

139 396 106 21 verkstäld
266 397 46 20 kort
326 397 90 27 skriftlig
432 397 128 27 anteckning,
577 404 44 14 som
639 398 91 27 tydligen
744 398 84 21 utvisar

140 430 32 22 till
193 430 79 22 hvilken
294 431 64 27 skrift
378 431 48 21 eller
447 431 100 27 handling
569 431 169 27 stämpelmärket
758 431 66 22 hörer.

140 464 44 22 För
198 465 69 21 sådan
281 465 128 27 makulering
428 472 47 21 eger
489 465 92 22 särskild
596 466 63 27 afgift
672 466 44 21 icke
729 473 53 14 rum.

211 498 69 23 Skulle
295 500 56 27 dylik
365 500 126 27 afhandling
507 500 46 22 eller
567 500 68 27 skrift,
659 500 29 21 då
703 500 40 22 den
757 500 71 22 seder-

140 541 57 15 mera
212 535 55 26 ånyo
282 534 36 21 vid
340 534 89 22 domstol
450 534 47 22 eller
517 534 121 28 myndighet
658 535 82 26 företes,
764 534 63 22 likväl

140 568 67 22 sakna
222 568 39 22 den
275 569 111 27 kartering,
404 569 100 21 hvarmed
525 569 38 21 den
578 568 68 28 blifvit
666 569 92 27 försedd,
773 569 55 21 skall

140 604 61 21 karta
216 603 47 21 eller
278 604 158 26 stämpelmärke
459 604 31 21 till
511 604 100 26 stadgadt
631 604 72 26 belopp
719 604 110 26 anskaffas

142 638 36 22 och
192 638 126 27 handlingen
333 638 113 26 vidhäftas,
463 638 65 21 innan
543 638 68 21 denna
625 638 36 27 får
675 640 121 25 emottagas.

449 694 15 28 $
482 696 35 20 22.

213 741 38 21 Om
266 740 93 22 enskilda
369 748 108 19 personer,
493 748 46 14 som
553 742 33 26 sig
608 740 85 22 emellan
712 740 61 22 slutit
786 741 42 20 nä-

141 783 43 20 gon
198 776 208 26 öfverenskommelse,
421 776 9 20 i
444 775 70 21 stället
529 777 31 19 att
569 775 70 21 derom
646 776 102 25 upprätta
754 774 72 28 skrift-

142 811 28 27 lig
186 810 131 27 afhandling,
333 810 49 27 vilja
396 810 45 21 låta
458 810 38 20 sitt
515 809 53 27 aftal
581 810 9 20 i
605 809 100 21 domstols
722 809 106 27 protokoll

143 845 105 26 anteckna,
263 851 49 14 vare
326 844 78 21 sädant
419 844 46 21 dem
480 844 41 21 icke
531 844 123 27 förmenadt,
671 844 36 21 der
722 844 34 21 det
770 844 57 27 eljest

142 879 88 28 lagligen
244 879 36 22 ske
294 879 46 21 kan.
370 879 17 21 I
398 879 65 27 dylikt
477 878 39 27 fall
530 879 88 26 skrifves
631 878 122 27 protokollet
763 879 15 20 ä
787 878 41 21 den

141 914 34 27 för
190 913 126 22 domstolens
330 913 140 27 expeditioner
485 913 107 21 bestämda
606 912 72 27 karta;
691 919 48 14 men
755 919 32 14 om
799 914 29 19 ett

142 948 78 22 sådant
230 948 106 27 protokoll
350 948 116 21 sedermera
480 947 9 20 i
504 947 95 27 afseende
615 947 14 20 ä
642 947 113 27 utsökning
765 953 26 14 m.
798 953 28 14 m.

140 983 58 26 inför
212 983 71 26 nägon
298 982 119 27 myndighet
430 983 81 25 upptes,
526 981 94 22 karteras
631 981 114 22 detsamma
754 981 75 21 säsom

141 1017 9 21 i
163 1017 16 28 $
196 1019 13 19 6
223 1017 94 28 stadgas.

449 1074 16 27 $
484 1075 33 20 13.

210 1126 168 27 Föreskrifterna
392 1126 8 21 i
415 1126 68 22 denna
500 1125 123 27 förordning
637 1125 61 21 verka
712 1125 18 27 ej
742 1125 32 27 pä
787 1125 41 27 gil-

143 1162 87 26 tigheten
252 1162 27 26 af
297 1161 132 27 afhandling,
451 1160 126 28 förbindelse
595 1160 47 21 eller
664 1166 72 14 annan
758 1159 68 27 skrift,

142 1203 46 14 som
202 1195 68 27 blifvit
284 1195 120 26 upprättad,
421 1195 67 21 innan
509 1194 161 27 förordningens
695 1193 132 27 tillämpning

142 1230 98 27 vidtager.
271 1229 47 21 Icke
332 1229 61 21 heller
407 1231 26 19 är
452 1229 55 28 dylik
525 1228 67 28 skrift,
616 1235 33 15 om
664 1228 40 21 den
718 1228 8 20 i
741 1228 88 26 enlighet

142 1264 47 21 med
202 1264 59 26 förut
273 1264 98 26 gällande
385 1264 131 26 stadganden
531 1262 211 27 blifvit
612 1258 12 36 å
633 1262 109 27 stämpladt
745 1268 84 20 papper

142 1299 92 26 skrifven
249 1297 48 22 eller
312 1297 90 26 befinnes
417 1304 52 15 vara
484 1297 83 22 dermed
581 1296 77 27 belagd,
673 1297 71 26 någon
757 1295 71 22 vidare

142 1333 106 25 kartering
262 1331 147 21 underkastad.

211 1365 99 22 Deremot
323 1365 53 21 skall
389 1365 70 27 hvarje
474 1365 58 21 äldre
545 1364 67 27 skrift,
635 1364 26 21 så
676 1363 107 26 beskaffad
797 1365 32 19 att

143 1400 52 23 bruk
210 1401 27 26 af
247 1400 167 27 stämpelpapper
429 1400 34 27 för
477 1400 40 21 den
533 1399 139 27 härförinnan
687 1399 18 26 ej
719 1399 55 21 varit
785 1398 43 27 på-

144 1435 76 28 bjudet,
234 1442 47 15 men
296 1442 29 15 nu
339 1435 86 27 införes,
441 1434 29 22 då
485 1434 120 22 densamma
618 1433 57 28 inför
685 1432 89 23 domstol
781 1432 47 22 eller
