1025 1725
224 139 13 21 2
407 138 23 24 U.
445 139 23 23 B.
485 147 26 8 —
528 139 66 29 Prop.
612 138 39 24 N:o
666 138 39 24 40.

192 204 46 22 folk
253 205 66 28 enligt
333 205 199 28 indelningsverket,
548 207 26 20 än
590 206 31 20 att
636 205 87 28 erlägga
738 204 25 21 de
783 203 47 22 från
846 204 47 21 dem
909 204 33 20 för

194 240 35 21 det
242 240 134 21 närvarande
389 239 105 29 utgående
509 239 182 29 vakans-afgifter.

261 274 31 22 På
306 275 68 28 grund
389 275 23 21 af
424 275 70 26 motiv,
509 275 47 21 dem
571 274 109 22 Utskottet
694 274 6 21 i
717 276 64 19 annat
789 274 153 27 sammanhang

192 310 56 22 skall
263 310 62 22 hafva
340 311 52 21 äran
407 310 82 26 anföra,
504 310 39 21 har
564 310 109 22 Utskottet
696 309 44 22 dels
763 311 53 20 trott
838 309 33 28 sig
892 309 49 22 icke

192 346 54 22 böra
260 346 107 29 tillstyrka
382 346 69 22 denna
466 346 23 21 af
501 345 159 23 Bondeståndet
679 345 123 29 föreslagna
816 344 125 29 förändring

192 382 24 22 af
228 383 44 28 8:ns
288 381 100 29 innehåll,
404 382 45 22 dels
464 381 68 22 funnit
548 381 101 29 riktigare
664 383 32 20 att
710 380 48 23 från
781 381 32 28 &n
834 381 45 21 helt
901 381 40 21 och

191 417 67 23 hållet
272 417 87 29 utbryta
374 418 48 21 dess
431 425 81 18 senare,
528 417 193 29 vakansafgifterna
734 417 92 21 rörande
841 419 100 23 moment,

192 454 40 22 och
246 453 34 22 får
294 453 110 22 Utskottet
418 453 71 22 derför
504 453 108 22 vördsamt
630 452 79 22 föreslå
727 455 32 19 att
776 453 33 27 $:n
828 451 65 23 måtte
909 459 32 15 er-

190 489 58 22 hålla
262 489 95 29 följande
371 489 144 28 formulering,
531 489 131 22 omfattande
678 489 76 21 endast
768 489 59 21 förra
843 488 61 22 delen
920 488 23 21 af

190 525 37 22 det
241 525 8 21 i
263 525 146 22 betänkandet
423 523 104 30 ingående
542 525 90 28 lagrum:

540 584 10 28 8
566 585 20 20 2.

329 630 31 22 Så
375 631 60 27 länge
451 630 80 23 landets
544 630 129 22 härväsende
684 632 25 19 är
720 630 89 22 ordnadt
820 631 33 26 på
861 630 79 28 grund-

268 690 5 7 ,
292 667 59 21 valen
367 666 26 28 af
403 666 78 22 allmän
494 666 122 27 värnepligt,
637 667 37 20 äro
689 666 98 27 samtliga
801 666 90 22 rusthåll
906 666 35 22 och

292 704 59 20 rotar
365 702 108 27 frikallade
487 702 50 27 från
552 701 139 29 skyldigheten
708 704 31 19 att
753 702 107 27 uppställa
874 702 66 27 krigs-

292 738 43 28 folk
351 738 62 28 enligt
428 737 189 28 indelningsverket.

541 797 46 28 83.

256 844 74 21 Ehuru
346 844 69 21 denna
429 844 12 27 &
456 844 47 21 icke
518 843 47 22 från
586 843 129 22 Ständernas
738 843 47 22 sida
807 844 55 21 varit
883 844 56 21 före-

187 879 43 22 mäl
246 879 34 22 för
302 879 66 28 nägot
382 879 178 28 ändringsbeslut,
583 879 39 21 har
645 878 55 22 dock
723 879 40 21 den
787 879 22 21 af
823 881 32 20 tre
871 879 67 22 Ständ

187 915 99 22 beslutna
302 914 124 27 förändring
441 915 21 20 at
477 914 11 28 &
505 915 40 20 124
555 914 96 28 betingat
662 913 157 29 omredigering
835 915 22 20 af
867 915 71 21 denna

187 950 30 28 &:s
232 950 68 27 punkt
314 950 30 27 b),
361 949 32 22 för
412 949 83 22 hvilken
519 949 108 22 Utskottet
649 948 80 22 tillåter
751 949 32 28 sig
805 949 79 22 föreslå
898 950 40 22 föl-

184 986 66 28 jande
265 985 90 29 lydelse:

321 1027 33 28 »b)
369 1034 100 20 reserven,
484 1026 79 22 hvilken
576 1026 173 28 hufvudsakligen
765 1027 56 26 afser
836 1027 24 22 de
869 1027 68 22 aktiva

290 1066 125 25 truppernas
429 1062 145 28 förstärkande
590 1062 31 22 till
635 1062 34 22 det
682 1062 34 28 för
731 1062 44 28 krig
791 1062 99 28 behöfliga
899 1070 36 15 an-

292 1099 34 26 tal,
342 1099 75 22 samt".

537 1132 11 28 8
564 1132 19 22 5.

253 1180 11 21 I
286 1180 11 28 &
320 1180 12 20 5
355 1179 62 21 hafva
437 1181 70 19 Preste-
530 1179 40 21 och
588 1180 140 20 Bondeständen
754 1179 98 21 anmärkt
874 1181 31 20 att
927 1180 8 21 i

186 1215 41 21 den
241 1214 70 22 finska
333 1216 72 19 texten
427 1213 106 29 uttrycket
555 1212 104 28 ,ärligen*
676 1213 67 21 borde
758 1212 113 29 ätergifvas
886 1215 49 21 med

185 1249 105 28 kunakin
306 1250 93 20 vuonna”
415 1248 7 21 i
437 1248 71 21 stället
523 1248 33 21 för
573 1248 147 26 ,vuosittain*,
737 1248 40 21 och
792 1248 33 21 får
847 1249 87 21 Utskot-

184 1286 31 18 tet
230 1282 131 21 härmedelst
374 1282 33 20 till
422 1282 154 26 godkännande
591 1280 79 22 föreslä
686 1282 69 20 denna
771 1282 90 27 ändring
876 1281 58 23 säväl

182 1316 30 29 pä
227 1317 59 21 detta
300 1316 63 21 ställe
379 1323 45 14 som
441 1316 40 20 ock
494 1315 8 21 i
517 1316 23 27 $$
556 1316 20 25 6,
594 1317 32 24 12,
642 1316 26 20 45
684 1316 40 21 och
744 1317 34 25 48,
796 1316 37 22 der
851 1324 82 14 samma

183 1352 82 21 mindre
286 1351 82 28 tydliga
389 1350 85 28 uttryck
493 1350 77 28 jemväl
592 1350 70 21 blifvit
680 1350 24 22 af
719 1350 125 22 förenämda
866 1351 67 22 Stånd

183 1386 104 23 anmärkt.
316 1386 109 27 Derjämte
440 1385 40 21 har
493 1385 8 21 i
516 1385 44 27 $:ns
574 1384 70 22 finska
658 1387 45 20 text
719 1386 52 22 sista
779 1386 112 29 meningen
899 1389 33 19 ut-

182 1422 78 22 brutits
274 1421 34 22 till
322 1421 65 21 skildt
401 1420 80 29 stycke.

252 1463 197 22 Värnepligtsutskottets
461 1463 106 16 betänkande
580 1463 36 16 N:o
628 1461 16 18 3.
