1039 1695
245 165 13 20 2
424 163 29 18 U.
465 164 30 17 B.
512 173 18 3 —
542 164 81 23 Prop.
636 164 45 17 N:o
693 164 41 17 44.

226 232 7 21 i
257 231 121 28 Kejserliga
398 231 151 28 Kungörelsen
567 231 40 21 den
629 231 27 20 24
678 231 62 27 April
764 232 60 25 1865,
846 232 32 20 att
900 230 59 21 Hans

226 265 121 29 Kejserliga
368 265 101 28 Majestät
489 265 55 22 hade
567 265 7 21 i
596 265 67 21 nåder
691 265 103 26 anhefalt,
810 267 33 20 att
862 264 49 22 med
931 264 29 21 vi-

227 300 50 21 dare
291 299 76 28 åtgärd
381 299 8 21 i
403 299 54 28 följd
472 299 24 21 af
508 299 93 21 nämnda
619 299 115 27 petitioner
749 299 69 22 skulle
828 299 62 21 anstå
905 298 56 21 intill

226 334 48 21 dess
289 333 220 29 kyrkolagsförslaget
523 333 70 22 blifvit
608 333 101 28 slutligen
729 333 118 28 granskadt
870 333 40 22 och
924 340 37 14 an-

225 369 60 27 taget
299 369 56 20 samt
370 368 75 21 vunnit
459 367 65 29 nädig
539 367 138 22 fastställelse
705 369 71 20 säsom
798 367 99 29 gällande
919 367 41 28 lag,

227 402 26 22 dä
275 402 92 22 Senaten
389 402 54 27 egde
466 402 34 21 till
520 402 60 21 Hans
599 402 101 27 Majestät
722 402 110 22 inkomma
851 402 49 21 med
921 402 40 20 den

228 435 158 28 framställning
400 435 7 21 i
423 437 78 24 ämnet,
517 435 87 22 hvartill
613 435 212 28 omständigheterna
835 435 71 21 kunde
918 435 42 21 för-

226 469 83 21 anleda.
339 469 70 21 Sedan
425 469 41 21 den
481 469 24 21 af
518 468 120 22 Ständerna
653 469 92 21 derefter
754 470 13 20 &
778 469 53 21 1867
841 470 35 20 års
891 469 70 21 landt-

226 502 41 28 dag
294 504 94 26 antagna
416 510 43 21 nya
487 503 130 28 kyrkolagen
647 503 70 20 blifvit
739 503 41 20 den
803 504 12 19 6
843 502 119 22 December

228 537 53 21 1869
296 537 101 21 uttärdad
420 537 40 21 och
480 537 59 21 Hans
562 537 120 28 Kejserliga
702 537 102 28 Majestät
818 544 77 21 genom
916 538 45 20 sär-

226 570 56 21 skild
296 570 135 28 Kungörelse
446 571 24 20 af
485 570 133 21 sistnämnda
640 570 47 28 dag,
703 571 34 20 till
757 571 160 28 förebyggande
940 571 24 20 af

225 604 129 22 tvifvelsmäl
369 605 40 20 och
424 605 173 28 misstydningar,
613 605 6 20 i
634 605 67 20 nåder
719 605 111 26 förklärat,
852 607 32 19 att
905 605 56 21 hvad

227 637 139 22 derförinnan
395 639 104 27 —stadgats,
526 638 133 22 beträffande
683 639 160 28 grekisk-ryske
871 639 90 21 trosför-

226 672 101 22 vandters
342 672 116 29 öfvergäng
472 673 34 21 till
522 673 112 21 lutherska
648 673 61 21 läran
729 675 57 19 samt
801 673 35 21 det
850 673 112 21 lutherska

226 707 171 26 presterskapets
418 707 7 20 i
447 707 92 21 Finland
562 707 40 21 och
625 707 160 28 grekisk-ryske
807 707 154 21 trosbekänna-

226 747 34 14 res
275 740 134 21 förhällande
424 741 33 20 till
473 741 126 25 hvarandra,
615 741 134 20 fortfarande
769 741 70 20 skulle
860 741 36 21 vid
917 741 44 28 gäl-

226 773 63 22 lande
311 773 58 22 kraft
390 774 107 26 förblifva,
520 775 39 20 har
580 775 59 20 Hans
663 775 120 27 Kejserliga
805 775 101 27 Majestät
930 775 31 21 uti

228 815 25 14 en
274 807 35 21 vid
323 807 130 28 landtdagen
471 809 53 20 1872
539 809 34 20 till
595 808 119 21 Ständerne
735 809 92 27 atfgifven
843 809 119 21 Berättelse

226 841 50 22 lätit
291 841 62 22 desse
366 843 55 25 veta,
437 844 32 19 att
483 843 76 27 frägan
574 849 35 15 om
624 850 26 14 en
665 843 142 27 dissenterlag
822 843 27 20 dä
863 843 42 21 fätt
919 843 43 22 för-

226 875 57 22 falla.
314 875 42 22 Vid
371 876 132 21 sistnämnde
513 877 103 28 landtdag
625 877 86 22 väcktes
727 877 93 22 derefter
834 878 60 21 inom
910 878 50 21 Pre-

226 909 119 22 steständet
359 910 82 27 förslag
451 911 34 20 till
494 918 26 14 en
530 911 91 27 petition
636 912 7 20 i
659 913 77 24 ämnet,
745 919 36 14 om
795 913 86 20 hvilken
898 913 62 21 Stän-

227 944 66 21 derna
305 945 29 26 pä
348 944 122 28 tillstyrkan
485 945 24 21 af
522 945 115 21 Allmänna
651 945 200 22 Besvärsutskottet
870 947 33 27 sig
918 946 43 22 för-

227 978 72 21 enade.
330 978 10 21 I
354 978 70 21 denna
444 979 147 28 underdäniga
612 979 90 28 petition
723 980 87 21 anhöllo
834 981 127 26 Ständerna,

226 1014 32 19 att
277 1012 60 21 Hans
359 1012 120 28 Kejserliga
501 1013 100 28 Majestät
629 1014 48 21 ville
697 1014 44 21 läta
763 1015 112 28 förelägga
900 1015 61 21 Stän-

226 1046 66 21 derna
306 1046 79 27 nädiga
401 1047 164 27 propositioner,
587 1048 115 27 angäende:
719 1049 21 27 a)
759 1049 148 28 dissenterlag,
930 1049 31 22 öf-

225 1081 209 22 verensstämmande
449 1082 48 21 med
513 1082 40 21 den
569 1089 67 14 sanna
651 1083 205 27 religionsfrihetens
880 1084 79 27 grund-

225 1116 76 24 satser,
315 1114 8 21 i
337 1114 86 22 hvilken
437 1115 70 22 skulle
521 1117 50 27 ingä
586 1117 18 27 ej
624 1117 83 21 mindre
721 1117 133 28 stadganden
869 1118 92 21 rörande

225 1148 96 21 vilkoren
336 1148 35 21 för
385 1148 133 23 främmande
533 1151 180 21 trosbekännares
725 1153 44 19 rätt
779 1153 33 19 att
819 1151 60 22 bilda
895 1152 66 21 skildt

226 1183 204 28 religionssamfund
444 1184 8 21 i
466 1184 79 27 landet,
562 1186 26 20 än
607 1185 40 21 ock
669 1185 161 28 bestämningar
850 1187 111 27 angående

226 1218 66 21 sättet
305 1217 35 22 för
357 1218 116 27 öfvergäng
496 1218 47 21 frän
568 1219 244 27 evangelisk-lutherska
834 1221 126 20 trosbekän-

226 1251 74 21 nelsen
314 1251 34 20 till
363 1251 132 21 främmande
511 1252 73 26 sädan,
600 1253 40 20 och
655 1254 57 19 tvärt
726 1260 41 18 om;
782 1253 24 27 b)
821 1253 36 27 lag
872 1261 34 13 om
916 1261 44 14 mo-

225 1284 72 21 saiska
312 1284 40 20 och
367 1284 68 20 andra
449 1284 140 22 icke-kristna
604 1286 134 20 bekännares
757 1287 45 20 rätt
816 1288 32 19 att
862 1287 8 20 i
884 1287 74 22 landet

225 1317 59 21 bilda
297 1317 94 28 kyrkligt
406 1319 106 26 samfund,
528 1319 67 28 jemte
619 1319 127 23 dithörande
769 1321 133 28 stadganden
925 1329 34 14 om

225 1351 116 28 öfvergäng
355 1351 48 21 från
417 1359 26 14 en
458 1353 177 22 trosbekännelse
653 1354 33 21 till
711 1361 25 14 en
759 1362 78 19 annan,
861 1358 56 19 samt
939 1357 20 28 c)

220 1385 40 28 lag
274 1393 35 14 om
324 1393 77 14 ansvar
415 1386 34 21 för
463 1387 184 28 proselytmakeri,
662 1388 73 22 hvilka
749 1389 61 28 lagar
825 1389 67 22 borde
908 1390 52 22 stäl-

221 1419 34 22 las
271 1420 7 21 i
293 1419 222 23 öfverensstämmelse
530 1421 49 22 med
593 1421 121 23 hvarandra
736 1424 40 21 och
802 1424 109 29 samtidigt
926 1427 33 20 ut-

223 1453 79 22 färdas.
332 1453 78 22 Tillika
424 1455 114 21 framhöllo
557 1456 126 27 Ständerna,
703 1457 105 22 hurusom
828 1458 39 21 hos
889 1459 70 22 dem
944 1449 20 38 i

223 1487 142 22 betraktande
379 1488 96 27 kommit,
491 1491 38 24 att,
542 1489 73 22 derest
624 1491 182 29 oöfvervinneliga
815 1492 76 22 hinder
904 1493 54 22 tills-

292 1527 140 23 Lagutskottets
445 1529 117 18 betänkande
574 1530 34 18 N:o
622 1531 26 16 14.
