1031 1698
242 165 14 20 4
427 165 26 18 U.
466 166 28 17 B.
505 174 23 5 —
539 165 78 23 Prop.
630 165 43 19 N:o
685 166 37 17 42.

215 233 75 28 längre
309 234 32 21 tid
359 235 27 20 än
405 234 56 21 intill
484 236 62 19 nästa
563 234 108 27 landtdag,
690 234 56 21 helst
761 234 40 21 den
817 234 126 27 erfarenhet,

214 275 47 15 som
284 268 69 21 under
373 268 58 21 tiden
448 268 123 26 förvärfvas,
587 268 40 21 bör
641 268 70 22 lemna
726 268 86 28 ledning
826 267 35 22 för
877 270 67 19 testa-

215 304 91 20 mentets
321 303 58 20 rätta
392 302 134 28 tillämpning
541 303 119 21 framdeles.

271 337 43 20 För
328 336 40 21 den
383 337 107 20 närmaste
505 337 58 21 tiden
578 344 63 13 anser
652 337 112 21 Utskottet
779 336 40 21 den
833 336 111 28 detaljera-

216 371 26 21 de
257 370 159 27 förvaltningen
434 371 121 27 lämpligast
577 371 72 20 kunna
663 371 24 21 af
700 370 119 21 Ständerna
833 370 111 21 öfverlem-

215 412 39 15 nas
269 406 23 20 åt
306 404 41 21 den
361 404 118 27 Direktion,
495 412 46 14 som
555 405 97 21 handhar
666 404 102 21 Finlands
783 404 67 26 Bank,
863 405 40 20 och
919 405 26 21 de

216 439 35 21 vid
267 439 70 21 denna
351 438 61 21 Bank
426 439 105 21 anställde
541 440 134 27 tjenstemän,
692 440 55 20 samt
762 438 120 21 kontrollen
898 439 46 20 der-

216 473 59 22 öfver
289 474 23 20 ät
326 472 193 22 Bankrevisorerne
535 473 40 22 och
593 473 166 22 öfvervakandet
773 473 24 21 af
809 473 36 21 det
859 473 49 21 hela
923 474 22 20 ät

216 508 130 21 Ständernas
361 507 202 28 Bankfullmäktige.

270 542 51 21 Med
336 541 114 29 anledning
471 542 67 26 häraf,
562 542 39 21 och
625 541 27 21 dä
670 542 35 21 det
720 542 61 20 torde
797 550 50 13 vara
861 542 85 27 lämpli-

216 578 48 25 gast
284 578 32 19 att
338 575 195 28 Bankfullmäktige
551 576 24 21 af
593 576 159 21 Statskontoret
773 578 108 26 emottaga
895 576 50 21 ifrå-

216 609 121 28 gavarande
352 609 57 26 fond,
429 612 56 18 samt
501 610 82 21 således
599 610 62 20 äfven
675 610 93 27 granska
782 610 163 27 redovisningen

216 644 59 21 öfver
289 643 158 27 förvaltningen
466 644 65 26 deraf,
550 644 33 21 får
597 644 110 21 Utskottet
722 644 109 21 vördsamt
845 644 101 21 hemstäl-

215 677 28 26 la,
257 679 32 20 att
302 677 85 21 landets
402 678 115 26 höglofliga
532 678 90 21 Ständer
636 678 48 20 ville
700 678 31 20 uti
747 677 36 21 det
798 678 147 27 underdåniga

216 714 70 20 svaret
300 713 29 26 på
344 711 69 21 denna
427 712 83 28 Nådiga
525 711 133 28 proposition
672 712 102 20 förklara:

427 772 29 18 att
471 770 94 20 Finlands
580 769 127 27 tilllandtdag
720 770 123 26 församlade
859 771 87 21 Ständer

371 805 75 19 ansetts
461 806 102 18 motsvara
571 804 38 21 den
623 804 30 20 uti
666 803 17 27 f.
699 804 18 20 d.
733 804 131 22 Handlanden
879 806 67 25 Läng-

368 843 59 15 mans
442 839 116 20 testamente
574 837 90 27 åsyftade
679 838 76 27 komité,
772 838 97 27 hvarföre
884 840 62 21 Stän-

366 872 65 21 derna
445 873 38 19 äro
497 871 82 22 beredde
593 873 35 25 att,
647 873 24 19 så
684 872 42 26 fort
739 873 34 20 ske
786 873 45 26 kan,
842 873 104 27 öfvertaga

366 905 143 26 Längmanska
529 906 194 26 testamenstfonden,
744 905 35 27 för
798 906 71 22 hvilket
882 908 64 21 ända-

367 939 43 21 mål
423 940 116 22 Ständerna
553 940 60 21 tillika
628 940 87 21 beslutit:

421 973 24 29 a)
460 976 30 19 att
502 975 104 27 uppdraga
620 977 23 19 åt
656 975 125 21 Ständernas
797 976 149 26 Bankfullmäk-

365 1010 38 24 lige
414 1010 35 25 att,
464 1010 67 20 såsom
541 1010 126 20 Ständernas
682 1012 168 24 representanter,
867 1012 20 24 ej
894 1012 52 20 min-

364 1044 36 20 dre
414 1043 26 26 af
450 1044 95 20 Finlands
563 1044 125 20 Statskontor
705 1046 99 24 emottaga
818 1044 67 21 denna
897 1044 51 26 fond

368 1078 45 21 med
427 1078 53 20 hvad
486 1077 65 21 dertill
558 1078 65 25 hörer,
640 1080 27 18 än
682 1078 60 26 äfven
757 1079 88 25 granska
860 1079 38 20 den
913 1085 33 15 re-

369 1112 103 26 dovisning
492 1111 56 26 öfver
567 1111 86 27 fondens
671 1112 124 27 förvaltning
814 1113 73 26 hittills,
903 1118 43 16 som

366 1146 40 21 kan
420 1146 79 21 komma
513 1147 29 19 att
555 1146 29 20 till
598 1146 44 20 dem
657 1146 96 26 afgifvas;

420 1180 20 26 b)
463 1180 29 20 att
514 1180 107 21 tillsvidare
643 1180 124 26 öfverlemna
781 1183 22 19 åt
816 1182 130 20 Direktionen

363 1213 35 27 för
412 1213 94 21 Finlands
516 1214 57 21 Bank
581 1215 34 25 att,
631 1214 64 21 under
706 1210 191 30 Bankfullmåktiges
911 1216 33 20 in-

365 1247 71 19 seende
450 1247 37 20 och
501 1248 6 18 i
522 1248 61 24 öfrigt
597 1247 60 25 enligt
670 1248 23 20 de
697 1248 134 26 föreskrifter,
845 1254 43 14 som
895 1248 49 20 kun-

366 1284 27 15 na
408 1279 104 26 meddelas,
520 1280 89 25 förvalta
623 1281 7 19 i
643 1280 62 26 fråga
720 1281 89 21 varande
822 1281 58 26 fond;
894 1284 54 18 samt

421 1314 18 24 c)
455 1314 30 20 att
497 1312 99 27 förordna
611 1312 125 23 Ständernas
748 1314 153 23 bankrevisorer
916 1318 31 19 att

365 1346 33 22 vid
419 1347 71 27 hvarje
505 1348 86 21 revision
606 1347 23 28 af
635 1348 95 22 Finlands
737 1349 58 22 Bank
807 1351 89 25 granska
911 1351 32 26 äf-

365 1387 38 15 ven
417 1381 140 22 Direktionens
569 1383 125 27 förvaltning
708 1385 27 25 af
745 1385 65 20 denna
823 1385 54 26 fond.

273 1431 62 22 Hvad
357 1431 92 23 derefter
470 1433 102 22 beträffar
593 1434 26 21 de
641 1436 98 20 närmare
757 1435 188 29 bestämningarna

218 1473 34 14 om
268 1467 65 21 sättet
353 1467 34 21 för
407 1467 158 28 förvaltningen
586 1471 55 20 samt
662 1477 34 14 om
719 1470 35 21 det
771 1471 139 22 användande
925 1472 24 20 af

217 1500 112 27 fonderna,
344 1508 46 15 som
405 1501 35 22 för
453 1503 133 22 närvarande
597 1504 40 21 och
645 1503 56 22 intill
716 1506 63 20 nästa
791 1505 102 29 landtdag
902 1506 43 21 kan

290 1540 191 21 Ekonomiutskottets
494 1543 116 20 betänkande
622 1544 34 19 N:o
666 1545 16 17 9.
