1023 1698
242 160 15 21 4
401 160 79 22 Ständ.
496 159 37 23 Sv.
549 172 27 3 —
591 160 70 28 Prop.
675 160 41 22 N:o
731 159 36 23 40.

215 229 85 21 stående
314 228 92 22 nationel
420 230 56 19 armé
490 228 8 22 i
512 228 97 26 Finland,
624 228 58 21 torde
697 227 62 22 äfven
772 228 22 22 få
808 235 59 15 anses
882 229 72 27 utgöra

214 264 72 28 giltiga
307 262 66 22 motiv
391 262 32 22 för
443 262 34 22 det
491 262 8 22 i
521 264 7 25 8
543 264 14 20 2
571 262 97 28 stadgade
686 262 154 22 bibehållandet
854 262 23 22 af
888 262 65 22 indel-

214 298 135 30 ningsverket
365 298 9 21 i
391 298 100 22 orubbadt
508 298 65 26 skick,
593 297 67 22 ehuru
679 297 48 22 med
743 296 95 23 befrielse
855 296 33 22 för
901 299 52 20 rust-

213 334 39 22 och
261 333 150 22 rotehållarene
420 332 46 22 från
476 332 151 29 skyldigheten,
639 333 30 20 att
681 331 23 23 så
718 332 60 28 länge
794 332 40 21 den
848 332 105 22 allmänna

213 368 144 28 värnepligten
366 367 149 29 upprätthålles
525 367 67 22 såsom
601 366 67 29 grund
678 366 32 22 för
722 366 80 22 landets
816 366 135 27 härväsende,

213 402 104 30 uppställa
335 402 66 21 indelt
419 402 83 21 militär.
536 402 43 21 För
593 401 41 21 den
647 401 99 22 händelse
761 401 105 28 nemligen
880 403 31 20 att
926 409 26 14 en

213 437 26 29 på
253 437 78 21 allmän
345 436 117 29 värnepligt
475 436 94 28 grundad
578 435 222 29 militärorganisation,
811 435 87 22 hvilken
907 436 45 21 här-

212 471 68 22 städes
295 474 56 18 ännu
366 469 18 29 ej
401 474 22 18 är
437 478 76 21 genom
527 470 145 22 erfarenheten
691 469 117 29 bepröfvad,
825 470 67 22 skulle
906 470 46 22 visa

211 506 31 28 sig
259 504 81 22 mindre
358 504 86 29 lämplig
463 504 32 22 för
509 504 25 22 de
549 504 8 22 i
571 504 72 22 landet
657 504 90 22 rådande
761 504 75 21 sociala
851 504 38 22 och
904 505 46 21 eko-

210 539 95 22 nomiska
327 538 148 27 förhållanden,
491 547 81 14 vunnes
593 546 75 21 genom
689 541 30 19 ett
741 538 105 23 eventuelt
860 538 90 23 bibehäl-

210 574 61 22 lande
285 573 24 22 af
321 573 191 29 indelningsverket
526 574 41 21 den
581 573 46 22 icke
642 573 142 29 oväsendtliga
794 573 70 27 fördel,
876 576 30 20 att
916 582 34 14 na-

209 609 78 25 tionen,
303 608 36 21 vid
361 616 26 14 en
408 607 98 29 möjligen
528 608 23 21 af
567 608 98 22 behofvet
679 608 96 29 påkallad
794 616 28 21 ny
837 608 77 22 reform
928 608 23 22 af

209 644 46 20 dess
265 642 134 26 härväsende,
411 642 66 22 såsom
487 642 156 29 utgångspunkt
652 642 70 22 härför
737 642 50 29 egde
802 643 68 21 denna
884 643 64 21 sekel-

208 678 73 28 gamla,
297 676 27 30 på
337 676 94 22 nationel
444 676 67 28 grund
525 676 68 22 fotade
608 676 124 22 institution.

274 712 45 20 Det
333 711 7 21 i
355 711 63 21 slutet
432 710 23 22 af
466 711 123 27 paragrafen
603 710 169 22 förekommande
788 711 111 28 stadgande
914 720 32 20 sy-

207 754 36 14 nes
258 746 47 21 icke
324 745 113 29 lämpligen
454 745 49 21 böra
517 744 49 30 ingå
585 744 62 22 bland
661 744 181 30 bestämningarna
856 745 8 21 i
878 745 68 22 denna

207 782 39 27 lag,
261 779 96 30 hvarföre
371 779 114 21 detsamma
498 779 116 26 uteslutits;
631 779 38 21 och
679 778 51 29 vilja
741 778 115 23 Ständerna
866 780 7 21 i
884 781 63 20 annat

207 815 148 28 sammanhang
369 816 56 26 yttra
439 813 31 29 sig
484 814 105 28 angående
604 813 138 22 förhållandet
751 814 48 21 med
810 814 136 28 vakansafpif-

207 853 60 20 terna
281 850 8 22 i
303 849 118 23 framtiden.

273 885 50 22 Den
338 885 7 21 i
361 885 13 26 8
391 885 9 21 1
417 884 91 22 uttalade
523 883 108 30 principen
646 891 34 14 om
694 883 76 22 allmän
782 883 104 30 personlig
895 883 51 29 tjen-

207 920 151 29 steskyldighet
367 919 38 22 har
419 919 8 21 i
443 920 13 25 &
471 919 13 21 3
499 918 83 23 erhållit
597 926 25 13 en
637 923 94 16 närmare
745 918 131 29 bestämning
889 919 8 20 i
912 919 34 22 det

206 955 60 28 syfte,
282 956 31 20 att
327 954 68 28 friköp
410 953 39 22 och
463 954 46 28 lega
523 952 111 29 förbjudes,
650 953 8 20 i
672 952 67 22 likhet
749 953 48 21 med
807 953 55 21 hvad
872 953 73 22 förhål-

205 989 71 22 landet
291 993 22 18 är
326 989 8 21 i
349 989 25 20 de
389 988 51 21 allra
454 988 58 21 flesta
521 987 99 22 mcderna
632 987 187 29 värnepligtslagar.
840 987 35 22 Då
885 989 61 20 emel-

205 1023 62 22 lertid
282 1031 26 14 en
325 1022 63 22 sädan
407 1022 136 29 bestämning,
559 1021 87 22 hvilken
659 1021 8 21 i
683 1022 113 21 allmänhet
810 1022 58 21 torde
882 1022 63 22 hafva

205 1057 112 22 inkommit
327 1056 22 22 af
358 1057 40 21 den
413 1057 66 25 orsak,
496 1058 30 20 att
541 1055 142 29 värnepligten
699 1055 123 22 efterträdde
836 1056 108 29 konskrip-

203 1093 161 28 tionssystemet,
375 1091 64 22 redan
449 1091 65 28 ligger
523 1091 8 21 i
541 1090 74 29 sjelfva
625 1091 152 28 värnepligtens
792 1090 38 26 idé,
846 1091 38 21 och
892 1091 51 28 jem-

203 1127 34 22 väl
255 1125 90 29 framgär
364 1133 26 14 ur
407 1125 149 28 författningen
569 1125 8 20 i
593 1125 46 21 dess
657 1125 77 25 helhet,
750 1124 62 23 hafva
827 1125 116 22 Ständerna

203 1163 68 20 ansett
291 1159 121 30 paragrafen
434 1160 72 21 kunna
527 1159 45 22 från
591 1159 61 28 lagen
669 1159 101 22 bortfalla.
799 1159 49 22 Den
862 1160 80 22 föränd-

203 1196 48 21 rade
273 1194 154 29 nummerföljd,
443 1202 43 14 som
508 1194 23 21 af
548 1194 68 21 denna
631 1194 38 21 och
683 1193 101 22 likartade
799 1193 143 30 förändringar

202 1229 118 24 föranledts,
335 1229 38 20 har
387 1229 8 20 i
409 1229 106 27 lagtexten
529 1227 70 22 blifvit
614 1228 129 21 observerad.

268 1263 13 20 I
295 1262 69 21 stället
379 1261 32 22 för
425 1262 40 21 den
479 1261 8 21 i
502 1262 13 25 8
529 1261 15 21 4
557 1261 107 21 faststälda
678 1261 134 28 indelningen
825 1262 7 21 i
845 1262 96 21 »stäende

201 1299 96 26 trupper»
319 1296 38 21 och
379 1295 140 25 »landtvärn»,
535 1294 23 22 af
570 1295 73 21 hvilka
661 1295 24 21 de
701 1295 54 21 förre
770 1296 22 25 (8
807 1297 21 26 5)
844 1296 96 21 underaf-

201 1331 56 22 delas
271 1330 8 21 i
296 1329 84 23 vaktiva
397 1332 97 26 trupper»
516 1329 38 21 och
571 1337 101 18 >reserv»,
688 1329 38 22 har
743 1337 25 14 en
784 1330 117 29 tredelning
919 1331 23 20 af

200 1365 35 22 det
248 1365 67 22 finska
329 1363 155 23 härväsendet
474 1359 11 38 i
496 1363 83 22 »aktiva
588 1365 105 27 trupper»,
708 1371 92 14 »reserv»
812 1365 39 21 och
863 1365 77 22 »landt-

199 1405 62 17 värn»
279 1401 77 20 ansetts
373 1407 58 14 mera
445 1398 225 22 öfverensstämmande
685 1398 48 21 med
748 1398 67 22 denna
829 1399 109 22 militäror-

198 1433 125 30 ganisations
337 1433 128 28 väsendtliga
479 1433 97 22 karakter
590 1433 38 22 och
644 1433 80 22 derföre
739 1433 61 22 äfven
810 1433 126 30 bidragande

198 1470 32 21 till
245 1477 26 14 en
285 1469 80 22 klarare
380 1467 133 30 uppfattning
527 1468 23 21 af
563 1467 124 22 densamma.

265 1503 50 23 Den
329 1503 8 22 i
352 1504 13 26 &
380 1503 13 22 5
408 1502 102 29 ingående
520 1501 136 30 bestämning,
668 1504 31 21 att
709 1502 25 22 de
744 1502 70 23 aktiva
824 1504 113 27 trupperna
