1031 1703
306 152 29 20 U.
352 153 28 18 R.
396 163 25 4 —
438 152 81 25 Prop.
535 152 45 19 N:o
597 155 36 17 49.
798 153 12 21 9

95 219 76 22 stadna
188 219 6 21 i
207 219 135 22 landtvärnet
355 220 25 21 12
392 220 30 21 år.
445 220 165 22 Landtstormen
623 221 69 21 bildas
702 221 136 21 uteslutande

95 255 23 20 of
135 254 106 27 frivillige,
260 254 72 21 hvilka
351 254 17 27 ej
384 254 84 21 tillhöra
484 255 39 20 den
543 255 156 28 värnepligtiga
717 255 79 21 armén.

162 288 12 21 I
189 287 106 30 Ryssland
310 289 44 20 står
368 289 159 28 värneplistens
542 289 111 21 införande
668 289 7 20 i
687 290 152 27 sammanhang

96 322 47 21 med
160 323 40 20 den
216 322 166 27 reformrörelse,
401 322 86 22 hvilken
506 323 34 20 vid
560 323 126 21 Alexander
703 323 41 21 II:s
760 324 81 28 uppsti-

96 356 68 28 gande
188 358 27 27 pä
237 360 74 18 tronen
338 360 36 24 tog
400 357 32 21 sin
460 357 81 28 början,
560 358 47 21 och'
624 357 65 22 sedan
715 358 47 21 dess
788 358 52 21 fort-

94 392 52 27 gått.
176 390 12 22 I
208 390 70 22 stället
299 392 33 20 för
351 391 40 21 den
408 392 69 28 gamla
496 392 178 27 organisationen,
692 392 85 21 hvilken
798 392 40 22 bil-

95 426 55 21 dade
172 434 26 13 en
220 426 146 22 kombination
389 427 23 21 af
436 426 98 28 värfning
560 428 41 20 och
625 427 215 29 tvängsutskrifning,

94 460 77 22 hvaraf
185 463 81 25 tungan
286 461 74 21 endast
379 461 107 22 drabbade
502 461 35 22 det
556 462 58 28 lägre
630 462 156 28 borgerskapet
802 463 38 20 och

94 495 163 27 bondeståndet,
271 496 76 20 trädde
366 502 75 20 genom
463 496 62 28 lagen
541 496 40 22 den
603 496 10 21 1
630 495 91 22 Januari
738 496 55 21 1874
813 500 29 17 ett

95 529 70 22 enkelt
180 530 218 29 värnepligtssystem.
428 530 71 29 Enligt
514 531 68 21 denna
601 532 35 26 lag
652 534 23 18 är
690 530 40 22 den
746 530 94 29 manliga

95 564 156 29 befolkvingen,
270 569 52 18 utan
344 566 105 21 åtskilnad
473 566 23 20 af
516 566 190 26 samhällsklasser,
721 565 118 29 förpligtad

94 600 32 21 till
142 600 150 28 militärtjenst.
323 600 88 29 Friköp,
428 601 108 21 äfvensom
555 601 47 27 lega
621 600 23 22 af
663 608 69 13 annan
752 608 48 14 man
817 604 24 18 är

96 635 109 28 förbjudet
217 635 161 29 Kejsardömets
394 635 127 29 beväpnade
540 635 72 29 styrka
629 639 23 17 är
668 639 138 17 sammansatt
821 635 23 21 af

95 669 87 22 stående
196 673 90 26 trupper
301 669 39 22 och
357 670 119 21 landtvärn.
498 670 43 21 Det
552 677 73 14 senare
636 670 90 21 inkallas
738 669 32 22 till
778 670 64 27 tjenst

95 704 75 22 endast
185 704 37 21 vid
237 705 179 27 utomordentliga
432 705 96 22 tillfällen
546 705 68 22 under
630 704 99 27 krigstid.

164 739 49 22 Den
229 740 87 21 stående
324 739 134 22 landtarmén
471 740 69 21 bildas
552 741 32 20 1:o
596 740 22 21 af
626 739 39 21 den
678 739 72 21 aktiva
762 741 80 24 armén,

94 773 87 22 hvilken
198 775 150 28 kompletteras
366 782 75 19 genom
460 775 67 28 årliga
543 775 161 26 utskrifningar;
720 774 34 21 2:0
770 774 23 21 af
807 781 33 14 re-

96 816 82 18 serven,
194 809 86 21 hvilken
296 809 68 27 tjenar
379 809 32 21 till
428 813 29 17 att
472 809 76 28 bringa
568 813 116 25 t'upperna
700 808 31 21 till
751 808 91 27 fulltalig

97 843 81 28 styrka,
194 843 39 22 och
248 847 87 25 utgöres
351 844 22 21 af
386 851 109 22 personer,
508 844 72 21 hvilka
591 844 71 21 blifvit
674 843 170 22 hemförlofvade

96 878 46 21 före
158 879 109 27 utgången
283 879 22 21 af
319 879 61 21 deras
396 879 51 21 fulla
463 878 115 29 tjenstetid;
594 879 33 21 3:o
638 877 206 30 kosacktrupperna;

97 913 33 21 4:0
146 915 95 27 trupper,
256 913 88 22 bildade
360 913 22 21 af
395 913 133 22 främmande
543 913 147 22 folkstammar
704 913 8 21 i
727 912 114 29 Ryssland.

97 947 156 30 Sjötrupperna
269 948 59 22 bestå
347 948 23 21 af
382 948 74 21 flottan
472 948 38 21 och
526 949 48 21 dess
590 955 78 14 reserv.
697 947 88 22 Antalet
795 954 48 21 per-

96 991 63 14 soner
174 991 45 14 som
235 983 107 21 erfordras
357 983 35 21 för
411 986 29 18 att
460 983 138 28 komplettera
618 981 73 22 armén
713 982 39 21 och
769 981 74 22 flöttan

96 1019 78 21 fixeras
189 1018 82 26 årligen
287 1024 77 22 genom
379 1017 42 28 lag.

165 1052 89 22 Inträde
270 1052 7 21 i
292 1052 63 28 tjenst
373 1052 127 21 bestämmes
520 1058 76 21 genom
615 1051 98 28 lottning.
744 1052 30 20 De
794 1058 48 20 per-

99 1096 68 17 soner,
184 1087 72 21 hvilka
271 1088 28 28 på
315 1086 69 28 grund
400 1087 22 21 af
432 1086 40 22 den
484 1093 94 15 nummer
591 1086 25 21 de
628 1086 84 28 uttagit,
721 1086 46 20 icke
776 1085 67 21 kallas

98 1122 32 23 till
150 1122 41 21 den
210 1121 72 22 aktiva
304 1123 81 23 armén,
404 1121 113 21 inskrifvas
538 1121 35 21 vid
590 1120 142 22 landtvärnet.
762 1120 81 28 Hvarje

100 1159 23 20 är
134 1156 114 30 uppbädas
268 1156 32 21 till
322 1156 92 28 lottning
435 1156 25 20 de
480 1163 56 21 unge
555 1158 55 21 män,
626 1155 72 21 hvilka
714 1156 45 20 före
774 1155 41 21 den
832 1156 11 20 1

99 1191 92 23 Januari
208 1198 80 13 samma
303 1191 24 20 är
342 1190 47 28 fyllt
404 1190 62 28 tjugu
481 1191 29 19 är.

167 1225 11 21 I
196 1224 133 22 landtarmön
345 1232 63 14 varar
424 1224 167 28 tjenstgöringen
608 1223 26 21 15
642 1224 30 25 år,
685 1223 95 21 hvaraf
771 1218 10 38 6
791 1223 6 21 i
809 1222 36 22 ak-

100 1260 43 22 tiva
160 1260 67 21 hären
246 1259 40 21 och
310 1260 12 21 9
337 1259 7 21 i
360 1266 106 19 reserven;
482 1258 8 21 i
508 1258 95 21 marinen
623 1258 25 21 10
668 1258 31 26 är,
718 1257 78 21 hvaraf
809 1258 11 19 7
838 1257 7 20 i

103 1295 59 21 aktiv
177 1294 140 28 tjonstgöring
338 1293 38 21 och
396 1293 12 21 3
428 1293 7 20 i
454 1292 84 22 flottans
557 1299 78 14 reserv.
664 1291 128 21 Emellertid
808 1298 38 21 ega

101 1329 68 27 krigs-
185 1329 41 20 och
242 1327 205 22 marinministrarne
464 1330 41 18 rätt
520 1331 29 16 att
565 1327 46 20 frän
621 1326 46 20 dem
682 1326 162 27 underlydande

100 1367 89 24 trupper
208 1362 63 21 äfven
293 1362 45 19 före
357 1362 108 26 utgången
485 1361 22 20 af
525 1360 40 21 den
580 1360 34 20 för
630 1359 58 21 aktiv
703 1359 141 28 tjenstgöring

101 1395 111 24 bestämda
228 1395 58 21 tiden
301 1394 120 29 öfverflytta
436 1394 31 21 till
484 1401 17 14 r-
508 1401 74 14 serven
598 1392 125 23 underbefäl
735 1393 40 21 och
786 1399 57 14 man-

101 1432 61 29 skap.
192 1431 79 22 Likaså
286 1437 48 20 eger
355 1429 79 22 befälet
456 1429 33 21 för
504 1428 58 22 land-
582 1428 40 22 och
638 1428 151 28 sjötrupperna
804 1430 42 18 rätt

102 1470 30 18 att
146 1466 69 22 under
230 1464 134 30 tjenstetiden
381 1464 78 28 bevilja
474 1464 124 22 underbefäl
620 1463 39 22 och
677 1463 103 28 manskap
797 1470 47 21 per-

102 1501 95 26 mission,
212 1501 54 21 dock
280 1500 17 28 ej
314 1501 27 28 pä
358 1500 72 27 'ängre
445 1499 31 22 tid
492 1503 27 18 än
534 1502 30 18 ett
578 1499 30 21 är.
634 1498 108 22 Reserven
753 1497 91 22 inkallas

175 1548 195 23 Värnepligtsutskottets
382 1547 110 18 Betänkande
504 1547 33 17 N:o
550 1546 16 17 1.
