1045 1695
217 162 27 20 12
409 159 28 23 U.
452 160 27 21 B.
494 172 27 3 —
535 160 74 27 Prop.
623 159 44 22 N:o
682 159 37 23 44.

540 222 12 28 8
568 224 18 19 1.

257 252 68 26 Äfven
341 258 11 20 1
369 257 12 27 $
396 258 24 20 är
431 257 65 27 gillad
507 256 23 22 af
539 256 131 28 Ridderskapet
681 257 40 21 och
733 256 54 22 Adeln
800 258 55 20 samt
866 256 71 22 Preste-

188 291 40 21 och
243 290 160 28 Bergareständen,
418 291 99 21 hvarföre
533 291 108 21 vördsamt
655 291 101 21 föreslås:

427 332 30 20 att
471 330 159 22 Bondeständet
645 330 35 22 ock
695 332 63 20 måtte
772 331 112 27 godkänna
898 330 40 28 1$

359 365 63 27 enligt
437 365 141 22 betänkandet.

541 418 11 27 8
568 419 19 20 2.

290 451 131 27 Ridderskapet
436 451 39 21 och
493 451 61 26 Adeln,
567 458 44 15 som
631 451 95 27 godkänt
745 453 13 20 2
776 458 63 15 mom.
855 451 23 21 af
891 451 13 22 2
920 451 18 27 $,

188 486 39 21 har
244 486 89 21 beslutit
351 487 31 20 att
405 486 2 21 i
428 487 10 19 1
459 492 62 15 mom.
541 486 23 21 af
582 492 80 15 samma
681 486 12 27 8
712 487 65 20 orden
797 486 142 21 "främmande

188 521 82 20 kristen
288 520 103 21 troslära*
411 520 68 21 skulle
498 520 85 27 utbytas
597 520 33 21 till
646 527 71 14 annan
732 521 28 20 än
775 519 116 28 evangelisk
905 519 33 22 lu-

188 553 84 22 therska
287 553 111 22 trosläran.

291 593 133 22 Presteständet
439 594 38 21 har
488 595 94 26 beslutit,
594 596 32 19 att
636 595 65 21 bland
714 595 25 21 de
751 595 103 26 embeten,
867 595 73 21 hvilka

188 629 19 27 ej
228 629 71 21 kunna
314 628 102 22 beklädas
432 628 23 21 af
468 629 121 21 bekännare
603 629 24 21 af
640 629 132 22 främmande
787 629 82 22 kristen
883 631 56 20 tros-

188 664 52 25 lära,
260 663 69 22 skulle
348 665 114 24 upptagas:
482 663 237 22 vicekanslersembetet
733 664 35 21 vid
783 664 154 26 universitetet,

189 697 138 22 ordförande-
349 697 39 21 och
407 697 276 27 ledamotsbefattningarna
702 699 7 20 i
725 698 165 27 öfverstyrelsen
905 698 34 21 för

189 732 156 26 skolväsendet,
364 732 188 26 läraretjensterna
566 732 35 20 vid
616 732 84 21 landets
716 732 222 26 elementarläroverk,

188 766 48 21 frän
251 766 48 21 dem
314 766 54 20 dock
383 766 136 26 undantagna
532 766 188 26 läraretjensterna
730 766 7 21 i
749 766 139 22 mathematik
899 766 40 22 och

188 801 102 21 moderna
300 800 64 27 spräk
375 800 108 21 äfvensom
496 800 370 28 exercitiemästarebefattningarne,
875 801 63 22 hvar-

188 837 57 20 emot
264 835 79 26 jemväl
365 835 80 20 lärare-
469 835 39 20 och
529 835 277 27 lärarinnebefattningarne
827 836 35 20 vid
885 835 54 22 folk-

189 870 72 21 skolor
276 869 7 21 i
299 869 243 26 evangelisk-lutherska
564 869 150 28 församlingar
734 870 66 21 borde
817 871 122 26 uppräknas

187 904 65 22 bland
271 904 95 26 tjenster,
386 909 46 15 som
452 903 18 26 ej
490 904 71 21 kunna
580 904 105 21 anförtros
701 904 22 21 ät
737 904 132 22 främmande
883 906 56 20 tros-

187 939 131 21 bekännare:
339 938 38 21 och
393 938 38 21 har
446 938 161 21 Presteständet
621 938 34 21 för
669 939 156 27 omredigering
839 939 8 21 i
862 939 79 22 sädant

188 973 100 21 afseende
302 973 33 20 till
351 972 151 26 Lagutskottet
517 973 165 21 äterremitterat
696 974 14 20 2
726 973 18 27 8.

255 1011 152 29 Borgareständet
421 1012 39 21 har
474 1013 95 26 godkänt
583 1013 13 21 2
612 1013 11 27 $
639 1013 66 26 enligt
720 1013 149 22 betänkandet.

255 1053 95 20 Emedan
368 1053 8 20 i
395 1053 10 20 1
426 1059 62 14 mom.
508 1053 23 20 af
548 1053 14 21 2
577 1053 11 27 $
603 1053 61 26 ingär
679 1053 134 27 bestämning
828 1055 32 19 att
874 1053 64 21 främ-

187 1087 76 21 mande
286 1087 145 21 trosförvandt
454 1087 18 26 ej
495 1087 33 21 fär
550 1087 91 21 förvalta
665 1087 71 27 tjenst,
755 1087 102 22 hvarmed
875 1087 65 27 följer

187 1121 112 27 äliggande
318 1123 32 19 att
368 1121 98 22 meddela
484 1121 151 27 undervisning
653 1121 8 21 i
677 1122 132 26 evangelisk-
827 1121 112 22 lutherska

187 1155 93 28 kyrkans
298 1155 53 26 lära,
371 1156 52 21 eller
438 1156 7 20 i
460 1155 88 22 historie
562 1156 36 20 vid
613 1155 105 28 offentligt
732 1157 104 26 läroverk,
853 1156 39 21 och
906 1157 31 20 uti

186 1190 14 21 2
219 1195 63 16 mom.
300 1189 67 22 finnes
386 1189 77 22 förbud
478 1190 34 21 för
526 1190 121 21 bekännare
663 1190 23 21 af
699 1190 132 22 främmande
845 1191 94 21 troslära

187 1225 31 19 att
237 1224 70 21 säsom
326 1224 137 21 innehafvare
478 1224 24 21 af
514 1224 66 26 tjenst
594 1225 53 20 eller
663 1224 103 27 offentligt
781 1225 96 26 uppdrag
894 1225 44 21 del-

186 1258 50 24 taga
251 1257 7 19 i
273 1257 162 25 handläggande
451 1257 23 20 af
484 1257 66 26 fräga,
563 1263 44 14 som
620 1259 61 19 rörer
691 1258 152 26 undervisning
855 1259 8 19 i
874 1265 63 14 evan-

186 1290 78 26 gelisk-
279 1290 110 21 lutherska
403 1290 93 27 kyrkans
511 1290 46 21 lära
571 1290 32 21 uti
618 1290 83 22 landets
715 1291 104 27 läroverk,
839 1292 61 21 torde
911 1292 26 21 de

186 1324 82 27 tillägg,
286 1324 72 22 hvilka
373 1324 161 22 Presteständet
548 1326 70 20 ansett
634 1325 53 21 böra
701 1326 50 27 ingä
765 1326 7 21 i
789 1328 8 19 1
815 1328 123 25 momentet,

186 1358 71 21 kunna
272 1359 106 21 umbäras.
394 1372 27 2 —
436 1359 43 21 Det
493 1360 73 27 utbyte
581 1359 23 21 af
617 1360 46 26 ord,
678 1360 87 21 hvartill
780 1361 157 27 Ridderskapet

186 1393 39 22 och
244 1393 69 22 Adeln
327 1393 96 27 beslutit,
439 1400 62 21 synes
516 1394 96 21 deremot
627 1401 51 14 vara
694 1395 79 26 egnadt
787 1396 32 20 att
833 1395 58 27 gifva
905 1395 32 22 in-

185 1427 95 22 nehället
301 1428 23 21 af
345 1429 13 20 2
377 1428 12 28 $
408 1435 25 15 en
452 1430 69 20 större
539 1428 143 27 bestämdhet;
701 1429 99 22 hvarföre
818 1429 118 28 Utskottet,

185 1463 49 21 med
252 1463 85 26 hänsigt
353 1463 80 26 jemväl
451 1463 33 21 till
498 1463 56 22 hvad
568 1463 111 22 Utskottet
693 1464 39 21 här
747 1464 63 22 ofvan
825 1465 113 27 föreslagit

253 1503 71 22 Bihang
336 1503 27 17 till
375 1504 124 21 Lagutskotiets
510 1504 104 17 betänkande
625 1504 36 17 N:o
673 1505 26 16 14.
