1039 1695
407 144 53 22 N:o
477 143 56 23 40.
797 146 24 20 19

167 213 35 20 6:0
218 213 32 20 att
264 213 128 21 underrätta
407 213 26 21 de
448 214 33 21 till
497 213 59 22 aktiv
571 214 67 27 tjenst
648 214 90 21 utsedde
749 220 34 15 om
793 213 58 22 hvad

95 246 48 21 dem
159 246 67 26 enligt
246 247 69 20 denna
334 247 76 26 stadga
425 247 7 20 i
453 248 102 21 afseende
573 248 12 21 &
602 248 147 26 värnepligten
768 247 82 27 åligger

93 279 105 27 iakttaga,
221 281 40 20 och
283 280 99 22 deröfver
398 281 80 27 jemväl
492 282 99 21 meddela
606 282 80 21 enhvar
700 282 23 21 af
737 282 47 21 dem
800 281 49 22 kort

95 314 95 26 skriftlig
206 315 95 26 uppgift;

167 350 33 20 7:0
216 351 33 19 att
263 349 122 27 handlägga
395 350 27 21 de
432 349 80 27 frågor,
523 356 46 15 som
580 350 7 21 i
598 350 66 27 öfrigt
674 351 92 21 rörande
775 352 75 19 värne-

95 383 95 27 pligtens
205 384 160 21 verkställande
380 384 72 21 kunna
467 384 142 26 förekomma;

167 418 33 20 8:0
221 420 31 19 att
270 418 34 21 till
323 418 189 21 länekommission
530 418 82 27 årligen
629 418 79 27 afgifva
723 418 130 27 fullständig

95 452 138 26 redogörelse
248 452 56 21 huru
319 452 111 27 uppbådet
444 453 71 20 blifvit
531 453 126 20 verkstäldt.

441 515 12 28 $
469 516 33 20 53.

167 554 47 22 Den
233 555 119 21 förstärkta
370 555 268 22 distriktskommissionen
657 556 131 21 tillkommer
804 557 46 20 att:

168 590 32 20 1:o
214 589 84 26 justera
312 589 227 27 uppbådslängderna;

167 625 33 20 2:0
217 623 76 26 pröfva
308 623 40 21 och
363 623 75 27 afgöra
452 624 75 27 frågor
543 630 33 15 om
587 624 107 27 befrielse,
706 624 95 27 uppskof
810 624 40 21 och

96 657 105 28 eftergift;

167 693 34 20 3:0
216 698 77 20 genom
315 693 96 25 mätning
435 693 38 20 och
495 692 124 27 besigtning
635 693 51 21 eller
701 693 28 27 pä
743 693 70 26 grund
829 693 24 20 af

95 727 93 22 insända
201 727 61 21 bevis
277 726 82 27 pröfva,
369 727 106 21 huruvida
490 727 26 21 de
532 727 33 21 till
580 727 93 27 lottning
683 727 109 22 inkallade
802 734 50 21 per-

96 768 91 15 sonerne
198 763 36 19 äro
246 762 33 20 till
290 761 127 28 krigstjenst
428 762 92 26 duglige,
531 762 109 21 äfvensom
648 763 119 20 bestämma
775 764 77 19 värne-

96 796 129 27 pligtsälder
240 796 55 21 efter
311 796 216 27 kroppsutveckling;

168 831 34 20 4:0
219 829 115 22 öfvervaka
351 829 120 27 lottningen
491 831 39 19 och
549 830 88 26 vidtaga
655 830 25 21 de
699 831 7 19 i
723 831 100 21 afseende
839 831 12 20 &

99 865 134 21 densammas
249 863 160 22 verkställande
424 864 8 20 i
447 864 48 27 kap.
511 864 20 21 X
547 864 129 22 föreskrifna
691 864 107 27 ätgärder.

442 928 11 26 8
470 929 33 20 54.

168 968 75 21 Andra
264 968 112 20 instansen
398 968 7 20 i
428 968 227 27 värnepligtsärenden
677 969 88 25 utgöres
785 968 23 20 af
825 974 26 16 en

96 1002 196 26 länekommission,
308 1002 61 22 hvari
385 1002 139 22 Guvernören
537 1004 25 19 är
573 1002 129 22 ordförande
714 1004 55 20 samt
780 1002 73 22 lands-

97 1036 156 27 sekreteraren,
273 1043 26 15 en
317 1036 233 22 vicelandskamrerare
569 1037 38 21 och
627 1043 25 15 en
669 1037 69 21 stabs-
754 1036 52 22 eller
821 1037 31 21 äl-

98 1072 38 21 dre
153 1071 133 22 öfverofficer
300 1071 48 21 frän
364 1072 108 20 närmaste
487 1071 69 22 finska
572 1072 71 27 trupp,
659 1072 126 21 ledamöter.

172 1106 263 27 Sekreteraregöromälen
458 1106 132 21 handhafvas
613 1106 24 20 af
660 1106 192 22 vicelandskamre-

97 1147 70 15 raren.

445 1169 12 27 8
472 1170 34 20 55.

170 1208 228 22 Länekommissionen
413 1209 141 21 tillkommer:

172 1245 32 19 1:0
224 1243 41 21 den
284 1243 108 21 allmänna
411 1244 114 26 uppsigten
541 1243 60 21 öfver
615 1244 161 26 värnepligtens
791 1244 62 21 verk-

99 1277 107 22 ställande
222 1277 39 21 och
272 1277 42 21 alla
325 1277 128 21 dithörande
464 1277 105 22 ärendens
579 1277 104 26 behöriga
693 1277 160 28 handläggning

97 1312 58 21 inom
171 1311 69 25 länet;

170 1346 34 20 2:0
221 1345 40 20 den
277 1345 69 26 ärliga
360 1345 149 25 fördelningen
527 1345 28 26 pä
571 1344 26 21 de
613 1344 71 21 skilda
698 1345 155 22 kommunerna

99 1380 53 21 eller
167 1379 223 26 lottningsomrädena
404 1378 23 21 af
441 1379 36 20 det
493 1378 33 21 för
541 1378 49 21 hela
603 1378 58 21 länet
671 1378 112 22 bestämda
794 1380 60 20 anta-

98 1415 31 20 let
143 1419 110 22 personer,
270 1419 46 16 som
332 1413 60 22 skola
406 1413 8 21 i
430 1413 59 21 aktiv
504 1413 67 27 tjenst
585 1413 101 26 inkallas;

171 1449 35 20 3:o
222 1449 32 20 att
269 1448 125 27 ytterligare
409 1447 45 21 låta
469 1447 109 28 besigtiga
593 1447 149 28 värnepligtig,
758 1448 7 21 i
780 1448 25 21 de
816 1448 48 23 fall.

101 1483 70 22 denna
186 1482 78 27 stadga
280 1483 77 20 sådant
371 1481 149 27 föreskrifver;
