1023 1698
240 162 28 21 32
397 160 80 23 Ständ.
492 160 37 23 Sv.
547 173 22 3 —
587 161 71 27 Prop.
673 160 40 23 N:o
727 161 37 22 40.

211 229 95 29 utgjorde
326 230 40 21 den
385 229 100 21 särskilda
503 229 138 28 anledningen
659 229 33 21 till
707 229 40 21 den
762 229 8 21 i
784 228 120 23 manifestet
917 227 34 29 på-

210 264 78 29 bjudna
306 263 104 30 åtgärden.
444 263 112 22 Likaledes
575 268 22 17 är
618 263 9 21 i
642 263 75 29 nådiga
732 263 162 28 kungörelserna
909 263 41 21 den

212 300 26 21 13
258 299 120 22 November
393 298 55 22 1854
466 298 38 21 och
523 297 41 22 den
579 299 27 20 13
627 297 117 22 December
764 298 60 26 1855,
844 297 106 29 angående

211 333 119 29 ytterligare
340 332 133 29 uppsättning
483 331 23 22 af
511 331 79 23 indelta
598 331 253 30 skarpskyttebataljoner,
859 332 92 28 uttryck-

210 368 55 28 ligen
280 366 93 30 angifvet
386 368 31 21 att
431 367 58 21 dessa
501 368 95 27 truppers
607 367 144 28 uppställande
762 366 125 22 anbefalldes
898 374 54 14 eme-

211 403 40 21 dan
265 402 73 21 Hans
356 401 123 28 Majestät
497 400 70 23 funnit
588 401 72 28 nödigt
673 401 84 28 vidtaga
771 400 71 23 vidare
856 400 95 29 åtgärder

211 436 33 23 till
260 435 114 23 »Finlands
388 435 101 22 försvar».

276 471 44 22 Det
334 469 58 23 torde
407 469 78 22 således
499 469 47 22 icke
561 477 49 14 vara
625 469 108 29 obefogadt
748 471 31 20 att
793 471 80 26 antaga,
884 471 31 20 att
924 469 25 22 de

210 505 126 28 önskningar
346 505 37 21 och
396 505 81 28 åsigter,
489 511 45 15 som
548 504 106 29 angående
668 504 41 22 den
723 504 67 22 finska
804 504 146 22 nationalmili-

208 542 69 20 tärens
298 539 82 29 uppgift
401 539 39 21 och
462 539 95 22 ändamål
578 539 102 22 uttalades
698 538 23 22 af
737 538 101 23 Finlands
856 538 23 22 år
895 539 54 22 1809

208 573 123 24 församlade
346 573 95 26 Ständer,
456 573 73 22 hvilka
542 573 54 22 hade
611 575 31 20 att
656 573 12 22 &
682 573 110 22 nationens
806 578 77 23 vägnar
893 573 56 28 gifva

209 609 32 22 sin
259 608 127 22 medverkan
404 607 33 22 till
454 607 122 29 föreningen
594 608 47 21 med
660 607 158 29 kejsaredömet,
834 607 23 22 af
868 608 81 21 landets

208 643 95 29 högsinte
322 642 106 29 Regenter
449 642 113 21 betraktats
584 641 67 22 såsom
672 642 48 21 med
737 641 95 30 billighet
846 641 103 23 öfverens-

208 676 128 23 stämmande
354 677 38 21 och
410 676 47 21 icke
473 676 105 22 stridande
592 678 55 19 emot
662 676 24 21 de
701 675 143 30 förpligtelser,
860 675 89 23 förenin-

207 720 40 21 gen
261 711 67 22 såsom
343 711 63 22 sådan
420 710 67 22 skulle:
502 710 32 22 för
548 710 56 22 detta
619 710 49 22 land
683 709 98 23 medföra.

274 745 50 22 Men
344 753 34 14 om
397 745 40 21 den
456 745 78 21 indelte
554 745 92 21 soldaten
665 746 78 21 ansetts
757 745 48 28 föga
819 745 85 28 lämplig
919 747 30 20 att

206 780 77 29 fjerran
293 779 47 23 från
350 779 120 22 hemlandet
480 779 67 22 under
558 779 129 22 främmande
702 779 143 22 förhållanden
859 779 89 29 fullgöra

206 815 163 22 stridsmannens
386 813 81 29 pligter,
487 813 66 22 måste
572 813 73 22 sådant
659 813 8 22 i
682 818 55 17 ännu
755 815 63 28 högre
832 814 51 28 grad
898 822 50 14 vara

206 849 58 22 fallet
286 849 47 22 med
354 848 40 22 den
414 848 150 29 värnepligtige
585 848 99 22 soldaten.
719 849 49 21 Den
789 848 65 23 förres
872 849 75 22 sociala

206 883 98 29 ställning
324 891 37 14 var
380 882 122 30 visserligen
522 882 42 22 olik
582 883 40 21 den
639 882 99 23 värfvade
757 882 188 30 yrkesmilitärens;

205 919 41 21 han
257 918 93 22 brukade
360 917 32 22 sin
405 916 53 29 jord,
469 918 42 20 han
525 917 55 22 lefde
594 917 8 21 i
614 916 88 23 fredstid
716 918 66 21 under
797 920 74 20 största
886 918 60 22 delen

204 953 22 22 af
240 953 44 22 året
298 953 8 21 i
321 952 106 22 enahanda
443 952 149 25 förhållanden,
608 960 44 13 som
667 952 65 28 öfrige
746 952 140 29 medborgare,
897 960 48 14 men

204 988 42 22 han
260 988 54 22 hade
329 986 52 22 dock
395 986 73 22 endast
481 994 75 21 genom
570 986 97 29 frivilligt
681 987 50 21 aftal
746 986 48 22 med
808 987 137 22 rotehållaren

204 1022 108 22 förbundit
329 1022 31 28 sig
377 1021 33 22 till
424 1020 126 30 krigstjenst.
580 1021 49 21 Den
645 1021 151 29 värnepligtige
810 1022 100 28 tillfrågas
926 1022 18 28 ej

204 1065 34 14 om
255 1057 41 22 han
316 1056 38 22 har
372 1055 41 29 håg
432 1056 32 21 för
481 1055 149 29 krigareyrket.
660 1056 49 21 Med
724 1056 50 21 eller
789 1059 43 19 mot
846 1056 32 22 sin
894 1064 51 21 egen

204 1091 50 29 vilja
264 1091 38 22 och
311 1090 77 29 böjelse
398 1090 65 22 måste
478 1090 42 20 han
534 1090 89 28 fullgöra
637 1090 153 28 krigstjensten,
805 1091 87 21 likasom
903 1091 41 21 han

204 1126 66 22 måste
280 1124 94 30 uppfylla
384 1125 25 21 de
420 1124 65 29 öfriga
494 1124 164 29 medborgerliga
672 1124 147 29 skyldigheter,
835 1126 110 22 samhället

204 1160 81 29 ålägger
306 1160 76 21 honom
403 1160 54 20 emot
479 1158 25 22 de
524 1159 121 28 rättigheter
662 1160 39 21 och
720 1159 94 27 fördelar,
831 1160 41 22 han
887 1160 57 22 inom

204 1195 38 22 och
256 1194 24 22 af
292 1194 113 22 detsamma
420 1193 96 29 åtnjuter.
546 1193 88 22 Derföre
650 1198 22 17 är
686 1194 35 21 det
736 1193 38 22 ock
789 1194 153 29 oundgängligt,

203 1231 30 20 att
248 1229 40 21 den
308 1227 149 28 värnepligtige
475 1229 89 27 truppen
582 1227 46 22 icke
643 1228 34 21 må
692 1228 54 21 föras
760 1228 8 21 i
783 1229 64 20 andra
862 1229 80 26 strider,

203 1267 27 17 än
244 1262 82 25 sådana,
342 1269 43 13 som
401 1260 61 22 äfven
477 1260 23 21 af
512 1261 82 28 menige
609 1269 49 13 man
672 1262 72 21 kunna
754 1260 62 23 fattas
826 1261 66 22 såsom
902 1263 42 28 gäl-

202 1297 61 22 lande
278 1294 145 29 fosterjordens
438 1302 52 21 egna
504 1294 108 23 intressen.
635 1295 41 22 Om
691 1295 40 21 den
746 1295 150 30 värnepligtige
906 1297 38 21 sol-

202 1331 62 22 daten
283 1329 69 23 blefve
370 1329 51 22 sänd
440 1330 30 21 att
487 1329 77 29 kämpa
582 1329 37 22 och
640 1329 42 22 lida
695 1329 58 29 långt
767 1331 45 21 bort
826 1330 46 22 från
887 1330 55 23 hem-

201 1366 76 26 landet,
296 1364 23 23 så
333 1364 66 23 skulle
422 1364 41 21 han
483 1364 65 22 sakna
562 1364 35 21 det
616 1365 110 21 stärkande
748 1365 146 23 medvetandet
908 1375 34 13 om

202 1399 180 29 nödvändigheten
397 1398 23 22 af
432 1399 40 21 den
486 1399 76 21 honom
577 1398 87 29 pålagda
679 1399 149 29 uppoffringen.
857 1400 85 23 Manna-

202 1435 79 23 modets
295 1435 81 20 renaste
390 1433 61 26 källa,
466 1433 87 22 känslan
568 1435 30 20 att
612 1441 66 21 gagna
692 1433 168 24 fäderneslandet
873 1436 68 21 skulle

200 1469 86 23 försina'
314 1468 56 23 Vida
384 1475 44 14 mer
443 1472 25 17 än
484 1467 156 29 yrkessoldaten
658 1467 100 23 behöfver
772 1469 40 21 den
826 1470 116 28 värneplig-

200 1504 42 28 tige
262 1502 96 28 krigaren
376 1501 60 23 lifvas
454 1503 38 21 och
511 1502 56 22 eldas
585 1502 32 23 till
635 1502 78 22 striden
727 1510 75 21 genom
820 1503 77 23 tanker
915 1505 27 28 på
