1023 1695
263 143 80 22 Ständ.
358 143 37 23 Sv.
411 156 27 3 —
453 144 70 28 Prop.
538 144 40 22 N:o
592 144 38 22 40.
765 144 25 21 11

81 211 51 21 eller
146 211 98 29 slutligen
258 211 33 22 till
301 212 72 28 hvarje
383 213 91 25 enskildt
483 213 42 21 fall.
548 213 122 26 Ständerna,
681 213 73 22 hvilka
764 214 56 20 finna

82 244 171 29 permitteringen
267 253 50 14 vara
332 248 30 19 ett
376 247 132 28 synnerligen
523 246 82 29 tjenligt
619 247 74 26 medel,
709 249 36 24 att,
761 247 7 21 i
782 247 38 21 lik-

82 278 36 22 het
132 279 48 21 med
193 279 56 22 hvad
263 279 75 22 bruket
353 280 61 21 äfven
429 285 22 17 är
465 281 7 21 i
487 281 64 21 andra
565 281 77 26 länder,
653 281 37 21 der
704 281 117 28 värnepligt

82 312 70 22 blifvit
166 313 74 26 införd,
256 313 88 22 faktiskt
358 313 91 22 förkorta
464 323 26 13 en
504 315 58 28 långt
576 315 101 22 utsträckt
691 315 107 28 tjenstetid
812 315 8 20 i

82 346 71 22 aktiva
163 350 76 23 armén,
250 347 107 23 äfvensom
366 351 31 19 att
406 348 100 22 förmedla
516 349 133 28 ojemnheten
663 349 24 22 af
699 349 40 22 den
748 349 71 29 tyngd,

82 381 100 22 hvarmed
203 382 143 29 värnepligten
367 383 48 21 med
436 383 117 22 hänseende
572 383 32 22 till
626 386 46 19 rent
693 383 129 22 individuela

82 415 142 22 förhållanden
245 416 70 22 träffar
335 416 56 22 olika
411 425 102 20 personer,
529 417 63 22 hafva
611 420 68 19 ansett
693 420 31 19 att
738 417 84 29 permis-

84 449 45 22 sion
143 449 34 22 må
191 450 47 22 icke
256 451 57 26 blott,
329 451 27 28 på
370 451 71 22 derom
457 451 59 30 gjord
534 452 95 28 begäran,
645 452 72 21 kunna
735 451 86 29 beviljas

84 484 121 22 underbefäl
220 485 38 22 och
272 485 100 30 manskap
387 486 54 21 ända
454 486 32 22 till
501 489 31 19 tre
547 486 98 22 månader
659 494 35 14 om
707 486 51 26 året,
772 488 50 20 utan

84 518 62 22 äfven
160 519 32 21 för
209 519 53 26 dem,
278 520 83 22 hvilkas
375 519 107 30 tjenstetid
496 529 60 14 varar
570 523 32 19 tre
616 521 29 26 år,
660 521 115 22 utsträckas
790 521 33 21 till

84 555 65 20 större
164 553 60 22 delen
239 554 23 21 af
274 555 35 22 det
322 555 66 28 tredje
407 555 50 26 året,
472 556 52 21 dock
539 557 30 21 att
583 555 58 22 tiden
655 555 32 22 för
701 557 122 27 lägermötet

84 587 47 22 icke
149 588 8 22 i
173 589 151 28 permissionen
345 589 122 30 inbegripes.
502 590 83 23 Genom
607 590 68 22 denna
696 589 127 23 sistnämnda

84 623 116 28 anordning
213 623 63 22 hafva
293 624 122 27 Ständerna,
431 633 43 14 som
488 625 27 30 på
529 625 62 22 ofvan
610 625 85 22 anförda
709 625 46 22 skäl
768 624 56 22 hålla

85 657 50 26 före,
146 659 30 20 att
185 658 67 29 någon
263 659 94 22 definitiv
371 659 130 29 förkortning
515 659 24 22 af
551 660 40 21 den
605 660 71 21 aktiva
690 659 134 28 tjenstetiden

86 692 18 29 ej
120 693 37 21 bör
175 700 38 21 ega
229 701 53 18 rum,
298 693 56 22 velat
372 701 21 14 se
414 702 26 13 en
454 695 65 28 utväg
538 694 82 29 öppnad
637 694 32 22 för
683 694 54 26 dem,
752 693 72 22 hvilka

86 727 40 21 den
141 727 67 28 längst
222 727 114 22 utsträckta
350 728 222 29 tjensteskyldigheten
590 729 91 26 drabbar,
698 730 30 20 att
742 728 22 22 få
777 728 47 21 den-

86 769 79 15 samma
178 762 112 27 förkortad,
305 763 23 22 så
342 763 45 22 vidt
401 763 47 22 icke
461 763 98 22 behofvet
573 763 107 29 verkligen
695 763 83 21 kräfver
792 763 32 21 de-

86 805 32 13 ras
141 797 147 28 gvarhällande
309 797 66 22 under
393 797 91 22 fanorna.
516 798 77 21 Denna
610 797 120 29 förändring
745 802 22 17 är
782 797 42 22 der-

86 831 64 29 jemte
165 831 108 22 föranledd
287 831 23 22 af
322 832 92 22 sträfvan
433 834 30 20 att
477 832 142 22 ästadkomma
634 840 26 13 en
675 832 103 22 önskvärd
792 832 33 21 be-

86 866 84 28 sparing
183 866 8 20 i
206 866 25 21 de
246 866 64 28 dryga
325 866 91 28 utgifter,
431 866 99 22 nationen
545 866 32 22 för
591 866 104 22 vinnande
711 866 23 22 af
745 868 30 20 ett
785 865 40 22 fast

86 900 172 22 nationalförsvar
273 900 65 22 måste
355 901 125 21 underkasta
495 901 36 28 sig,
547 900 57 22 såväl
618 901 66 21 under
699 900 53 22 form
766 900 24 22 af
796 900 29 21 di-

87 934 60 22 rekta
160 934 73 29 bidrag
246 934 33 22 till
294 935 143 26 härväsendet,
453 943 42 14 som
513 943 75 21 genom
603 936 40 20 den
657 935 125 29 produktiva
796 942 30 14 ar-

87 968 106 26 betskraft,
213 969 87 21 hvilken
322 969 8 21 i
348 969 51 29 följd
421 969 23 21 af
462 969 168 29 militärtjensten
651 969 37 29 gär
706 969 32 21 för
756 969 71 21 landet

88 1002 95 22 förlorad.

127 1049 2 2 :
155 1038 82 26 1817
253 1037 63 22 hafva
335 1037 153 29 förkortningar
505 1038 104 28 vidtagits,
624 1038 116 28 hvarjemte
760 1038 67 21 denna

88 1072 98 29 paragraf
197 1072 70 22 blifvit
281 1073 165 28 sammanslagen
460 1073 48 21 med
523 1074 13 25 8
553 1073 32 21 16.

157 1106 85 22 Samma
261 1107 80 21 önskan
359 1109 30 20 att
403 1107 108 29 tillgodose
528 1107 99 22 behofvet
641 1107 22 21 af
675 1115 26 13 en
715 1107 47 21 icke
776 1107 53 21 blott

90 1140 67 27 talrik,
173 1143 52 19 utan
239 1141 62 22 äfven
315 1141 130 29 krigsduglig
459 1150 74 18 reserv,
545 1149 44 15 som
599 1142 102 21 föranledt
712 1141 116 22 Ständerna

90 1177 30 19 att
134 1175 123 22 föreskrifva
272 1175 110 29 ovilkorlig
396 1176 186 29 mötesskyldighet
595 1176 33 21 för
640 1184 103 17 reserven,
754 1176 38 20 har
802 1175 26 21 äf-

90 1217 41 13 ven
150 1210 93 28 betingat
261 1210 108 22 införande
387 1210 8 22 i
413 1212 13 25 8
443 1212 25 20 18
486 1210 23 22 af
522 1212 29 20 ett
569 1210 112 28 stadgande
697 1210 7 22 i
719 1210 35 21 det
768 1209 60 29 syfte,

90 1245 30 20 att
135 1244 35 21 vid
185 1244 153 28 krigstillfällen
352 1252 107 14 reservens
473 1247 54 19 mest
541 1244 73 22 öfvade
629 1244 112 22 årsklasser
752 1244 9 21 i
770 1244 60 21 främ-

91 1279 32 20 sta
138 1280 90 19 rummet
243 1278 80 26 anlitas,
339 1279 38 20 och
391 1278 87 22 sålunda
492 1279 8 21 i
514 1278 87 29 ordning
616 1278 87 22 inkallas
718 1278 51 21 först
784 1277 45 22 dess

91 1311 48 22 4:de
153 1312 39 21 och
207 1312 41 21 5:te
263 1313 39 20 och
317 1313 89 21 derefter
421 1313 45 21 dess
481 1313 60 28 3:dje,
558 1313 58 21 2:dra
630 1313 37 21 och
683 1313 52 20 1:sta
745 1312 85 21 årsklas-

92 1353 39 14 ser.
160 1345 12 21 I
187 1345 213 22 öfverensstämmelse
415 1347 47 20 med
477 1348 109 26 systemets
600 1346 90 21 väsende
703 1353 62 21 synes
774 1353 56 18 vara,

93 1381 30 20 att
137 1387 34 14 om
185 1379 19 29 ej
220 1387 26 14 en
260 1380 35 21 hel
309 1379 88 23 årsklass
410 1380 94 26 inkallas,
515 1380 121 29 uttagandet
645 1379 57 22 inom
712 1379 120 22 densamma

93 1415 47 21 sker
153 1405 48 31 idke
216 1414 52 23 efter
281 1415 108 29 godtycke,
405 1417 50 20 utan
470 1415 52 22 efter
537 1415 41 21 den
592 1414 147 29 nummerföljd
748 1414 84 23 lottnin-

93 1458 40 21 gen
147 1450 79 22 lemnat
239 1449 68 23 såsom
321 1450 86 22 resultat
422 1450 106 22 äfvensom
542 1449 8 22 i
565 1449 61 29 öfrigt
641 1449 64 29 enligt
721 1449 25 22 de
760 1449 32 22 för
802 1449 29 22 in-

94 1485 58 22 träde
161 1485 36 22 vid
207 1485 71 22 aktiva
287 1487 113 28 trupperna
409 1485 97 29 stadgade
520 1484 95 29 grunder.
645 1484 50 23 Med
709 1483 96 24 afseende
820 1484 12 23 &
