<?xml version="1.0" encoding="UTF-8"?>
<alto xmlns="http://www.loc.gov/standards/alto/ns-v3#" xmlns:xlink="http://www.w3.org/1999/xlink" xmlns:xsi="http://www.w3.org/2001/XMLSchema-instance" xsi:schemaLocation="http://www.loc.gov/standards/alto/ns-v3# http://www.loc.gov/alto/v3/alto-3-0.xsd">
	<Description>
		<MeasurementUnit>pixel</MeasurementUnit>
		<sourceImageInformation>
			<fileName>/tmp/tess_upwu9pg9_input.PNG</fileName>
		</sourceImageInformation>
		<OCRProcessing ID="OCR_0">
			<ocrProcessingStep>
				<processingSoftware>
					<softwareName>tesseract 5.3.4</softwareName>
				</processingSoftware>
			</ocrProcessingStep>
		</OCRProcessing>
	</Description>
	<Layout>
		<Page WIDTH="1031" HEIGHT="1714" PHYSICAL_IMG_NR="0" ID="page_0">
			<PrintSpace HPOS="0" VPOS="0" WIDTH="1031" HEIGHT="1714">
				<ComposedBlock ID="cblock_0" HPOS="220" VPOS="160" WIDTH="510" HEIGHT="26">
					<TextBlock ID="block_0" HPOS="220" VPOS="160" WIDTH="510" HEIGHT="26">
						<TextLine ID="line_0" HPOS="220" VPOS="160" WIDTH="510" HEIGHT="26">
							<String ID="string_0" HPOS="220" VPOS="161" WIDTH="13" HEIGHT="21" WC="0.96" CONTENT="6"/><SP WIDTH="171" VPOS="161" HPOS="233"/>
							<String ID="string_1" HPOS="404" VPOS="164" WIDTH="28" HEIGHT="19" WC="0.72" CONTENT="U."/><SP WIDTH="15" VPOS="164" HPOS="432"/>
							<String ID="string_2" HPOS="447" VPOS="163" WIDTH="30" HEIGHT="19" WC="0.90" CONTENT="B."/><SP WIDTH="19" VPOS="163" HPOS="477"/>
							<String ID="string_3" HPOS="496" VPOS="173" WIDTH="21" HEIGHT="3" WC="0.92" CONTENT="—"/><SP WIDTH="17" VPOS="173" HPOS="517"/>
							<String ID="string_4" HPOS="534" VPOS="163" WIDTH="80" HEIGHT="23" WC="0.96" CONTENT="Prop."/><SP WIDTH="17" VPOS="163" HPOS="614"/>
							<String ID="string_5" HPOS="631" VPOS="160" WIDTH="46" HEIGHT="21" WC="0.93" CONTENT="N:o"/><SP WIDTH="15" VPOS="160" HPOS="677"/>
							<String ID="string_6" HPOS="692" VPOS="163" WIDTH="38" HEIGHT="18" WC="0.96" CONTENT="40."/>
						</TextLine>
					</TextBlock>
				</ComposedBlock>
				<ComposedBlock ID="cblock_1" HPOS="187" VPOS="228" WIDTH="748" HEIGHT="1312">
					<TextBlock ID="block_1" HPOS="192" VPOS="228" WIDTH="740" HEIGHT="64">
						<TextLine ID="line_1" HPOS="192" VPOS="228" WIDTH="740" HEIGHT="31">
							<String ID="string_7" HPOS="192" VPOS="231" WIDTH="130" HEIGHT="22" WC="0.88" CONTENT="sistnämnda"/><SP WIDTH="23" VPOS="231" HPOS="322"/>
							<String ID="string_8" HPOS="345" VPOS="237" WIDTH="70" HEIGHT="22" WC="0.96" CONTENT="grupp"/><SP WIDTH="20" VPOS="237" HPOS="415"/>
							<String ID="string_9" HPOS="435" VPOS="230" WIDTH="66" HEIGHT="21" WC="0.95" CONTENT="hörde"/><SP WIDTH="18" VPOS="230" HPOS="501"/>
							<String ID="string_10" HPOS="519" VPOS="230" WIDTH="105" HEIGHT="21" WC="0.96" CONTENT="dessutom"/><SP WIDTH="23" VPOS="230" HPOS="624"/>
							<String ID="string_11" HPOS="647" VPOS="229" WIDTH="48" HEIGHT="21" WC="0.84" CONTENT="hela"/><SP WIDTH="19" VPOS="229" HPOS="695"/>
							<String ID="string_12" HPOS="714" VPOS="229" WIDTH="41" HEIGHT="20" WC="0.96" CONTENT="den"/><SP WIDTH="16" VPOS="229" HPOS="755"/>
							<String ID="string_13" HPOS="771" VPOS="228" WIDTH="69" HEIGHT="28" WC="0.93" CONTENT="öfriga"/><SP WIDTH="15" VPOS="228" HPOS="840"/>
							<String ID="string_14" HPOS="855" VPOS="235" WIDTH="77" HEIGHT="22" WC="0.92" CONTENT="vapen-"/>
						</TextLine>
						<TextLine ID="line_2" HPOS="192" VPOS="263" WIDTH="571" HEIGHT="29">
							<String ID="string_15" HPOS="192" VPOS="266" WIDTH="47" HEIGHT="21" WC="0.96" CONTENT="föra"/><SP WIDTH="14" VPOS="266" HPOS="239"/>
							<String ID="string_16" HPOS="253" VPOS="265" WIDTH="150" HEIGHT="27" WC="0.96" CONTENT="befolkningen"/><SP WIDTH="16" VPOS="265" HPOS="403"/>
							<String ID="string_17" HPOS="419" VPOS="265" WIDTH="76" HEIGHT="20" WC="0.95" CONTENT="mellan"/><SP WIDTH="14" VPOS="265" HPOS="495"/>
							<String ID="string_18" HPOS="509" VPOS="265" WIDTH="27" HEIGHT="21" WC="0.96" CONTENT="20"/><SP WIDTH="15" VPOS="265" HPOS="536"/>
							<String ID="string_19" HPOS="551" VPOS="264" WIDTH="39" HEIGHT="21" WC="0.96" CONTENT="och"/><SP WIDTH="15" VPOS="264" HPOS="590"/>
							<String ID="string_20" HPOS="605" VPOS="264" WIDTH="26" HEIGHT="21" WC="0.96" CONTENT="49"/><SP WIDTH="16" VPOS="264" HPOS="631"/>
							<String ID="string_21" HPOS="647" VPOS="265" WIDTH="34" HEIGHT="20" WC="0.96" CONTENT="års"/><SP WIDTH="18" VPOS="265" HPOS="681"/>
							<String ID="string_22" HPOS="699" VPOS="263" WIDTH="64" HEIGHT="21" WC="0.96" CONTENT="ålder."/>
						</TextLine>
					</TextBlock>
					<TextBlock ID="block_2" HPOS="190" VPOS="297" WIDTH="745" HEIGHT="968">
						<TextLine ID="line_3" HPOS="260" VPOS="297" WIDTH="672" HEIGHT="28">
							<String ID="string_23" HPOS="260" VPOS="299" WIDTH="56" HEIGHT="22" WC="0.96" CONTENT="Hela"/><SP WIDTH="23" VPOS="299" HPOS="316"/>
							<String ID="string_24" HPOS="339" VPOS="299" WIDTH="69" HEIGHT="21" WC="0.93" CONTENT="denna"/><SP WIDTH="25" VPOS="299" HPOS="408"/>
							<String ID="string_25" HPOS="433" VPOS="298" WIDTH="229" HEIGHT="27" WC="0.88" CONTENT="militärorganisation,"/><SP WIDTH="26" VPOS="298" HPOS="662"/>
							<String ID="string_26" HPOS="688" VPOS="297" WIDTH="85" HEIGHT="22" WC="0.96" CONTENT="hvilken"/><SP WIDTH="26" VPOS="297" HPOS="773"/>
							<String ID="string_27" HPOS="799" VPOS="297" WIDTH="133" HEIGHT="28" WC="0.96" CONTENT="småningom"/>
						</TextLine>
						<TextLine ID="line_4" HPOS="192" VPOS="332" WIDTH="741" HEIGHT="31">
							<String ID="string_28" HPOS="192" VPOS="334" WIDTH="83" HEIGHT="22" WC="0.96" CONTENT="tillkom"/><SP WIDTH="15" VPOS="334" HPOS="275"/>
							<String ID="string_29" HPOS="290" VPOS="341" WIDTH="77" HEIGHT="21" WC="0.96" CONTENT="genom"/><SP WIDTH="15" VPOS="341" HPOS="367"/>
							<String ID="string_30" HPOS="382" VPOS="337" WIDTH="29" HEIGHT="18" WC="0.95" CONTENT="ett"/><SP WIDTH="20" VPOS="337" HPOS="411"/>
							<String ID="string_31" HPOS="431" VPOS="333" WIDTH="56" HEIGHT="22" WC="0.93" CONTENT="antal"/><SP WIDTH="20" VPOS="333" HPOS="487"/>
							<String ID="string_32" HPOS="507" VPOS="333" WIDTH="140" HEIGHT="30" WC="0.91" CONTENT="supplerande"/><SP WIDTH="20" VPOS="333" HPOS="647"/>
							<String ID="string_33" HPOS="667" VPOS="334" WIDTH="65" HEIGHT="27" WC="0.96" CONTENT="lagar,"/><SP WIDTH="15" VPOS="334" HPOS="732"/>
							<String ID="string_34" HPOS="747" VPOS="333" WIDTH="77" HEIGHT="28" WC="0.93" CONTENT="ansågs"/><SP WIDTH="15" VPOS="333" HPOS="824"/>
							<String ID="string_35" HPOS="839" VPOS="332" WIDTH="94" HEIGHT="22" WC="0.92" CONTENT="emeller-"/>
						</TextLine>
						<TextLine ID="line_5" HPOS="192" VPOS="367" WIDTH="741" HEIGHT="28">
							<String ID="string_36" HPOS="192" VPOS="369" WIDTH="31" HEIGHT="22" WC="0.96" CONTENT="tid"/><SP WIDTH="15" VPOS="369" HPOS="223"/>
							<String ID="string_37" HPOS="238" VPOS="376" WIDTH="73" HEIGHT="15" WC="0.96" CONTENT="senare"/><SP WIDTH="22" VPOS="376" HPOS="311"/>
							<String ID="string_38" HPOS="333" VPOS="368" WIDTH="44" HEIGHT="22" WC="0.96" CONTENT="lida"/><SP WIDTH="21" VPOS="368" HPOS="377"/>
							<String ID="string_39" HPOS="398" VPOS="368" WIDTH="23" HEIGHT="21" WC="0.96" CONTENT="af"/><SP WIDTH="17" VPOS="368" HPOS="421"/>
							<String ID="string_40" HPOS="438" VPOS="368" WIDTH="84" HEIGHT="26" WC="0.96" CONTENT="brister,"/><SP WIDTH="22" VPOS="368" HPOS="522"/>
							<String ID="string_41" HPOS="544" VPOS="369" WIDTH="23" HEIGHT="21" WC="0.94" CONTENT="så"/><SP WIDTH="18" VPOS="369" HPOS="567"/>
							<String ID="string_42" HPOS="585" VPOS="369" WIDTH="34" HEIGHT="20" WC="0.96" CONTENT="väl"/><SP WIDTH="15" VPOS="369" HPOS="619"/>
							<String ID="string_43" HPOS="634" VPOS="368" WIDTH="55" HEIGHT="21" WC="0.93" CONTENT="hvad"/><SP WIDTH="17" VPOS="368" HPOS="689"/>
							<String ID="string_44" HPOS="706" VPOS="368" WIDTH="76" HEIGHT="27" WC="0.92" CONTENT="angick"/><SP WIDTH="16" VPOS="368" HPOS="782"/>
							<String ID="string_45" HPOS="798" VPOS="375" WIDTH="28" HEIGHT="14" WC="0.96" CONTENT="nu"/><SP WIDTH="16" VPOS="375" HPOS="826"/>
							<String ID="string_46" HPOS="842" VPOS="367" WIDTH="91" HEIGHT="22" WC="0.96" CONTENT="anförda"/>
						</TextLine>
						<TextLine ID="line_6" HPOS="192" VPOS="402" WIDTH="741" HEIGHT="31">
							<String ID="string_47" HPOS="192" VPOS="404" WIDTH="125" HEIGHT="29" WC="0.96" CONTENT="grunddrag"/><SP WIDTH="22" VPOS="404" HPOS="317"/>
							<String ID="string_48" HPOS="339" VPOS="411" WIDTH="44" HEIGHT="14" WC="0.96" CONTENT="som"/><SP WIDTH="20" VPOS="411" HPOS="383"/>
							<String ID="string_49" HPOS="403" VPOS="403" WIDTH="40" HEIGHT="22" WC="0.96" CONTENT="ock"/><SP WIDTH="22" VPOS="403" HPOS="443"/>
							<String ID="string_50" HPOS="465" VPOS="403" WIDTH="130" HEIGHT="22" WC="0.95" CONTENT="beträffande"/><SP WIDTH="19" VPOS="403" HPOS="595"/>
							<String ID="string_51" HPOS="614" VPOS="403" WIDTH="105" HEIGHT="22" WC="0.93" CONTENT="särskilda"/><SP WIDTH="14" VPOS="403" HPOS="719"/>
							<String ID="string_52" HPOS="733" VPOS="403" WIDTH="82" HEIGHT="28" WC="0.93" CONTENT="vigtiga"/><SP WIDTH="15" VPOS="403" HPOS="815"/>
							<String ID="string_53" HPOS="830" VPOS="402" WIDTH="103" HEIGHT="29" WC="0.92" CONTENT="detaljbe-"/>
						</TextLine>
						<TextLine ID="line_7" HPOS="193" VPOS="438" WIDTH="740" HEIGHT="29">
							<String ID="string_54" HPOS="193" VPOS="439" WIDTH="138" HEIGHT="28" WC="0.95" CONTENT="stämningar."/><SP WIDTH="29" VPOS="439" HPOS="331"/>
							<String ID="string_55" HPOS="360" VPOS="438" WIDTH="67" HEIGHT="22" WC="0.96" CONTENT="Detta"/><SP WIDTH="14" VPOS="438" HPOS="427"/>
							<String ID="string_56" HPOS="441" VPOS="439" WIDTH="124" HEIGHT="21" WC="0.96" CONTENT="föranledde"/><SP WIDTH="15" VPOS="439" HPOS="565"/>
							<String ID="string_57" HPOS="580" VPOS="439" WIDTH="123" HEIGHT="28" WC="0.96" CONTENT="regeringen"/><SP WIDTH="16" VPOS="439" HPOS="703"/>
							<String ID="string_58" HPOS="719" VPOS="441" WIDTH="30" HEIGHT="19" WC="0.96" CONTENT="att"/><SP WIDTH="15" VPOS="441" HPOS="749"/>
							<String ID="string_59" HPOS="764" VPOS="439" WIDTH="24" HEIGHT="20" WC="0.96" CONTENT="år"/><SP WIDTH="15" VPOS="439" HPOS="788"/>
							<String ID="string_60" HPOS="803" VPOS="438" WIDTH="55" HEIGHT="21" WC="0.93" CONTENT="1860"/><SP WIDTH="11" VPOS="438" HPOS="858"/>
							<String ID="string_61" HPOS="869" VPOS="438" WIDTH="64" HEIGHT="21" WC="0.92" CONTENT="fram-"/>
						</TextLine>
						<TextLine ID="line_8" HPOS="192" VPOS="473" WIDTH="742" HEIGHT="30">
							<String ID="string_62" HPOS="192" VPOS="476" WIDTH="64" HEIGHT="27" WC="0.95" CONTENT="lägga"/><SP WIDTH="15" VPOS="476" HPOS="256"/>
							<String ID="string_63" HPOS="271" VPOS="473" WIDTH="80" HEIGHT="28" WC="0.96" CONTENT="förslag"/><SP WIDTH="19" VPOS="473" HPOS="351"/>
							<String ID="string_64" HPOS="370" VPOS="473" WIDTH="32" HEIGHT="21" WC="0.93" CONTENT="till"/><SP WIDTH="18" VPOS="473" HPOS="402"/>
							<String ID="string_65" HPOS="420" VPOS="481" WIDTH="29" HEIGHT="20" WC="0.93" CONTENT="ny"/><SP WIDTH="20" VPOS="481" HPOS="449"/>
							<String ID="string_66" HPOS="469" VPOS="473" WIDTH="193" HEIGHT="28" WC="0.91" CONTENT="krigsförfattning,"/><SP WIDTH="19" VPOS="473" HPOS="662"/>
							<String ID="string_67" HPOS="681" VPOS="473" WIDTH="81" HEIGHT="21" WC="0.96" CONTENT="hvilket"/><SP WIDTH="15" VPOS="473" HPOS="762"/>
							<String ID="string_68" HPOS="777" VPOS="473" WIDTH="87" HEIGHT="28" WC="0.96" CONTENT="förslag,"/><SP WIDTH="17" VPOS="473" HPOS="864"/>
							<String ID="string_69" HPOS="881" VPOS="473" WIDTH="53" HEIGHT="21" WC="0.96" CONTENT="efter"/>
						</TextLine>
						<TextLine ID="line_9" HPOS="192" VPOS="507" WIDTH="741" HEIGHT="31">
							<String ID="string_70" HPOS="192" VPOS="517" WIDTH="26" HEIGHT="14" WC="0.96" CONTENT="en"/><SP WIDTH="19" VPOS="517" HPOS="218"/>
							<String ID="string_71" HPOS="237" VPOS="507" WIDTH="90" HEIGHT="31" WC="0.94" CONTENT="politisk"/><SP WIDTH="21" VPOS="507" HPOS="327"/>
							<String ID="string_72" HPOS="348" VPOS="508" WIDTH="103" HEIGHT="29" WC="0.95" CONTENT="brytning"/><SP WIDTH="24" VPOS="508" HPOS="451"/>
							<String ID="string_73" HPOS="475" VPOS="508" WIDTH="77" HEIGHT="21" WC="0.95" CONTENT="mellan"/><SP WIDTH="25" VPOS="508" HPOS="552"/>
							<String ID="string_74" HPOS="577" VPOS="508" WIDTH="97" HEIGHT="28" WC="0.96" CONTENT="regering"/><SP WIDTH="23" VPOS="508" HPOS="674"/>
							<String ID="string_75" HPOS="697" VPOS="508" WIDTH="38" HEIGHT="21" WC="0.95" CONTENT="och"/><SP WIDTH="22" VPOS="508" HPOS="735"/>
							<String ID="string_76" HPOS="757" VPOS="508" WIDTH="176" HEIGHT="29" WC="0.95" CONTENT="representation,"/>
						</TextLine>
						<TextLine ID="line_10" HPOS="192" VPOS="543" WIDTH="742" HEIGHT="29">
							<String ID="string_77" HPOS="192" VPOS="551" WIDTH="79" HEIGHT="15" WC="0.96" CONTENT="samma"/><SP WIDTH="15" VPOS="551" HPOS="271"/>
							<String ID="string_78" HPOS="286" VPOS="545" WIDTH="24" HEIGHT="20" WC="0.96" CONTENT="år"/><SP WIDTH="15" VPOS="545" HPOS="310"/>
							<String ID="string_79" HPOS="325" VPOS="543" WIDTH="22" HEIGHT="21" WC="0.96" CONTENT="af"/><SP WIDTH="14" VPOS="543" HPOS="347"/>
							<String ID="string_80" HPOS="361" VPOS="543" WIDTH="40" HEIGHT="22" WC="0.96" CONTENT="den"/><SP WIDTH="15" VPOS="543" HPOS="401"/>
							<String ID="string_81" HPOS="416" VPOS="543" WIDTH="58" HEIGHT="21" WC="0.92" CONTENT="förra"/><SP WIDTH="11" VPOS="543" HPOS="474"/>
							<String ID="string_82" HPOS="485" VPOS="543" WIDTH="174" HEIGHT="29" WC="0.90" CONTENT="promulgerades"/><SP WIDTH="16" VPOS="543" HPOS="659"/>
							<String ID="string_83" HPOS="675" VPOS="545" WIDTH="68" HEIGHT="20" WC="0.96" CONTENT="såsom"/><SP WIDTH="16" VPOS="545" HPOS="743"/>
							<String ID="string_84" HPOS="759" VPOS="543" WIDTH="41" HEIGHT="27" WC="0.95" CONTENT="lag."/><SP WIDTH="29" VPOS="543" HPOS="800"/>
							<String ID="string_85" HPOS="829" VPOS="543" WIDTH="50" HEIGHT="21" WC="0.93" CONTENT="Den"/><SP WIDTH="16" VPOS="543" HPOS="879"/>
							<String ID="string_86" HPOS="895" VPOS="543" WIDTH="39" HEIGHT="21" WC="0.92" CONTENT="mi-"/>
						</TextLine>
						<TextLine ID="line_11" HPOS="192" VPOS="578" WIDTH="741" HEIGHT="27">
							<String ID="string_87" HPOS="192" VPOS="578" WIDTH="201" HEIGHT="27" WC="0.90" CONTENT="litårorganisation,"/><SP WIDTH="11" VPOS="578" HPOS="393"/>
							<String ID="string_88" HPOS="404" VPOS="578" WIDTH="86" HEIGHT="21" WC="0.96" CONTENT="hvilken"/><SP WIDTH="13" VPOS="578" HPOS="490"/>
							<String ID="string_89" HPOS="503" VPOS="585" WIDTH="75" HEIGHT="20" WC="0.96" CONTENT="genom"/><SP WIDTH="13" VPOS="585" HPOS="578"/>
							<String ID="string_90" HPOS="591" VPOS="578" WIDTH="69" HEIGHT="21" WC="0.96" CONTENT="denna"/><SP WIDTH="8" VPOS="578" HPOS="660"/>
							<String ID="string_91" HPOS="668" VPOS="579" WIDTH="36" HEIGHT="26" WC="0.96" CONTENT="lag"/><SP WIDTH="12" VPOS="579" HPOS="704"/>
							<String ID="string_92" HPOS="716" VPOS="578" WIDTH="101" HEIGHT="26" WC="0.96" CONTENT="infördes,"/><SP WIDTH="12" VPOS="578" HPOS="817"/>
							<String ID="string_93" HPOS="829" VPOS="578" WIDTH="47" HEIGHT="21" WC="0.96" CONTENT="blef"/><SP WIDTH="9" VPOS="578" HPOS="876"/>
							<String ID="string_94" HPOS="885" VPOS="578" WIDTH="48" HEIGHT="21" WC="0.96" CONTENT="med"/>
						</TextLine>
						<TextLine ID="line_12" HPOS="193" VPOS="612" WIDTH="740" HEIGHT="28">
							<String ID="string_95" HPOS="193" VPOS="613" WIDTH="67" HEIGHT="27" WC="0.96" CONTENT="några"/><SP WIDTH="19" VPOS="613" HPOS="260"/>
							<String ID="string_96" HPOS="279" VPOS="612" WIDTH="171" HEIGHT="21" WC="0.96" CONTENT="modifikationer"/><SP WIDTH="19" VPOS="612" HPOS="450"/>
							<String ID="string_97" HPOS="469" VPOS="613" WIDTH="24" HEIGHT="20" WC="0.96" CONTENT="år"/><SP WIDTH="20" VPOS="613" HPOS="493"/>
							<String ID="string_98" HPOS="513" VPOS="613" WIDTH="52" HEIGHT="22" WC="0.93" CONTENT="1867"/><SP WIDTH="23" VPOS="613" HPOS="565"/>
							<String ID="string_99" HPOS="588" VPOS="612" WIDTH="124" HEIGHT="27" WC="0.92" CONTENT="Nordtyska"/><SP WIDTH="19" VPOS="612" HPOS="712"/>
							<String ID="string_100" HPOS="731" VPOS="612" WIDTH="144" HEIGHT="26" WC="0.96" CONTENT="Förbundets,"/><SP WIDTH="18" VPOS="612" HPOS="875"/>
							<String ID="string_101" HPOS="893" VPOS="612" WIDTH="40" HEIGHT="21" WC="0.96" CONTENT="och"/>
						</TextLine>
						<TextLine ID="line_13" HPOS="193" VPOS="647" WIDTH="742" HEIGHT="28">
							<String ID="string_102" HPOS="193" VPOS="648" WIDTH="54" HEIGHT="21" WC="0.96" CONTENT="1871"/><SP WIDTH="24" VPOS="648" HPOS="247"/>
							<String ID="string_103" HPOS="271" VPOS="647" WIDTH="62" HEIGHT="22" WC="0.96" CONTENT="äfven"/><SP WIDTH="23" VPOS="647" HPOS="333"/>
							<String ID="string_104" HPOS="356" VPOS="647" WIDTH="62" HEIGHT="28" WC="0.96" CONTENT="tyska"/><SP WIDTH="19" VPOS="647" HPOS="418"/>
							<String ID="string_105" HPOS="437" VPOS="647" WIDTH="72" HEIGHT="21" WC="0.95" CONTENT="rikets."/><SP WIDTH="32" VPOS="647" HPOS="509"/>
							<String ID="string_106" HPOS="541" VPOS="647" WIDTH="157" HEIGHT="28" WC="0.96" CONTENT="Grunddragen"/><SP WIDTH="16" VPOS="647" HPOS="698"/>
							<String ID="string_107" HPOS="714" VPOS="647" WIDTH="23" HEIGHT="21" WC="0.95" CONTENT="af"/><SP WIDTH="20" VPOS="647" HPOS="737"/>
							<String ID="string_108" HPOS="757" VPOS="647" WIDTH="123" HEIGHT="21" WC="0.96" CONTENT="densamma"/><SP WIDTH="17" VPOS="647" HPOS="880"/>
							<String ID="string_109" HPOS="897" VPOS="651" WIDTH="38" HEIGHT="17" WC="0.96" CONTENT="äro"/>
						</TextLine>
						<TextLine ID="line_14" HPOS="192" VPOS="681" WIDTH="742" HEIGHT="29">
							<String ID="string_110" HPOS="192" VPOS="681" WIDTH="104" HEIGHT="29" WC="0.93" CONTENT="följande:"/><SP WIDTH="29" VPOS="681" HPOS="296"/>
							<String ID="string_111" HPOS="325" VPOS="681" WIDTH="173" HEIGHT="29" WC="0.87" CONTENT="Militärstyrkan"/><SP WIDTH="18" VPOS="681" HPOS="498"/>
							<String ID="string_112" HPOS="516" VPOS="681" WIDTH="71" HEIGHT="22" WC="0.96" CONTENT="består"/><SP WIDTH="8" VPOS="681" HPOS="587"/>
							<String ID="string_113" HPOS="595" VPOS="682" WIDTH="22" HEIGHT="21" WC="0.96" CONTENT="af"/><SP WIDTH="9" VPOS="682" HPOS="617"/>
							<String ID="string_114" HPOS="626" VPOS="681" WIDTH="80" HEIGHT="28" WC="0.96" CONTENT="armén,"/><SP WIDTH="11" VPOS="681" HPOS="706"/>
							<String ID="string_115" HPOS="717" VPOS="682" WIDTH="95" HEIGHT="21" WC="0.96" CONTENT="marinen"/><SP WIDTH="12" VPOS="682" HPOS="812"/>
							<String ID="string_116" HPOS="824" VPOS="682" WIDTH="39" HEIGHT="21" WC="0.93" CONTENT="och"/><SP WIDTH="12" VPOS="682" HPOS="863"/>
							<String ID="string_117" HPOS="875" VPOS="682" WIDTH="59" HEIGHT="20" WC="0.91" CONTENT="land-"/>
						</TextLine>
						<TextLine ID="line_15" HPOS="192" VPOS="716" WIDTH="743" HEIGHT="29">
							<String ID="string_118" HPOS="192" VPOS="721" WIDTH="99" HEIGHT="18" WC="0.84" CONTENT="stormen,"/><SP WIDTH="29" VPOS="721" HPOS="291"/>
							<String ID="string_119" HPOS="320" VPOS="716" WIDTH="82" HEIGHT="28" WC="0.84" CONTENT="Hvarje"/><SP WIDTH="19" VPOS="716" HPOS="402"/>
							<String ID="string_120" HPOS="421" VPOS="717" WIDTH="49" HEIGHT="28" WC="0.95" CONTENT="tysk"/><SP WIDTH="19" VPOS="717" HPOS="470"/>
							<String ID="string_121" HPOS="489" VPOS="717" WIDTH="139" HEIGHT="26" WC="0.96" CONTENT="medborgare"/><SP WIDTH="23" VPOS="717" HPOS="628"/>
							<String ID="string_122" HPOS="651" VPOS="720" WIDTH="23" HEIGHT="18" WC="0.93" CONTENT="är"/><SP WIDTH="19" VPOS="720" HPOS="674"/>
							<String ID="string_123" HPOS="693" VPOS="716" WIDTH="117" HEIGHT="29" WC="0.93" CONTENT="förpligtad"/><SP WIDTH="19" VPOS="716" HPOS="810"/>
							<String ID="string_124" HPOS="829" VPOS="717" WIDTH="33" HEIGHT="20" WC="0.93" CONTENT="till"/><SP WIDTH="18" VPOS="717" HPOS="862"/>
							<String ID="string_125" HPOS="880" VPOS="716" WIDTH="55" HEIGHT="21" WC="0.92" CONTENT="mili-"/>
						</TextLine>
						<TextLine ID="line_16" HPOS="191" VPOS="751" WIDTH="743" HEIGHT="30">
							<String ID="string_126" HPOS="191" VPOS="753" WIDTH="96" HEIGHT="28" WC="0.91" CONTENT="tärtjenst"/><SP WIDTH="17" VPOS="753" HPOS="287"/>
							<String ID="string_127" HPOS="304" VPOS="751" WIDTH="4" HEIGHT="22" WC="0.93" CONTENT="i"/><SP WIDTH="15" VPOS="751" HPOS="308"/>
							<String ID="string_128" HPOS="323" VPOS="754" WIDTH="74" HEIGHT="20" WC="0.96" CONTENT="armén"/><SP WIDTH="14" VPOS="754" HPOS="397"/>
							<String ID="string_129" HPOS="411" VPOS="752" WIDTH="69" HEIGHT="21" WC="0.93" CONTENT="under"/><SP WIDTH="14" VPOS="752" HPOS="480"/>
							<String ID="string_130" HPOS="494" VPOS="752" WIDTH="72" HEIGHT="29" WC="0.96" CONTENT="loppet"/><SP WIDTH="15" VPOS="752" HPOS="566"/>
							<String ID="string_131" HPOS="581" VPOS="751" WIDTH="20" HEIGHT="22" WC="0.96" CONTENT="af"/><SP WIDTH="16" VPOS="751" HPOS="601"/>
							<String ID="string_132" HPOS="617" VPOS="752" WIDTH="25" HEIGHT="21" WC="0.96" CONTENT="12"/><SP WIDTH="16" VPOS="752" HPOS="642"/>
							<String ID="string_133" HPOS="658" VPOS="753" WIDTH="30" HEIGHT="21" WC="0.95" CONTENT="är."/><SP WIDTH="30" VPOS="753" HPOS="688"/>
							<String ID="string_134" HPOS="718" VPOS="752" WIDTH="33" HEIGHT="21" WC="0.95" CONTENT="Af"/><SP WIDTH="13" VPOS="752" HPOS="751"/>
							<String ID="string_135" HPOS="764" VPOS="752" WIDTH="61" HEIGHT="21" WC="0.93" CONTENT="dessa"/><SP WIDTH="18" VPOS="752" HPOS="825"/>
							<String ID="string_136" HPOS="843" VPOS="751" WIDTH="91" HEIGHT="22" WC="0.92" CONTENT="tillbrin-"/>
						</TextLine>
						<TextLine ID="line_17" HPOS="191" VPOS="786" WIDTH="744" HEIGHT="29">
							<String ID="string_137" HPOS="191" VPOS="794" WIDTH="37" HEIGHT="21" WC="0.96" CONTENT="gas"/><SP WIDTH="19" VPOS="794" HPOS="228"/>
							<String ID="string_138" HPOS="247" VPOS="787" WIDTH="13" HEIGHT="20" WC="0.96" CONTENT="3"/><SP WIDTH="18" VPOS="787" HPOS="260"/>
							<String ID="string_139" HPOS="278" VPOS="786" WIDTH="69" HEIGHT="22" WC="0.92" CONTENT="under"/><SP WIDTH="18" VPOS="786" HPOS="347"/>
							<String ID="string_140" HPOS="365" VPOS="787" WIDTH="94" HEIGHT="26" WC="0.92" CONTENT="fanorna,"/><SP WIDTH="22" VPOS="787" HPOS="459"/>
							<String ID="string_141" HPOS="481" VPOS="788" WIDTH="13" HEIGHT="20" WC="0.95" CONTENT="4"/><SP WIDTH="18" VPOS="788" HPOS="494"/>
							<String ID="string_142" HPOS="512" VPOS="787" WIDTH="7" HEIGHT="20" WC="0.93" CONTENT="i"/><SP WIDTH="18" VPOS="787" HPOS="519"/>
							<String ID="string_143" HPOS="537" VPOS="794" WIDTH="97" HEIGHT="14" WC="0.91" CONTENT="reserven"/><SP WIDTH="21" VPOS="794" HPOS="634"/>
							<String ID="string_144" HPOS="655" VPOS="787" WIDTH="39" HEIGHT="21" WC="0.96" CONTENT="och"/><SP WIDTH="19" VPOS="787" HPOS="694"/>
							<String ID="string_145" HPOS="713" VPOS="787" WIDTH="12" HEIGHT="21" WC="0.93" CONTENT="5"/><SP WIDTH="20" VPOS="787" HPOS="725"/>
							<String ID="string_146" HPOS="745" VPOS="787" WIDTH="30" HEIGHT="21" WC="0.93" CONTENT="uti"/><SP WIDTH="16" VPOS="787" HPOS="775"/>
							<String ID="string_147" HPOS="791" VPOS="787" WIDTH="144" HEIGHT="24" WC="0.92" CONTENT="landtvärnet,"/>
						</TextLine>
						<TextLine ID="line_18" HPOS="191" VPOS="821" WIDTH="743" HEIGHT="29">
							<String ID="string_148" HPOS="191" VPOS="821" WIDTH="80" HEIGHT="22" WC="0.96" CONTENT="hvilket"/><SP WIDTH="17" VPOS="821" HPOS="271"/>
							<String ID="string_149" HPOS="288" VPOS="821" WIDTH="47" HEIGHT="22" WC="0.96" CONTENT="icke"/><SP WIDTH="18" VPOS="821" HPOS="335"/>
							<String ID="string_150" HPOS="353" VPOS="829" WIDTH="57" HEIGHT="14" WC="0.93" CONTENT="mera"/><SP WIDTH="10" VPOS="829" HPOS="410"/>
							<String ID="string_151" HPOS="420" VPOS="821" WIDTH="154" HEIGHT="22" WC="0.95" CONTENT="sönderfaller"/><SP WIDTH="-8" VPOS="821" HPOS="574"/>
							<String ID="string_152" HPOS="566" VPOS="817" WIDTH="13" HEIGHT="37" WC="0.88" CONTENT="i"/><SP WIDTH="10" VPOS="817" HPOS="579"/>
							<String ID="string_153" HPOS="589" VPOS="823" WIDTH="36" HEIGHT="20" WC="0.96" CONTENT="två"/><SP WIDTH="10" VPOS="823" HPOS="625"/>
							<String ID="string_154" HPOS="635" VPOS="821" WIDTH="127" HEIGHT="29" WC="0.91" CONTENT="kategorier."/><SP WIDTH="21" VPOS="821" HPOS="762"/>
							<String ID="string_155" HPOS="783" VPOS="821" WIDTH="35" HEIGHT="22" WC="0.92" CONTENT="De"/><SP WIDTH="11" VPOS="821" HPOS="818"/>
							<String ID="string_156" HPOS="829" VPOS="822" WIDTH="47" HEIGHT="27" WC="0.94" CONTENT="fyra"/><SP WIDTH="8" VPOS="822" HPOS="876"/>
							<String ID="string_157" HPOS="884" VPOS="823" WIDTH="50" HEIGHT="20" WC="0.96" CONTENT="åren"/>
						</TextLine>
						<TextLine ID="line_19" HPOS="190" VPOS="856" WIDTH="744" HEIGHT="29">
							<String ID="string_158" HPOS="190" VPOS="857" WIDTH="7" HEIGHT="21" WC="0.95" CONTENT="i"/><SP WIDTH="17" VPOS="857" HPOS="197"/>
							<String ID="string_159" HPOS="214" VPOS="863" WIDTH="98" HEIGHT="16" WC="0.96" CONTENT="reserven"/><SP WIDTH="21" VPOS="863" HPOS="312"/>
							<String ID="string_160" HPOS="333" VPOS="856" WIDTH="107" HEIGHT="22" WC="0.96" CONTENT="betraktas"/><SP WIDTH="24" VPOS="856" HPOS="440"/>
							<String ID="string_161" HPOS="464" VPOS="858" WIDTH="68" HEIGHT="21" WC="0.93" CONTENT="såsom"/><SP WIDTH="23" VPOS="858" HPOS="532"/>
							<String ID="string_162" HPOS="555" VPOS="857" WIDTH="145" HEIGHT="28" WC="0.90" CONTENT="tjenstgöring,"/><SP WIDTH="21" VPOS="857" HPOS="700"/>
							<String ID="string_163" HPOS="721" VPOS="857" WIDTH="7" HEIGHT="20" WC="0.96" CONTENT="i"/><SP WIDTH="18" VPOS="857" HPOS="728"/>
							<String ID="string_164" HPOS="746" VPOS="860" WIDTH="23" HEIGHT="25" WC="0.96" CONTENT="ty"/><SP WIDTH="20" VPOS="860" HPOS="769"/>
							<String ID="string_165" HPOS="789" VPOS="861" WIDTH="29" HEIGHT="17" WC="0.96" CONTENT="att"/><SP WIDTH="20" VPOS="861" HPOS="818"/>
							<String ID="string_166" HPOS="838" VPOS="857" WIDTH="96" HEIGHT="21" WC="0.96" CONTENT="soldaten"/>
						</TextLine>
						<TextLine ID="line_20" HPOS="192" VPOS="891" WIDTH="741" HEIGHT="29">
							<String ID="string_167" HPOS="192" VPOS="895" WIDTH="38" HEIGHT="18" WC="0.96" CONTENT="när"/><SP WIDTH="15" VPOS="895" HPOS="230"/>
							<String ID="string_168" HPOS="245" VPOS="898" WIDTH="45" HEIGHT="15" WC="0.96" CONTENT="som"/><SP WIDTH="16" VPOS="898" HPOS="290"/>
							<String ID="string_169" HPOS="306" VPOS="891" WIDTH="55" HEIGHT="21" WC="0.96" CONTENT="helst"/><SP WIDTH="15" VPOS="891" HPOS="361"/>
							<String ID="string_170" HPOS="376" VPOS="891" WIDTH="42" HEIGHT="21" WC="0.96" CONTENT="kan"/><SP WIDTH="15" VPOS="891" HPOS="418"/>
							<String ID="string_171" HPOS="433" VPOS="892" WIDTH="113" HEIGHT="21" WC="0.96" CONTENT="återkallas"/><SP WIDTH="15" VPOS="892" HPOS="546"/>
							<String ID="string_172" HPOS="561" VPOS="892" WIDTH="68" HEIGHT="21" WC="0.96" CONTENT="under"/><SP WIDTH="14" VPOS="892" HPOS="629"/>
							<String ID="string_173" HPOS="643" VPOS="898" WIDTH="69" HEIGHT="22" WC="0.96" CONTENT="vapen"/><SP WIDTH="17" VPOS="898" HPOS="712"/>
							<String ID="string_174" HPOS="729" VPOS="891" WIDTH="39" HEIGHT="22" WC="0.96" CONTENT="och"/><SP WIDTH="16" VPOS="891" HPOS="768"/>
							<String ID="string_175" HPOS="784" VPOS="892" WIDTH="27" HEIGHT="21" WC="0.93" CONTENT="då"/><SP WIDTH="11" VPOS="892" HPOS="811"/>
							<String ID="string_176" HPOS="822" VPOS="893" WIDTH="111" HEIGHT="20" WC="0.92" CONTENT="återinträ-"/>
						</TextLine>
						<TextLine ID="line_21" HPOS="190" VPOS="926" WIDTH="744" HEIGHT="27">
							<String ID="string_177" HPOS="190" VPOS="927" WIDTH="38" HEIGHT="20" WC="0.96" CONTENT="der"/><SP WIDTH="18" VPOS="927" HPOS="228"/>
							<String ID="string_178" HPOS="246" VPOS="926" WIDTH="7" HEIGHT="21" WC="0.95" CONTENT="i"/><SP WIDTH="21" VPOS="926" HPOS="253"/>
							<String ID="string_179" HPOS="274" VPOS="926" WIDTH="35" HEIGHT="21" WC="0.96" CONTENT="sitt"/><SP WIDTH="16" VPOS="926" HPOS="309"/>
							<String ID="string_180" HPOS="325" VPOS="930" WIDTH="126" HEIGHT="23" WC="0.95" CONTENT="regemente,"/><SP WIDTH="15" VPOS="930" HPOS="451"/>
							<String ID="string_181" HPOS="466" VPOS="927" WIDTH="109" HEIGHT="22" WC="0.93" CONTENT="hvaremot"/><SP WIDTH="15" VPOS="927" HPOS="575"/>
							<String ID="string_182" HPOS="590" VPOS="927" WIDTH="133" HEIGHT="21" WC="0.90" CONTENT="landtvärnet"/><SP WIDTH="19" VPOS="927" HPOS="723"/>
							<String ID="string_183" HPOS="742" VPOS="926" WIDTH="70" HEIGHT="22" WC="0.96" CONTENT="bildar"/><SP WIDTH="15" VPOS="926" HPOS="812"/>
							<String ID="string_184" HPOS="827" VPOS="927" WIDTH="107" HEIGHT="21" WC="0.96" CONTENT="särskilda"/>
						</TextLine>
						<TextLine ID="line_22" HPOS="191" VPOS="961" WIDTH="742" HEIGHT="29">
							<String ID="string_185" HPOS="191" VPOS="965" WIDTH="136" HEIGHT="24" WC="0.96" CONTENT="regementen"/><SP WIDTH="25" VPOS="965" HPOS="327"/>
							<String ID="string_186" HPOS="352" VPOS="961" WIDTH="40" HEIGHT="22" WC="0.96" CONTENT="och"/><SP WIDTH="23" VPOS="961" HPOS="392"/>
							<String ID="string_187" HPOS="415" VPOS="961" WIDTH="122" HEIGHT="27" WC="0.93" CONTENT="divisioner,"/><SP WIDTH="24" VPOS="961" HPOS="537"/>
							<String ID="string_188" HPOS="561" VPOS="961" WIDTH="88" HEIGHT="22" WC="0.92" CONTENT="afsedda"/><SP WIDTH="19" VPOS="961" HPOS="649"/>
							<String ID="string_189" HPOS="668" VPOS="965" WIDTH="30" HEIGHT="18" WC="0.96" CONTENT="att"/><SP WIDTH="25" VPOS="965" HPOS="698"/>
							<String ID="string_190" HPOS="723" VPOS="961" WIDTH="116" HEIGHT="29" WC="0.92" CONTENT="uppehålla"/><SP WIDTH="22" VPOS="961" HPOS="839"/>
							<String ID="string_191" HPOS="861" VPOS="961" WIDTH="72" HEIGHT="28" WC="0.96" CONTENT="linjen."/>
						</TextLine>
						<TextLine ID="line_23" HPOS="192" VPOS="996" WIDTH="742" HEIGHT="28">
							<String ID="string_192" HPOS="192" VPOS="996" WIDTH="141" HEIGHT="28" WC="0.85" CONTENT="Sjöförsvaret"/><SP WIDTH="11" VPOS="996" HPOS="333"/>
							<String ID="string_193" HPOS="344" VPOS="996" WIDTH="59" HEIGHT="21" WC="0.96" CONTENT="delas"/><SP WIDTH="16" VPOS="996" HPOS="403"/>
							<String ID="string_194" HPOS="419" VPOS="997" WIDTH="7" HEIGHT="20" WC="0.96" CONTENT="i"/><SP WIDTH="15" VPOS="997" HPOS="426"/>
							<String ID="string_195" HPOS="441" VPOS="997" WIDTH="66" HEIGHT="21" WC="0.96" CONTENT="likhet"/><SP WIDTH="14" VPOS="997" HPOS="507"/>
							<String ID="string_196" HPOS="521" VPOS="997" WIDTH="48" HEIGHT="20" WC="0.93" CONTENT="med"/><SP WIDTH="10" VPOS="997" HPOS="569"/>
							<String ID="string_197" HPOS="579" VPOS="997" WIDTH="131" HEIGHT="21" WC="0.92" CONTENT="landtarmén"/><SP WIDTH="11" VPOS="997" HPOS="710"/>
							<String ID="string_198" HPOS="721" VPOS="997" WIDTH="6" HEIGHT="20" WC="0.96" CONTENT="i"/><SP WIDTH="11" VPOS="997" HPOS="727"/>
							<String ID="string_199" HPOS="738" VPOS="998" WIDTH="37" HEIGHT="20" WC="0.92" CONTENT="två"/><SP WIDTH="12" VPOS="998" HPOS="775"/>
							<String ID="string_200" HPOS="787" VPOS="996" WIDTH="147" HEIGHT="28" WC="0.92" CONTENT="afdelningar:"/>
						</TextLine>
						<TextLine ID="line_24" HPOS="192" VPOS="1031" WIDTH="741" HEIGHT="28">
							<String ID="string_201" HPOS="192" VPOS="1031" WIDTH="80" HEIGHT="26" WC="0.96" CONTENT="flottan,"/><SP WIDTH="16" VPOS="1031" HPOS="272"/>
							<String ID="string_202" HPOS="288" VPOS="1031" WIDTH="41" HEIGHT="21" WC="0.96" CONTENT="den"/><SP WIDTH="11" VPOS="1031" HPOS="329"/>
							<String ID="string_203" HPOS="340" VPOS="1031" WIDTH="71" HEIGHT="21" WC="0.96" CONTENT="aktiva"/><SP WIDTH="10" VPOS="1031" HPOS="411"/>
							<String ID="string_204" HPOS="421" VPOS="1032" WIDTH="102" HEIGHT="26" WC="0.96" CONTENT="marinen,"/><SP WIDTH="9" VPOS="1032" HPOS="523"/>
							<String ID="string_205" HPOS="532" VPOS="1031" WIDTH="39" HEIGHT="22" WC="0.93" CONTENT="och"/><SP WIDTH="11" VPOS="1031" HPOS="571"/>
							<String ID="string_206" HPOS="582" VPOS="1033" WIDTH="113" HEIGHT="26" WC="0.92" CONTENT="sjövärnet,"/><SP WIDTH="9" VPOS="1033" HPOS="695"/>
							<String ID="string_207" HPOS="704" VPOS="1031" WIDTH="149" HEIGHT="22" WC="0.93" CONTENT="motsvarande"/><SP WIDTH="10" VPOS="1031" HPOS="853"/>
							<String ID="string_208" HPOS="863" VPOS="1031" WIDTH="70" HEIGHT="21" WC="0.91" CONTENT="landt-"/>
						</TextLine>
						<TextLine ID="line_25" HPOS="191" VPOS="1065" WIDTH="742" HEIGHT="30">
							<String ID="string_209" HPOS="191" VPOS="1069" WIDTH="82" HEIGHT="18" WC="0.86" CONTENT="värnet."/><SP WIDTH="29" VPOS="1069" HPOS="273"/>
							<String ID="string_210" HPOS="302" VPOS="1065" WIDTH="106" HEIGHT="30" WC="0.92" CONTENT="Slutligen"/><SP WIDTH="28" VPOS="1065" HPOS="408"/>
							<String ID="string_211" HPOS="436" VPOS="1067" WIDTH="71" HEIGHT="22" WC="0.93" CONTENT="består"/><SP WIDTH="24" VPOS="1067" HPOS="507"/>
							<String ID="string_212" HPOS="531" VPOS="1067" WIDTH="151" HEIGHT="22" WC="0.92" CONTENT="landtstormen"/><SP WIDTH="26" VPOS="1067" HPOS="682"/>
							<String ID="string_213" HPOS="708" VPOS="1067" WIDTH="22" HEIGHT="21" WC="0.96" CONTENT="af"/><SP WIDTH="21" VPOS="1067" HPOS="730"/>
							<String ID="string_214" HPOS="751" VPOS="1067" WIDTH="41" HEIGHT="21" WC="0.93" CONTENT="alla"/><SP WIDTH="21" VPOS="1067" HPOS="792"/>
							<String ID="string_215" HPOS="813" VPOS="1066" WIDTH="120" HEIGHT="29" WC="0.92" CONTENT="värneplig-"/>
						</TextLine>
						<TextLine ID="line_26" HPOS="191" VPOS="1101" WIDTH="742" HEIGHT="26">
							<String ID="string_216" HPOS="191" VPOS="1101" WIDTH="42" HEIGHT="26" WC="0.92" CONTENT="tige"/><SP WIDTH="15" VPOS="1101" HPOS="233"/>
							<String ID="string_217" HPOS="248" VPOS="1101" WIDTH="47" HEIGHT="20" WC="0.96" CONTENT="från"/><SP WIDTH="17" VPOS="1101" HPOS="295"/>
							<String ID="string_218" HPOS="312" VPOS="1102" WIDTH="25" HEIGHT="19" WC="0.96" CONTENT="17"/><SP WIDTH="11" VPOS="1102" HPOS="337"/>
							<String ID="string_219" HPOS="348" VPOS="1101" WIDTH="32" HEIGHT="20" WC="0.95" CONTENT="till"/><SP WIDTH="15" VPOS="1101" HPOS="380"/>
							<String ID="string_220" HPOS="395" VPOS="1102" WIDTH="26" HEIGHT="19" WC="0.96" CONTENT="42"/><SP WIDTH="16" VPOS="1102" HPOS="421"/>
							<String ID="string_221" HPOS="437" VPOS="1103" WIDTH="34" HEIGHT="19" WC="0.95" CONTENT="års"/><SP WIDTH="16" VPOS="1103" HPOS="471"/>
							<String ID="string_222" HPOS="487" VPOS="1102" WIDTH="64" HEIGHT="25" WC="0.96" CONTENT="ålder,"/><SP WIDTH="16" VPOS="1102" HPOS="551"/>
							<String ID="string_223" HPOS="567" VPOS="1102" WIDTH="72" HEIGHT="21" WC="0.93" CONTENT="hvilka"/><SP WIDTH="17" VPOS="1102" HPOS="639"/>
							<String ID="string_224" HPOS="656" VPOS="1102" WIDTH="93" HEIGHT="20" WC="0.91" CONTENT="hvarken"/><SP WIDTH="11" VPOS="1102" HPOS="749"/>
							<String ID="string_225" HPOS="760" VPOS="1102" WIDTH="85" HEIGHT="20" WC="0.96" CONTENT="tillhöra"/><SP WIDTH="15" VPOS="1102" HPOS="845"/>
							<String ID="string_226" HPOS="860" VPOS="1104" WIDTH="73" HEIGHT="18" WC="0.95" CONTENT="armén"/>
						</TextLine>
						<TextLine ID="line_27" HPOS="190" VPOS="1134" WIDTH="744" HEIGHT="28">
							<String ID="string_227" HPOS="190" VPOS="1134" WIDTH="50" HEIGHT="21" WC="0.96" CONTENT="eller"/><SP WIDTH="24" VPOS="1134" HPOS="240"/>
							<String ID="string_228" HPOS="264" VPOS="1135" WIDTH="103" HEIGHT="20" WC="0.79" CONTENT="marinen."/><SP WIDTH="36" VPOS="1135" HPOS="367"/>
							<String ID="string_229" HPOS="403" VPOS="1135" WIDTH="92" HEIGHT="22" WC="0.84" CONTENT="Stående"/><SP WIDTH="22" VPOS="1135" HPOS="495"/>
							<String ID="string_230" HPOS="517" VPOS="1136" WIDTH="66" HEIGHT="20" WC="0.94" CONTENT="hären"/><SP WIDTH="20" VPOS="1136" HPOS="583"/>
							<String ID="string_231" HPOS="603" VPOS="1136" WIDTH="39" HEIGHT="20" WC="0.94" CONTENT="och"/><SP WIDTH="22" VPOS="1136" HPOS="642"/>
							<String ID="string_232" HPOS="664" VPOS="1136" WIDTH="73" HEIGHT="20" WC="0.94" CONTENT="flottan"/><SP WIDTH="19" VPOS="1136" HPOS="737"/>
							<String ID="string_233" HPOS="756" VPOS="1139" WIDTH="37" HEIGHT="17" WC="0.96" CONTENT="äro"/><SP WIDTH="18" VPOS="1139" HPOS="793"/>
							<String ID="string_234" HPOS="811" VPOS="1135" WIDTH="123" HEIGHT="27" WC="0.96" CONTENT="beständigt"/>
						</TextLine>
						<TextLine ID="line_28" HPOS="190" VPOS="1168" WIDTH="743" HEIGHT="29">
							<String ID="string_235" HPOS="190" VPOS="1168" WIDTH="95" HEIGHT="21" WC="0.96" CONTENT="beredda"/><SP WIDTH="15" VPOS="1168" HPOS="285"/>
							<String ID="string_236" HPOS="300" VPOS="1168" WIDTH="34" HEIGHT="21" WC="0.93" CONTENT="till"/><SP WIDTH="19" VPOS="1168" HPOS="334"/>
							<String ID="string_237" HPOS="353" VPOS="1168" WIDTH="132" HEIGHT="28" WC="0.91" CONTENT="krigstjenst;"/><SP WIDTH="19" VPOS="1168" HPOS="485"/>
							<String ID="string_238" HPOS="504" VPOS="1169" WIDTH="67" HEIGHT="21" WC="0.91" CONTENT="landt-"/><SP WIDTH="19" VPOS="1169" HPOS="571"/>
							<String ID="string_239" HPOS="590" VPOS="1170" WIDTH="39" HEIGHT="20" WC="0.93" CONTENT="och"/><SP WIDTH="19" VPOS="1170" HPOS="629"/>
							<String ID="string_240" HPOS="648" VPOS="1169" WIDTH="107" HEIGHT="28" WC="0.86" CONTENT="sjövärnet"/><SP WIDTH="18" VPOS="1169" HPOS="755"/>
							<String ID="string_241" HPOS="773" VPOS="1173" WIDTH="35" HEIGHT="17" WC="0.96" CONTENT="äro"/><SP WIDTH="16" VPOS="1173" HPOS="808"/>
							<String ID="string_242" HPOS="824" VPOS="1169" WIDTH="109" HEIGHT="21" WC="0.96" CONTENT="bestämda"/>
						</TextLine>
						<TextLine ID="line_29" HPOS="190" VPOS="1202" WIDTH="742" HEIGHT="29">
							<String ID="string_243" HPOS="190" VPOS="1202" WIDTH="32" HEIGHT="21" WC="0.95" CONTENT="till"/><SP WIDTH="14" VPOS="1202" HPOS="222"/>
							<String ID="string_244" HPOS="236" VPOS="1202" WIDTH="118" HEIGHT="21" WC="0.96" CONTENT="understöd"/><SP WIDTH="20" VPOS="1202" HPOS="354"/>
							<String ID="string_245" HPOS="374" VPOS="1203" WIDTH="33" HEIGHT="20" WC="0.96" CONTENT="för"/><SP WIDTH="16" VPOS="1203" HPOS="407"/>
							<String ID="string_246" HPOS="423" VPOS="1203" WIDTH="25" HEIGHT="21" WC="0.96" CONTENT="de"/><SP WIDTH="15" VPOS="1203" HPOS="448"/>
							<String ID="string_247" HPOS="463" VPOS="1204" WIDTH="63" HEIGHT="25" WC="0.96" CONTENT="förra,"/><SP WIDTH="11" VPOS="1204" HPOS="526"/>
							<String ID="string_248" HPOS="537" VPOS="1203" WIDTH="110" HEIGHT="21" WC="0.96" CONTENT="hvaremot"/><SP WIDTH="16" VPOS="1203" HPOS="647"/>
							<String ID="string_249" HPOS="663" VPOS="1203" WIDTH="146" HEIGHT="21" WC="0.93" CONTENT="landstormen"/><SP WIDTH="10" VPOS="1203" HPOS="809"/>
							<String ID="string_250" HPOS="819" VPOS="1203" WIDTH="113" HEIGHT="28" WC="0.92" CONTENT="uppbådas"/>
						</TextLine>
						<TextLine ID="line_30" HPOS="190" VPOS="1236" WIDTH="666" HEIGHT="29">
							<String ID="string_251" HPOS="190" VPOS="1236" WIDTH="74" HEIGHT="21" WC="0.95" CONTENT="endast"/><SP WIDTH="14" VPOS="1236" HPOS="264"/>
							<String ID="string_252" HPOS="278" VPOS="1236" WIDTH="8" HEIGHT="20" WC="0.96" CONTENT="i"/><SP WIDTH="14" VPOS="1236" HPOS="286"/>
							<String ID="string_253" HPOS="300" VPOS="1236" WIDTH="38" HEIGHT="21" WC="0.96" CONTENT="fall"/><SP WIDTH="16" VPOS="1236" HPOS="338"/>
							<String ID="string_254" HPOS="354" VPOS="1240" WIDTH="29" HEIGHT="17" WC="0.91" CONTENT="ett"/><SP WIDTH="24" VPOS="1240" HPOS="383"/>
							<String ID="string_255" HPOS="407" VPOS="1237" WIDTH="105" HEIGHT="28" WC="0.88" CONTENT="fiendtligt"/><SP WIDTH="15" VPOS="1237" HPOS="512"/>
							<String ID="string_256" HPOS="527" VPOS="1237" WIDTH="61" HEIGHT="21" WC="0.95" CONTENT="infall"/><SP WIDTH="16" VPOS="1237" HPOS="588"/>
							<String ID="string_257" HPOS="604" VPOS="1238" WIDTH="59" HEIGHT="20" WC="0.93" CONTENT="hotar"/><SP WIDTH="16" VPOS="1238" HPOS="663"/>
							<String ID="string_258" HPOS="679" VPOS="1238" WIDTH="177" HEIGHT="21" WC="0.89" CONTENT="fäderneslandet."/>
						</TextLine>
					</TextBlock>
					<TextBlock ID="block_3" HPOS="187" VPOS="1269" WIDTH="748" HEIGHT="271">
						<TextLine ID="line_31" HPOS="258" VPOS="1269" WIDTH="676" HEIGHT="30">
							<String ID="string_259" HPOS="258" VPOS="1269" WIDTH="169" HEIGHT="28" WC="0.96" CONTENT="Rekryteringen"/><SP WIDTH="23" VPOS="1269" HPOS="427"/>
							<String ID="string_260" HPOS="450" VPOS="1271" WIDTH="99" HEIGHT="20" WC="0.96" CONTENT="omfattar"/><SP WIDTH="18" VPOS="1271" HPOS="549"/>
							<String ID="string_261" HPOS="567" VPOS="1271" WIDTH="81" HEIGHT="26" WC="0.93" CONTENT="årligen"/><SP WIDTH="21" VPOS="1271" HPOS="648"/>
							<String ID="string_262" HPOS="669" VPOS="1271" WIDTH="26" HEIGHT="27" WC="0.44" CONTENT="1/,"/><SP WIDTH="18" VPOS="1271" HPOS="695"/>
							<String ID="string_263" HPOS="713" VPOS="1273" WIDTH="89" HEIGHT="26" WC="0.96" CONTENT="procent"/><SP WIDTH="15" VPOS="1273" HPOS="802"/>
							<String ID="string_264" HPOS="817" VPOS="1271" WIDTH="22" HEIGHT="20" WC="0.96" CONTENT="af"/><SP WIDTH="13" VPOS="1271" HPOS="839"/>
							<String ID="string_265" HPOS="852" VPOS="1271" WIDTH="82" HEIGHT="20" WC="0.96" CONTENT="landets"/>
						</TextLine>
						<TextLine ID="line_32" HPOS="190" VPOS="1303" WIDTH="744" HEIGHT="30">
							<String ID="string_266" HPOS="190" VPOS="1303" WIDTH="131" HEIGHT="28" WC="0.95" CONTENT="befolkning."/><SP WIDTH="29" VPOS="1303" HPOS="321"/>
							<String ID="string_267" HPOS="350" VPOS="1303" WIDTH="35" HEIGHT="21" WC="0.95" CONTENT="Då"/><SP WIDTH="16" VPOS="1303" HPOS="385"/>
							<String ID="string_268" HPOS="401" VPOS="1304" WIDTH="116" HEIGHT="21" WC="0.95" CONTENT="emellertid"/><SP WIDTH="15" VPOS="1304" HPOS="517"/>
							<String ID="string_269" HPOS="532" VPOS="1307" WIDTH="85" HEIGHT="18" WC="0.93" CONTENT="arméns"/><SP WIDTH="16" VPOS="1307" HPOS="617"/>
							<String ID="string_270" HPOS="633" VPOS="1304" WIDTH="241" HEIGHT="29" WC="0.91" CONTENT="kompletteringsbehof"/><SP WIDTH="13" VPOS="1304" HPOS="874"/>
							<String ID="string_271" HPOS="887" VPOS="1304" WIDTH="47" HEIGHT="21" WC="0.96" CONTENT="icke"/>
						</TextLine>
						<TextLine ID="line_33" HPOS="188" VPOS="1337" WIDTH="746" HEIGHT="30">
							<String ID="string_272" HPOS="188" VPOS="1337" WIDTH="48" HEIGHT="22" WC="0.95" CONTENT="fullt"/><SP WIDTH="21" VPOS="1337" HPOS="236"/>
							<String ID="string_273" HPOS="257" VPOS="1342" WIDTH="118" HEIGHT="17" WC="0.95" CONTENT="motsvarar"/><SP WIDTH="18" VPOS="1342" HPOS="375"/>
							<String ID="string_274" HPOS="393" VPOS="1339" WIDTH="80" HEIGHT="21" WC="0.96" CONTENT="antalet"/><SP WIDTH="18" VPOS="1339" HPOS="473"/>
							<String ID="string_275" HPOS="491" VPOS="1339" WIDTH="22" HEIGHT="20" WC="0.96" CONTENT="af"/><SP WIDTH="17" VPOS="1339" HPOS="513"/>
							<String ID="string_276" HPOS="530" VPOS="1339" WIDTH="54" HEIGHT="26" WC="0.96" CONTENT="dem,"/><SP WIDTH="19" VPOS="1339" HPOS="584"/>
							<String ID="string_277" HPOS="603" VPOS="1339" WIDTH="72" HEIGHT="21" WC="0.96" CONTENT="hvilka"/><SP WIDTH="18" VPOS="1339" HPOS="675"/>
							<String ID="string_278" HPOS="693" VPOS="1339" WIDTH="83" HEIGHT="28" WC="0.95" CONTENT="årligen"/><SP WIDTH="18" VPOS="1339" HPOS="776"/>
							<String ID="string_279" HPOS="794" VPOS="1339" WIDTH="52" HEIGHT="28" WC="0.96" CONTENT="fylla"/><SP WIDTH="15" VPOS="1339" HPOS="846"/>
							<String ID="string_280" HPOS="861" VPOS="1339" WIDTH="27" HEIGHT="21" WC="0.96" CONTENT="20"/><SP WIDTH="15" VPOS="1339" HPOS="888"/>
							<String ID="string_281" HPOS="903" VPOS="1340" WIDTH="31" HEIGHT="23" WC="0.96" CONTENT="år,"/>
						</TextLine>
						<TextLine ID="line_34" HPOS="188" VPOS="1372" WIDTH="746" HEIGHT="30">
							<String ID="string_282" HPOS="188" VPOS="1373" WIDTH="66" HEIGHT="20" WC="0.95" CONTENT="måste"/><SP WIDTH="14" VPOS="1373" HPOS="254"/>
							<String ID="string_283" HPOS="268" VPOS="1372" WIDTH="94" HEIGHT="28" WC="0.93" CONTENT="lottning"/><SP WIDTH="15" VPOS="1372" HPOS="362"/>
							<String ID="string_284" HPOS="377" VPOS="1379" WIDTH="38" HEIGHT="20" WC="0.91" CONTENT="ega"/><SP WIDTH="16" VPOS="1379" HPOS="415"/>
							<String ID="string_285" HPOS="431" VPOS="1380" WIDTH="54" HEIGHT="14" WC="0.95" CONTENT="rum."/><SP WIDTH="29" VPOS="1380" HPOS="485"/>
							<String ID="string_286" HPOS="514" VPOS="1373" WIDTH="34" HEIGHT="22" WC="0.94" CONTENT="De"/><SP WIDTH="16" VPOS="1373" HPOS="548"/>
							<String ID="string_287" HPOS="564" VPOS="1373" WIDTH="75" HEIGHT="22" WC="0.96" CONTENT="hvilka"/><SP WIDTH="15" VPOS="1373" HPOS="639"/>
							<String ID="string_288" HPOS="654" VPOS="1374" WIDTH="123" HEIGHT="28" WC="0.96" CONTENT="härigenom"/><SP WIDTH="16" VPOS="1374" HPOS="777"/>
							<String ID="string_289" HPOS="793" VPOS="1373" WIDTH="46" HEIGHT="22" WC="0.96" CONTENT="icke"/><SP WIDTH="11" VPOS="1373" HPOS="839"/>
							<String ID="string_290" HPOS="850" VPOS="1374" WIDTH="84" HEIGHT="21" WC="0.95" CONTENT="komma"/>
						</TextLine>
						<TextLine ID="line_35" HPOS="187" VPOS="1406" WIDTH="746" HEIGHT="31">
							<String ID="string_291" HPOS="187" VPOS="1406" WIDTH="8" HEIGHT="21" WC="0.96" CONTENT="i"/><SP WIDTH="15" VPOS="1406" HPOS="195"/>
							<String ID="string_292" HPOS="210" VPOS="1407" WIDTH="124" HEIGHT="22" WC="0.92" CONTENT="omedelbar"/><SP WIDTH="18" VPOS="1407" HPOS="334"/>
							<String ID="string_293" HPOS="352" VPOS="1407" WIDTH="149" HEIGHT="29" WC="0.92" CONTENT="militärtjenst,"/><SP WIDTH="23" VPOS="1407" HPOS="501"/>
							<String ID="string_294" HPOS="524" VPOS="1409" WIDTH="87" HEIGHT="28" WC="0.90" CONTENT="qvarstå"/><SP WIDTH="18" VPOS="1409" HPOS="611"/>
							<String ID="string_295" HPOS="629" VPOS="1412" WIDTH="31" HEIGHT="17" WC="0.96" CONTENT="tre"/><SP WIDTH="19" VPOS="1412" HPOS="660"/>
							<String ID="string_296" HPOS="679" VPOS="1409" WIDTH="24" HEIGHT="20" WC="0.96" CONTENT="år"/><SP WIDTH="15" VPOS="1409" HPOS="703"/>
							<String ID="string_297" HPOS="718" VPOS="1409" WIDTH="32" HEIGHT="20" WC="0.96" CONTENT="till"/><SP WIDTH="15" VPOS="1409" HPOS="750"/>
							<String ID="string_298" HPOS="765" VPOS="1409" WIDTH="112" HEIGHT="27" WC="0.93" CONTENT="styrelsens"/><SP WIDTH="15" VPOS="1409" HPOS="877"/>
							<String ID="string_299" HPOS="892" VPOS="1409" WIDTH="41" HEIGHT="21" WC="0.93" CONTENT="för-"/>
						</TextLine>
						<TextLine ID="line_36" HPOS="188" VPOS="1441" WIDTH="746" HEIGHT="30">
							<String ID="string_300" HPOS="188" VPOS="1441" WIDTH="99" HEIGHT="28" WC="0.92" CONTENT="fogande,"/><SP WIDTH="16" VPOS="1441" HPOS="287"/>
							<String ID="string_301" HPOS="303" VPOS="1442" WIDTH="70" HEIGHT="21" WC="0.93" CONTENT="såsom"/><SP WIDTH="15" VPOS="1442" HPOS="373"/>
							<String ID="string_302" HPOS="388" VPOS="1443" WIDTH="176" HEIGHT="28" WC="0.91" CONTENT="kompletterings"/><SP WIDTH="15" VPOS="1443" HPOS="564"/>
							<String ID="string_303" HPOS="579" VPOS="1451" WIDTH="72" HEIGHT="14" WC="0.93" CONTENT="reserv"/><SP WIDTH="16" VPOS="1451" HPOS="651"/>
							<String ID="string_304" HPOS="667" VPOS="1443" WIDTH="207" HEIGHT="28" WC="0.85" CONTENT="(Ersatz-Reserve),"/><SP WIDTH="12" VPOS="1443" HPOS="874"/>
							<String ID="string_305" HPOS="886" VPOS="1451" WIDTH="48" HEIGHT="14" WC="0.97" CONTENT="men"/>
						</TextLine>
						<TextLine ID="line_37" HPOS="187" VPOS="1475" WIDTH="748" HEIGHT="31">
							<String ID="string_306" HPOS="187" VPOS="1475" WIDTH="57" HEIGHT="28" WC="0.95" CONTENT="tjena"/><SP WIDTH="21" VPOS="1475" HPOS="244"/>
							<String ID="string_307" HPOS="265" VPOS="1475" WIDTH="7" HEIGHT="22" WC="0.96" CONTENT="i"/><SP WIDTH="24" VPOS="1475" HPOS="272"/>
							<String ID="string_308" HPOS="296" VPOS="1476" WIDTH="142" HEIGHT="28" WC="0.96" CONTENT="verkligheten"/><SP WIDTH="23" VPOS="1476" HPOS="438"/>
							<String ID="string_309" HPOS="461" VPOS="1477" WIDTH="75" HEIGHT="22" WC="0.96" CONTENT="endast"/><SP WIDTH="17" VPOS="1477" HPOS="536"/>
							<String ID="string_310" HPOS="553" VPOS="1478" WIDTH="68" HEIGHT="21" WC="0.96" CONTENT="under"/><SP WIDTH="19" VPOS="1478" HPOS="621"/>
							<String ID="string_311" HPOS="640" VPOS="1478" WIDTH="97" HEIGHT="28" WC="0.96" CONTENT="krigstid."/><SP WIDTH="31" VPOS="1478" HPOS="737"/>
							<String ID="string_312" HPOS="768" VPOS="1478" WIDTH="112" HEIGHT="22" WC="0.11" CONTENT="Särskilda"/><SP WIDTH="20" VPOS="1478" HPOS="880"/>
							<String ID="string_313" HPOS="900" VPOS="1479" WIDTH="35" HEIGHT="20" WC="0.93" CONTENT="be-"/>
						</TextLine>
						<TextLine ID="line_38" HPOS="187" VPOS="1509" WIDTH="747" HEIGHT="31">
							<String ID="string_314" HPOS="187" VPOS="1509" WIDTH="81" HEIGHT="22" WC="0.92" CONTENT="frielser"/><SP WIDTH="22" VPOS="1509" HPOS="268"/>
							<String ID="string_315" HPOS="290" VPOS="1509" WIDTH="90" HEIGHT="29" WC="0.94" CONTENT="beviljas"/><SP WIDTH="14" VPOS="1509" HPOS="380"/>
							<String ID="string_316" HPOS="394" VPOS="1512" WIDTH="29" HEIGHT="27" WC="0.96" CONTENT="på"/><SP WIDTH="15" VPOS="1512" HPOS="423"/>
							<String ID="string_317" HPOS="438" VPOS="1512" WIDTH="70" HEIGHT="26" WC="0.96" CONTENT="grund"/><SP WIDTH="15" VPOS="1512" HPOS="508"/>
							<String ID="string_318" HPOS="523" VPOS="1512" WIDTH="22" HEIGHT="21" WC="0.96" CONTENT="af"/><SP WIDTH="13" VPOS="1512" HPOS="545"/>
							<String ID="string_319" HPOS="558" VPOS="1512" WIDTH="67" HEIGHT="28" WC="0.96" CONTENT="fysisk"/><SP WIDTH="14" VPOS="1512" HPOS="625"/>
							<String ID="string_320" HPOS="639" VPOS="1513" WIDTH="108" HEIGHT="27" WC="0.96" CONTENT="oförmåga"/><SP WIDTH="15" VPOS="1513" HPOS="747"/>
							<String ID="string_321" HPOS="762" VPOS="1512" WIDTH="32" HEIGHT="21" WC="0.93" CONTENT="till"/><SP WIDTH="11" VPOS="1512" HPOS="794"/>
							<String ID="string_322" HPOS="805" VPOS="1512" WIDTH="129" HEIGHT="28" WC="0.92" CONTENT="krigstjenst,"/>
						</TextLine>
					</TextBlock>
				</ComposedBlock>
				<ComposedBlock ID="cblock_2" HPOS="272" VPOS="1557" WIDTH="385" HEIGHT="23">
					<TextBlock ID="block_4" HPOS="272" VPOS="1557" WIDTH="385" HEIGHT="23">
						<TextLine ID="line_39" HPOS="272" VPOS="1557" WIDTH="385" HEIGHT="23">
							<String ID="string_323" HPOS="272" VPOS="1557" WIDTH="187" HEIGHT="23" WC="0.91" CONTENT="ärnepligtsutskottets"/><SP WIDTH="12" VPOS="1557" HPOS="459"/>
							<String ID="string_324" HPOS="471" VPOS="1557" WIDTH="111" HEIGHT="20" WC="0.96" CONTENT="Betänkande"/><SP WIDTH="13" VPOS="1557" HPOS="582"/>
							<String ID="string_325" HPOS="595" VPOS="1558" WIDTH="34" HEIGHT="17" WC="0.93" CONTENT="N:o"/><SP WIDTH="12" VPOS="1558" HPOS="629"/>
							<String ID="string_326" HPOS="641" VPOS="1559" WIDTH="16" HEIGHT="16" WC="0.96" CONTENT="1."/>
						</TextLine>
					</TextBlock>
				</ComposedBlock>
			</PrintSpace>
		</Page>
	</Layout>
</alto>
