1031 1695
323 121 22 23 U.
363 122 21 22 B.
401 132 27 5 —
445 122 64 28 Prop.
527 123 38 22 N:o
581 123 35 22 37.

140 251 68 24 ränta,
232 249 51 22 eller
305 250 23 21 af
349 251 103 26 egendom
474 253 57 20 emot
554 252 35 21 eld
604 251 40 22 och
658 251 67 22 brand

140 283 52 22 eller
208 284 99 27 sjöskada
329 302 4 4 .
365 303 4 4 .

113 316 119 29 Gäfvobref
249 319 97 22 karteras
361 303 44 38 lika
419 303 56 38 med.
483 303 108 44 köpebref,
609 303 45 38 och
663 303 61 44 skall,

138 352 30 27 på
182 355 45 20 sätt
242 360 34 15 om
291 354 110 27 bytesbref
415 357 24 18 är
453 355 107 27 stadgadt,
577 356 56 20 samt
639 355 35 22 vid
681 355 44 22 lika

137 386 87 29 påföljd,
249 388 88 28 gåfvans
360 389 64 22 värde
448 389 7 22 i
477 390 117 27 penningar
617 389 61 23 alltid
692 390 32 22 uti

138 422 145 26 gåfvobrefvet
305 425 94 20 utsättas
415 425 51 21 eller
480 424 7 21 i
502 426 65 19 annat
581 424 37 21 fall
632 424 92 28 lagligen

137 457 94 27 utredas,
247 458 29 27 på
291 459 37 21 det
341 459 193 28 stämpelbeloppet
547 459 36 21 må
597 459 72 22 kunna
676 460 47 21 der-

137 491 55 23 efter
207 493 136 22 bestämmas.

108 527 172 22 Konnässement
295 528 52 22 eller
361 527 117 24 fraktsedel
489 529 13 21 å
510 529 59 27 gods,
579 528 104 28 afgäende
691 529 32 22 till

138 564 33 20 ort
186 564 59 20 utom
258 563 99 22 Finland:

165 598 49 21 med
228 597 66 22 finskt
309 598 53 21 eller
375 598 60 28 ryskt
450 598 69 28 fartyg
539 615 4 4 .

187 649 10 10 »
227 633 114 21 utländskt
478 649 10 10 »

106 667 112 26 Kontrakt,
235 667 111 27 skriftligt:

137 704 32 19 1:o
186 708 34 15 om
241 702 96 27 arrende,
353 702 58 27 hyra,
427 703 54 26 lega,
499 702 72 28 städja
586 703 51 21 eller
653 709 68 14 annan

164 736 70 27 afgäld
257 736 34 22 för
309 737 111 27 egendom,
435 737 48 26 hus,
499 743 52 20 rum,
568 737 49 26 bod,
634 737 86 26 källare,

162 773 61 24 tomt,
239 771 110 27 trädgård,
366 777 71 22 qvarn,
449 771 74 27 fabrik,
534 771 61 27 bruk,
605 771 57 27 åker,
672 774 48 25 äng,

162 806 124 27 beteshage,
303 807 59 26 skog,
377 805 74 22 fiskeri
465 806 49 22 med
529 813 64 20 mera,
611 806 24 21 så
650 807 7 20 i
672 806 48 21 stad

162 847 46 15 som
229 841 29 27 på
279 841 80 24 landet,
383 841 61 26 skall,
467 843 52 19 utan
541 841 101 22 afseende
656 841 12 20 å
684 841 36 21 det

161 877 50 25 sätt,
227 875 81 28 hvarpå
323 876 126 21 kontraktet
465 878 24 19 är
503 876 133 27 upprättadt,
651 875 68 22 förses

160 910 49 22 med
224 910 69 27 karta,
308 911 110 21 beräknad
427 910 54 22 efter
491 911 40 22 den
540 911 178 23 arrendesumma,

160 946 52 27 hyra
235 946 52 21 eller
310 945 79 28 afgäld,
406 951 46 16 som
466 945 34 22 för
514 945 45 22 helt
574 945 25 22 år
614 945 33 27 sig
661 945 58 22 belö-

160 987 44 21 per,
221 980 100 22 sålunda:

160 1015 28 22 då
202 1015 66 28 hyran
283 1015 33 22 för
331 1015 47 22 året
392 1016 64 26 utgör
471 1015 32 22 till
518 1015 40 22 och
565 1015 49 21 med
624 1017 38 19 100
671 1015 48 28 Zac

160 1052 57 19 samt
232 1049 122 23 derutöfver
369 1049 32 22 för
416 1049 73 28 hvarje
504 1049 52 22 fulla
573 1051 39 20 100
628 1049 46 28 Fzyc

158 1085 64 26 Ingår
244 1085 7 22 i
266 1085 131 26 kontraktet,
414 1087 61 19 utom
489 1085 42 21 viss
548 1091 82 15 summa
644 1084 7 21 i
666 1091 51 21 pen-

130 1120 81 27 ningar,
233 1120 74 27 beting
331 1126 34 15 om
387 1119 82 22 förmån
493 1119 52 22 eller
567 1120 149 27 prestationer,

130 1161 46 15 som
191 1155 47 22 icke
254 1157 37 19 äro
306 1155 33 21 till
353 1154 66 23 värde
433 1155 8 21 i
455 1154 119 28 penningar
589 1155 89 26 utsatta,
687 1154 30 22 el-

128 1189 33 22 ler
184 1189 66 27 angår
272 1189 124 22 kontraktet
419 1189 76 22 endast
510 1189 81 21 sådana
605 1188 111 28 förmåner,

129 1224 65 22 varde
209 1224 8 21 i
231 1223 57 23 förra
303 1223 60 22 fallet
377 1223 77 22 kartan
469 1224 71 21 tillökt
553 1223 49 22 med

159 1259 41 21 och
214 1259 7 21 i
236 1259 37 21 det
288 1265 75 15 senare
379 1258 126 22 kontraktet
519 1258 82 22 försedt
615 1259 48 20 med
675 1275 4 4 .

129 1294 34 21 2:0
186 1293 111 26 angående
318 1292 43 29 köp
385 1293 40 22 och
447 1293 50 27 byte
519 1292 22 21 af
559 1292 55 27 jord,
629 1292 39 21 hus
687 1298 28 15 m.

157 1334 26 13 m.
215 1327 27 20 då
271 1327 103 21 särskildt
402 1327 105 26 köpebref
534 1329 119 24 upprättas,
683 1326 33 21 för

157 1361 74 26 hvarje
246 1361 77 20 ak.
355 1377 4 4 .

157 1401 49 15 men
220 1394 7 21 i
242 1395 65 20 annat
321 1393 37 22 fall
373 1377 96 39 karteras
485 1376 64 39 dessa
563 1376 102 39 kontrakt
672 1376 44 39 lika

158 1429 50 22 med
222 1429 108 27 köpebref.

150 1472 205 23 Bevillningsutskottets
372 1472 113 19 betänkande
500 1471 35 20 N:o
551 1471 16 20 1.

792 125 25 20 31

781 631 10 19 -

775 1256 10 19 -

810 597 27 20 50

807 1049 27 20 50)

806 1221 26 20 50
