1023 1695
228 157 27 21 30
385 157 79 22 Ständ.
479 157 37 22 Sv.
531 169 27 3 —
572 157 71 27 Prop.
658 157 39 21 N:o
711 157 38 21 40.

248 247 3 2 .
266 225 13 21 I
293 224 73 22 sådant
380 224 96 21 afseende
491 225 41 21 kan
542 225 125 25 framhållas,
678 226 31 20 att
717 225 153 28 värnepligtens
880 225 59 20 rätts-

199 259 68 28 grund
281 263 22 17 är
317 259 94 28 uttryckt
425 259 46 21 icke
486 260 52 21 blott
553 260 7 21 i
574 259 107 28 förslagets
697 260 14 26 &
727 260 18 25 1,
761 259 63 22 sådan
839 259 40 21 den
894 257 45 23 blif

199 293 32 22 vit
249 293 23 22 af
288 293 116 22 Ständerna
424 297 93 25 antagen,
541 296 50 19 utan
609 293 39 22 ock
671 294 11 21 7
707 295 13 25 &
741 293 8 21 i
765 294 54 21 1789
834 293 32 21 års
888 293 50 21 För-

199 327 80 26 säkran,
299 327 64 28 enligt
384 327 86 22 hvilken
489 330 67 19 staten
571 333 23 16 är
611 327 128 22 förbehållen
754 329 41 20 rätt
808 327 33 22 till
855 327 83 22 utskrif

199 362 51 29 ning
264 362 73 25 endast
353 366 38 17 när
405 362 79 22 landets
503 362 80 22 försvar
597 363 8 20 i
619 361 77 23 nödfall
716 363 50 21 eller
783 362 8 21 i
810 361 88 29 krigstid
917 361 22 22 så

199 397 86 21 fordrar.

266 431 54 21 Mer
331 430 55 21 hvad
401 429 124 23 sistberörda
534 430 153 29 grundlagsbud
697 430 136 26 vidkommer,
844 429 23 22 sä
876 429 63 22 förut-

199 467 64 20 sätter
277 465 35 21 det
329 464 97 22 tillvaron
441 465 62 21 äfven
517 464 23 22 af
555 472 26 14 en
595 464 47 22 icke
657 465 26 28 pä
697 464 127 29 utskrifning
838 464 100 28 grundad,

200 499 84 22 stående
299 498 50 22 eller
363 498 66 22 indelt
443 502 61 23 armé,
520 499 106 28 angående
644 499 86 21 hvilken
745 499 36 22 det
794 499 19 28 ej
828 499 66 22 finnes
909 501 31 20 ut-

200 533 116 28 tryckligen
326 532 94 29 stadgadt
430 535 30 20 att
470 533 46 22 dess
531 533 53 22 enda
598 533 83 29 uppgift
696 541 48 14 vore
758 533 80 22 landets
853 533 85 26 försvar,

199 575 34 14 om
255 567 39 22 ock
315 567 73 22 sådant
410 567 65 22 måste
496 575 60 14 anses
575 567 63 22 hafva
655 568 54 21 varit
727 568 46 21 dess
788 568 103 28 egentliga
905 572 34 17 än-

199 602 74 21 damål.

266 635 43 22 Om
323 643 29 14 nu
366 636 48 21 hela
428 636 137 21 härväsendet
582 636 74 22 ordnas
671 636 64 29 enligt
749 636 189 29 värnepligtssyste-

199 672 47 24 met,
261 669 71 22 kunde
347 669 98 29 möjligen
460 670 40 21 den
515 670 84 29 mening
613 674 59 24 göras
686 670 101 29 gällande,
802 673 36 23 att,
854 670 85 22 oaktadt

199 706 12 25 8
229 706 10 20 1
259 704 101 22 förklarar
378 706 83 20 tronens
480 705 38 20 och
538 704 176 22 fäderneslandets
732 704 79 22 försvar
830 712 49 14 vara
898 704 40 21 alla

198 739 143 28 medborgares
351 738 57 29 pligt,
419 739 40 21 den
469 739 33 21 del
517 738 23 22 af
553 739 53 26 dem,
622 747 44 13 som
681 739 66 21 bildar
763 739 24 22 de
802 739 71 21 aktiva
882 740 56 27 trup-

198 781 69 20 perna,
286 772 73 22 hvilka
379 773 60 20 träda
457 773 8 20 i
482 773 69 22 stället
569 773 32 21 för
619 773 86 21 värfvad
720 773 39 21 och
772 773 66 21 indelt
853 772 83 26 militär,

198 807 52 22 dock
265 814 49 14 vore
329 806 139 22 underkastad
475 806 62 23 sådan
548 807 148 22 vidsträcktare
707 807 124 28 skyldighet,
843 814 49 19 som,
904 807 32 21 till

198 841 51 28 följd
259 840 23 22 af
289 841 80 21 utrikes
379 841 111 27 politikens
504 841 114 28 vexlingar,
635 841 102 21 måhända
751 841 101 22 befunnes
867 841 69 28 nödig.

265 876 57 22 Utan
337 877 31 20 att
382 874 86 22 förneka
483 875 35 22 det
532 877 94 27 nogsamt
640 875 69 21 kända
723 875 128 22 förhållande
866 877 30 19 att
912 883 25 13 en

197 910 82 22 nations
300 918 52 20 egna
369 910 153 22 statsintressen
541 910 72 28 kunna
632 909 95 29 påfordra
745 910 115 28 krigföring
875 909 61 23 äfven

198 947 58 19 utom
272 944 81 22 landets
371 948 89 24 gränser,
476 952 49 14 anse
541 944 117 22 Ständerna
673 946 30 20 att
717 944 35 22 det
766 944 47 28 föga
827 944 67 21 skulle
910 943 28 22 öf-

198 981 162 20 verensstämma
381 986 49 14 vare
452 978 30 29 sig
500 978 48 22 med
566 980 55 20 1789
641 978 32 22 års
692 979 118 21 Försäkran
825 979 51 21 eller
890 979 47 21 med

197 1013 131 23 merberörda
347 1014 13 26 &
376 1013 10 21 1
403 1013 32 21 uti
454 1013 191 29 värnepligtslagen,
662 1013 68 22 derest
748 1013 25 21 de
788 1012 150 30 värnepligtige

197 1050 113 27 trupperna
331 1047 127 22 mobiliseras
480 1048 38 20 och
536 1047 103 22 användas
657 1047 8 21 i
679 1047 79 29 fälttåg,
773 1055 44 13 som
835 1047 47 21 icke
900 1055 38 20 ega

197 1082 68 28 någon
279 1081 126 29 gemenskap
420 1082 48 21 med
482 1082 80 21 landets
577 1081 84 22 försvar.
691 1082 51 21 Men
756 1081 48 21 med
818 1080 76 23 fästadt
909 1080 29 22 af-

197 1116 75 22 seende
292 1115 26 29 på
335 1114 135 29 möjligheten
492 1115 23 22 af
529 1124 50 20 nyss
596 1116 91 28 antydda
706 1115 100 29 tolkning,
826 1122 62 21 synes
903 1115 35 21 det

198 1151 52 21 dock
264 1149 103 29 behöfligt,
383 1151 31 21 att
428 1150 186 28 värnepligtslagen
628 1150 93 28 angifver
731 1150 76 21 vidden
817 1149 23 21 af
848 1149 25 22 de
884 1150 52 28 skyl-

198 1186 94 28 digheter
309 1184 40 22 den
368 1183 32 22 för
419 1184 92 28 krigsfall
530 1184 88 28 ålägger,
634 1184 90 22 särdeles
739 1184 26 21 då
779 1184 7 21 i
801 1184 136 22 betraktande

197 1222 64 26 tages,
279 1221 30 19 att
328 1218 97 26 Finland,
441 1219 32 21 till
492 1218 51 28 följd
563 1218 24 22 af
598 1218 32 22 sin
645 1218 121 28 dynastiska
780 1218 96 28 förening
889 1218 48 21 med

198 1254 40 20 den
255 1252 63 29 ryska
336 1253 73 24 staten,
425 1252 7 21 i
450 1252 113 21 allmänhet
581 1252 93 21 befinner
693 1252 32 27 sig
742 1252 31 21 uti
790 1254 29 19 ett
833 1252 48 21 med
895 1251 43 28 kej-

197 1287 116 22 saredömet
323 1287 128 27 gemensamt
460 1285 127 22 förhållande
597 1285 33 22 till
639 1285 128 22 främmande
782 1285 86 22 makter.
888 1285 50 22 Frå-

197 1329 46 21 gan,
254 1320 104 22 huruvida
367 1320 97 26 Finland,
475 1320 33 22 till
517 1319 52 30 följd
578 1320 23 22 af
611 1320 32 22 sin
658 1321 97 21 unionela
770 1320 103 29 ställning,
884 1320 53 22 skall

197 1363 60 14 anses
271 1355 111 22 förbundet
397 1357 30 20 att
441 1355 67 22 aktivt
523 1355 81 28 deltaga
618 1355 8 21 i
641 1355 40 21 alla
696 1355 25 22 de
735 1355 52 28 krig,
804 1363 43 14 som
862 1363 74 20 genom

199 1389 114 30 Rysslands
323 1389 97 30 politiska
429 1389 103 22 intressen
543 1389 71 22 kunna
624 1389 132 29 uppkomma,
767 1389 31 22 får
813 1390 51 21 allra
873 1390 64 21 minst

197 1426 80 21 lemnas
295 1424 107 26 obeaktad,
422 1429 37 17 när
478 1424 35 22 det
531 1425 65 28 gäller
610 1426 31 20 att
655 1424 31 22 för
701 1424 80 23 landets
796 1429 60 17 söner
870 1424 67 22 införa

198 1459 134 30 obligatorisk
345 1458 125 29 krigstjenst.

264 1493 83 23 Härvid
369 1501 48 14 anse
435 1493 116 22 Ständerna
570 1493 31 29 sig
621 1493 73 22 främst
711 1494 50 21 böra
778 1493 88 29 åberopa
880 1493 56 22 hvad
