1031 1695
242 169 12 20 6
425 168 27 19 U.
463 169 28 18 B.
503 178 22 4 —
536 169 78 22 Prop.
624 169 43 18 N:o
680 169 36 17 42.

215 239 33 24 B.,
264 237 55 20 skall
332 237 108 21 användas
456 237 33 20 till
503 236 159 27 utbetalningar
670 235 24 22 af
699 235 101 22 Finlands
816 236 62 21 andel
893 236 7 21 i
915 236 25 21 de

215 271 32 20 uti
260 272 138 20 testamentet
412 271 111 20 bestämda
545 270 81 27 legater
642 270 39 21 och
696 270 34 21 till
744 269 138 22 bestridande
895 270 45 21 tills

215 304 71 21 vidare
302 304 23 21 af
340 304 140 27 förvaltnings
498 303 117 22 kostnaden
630 303 33 22 för
677 303 68 28 begge
759 303 111 26 fonderna,
886 306 54 19 samt

217 341 32 19 att
264 339 42 26 det,
323 345 46 14 som
384 339 24 21 af
421 338 69 21 denna
504 338 55 21 hälft
574 337 92 22 derefter
680 338 98 25 återstår,
793 337 55 28 finge
864 345 29 14 nu
908 345 33 15 re-

217 373 41 21 dan
273 372 108 22 användas
397 373 47 20 ”för
459 373 155 26 Vettenskaper
630 373 39 20 och
684 372 68 21 sköna
766 372 94 26 konster,
874 373 66 21 Litte-

216 408 50 20 rära
280 406 94 21 Arbeten
390 407 39 20 och
444 406 96 21 skrifters
556 406 66 27 gratis
638 406 110 27 utdelning
764 406 33 21 till
811 406 112 27 allmoge”.

272 441 49 21 Men
336 440 89 21 emedan
440 440 36 21 det
490 440 61 21 torde
566 447 50 14 vara
630 441 58 20 svårt
702 441 32 20 att
748 439 94 22 beräkna
858 440 35 21 det
907 441 36 20 be-

216 474 58 27 lopp,
295 474 86 21 hvartill
404 474 69 21 denna
490 474 72 21 halfva
576 475 63 20 ränta
653 474 96 21 kommer
763 475 32 20 att
809 474 79 27 uppgå,
904 475 39 20 och

217 508 114 27 utredning
346 508 78 21 saknas
440 516 35 13 om
489 508 26 21 de
529 509 87 27 legater,
631 508 72 21 hvilka
714 509 58 20 ännu
786 508 81 27 årligen
882 508 61 21 skola

216 543 114 25 utbetalas,
339 545 56 19 samt
401 542 285 28 förvaltningskostnaderna
694 543 47 21 icke
748 542 67 21 heller
822 542 61 21 torde
889 543 54 20 kun-

217 584 28 13 na
259 577 27 27 på
299 577 91 21 förhand
405 577 134 26 bestämmas,
552 579 52 19 utan
616 577 76 20 sådant
702 576 67 22 hellre
782 576 57 21 lärer
850 577 52 21 böra
913 577 31 21 öf-

217 611 117 21 verlemnas
341 611 23 21 åt
368 611 266 28 Bankfullmäktige,anser
638 611 112 21 Utskottet
755 611 71 26 någon
832 611 110 21 föreskrift

217 645 35 21 vid
262 645 69 21 denna
339 645 103 28 landtdag
454 645 46 22 icke
507 645 67 21 heller
581 645 73 20 kunna
661 645 109 21 meddelas
778 651 34 14 om
820 645 123 21 användan-

219 679 41 26 det,
276 679 34 22 för
324 679 142 22 befordrande
481 679 23 22 af
523 679 138 26 vetenskaper
679 679 40 21 och
734 679 68 20 sköna
814 679 88 21 konster
912 681 32 18 'm.

218 721 34 18 m.,
263 713 24 22 af
300 714 42 25 det,
358 713 52 21 efter
424 714 139 21 förenämnda
578 713 80 27 afdrag,
673 713 143 28 tilläfventyrs
828 713 116 22 återståen-

219 748 25 21 de
258 748 72 21 halfva
344 747 162 28 räntebeloppet
520 748 48 22 från
582 747 78 22 fonden
676 747 50 22 Litt.
741 747 33 27 B.;
790 747 38 22 och
844 747 100 22 hemstäl-

218 782 32 21 ler
264 782 110 21 Utskottet
389 782 91 21 derföre:

425 841 30 20 att
472 839 179 27 Bankfullmäktige
669 839 63 26 blefve
750 839 112 22 anmodade
877 841 30 20 att
920 840 29 21 till

369 875 61 20 nästa
445 875 93 24 landtdag
546 875 101 20 inkomma
661 874 45 21 med
719 875 60 26 nödig
793 875 106 26 utredning
914 877 32 18 rö-

366 909 64 20 rande
445 910 100 19 räntorna
559 910 13 19 å
585 909 74 26 fonden
673 909 44 20 Litt.
733 909 23 20 B.
778 910 54 19 samt
844 909 45 20 med
900 909 45 26 för-

370 943 43 25 slag
434 943 29 20 till
481 943 115 26 disposition
616 943 64 20 under
694 943 38 20 den
748 944 103 19 närmaste
864 942 81 27 framti-

371 976 38 21 den
424 976 26 26 af
460 977 57 25 hvad,
533 981 42 15 som
589 977 7 20 i
606 977 85 25 enlighet
700 977 46 20 med
754 975 193 22 bestämmelserna
937 971 15 35 i

369 1011 123 20 testamentet
504 1010 52 26 finge
575 1011 106 20 användas
701 1010 47 25 utaf
760 1010 89 21 nämnda
863 1011 79 25 räntor,

366 1043 50 26 efter
431 1043 73 27 afdrag
518 1044 26 25 af
554 1043 76 26 legater
644 1044 37 20 och
697 1043 247 27 förvaltningskostnader.

277 1094 30 21 Ur
323 1094 25 21 de
364 1094 59 21 delar
437 1094 24 20 af
473 1095 143 24 testamentet,
632 1101 46 14 som
692 1093 34 22 för
742 1094 64 27 öfrigt
821 1095 73 20 kunna
909 1101 39 20 ega

219 1128 151 28 tillämplighet
385 1129 67 21 under
460 1128 146 27 tidsperioden
614 1128 56 21 intill
679 1130 64 19 nästa
756 1128 110 27 landtdag,
882 1129 64 20 fram-

218 1164 38 26 går
272 1163 66 27 enligt
356 1163 120 21 Utskottets
494 1158 144 32 uppfattning:
658 1165 31 19 att
708 1163 27 21 då
753 1163 149 27 Längmanska
916 1165 30 19 te-

220 1196 190 25 stamentsfonden,
421 1197 29 26 pä
460 1197 42 20 sätt
509 1196 108 22 allaredan
629 1197 62 25 skett,
701 1197 91 27 uppgått
806 1197 33 20 till
856 1197 88 25 155,000

219 1231 68 25 rubel,
302 1231 149 20 motsvarande
467 1231 90 24 620,000
572 1231 66 24 mark,
655 1230 61 21 deraf
728 1231 41 20 bör
783 1231 70 20 bildas
869 1232 76 18 tvenne

220 1264 69 20 skilda
303 1263 152 28 grundfonder,
477 1263 49 21 Litt.
549 1265 25 19 A.
593 1270 34 14 om
643 1264 90 24 250,000
749 1264 40 20 och
804 1264 50 20 Litt.
870 1263 24 21 B.
910 1271 34 13 om

220 1298 90 25 370,000
326 1297 66 26 mark,
415 1296 72 22 hvilka
505 1297 80 27 jemväl
602 1296 55 23 böra
671 1296 102 22 särskildt
787 1297 101 22 bokföras
904 1298 40 21 och

218 1331 114 26 förräntas,
345 1331 67 28 jemte
429 1331 36 21 det
483 1331 48 20 utaf
544 1331 25 21 de
587 1331 84 27 belopp,
687 1331 101 21 hvarmed
803 1331 143 28 tillgångarna

220 1366 131 28 Ofverskjuta
372 1365 140 22 förenämnda
532 1366 90 25 620,000
636 1365 68 26 mark,
719 1366 45 27 /,,
780 1365 117 23 öfverföras
911 1367 35 21 till

220 1401 78 20 fonden
319 1400 50 21 Litt.
394 1399 22 21 A.
440 1400 40 21 och
501 1399 45 28 %/,
568 1400 33 21 till
625 1399 79 22 fonden
726 1400 50 21 Litt.
798 1400 32 27 B.;
858 1403 32 19 att
913 1401 34 21 till

220 1435 79 22 fonden
322 1435 50 22 Litt.
394 1435 24 20 A.
442 1435 40 22 bör
502 1435 102 22 hänföras
629 1434 25 23 de
676 1435 91 27 valutor,
789 1436 109 21 hvarifrän
920 1436 26 22 de

219 1469 161 28 förmonligaste
408 1470 74 21 räntor
508 1470 37 20 äro
575 1472 32 19 att
630 1469 103 28 päräkna;
756 1471 32 20 att
812 1470 48 21 från
874 1471 72 20 halfva

220 1505 78 21 räntan
324 1505 28 26 pä
376 1503 79 22 fonden
475 1504 50 21 Litt.
546 1504 24 21 B.
594 1504 54 21 skall
672 1505 106 22 utbetalas
800 1505 76 22 främst
897 1505 49 22 Fin-

288 1545 189 20 Ekonomiutskottets
489 1545 116 18 betänkande
617 1545 33 18 N:o
660 1545 16 18 9.
