1039 1692
301 165 29 23 U.
346 165 26 22 B.
388 178 28 3 —
433 166 73 28 Prop.
522 166 45 22 N:o
582 166 36 23 39.
793 168 13 20 3

87 228 88 21 hamnar
190 228 166 27 handelssjöfart
370 230 89 20 idkades
474 230 27 26 på
515 230 82 21 utrikes
613 232 39 24 ort,
666 230 67 21 finnas
749 232 30 19 ett
793 232 40 25 sjö-

86 262 101 21 manshus
206 263 48 21 med
273 263 89 26 uppgift,
380 264 65 21 bland
464 266 70 24 annat,
555 265 31 20 att
604 264 137 27 understödja
759 264 75 27 fattige

87 297 39 20 och
140 297 128 21 nödlidande
284 297 146 26 medlemmar,
446 298 34 20 för
494 298 81 21 hvilket
589 298 98 21 ändamål
703 299 130 26 sjömanshu-

87 336 36 15 sen
143 331 69 20 skulle
231 331 95 21 utbetala
345 331 45 21 dels
410 332 113 26 pensioner
539 331 22 21 åt
576 331 103 27 skeppare
695 332 39 21 och
749 332 84 27 sjöfolk,

86 371 45 14 som
149 365 91 26 uppnått
256 365 43 21 viss
318 365 59 21 ålder
396 365 39 22 och
455 366 90 21 inbetalt
559 365 129 22 föreskrifna
702 366 131 27 pensionsaf-

85 399 70 26 gifter,
176 401 54 19 samt
249 399 55 21 efter
322 400 61 20 deras
406 400 41 21 död
465 400 22 21 åt
502 400 62 21 deras
580 400 65 21 enkor
660 401 38 20 och
713 401 59 26 barn,
789 401 45 20 dels

85 433 109 26 tillfälliga
215 433 117 22 understöd
350 433 22 21 åt
390 434 117 21 medellöse
527 434 39 21 och
585 435 127 21 nödlidande
731 435 103 20 befälhaf-

85 474 50 15 vare
155 468 38 21 och
213 468 82 27 sjömän
314 468 108 21 äfvensom
438 469 22 20 åt
475 469 62 21 deras
553 469 66 21 enkor
634 469 38 21 och
687 469 53 21 barn
755 471 39 19 när
808 469 26 22 de

85 503 46 21 icke
146 509 51 15 vore
212 503 33 20 till
260 503 88 26 pension
363 503 141 26 berättigade.
534 503 41 21 Till
590 503 137 22 bestridande
737 503 24 21 af
770 504 62 21 dessa

85 540 39 21 och
147 539 69 27 öfriga
234 539 89 27 utgifter
342 540 68 21 skulle
435 540 160 27 sjömanshusen
615 540 80 27 årligen
714 540 82 27 åtnjuta
814 541 19 26 ej

85 574 82 21 mindre
183 575 31 20 ett
228 574 130 27 statsanslag
373 574 23 21 af
410 575 79 25 10,000
503 575 61 20 mark
580 575 38 20 och
634 575 39 20 den
689 575 87 26 kollekt,
788 581 45 14 som

84 609 7 20 i
107 609 107 26 kyrkorna
228 608 34 21 för
278 609 47 21 dem
340 609 112 26 uppbäres,
469 609 72 21 hvilka
555 609 70 21 medel
641 609 68 21 skulle
724 609 23 21 af
755 609 78 21 Finans

84 643 155 26 Expeditionen
255 643 6 20 i
276 643 121 26 Kejserliga
413 643 92 21 Senaten
520 643 94 22 fördelas
629 643 28 27 på
671 643 160 27 sjömanshusen

83 677 7 20 i
106 677 134 21 förhållande
255 677 34 21 till
304 677 80 21 antalet
399 677 38 22 der
452 678 112 21 inskrifvet
578 677 83 27 sjöfolk,
673 680 26 19 än
710 677 62 22 äfven
783 678 50 21 läst-

84 711 93 27 afgifter,
207 711 26 21 de
261 711 38 21 der
325 711 65 22 borde
414 711 23 21 af
457 711 110 22 inhemska
589 712 154 26 skeppsredare
765 713 69 26 erläg-

84 752 37 21 gas
142 746 49 21 med
210 745 27 21 20
252 745 64 27 penni
331 745 33 21 för
378 745 74 27 hvarje
467 746 41 21 läst
523 746 23 21 af
559 746 26 21 de
601 747 7 19 i
623 747 164 26 magistraterna
801 747 33 21 för

84 779 76 28 sjöfart
174 779 104 22 inskrifna
293 779 71 28 fartyg
373 779 39 22 och
422 779 33 22 för
465 781 113 20 utländska
589 781 65 26 skepp
665 781 48 21 med
724 781 110 21 enahanda

84 814 83 27 belopp,
187 814 27 21 då
234 815 25 20 de
279 814 67 21 första
368 814 84 27 gången
475 821 33 14 om
528 815 46 21 året
592 815 80 21 besöka
690 815 55 21 finsk
763 815 69 26 hamn,

84 850 55 20 samt
154 849 108 21 dessutom
278 849 142 26 sjömanshus-
437 849 38 21 och
485 850 193 26 pensionsafgifter,
689 850 144 27 förhyrnings-

84 885 112 25 procenter
211 890 27 14 m.
254 882 20 22 fl.
290 883 86 27 afgifter
392 884 39 20 och
446 884 82 26 bidrag,
545 890 44 14 som
605 884 30 20 uti
646 884 73 27 hvarje
730 884 102 27 sjömans-

83 918 40 21 hus
139 918 69 21 skulle
223 918 107 27 uppbäras
347 918 37 21 och
400 918 108 21 förvaltas.

152 952 11 21 I
178 952 37 21 sitt
229 952 145 26 underdåniga
389 958 49 15 svar
450 953 91 21 anmälte
553 952 124 26 Ständerna,
689 954 31 20 att
731 954 25 20 de
767 954 64 20 funno

84 986 127 26 stadgandet
227 992 33 15 om
274 986 25 21 de
310 986 135 26 lästafgifter,
457 992 45 15 som
513 986 70 22 skulle
593 986 23 21 af
624 987 109 21 inhemske
745 988 86 26 skepps-

84 1021 75 21 redare
179 1021 105 26 erläggas,
302 1021 84 26 jemlikt
406 1021 28 21 45
450 1020 11 28 $
476 1021 8 20 i
498 1021 200 27 Regeringsformen
715 1022 22 20 af
751 1022 40 21 den
806 1023 24 21 21

83 1055 91 26 Augusti
194 1056 60 25 1772,
274 1055 14 21 5
307 1061 62 15 mom.
388 1055 8 21 i
414 1055 117 27 Förenings
547 1055 38 21 och
602 1055 114 21 Säkerhets
732 1056 63 21 akten
811 1057 22 21 af

84 1089 41 21 den
144 1090 26 20 21
190 1089 103 21 Februari
309 1090 37 20 och
363 1090 12 20 3
391 1089 60 26 April
469 1089 53 21 1789
539 1091 55 19 samt
609 1090 27 20 72
651 1090 11 26 $
677 1090 8 20 i
700 1090 132 27 Landtdags-

84 1124 116 25 ordningen
220 1124 39 20 den
277 1123 27 21 15
318 1124 61 25 April
396 1123 60 25 1869,
472 1130 51 14 vara
538 1124 105 20 beroende
659 1124 22 20 af
694 1124 55 21 båda
765 1124 67 22 Stats-

83 1157 123 21 makternas
216 1158 228 20 sammanstämmande
455 1157 77 26 beslut,
543 1164 48 14 men
602 1157 122 22 förklarade
735 1159 32 25 sig
778 1159 53 21 dock

83 1191 51 27 vilja
149 1192 108 26 samtycka
272 1192 40 25 till,
328 1193 32 19 att
369 1192 84 20 landets
468 1191 153 27 skeppsredare
632 1192 114 21 förbundes
757 1194 32 19 att
798 1194 33 20 till

84 1232 25 14 en
131 1226 180 26 pensionsanstalt
330 1226 33 20 för
380 1225 228 27 fartygsbefälhafvare
631 1226 38 20 och
695 1226 78 27 sjöfolk
799 1234 32 14 er-

82 1258 64 27 lägga
165 1266 26 14 en
209 1260 54 26 årlig
282 1259 63 27 afgift
360 1260 32 20 till
412 1260 92 20 nämnda
518 1260 77 26 belopp
610 1260 49 20 med
673 1260 112 26 förbehåll,
801 1263 31 19 att

83 1293 36 21 det
133 1293 33 21 till
182 1293 82 21 förmon
275 1294 33 20 för
318 1294 8 20 i
336 1294 60 26 fråga
407 1294 85 20 komma
501 1294 217 27 pensionsinrättning
729 1295 102 27 anslagna

83 1327 153 26 statsbidraget
250 1328 77 26 höjdes
342 1328 33 20 till
390 1328 80 25 40,000
482 1328 60 19 mark
557 1328 39 20 och
612 1328 122 21 oafkortadt
749 1329 80 26 årligen

83 1360 86 26 utginge
192 1360 48 21 med
263 1361 59 21 detta
341 1360 77 27 belopp
439 1360 127 21 åtminstone
585 1360 56 21 intill
660 1362 48 20 dess
724 1362 106 21 anstalten

83 1394 89 21 kommit
190 1394 7 21 i
212 1394 49 22 fullt
282 1395 62 22 stånd
359 1394 39 22 och
413 1394 71 22 blifvit
498 1394 107 28 varaktigt
620 1395 124 28 betryggad.
774 1396 11 21 I
801 1397 30 21 öf-

83 1429 48 27 rigt,
151 1429 40 21 och
210 1430 88 21 emedan
314 1429 102 28 förslaget
432 1429 33 22 till
480 1429 124 28 förordning
620 1436 34 15 om
669 1431 162 26 sjömanshusen

83 1463 121 27 förutsatte,
228 1464 35 21 det
278 1471 26 15 en
326 1464 92 21 särskild
441 1464 165 27 pensionskassa
628 1465 68 21 skulle
714 1465 69 22 bildas
798 1466 33 21 för

151 1511 168 16 Ekonomiutskottets
331 1511 103 16 betänkande
448 1510 32 17 N:o
493 1511 28 16 13.
