1023 1695
262 163 79 23 Ständ.
357 164 36 22 Sv.
411 177 23 2 —
451 165 69 26 Prop.
536 158 40 27 N:o
592 164 36 21 40.
759 165 27 21 49

208 234 34 19 2:0
264 233 40 24 De,
320 239 43 14 som
378 233 121 26 genomgått
518 233 100 24 normal-,
633 233 55 20 real-
704 233 52 20 eller
770 233 46 26 sju-

141 266 96 26 klassiga
260 267 74 26 lyceer,
356 267 129 26 gymnasier,
504 265 96 21 tekniska
616 256 51 30 Mer
677 266 139 28 Jyrklassiga

141 299 125 24 realskolor,
290 299 316 27 folkskolelärareseminarier,
633 299 183 27 handelsinstitut,

142 333 66 27 högre
223 333 114 28 afdelming
352 333 30 27 aj
393 333 221 26 landtbruksinstitut,
626 333 52 20 eller
688 333 68 28 aflagt
765 337 51 18 mot-

141 367 107 21 svarande
263 367 167 28 kunskapsprof,
444 367 108 28 äfvensom
564 367 32 26 de,
609 367 72 21 hvilka
696 369 121 27 genomgätt

142 402 111 21 allmänna
275 401 111 22 klasserna
409 401 29 27 af
451 401 76 27 finska
549 401 146 26 kadettkären,
716 403 52 20 eller
782 403 35 20 vid

141 435 199 28 navigationsskola
361 436 117 27 undergätt
500 438 118 26 styrmans-
636 436 52 20 eller
702 436 115 28 skeppare-

142 477 92 19 examen,
257 471 58 26 tjena
335 470 8 20 i
362 470 58 20 aktiv
441 470 63 27 tjenst
524 472 28 18 ett
567 470 27 20 är
608 469 38 21 och
662 477 36 14 sex
712 471 104 20 månader

141 504 39 21 och
194 504 36 21 vid
245 511 96 14 reserven
356 506 31 18 tre
403 504 26 20 är
445 504 36 20 och
495 510 38 14 sex
548 504 108 20 mänader.

208 552 33 18 3:0
259 550 133 20 Studerande
401 550 36 20 vid
448 550 129 24 universitet,
588 549 106 27 äfvensom
706 550 30 25 de,
745 550 71 21 hvilka

141 584 122 28 genomgått
280 584 137 28 fullständig
435 584 50 21 kurs
505 584 37 20 vid
556 584 64 27 högre
636 584 96 21 läroverk
748 586 28 19 än
792 585 25 20 de

142 619 8 20 i
165 625 59 15 mom.
241 620 33 20 2:o
290 619 102 25 nämnda,
408 618 51 20 eller
475 618 36 21 ock
526 618 69 28 aflagt
605 619 149 21 motsvarande
764 619 52 21 kun-

142 652 124 28 skapsprof,
282 654 55 20 samt
352 653 30 25 de,
393 652 72 21 hvilka
476 652 114 28 undergätt
601 652 215 28 sjökaptensexamen,

142 688 59 27 tjena
216 688 9 20 i
240 688 58 20 aktiv
313 688 63 27 tjenst
392 690 28 18 ett
436 688 26 20 år
477 688 37 20 och
528 687 36 21 vid
578 694 95 14 reserven
684 688 56 28 fyra
757 689 31 20 år.

449 745 15 27 $
478 746 35 20 33.

210 779 15 21 I
235 779 48 27 fall
300 779 25 21 de
342 779 8 20 i
370 785 58 14 mom.
443 780 16 20 2
475 779 38 20 och
528 780 14 20 3
556 779 15 27 $
585 780 29 20 32
628 780 124 20 omnämnde
766 787 52 20 per-

142 820 63 15 soner
228 813 90 21 inträda
337 812 35 21 vid
389 812 58 21 aktiv
466 815 64 25 trupp
544 814 32 26 på
590 814 73 26 grund
677 814 31 26 af
718 814 99 28 lottning,

143 848 107 20 anställas
266 848 26 19 de
311 847 20 27 ej
350 847 8 20 i
376 846 150 27 befattningar
547 846 51 21 eller
620 846 198 30 kommenderingar

143 884 57 18 utom
226 881 93 25 fronten,
341 881 69 21 derest
430 881 25 20 de
475 881 19 26 ej
512 880 74 28 sjelfve
605 881 73 21 dertill
699 882 119 27 samtycka;

142 915 54 22 dock
212 917 32 19 att
259 915 80 26 läkare,
354 915 131 20 veterinärer
500 915 37 20 och
548 910 149 31 farmaceuter
706 917 112 20 användas

140 951 31 26 på
186 951 43 20 sätt
244 956 44 14 som
303 951 118 19 motsvarar
436 949 90 21 enhvars
540 949 57 28 yrke.

158 1023 23 22 E)
199 1022 34 19 Om
245 1023 93 18 befrielse
351 1023 36 18 och
399 1022 92 23 eftergift
502 1023 25 22 på
539 1023 63 23 grund
614 1023 22 18 af
645 1023 43 18 kall
700 1024 36 17 och
748 1024 55 23 yrke.

450 1069 15 27 $
479 1070 34 21 34.

211 1103 61 21 Från
283 1103 147 27 värnepligten
436 1102 107 27 frikallas
550 1106 85 24 prester
645 1104 30 26 af
680 1104 46 20 alla
734 1104 83 21 kristna

145 1137 189 25 trosbekännelser,
350 1136 107 27 äfvensom
479 1137 111 21 ordinarie
605 1137 51 21 eller
672 1137 147 28 tjenstförrät-

146 1172 64 20 tande
229 1171 144 27 psalmläsare
397 1171 28 27 af
442 1170 163 28 grekisk-ryska
628 1172 190 26 trosbekännelsen,

146 1205 71 21 hvilka
232 1205 92 27 afslutat
334 1205 42 27 för
390 1206 46 20 dem
451 1205 101 27 stadgade
568 1204 82 22 kurser.

451 1256 15 27 $
480 1257 35 20 35.

218 1290 69 21 Under
298 1289 99 28 fredstid
409 1289 107 28 frikallas
527 1289 57 28 från
599 1289 57 22 aktiv
671 1291 147 28 tjenstgöring,

146 1324 47 20 med
208 1324 122 27 skyldighet
349 1323 51 21 dock
415 1326 33 17 att
463 1325 7 18 i
480 1324 46 25 fem
543 1325 37 18 års
595 1325 32 18 tid
642 1324 80 20 räknas
737 1325 35 20 till
786 1331 32 14 re-

146 1364 72 15 serven
233 1357 37 21 och
286 1357 91 26 derefter
392 1357 35 20 till
443 1357 141 26 landtvärnet,
595 1356 103 28 följande
709 1364 109 21 personer,

147 1392 29 21 då
192 1391 26 21 de
229 1391 32 28 pä
274 1391 74 28 grund
363 1389 29 29 af
403 1393 87 24 uttagen
505 1392 39 20 lott
559 1390 64 21 borde
638 1391 89 21 inträda
736 1392 36 21 vid
782 1391 35 22 ak-

148 1427 44 20 tiva
207 1428 125 25 trupperna,
348 1425 112 28 nemligen:

216 1473 31 20 1:o
270 1471 92 26 Läkare,
381 1471 98 22 anstälde
494 1472 9 20 i
516 1473 80 19 statens
616 1471 50 21 eller
683 1471 135 24 kommunens

149 1508 69 28 tjenst,
234 1506 108 28 äfvensom
357 1505 243 29 apoteksföreständare,

741 1543 10 17 4
