1036 1692
236 149 26 19 70
420 150 26 18 U.
462 150 32 18 B.
512 160 22 3 —
551 151 81 22 Prop.
648 151 44 18 N:o
707 152 39 17 40.

276 216 22 26 a)
314 216 26 19 de
355 222 45 14 som
416 222 75 20 genom
509 216 98 27 behörigt
622 216 133 20 läkarebevis
770 216 70 26 styrkt
855 217 32 26 sig
901 216 7 20 i
924 216 29 20 af-

212 249 77 21 seende
308 250 13 20 å
343 250 71 27 längd,
428 250 154 20 helsotillständ
599 250 52 20 eller
665 249 178 29 kroppsdygynad
857 257 52 14 vara
924 250 31 20 till

208 284 124 27 krigstjenst
346 283 97 28 duglige;

275 322 23 28 0)
323 323 25 20 de
372 330 44 13 som
439 324 32 20 för
495 324 139 20 ekonomiska
653 324 178 27 angelägenheter
846 324 51 20 eller
913 326 40 17 stu-

210 358 56 20 diers
284 357 118 21 afslutande
418 358 84 21 erhällit
516 359 94 26 uppskof
623 359 31 19 till
671 360 64 19 annat
750 359 34 25 &r;
800 359 39 19 och

275 400 21 24 €)
313 398 24 21 de
351 399 8 19 i
374 399 14 26 $
402 397 30 23 37
448 399 38 26 (43
501 398 37 21 och
553 398 36 27 44)
605 399 88 21 nämnde
708 398 157 27 värnepligtiye.

275 437 50 20 Alla
340 438 61 21 dessa
415 445 102 20 personer
539 446 40 20 ega
594 441 43 18 rätt
651 441 31 18 att
697 445 76 21 genom
790 439 75 20 ombud
881 439 73 20 tillstä-

208 471 37 20 des
264 472 91 20 komma.

275 512 59 26 Laga
356 513 61 19 orsak
437 513 32 20 till
490 513 144 20 uteblifvande
657 513 46 20 frän
725 513 84 26 uppbäd
832 515 61 24 utgör
908 513 48 20 svär

208 545 97 26 sjukdom
327 546 52 20 eller
398 549 64 18 annat
478 547 178 27 oöfvervinneligt
669 547 83 26 hinder,
767 553 44 14 som
827 547 127 20 vederbörli-

208 585 40 20 gen
263 580 70 20 blifvit
348 580 74 27 styrkt.
448 581 74 20 Såsom
545 581 114 27 sjukbetyg
674 581 122 27 godkännes
814 581 60 27 intyg
890 581 23 20 af
925 581 29 20 lä-

207 613 51 21 kare
281 615 52 20 eller
354 617 78 24 pastor.
463 612 31 23 Är
517 615 75 21 sådant
614 615 71 20 förfall
707 615 87 21 allmänt
811 615 89 27 kunnigt
922 616 34 19 må

206 648 90 21 nämden
311 649 36 20 det
357 651 85 25 antaga,
458 650 54 20 ändå
527 652 30 18 att
573 650 36 20 det
624 651 18 25 ej
659 650 99 20 särskildt
774 650 88 26 styrkes.

516 721 9 21 s
542 719 32 20 66.
590 719 55 24 (75.)

274 764 30 19 På
319 763 164 27 uppbädsdagen
506 765 54 18 skall
583 765 39 19 den
638 763 115 20 förstärkta
768 764 184 26 uppbädsnämden

208 797 119 20 bestämma
349 798 39 20 och
404 798 6 19 i
426 798 188 27 upphädslängden
627 798 105 19 anteckna
746 798 7 19 i
768 798 55 20 hvad
839 798 48 20 män
902 805 50 19 upp-

208 831 54 26 skof,
285 831 95 27 eftergift
398 831 51 20 eller
464 831 100 21 befrielse
580 832 39 20 bör
634 838 26 12 en
675 831 51 20 eller
742 839 67 12 annan
825 833 23 19 af
861 832 26 19 de
902 839 50 19 upp-

206 865 82 20 bädade
311 866 180 26 tillgodokomma.
525 866 44 20 Och
599 866 64 20 sedan
684 866 90 19 nämden
797 866 65 27 härpå
877 872 76 20 genom

207 905 80 20 upprop
305 900 55 26 gjort
376 900 32 26 sig
424 900 135 20 underrättad
574 900 102 20 huruvida
691 900 42 20 alla
748 900 26 20 de
789 900 125 26 uppbädade
922 900 30 20 in-

208 933 58 20 ställt
288 933 38 27 sig,
342 934 60 20 skola
427 934 102 26 uppbäds-
549 934 39 20 och
610 934 212 28 fyllmadslängderna
844 934 109 20 äfvensom

206 968 42 20 alla
270 968 7 19 i
302 968 186 26 uppbädslängden
507 968 74 26 gjorda
597 968 152 26 anteckningar
764 975 35 13 om
814 968 95 28 antydda
924 968 29 27 ef-

205 1002 97 28 tergifter
319 1002 6 19 i
341 1002 157 26 värnepligtens
521 1002 116 27 utgörande
653 1003 32 19 för
700 1002 26 20 de
742 1003 103 19 tillstädes
861 1002 92 20 varande

207 1036 115 27 ljudeligen
338 1036 104 26 uppläsas.
474 1036 62 20 Säväl
552 1036 26 20 de
598 1036 124 26 uppbädade
738 1043 43 13 som
799 1036 64 20 andre
878 1040 74 16 närva-

206 1070 66 21 rande
288 1077 102 19 personer
413 1074 35 16 äro
470 1071 132 26 berättigade
618 1072 31 18 att
664 1074 52 23 göra
732 1071 162 26 anmärkningar
909 1073 43 17 mot

205 1104 128 27 riktigheten
350 1104 24 20 af
387 1104 61 20 dessa
464 1105 158 26 anteckningar,
638 1104 39 20 coh
693 1111 33 13 om
742 1104 165 27 anmärkningen
916 1105 35 19 be-

205 1140 67 19 finnes
288 1138 94 27 grundad
396 1139 54 19 skall
466 1138 63 26 nödig
537 1139 86 20 rättelse
634 1140 6 18 i
649 1139 90 27 längden
750 1139 22 19 af
777 1139 89 20 nämden
879 1142 69 24 göras.

521 1215 66 23 Kap.
603 1215 30 17 X.

416 1257 32 20 Om
464 1257 116 26 besigtning
596 1258 37 19 och
649 1258 94 26 lottning.

512 1304 10 22 $
538 1302 32 20 67.
586 1302 54 25 (76).

274 1343 69 20 Sedan
363 1341 130 29 granskning
512 1343 22 20 af
544 1342 212 28 uppbädslängderna
772 1343 84 27 enligt
846 1337 10 37 $
870 1344 25 20 66
905 1344 47 25 (75)

206 1378 119 27 försiggätt,
348 1377 80 21 skrider
449 1377 185 27 uppbädsnämden
652 1378 30 19 till
704 1378 95 27 mätning
819 1378 40 20 och
873 1378 79 27 besigt-

205 1413 50 26 ning
280 1412 23 20 af
326 1412 26 19 de
375 1411 131 27 uppbädade,
531 1412 32 20 för
579 1412 115 20 utrönande
709 1412 103 20 huruvida
827 1413 26 19 de
869 1415 36 18 äro
921 1413 31 19 till

205 1447 123 26 krigstjenst
350 1445 91 27 duglige.
478 1446 41 19 Vid
542 1446 91 20 nämnda
651 1446 157 27 förrättningar,
832 1453 43 14 som
892 1447 60 19 verk-

206 1480 72 21 ställas
293 1480 7 20 i
316 1480 92 27 enlighet
424 1480 48 20 med
488 1480 25 20 de
528 1480 71 21 derom
611 1480 115 27 utfärdade
736 1480 138 29 föreskrifter,
883 1480 71 20 kunna

288 1525 186 22 ärnepligtsutskottets
487 1525 112 18 Belänkande
611 1525 34 18 N:o
659 1526 16 16 1.
