1039 1695
251 157 13 19 6
442 156 26 19 U.
481 157 31 17 B.
523 165 24 4 —
557 156 82 22 Prop.
652 155 46 19 N:o
711 155 40 18 44.

224 224 19 27 ej
258 223 23 21 få
296 223 86 26 deltaga
396 223 7 19 i
419 223 132 27 granskning
565 223 23 20 af
600 223 89 26 förslag,
705 229 47 14 som
767 222 56 27 angä
838 221 26 21 de
878 221 81 21 luther-

223 257 40 21 ska
277 257 190 26 församlingarnes
483 256 98 28 kyrkliga
598 255 156 22 förhållanden.
792 255 10 21 1
823 255 137 28 Kyrkolagen

225 291 24 21 af
263 290 40 21 den
321 291 12 20 6
348 290 119 21 December
484 291 60 26 1869,
560 297 77 20 genom
652 290 63 21 hvars
730 289 110 27 inledning
856 289 37 21 det
906 289 8 21 i
928 289 32 28 3$

227 326 8 19 1
253 325 48 26 kap.
325 324 233 27 Missgernin&sbalken
578 323 177 22 förekommande
779 323 129 28 stadgandet
926 330 34 15 om

225 358 64 22 straff
301 358 34 21 för
350 358 59 22 affall
423 358 57 21 ifrån
497 358 112 22 lutherska
631 358 60 21 läran
715 357 72 22 blifvit
808 357 113 28 upphäfdt,
937 359 23 20 är

222 392 81 29 jemväl
318 392 7 20 i
341 393 12 20 6
369 393 10 26 &
396 392 142 28 uttryckligen
553 392 126 26 förklaradt,
695 393 32 20 att
748 391 91 21 medlem
862 390 24 22 af
898 398 62 14 evan-

226 425 190 29 gelisk-lutherska
430 425 89 28 kyrkan,
534 433 47 14 som
595 426 64 27 hyser
669 425 128 22 villfarande
808 425 86 26 mening
906 426 56 19 samt

225 460 24 21 af
262 459 100 29 grundlig
377 459 153 28 undervisning
545 459 41 22 och
601 459 127 22 kärleksfull
742 459 122 27 förmaning
880 459 18 27 ej
914 458 48 22 låtit

225 495 33 27 sig
272 494 34 22 till
320 495 57 20 rätta
391 493 66 26 föras,
472 496 53 19 utan
541 493 79 22 önskar
633 493 63 28 skilja
711 494 32 26 sig
764 493 48 21 från
828 493 70 21 denna
913 493 48 28 kyr-

226 529 39 20 kas
280 527 130 29 gemenskap
433 527 40 22 och
488 527 33 21 till
543 529 66 20 annat
631 527 169 28 kyrkosamfund
825 527 93 27 öfvergå,
942 527 18 27 ej

227 562 57 21 skall
299 562 94 21 derifrån
408 562 25 21 af
445 562 81 28 kyrkan
541 562 95 21 hindras.
665 562 104 21 Deremot
783 562 39 21 har
838 562 36 21 det
887 561 75 22 fortfa-

227 597 68 28 rande
309 596 55 21 varit
378 596 139 21 medlemmar
531 596 24 21 af
567 595 162 29 grekisk-ryska
746 596 83 27 kyrkan
849 596 7 21 i
871 595 91 22 Finland

227 631 114 21 förnekadt
355 632 32 19 att
403 630 87 28 öfvergä
503 629 34 22 till
553 637 70 14 annan
638 630 100 26 troslära,
754 629 52 22 eller
821 631 32 20 att
867 630 45 21 läta
927 629 35 22 de-

227 671 35 15 ras
277 665 55 21 barn
349 664 46 21 deri
409 665 132 26 uppfostras,
556 664 77 21 medan
653 671 25 14 en
700 664 107 28 Kejserlig
829 663 134 29 Förordning

228 699 24 22 af
265 699 40 21 den
322 699 25 21 14
362 699 93 27 Augusti
471 699 60 26 1827,
547 698 48 21 med
610 697 206 29 tillkännagifvande
828 700 33 19 att
869 699 93 21 omstän-

229 733 125 28 digheterna
369 732 27 21 dä
410 733 47 21 icke
472 732 69 22 tilläto
557 732 131 22 Ständernas
704 733 204 26 sammankallande,
931 733 32 21 fö-

229 767 110 22 reskrifvit
353 769 32 19 att
399 767 68 21 finske
482 767 141 27 medborgare
642 767 24 20 af
679 767 161 28 grekisk-ryska
854 767 61 21 läran
928 768 35 20 mä

229 800 82 23 erhålla
324 800 85 22 inträde
423 801 40 20 och
478 800 116 22 befordran
609 801 5 20 i
619 801 61 20 finsk
693 801 58 20 civil-
760 801 40 21 och
810 801 154 28 militärtjenst,

229 837 89 25 antagas
333 835 34 20 till
380 835 143 21 nämndemän
538 836 56 20 samt
608 835 7 20 i
630 835 101 21 städerna
749 837 60 19 utses
827 834 35 21 till
884 835 80 21 sädane

229 870 89 27 tjenster
333 869 40 21 och
387 868 152 28 befattningar,
554 875 46 15 som
613 869 24 21 af
645 868 35 22 val
695 869 40 20 och
750 868 125 22 förtroende
888 869 60 21 bero.

285 903 34 21 Då
334 902 127 26 emellertid,
476 903 72 21 såsom
566 902 40 22 här
628 902 64 22 ofvan
713 902 111 26 nämndes,
848 902 116 28 öfvergäng

227 938 34 21 till
284 938 68 20 annat
373 936 168 29 kyrkosamfund
570 936 55 22 ifrån
657 937 39 21 den
720 936 244 28 evangelisk-lutherska

229 971 88 29 kyrkan,
333 970 85 22 hvilken
433 971 36 21 det
484 973 59 19 stora
562 970 93 22 flertalet
676 971 23 21 af
721 971 104 21 Finlands
847 971 117 28 inbyggare

228 1006 81 25 tillhör,
324 1012 76 20 genom
415 1006 13 19 6
445 1006 12 26 $
471 1005 7 21 i
495 1006 52 20 1869
559 1005 39 21 ars
619 1005 111 28 Kyrkolag
744 1005 72 21 blifvit
837 1005 126 28 medgifven,

227 1039 65 21 hafva
308 1039 54 21 1872
377 1040 34 20 ärs
427 1038 92 22 Ständer
534 1039 71 21 funnit
620 1046 27 21 ny
658 1039 135 27 lagstiftning
808 1039 33 21 till
854 1039 110 22 ordnande

229 1073 24 21 af
266 1073 26 21 de
306 1072 125 27 härigenom
447 1072 172 27 uppkommande
634 1072 206 22 rättsförhällanden
861 1079 52 15 vara
927 1074 37 20 hö-

229 1106 84 28 geligen
327 1106 101 27 päkallad
444 1106 40 21 och
498 1107 49 21 isin
559 1106 140 22 förenämnda
711 1106 149 28 underdäniga
874 1107 91 27 petition

230 1140 125 26 framhållit,
369 1140 66 22 bland
450 1142 73 24 annat,
536 1142 39 24 att,
595 1140 27 21 dä
637 1147 26 14 en
687 1140 142 28 dissenterlag
852 1140 112 27 saknades,

231 1180 46 16 som
293 1174 108 21 innehölle
415 1174 162 28 bestämningar
593 1181 34 14 om
643 1175 70 25 sättet,
729 1174 57 21 huru
801 1174 41 22 den
857 1174 108 28 medgifna

230 1208 144 28 Ofvergängen
389 1208 33 20 till
437 1210 66 19 annat
517 1208 169 28 kyrkosamfund
701 1208 67 21 borde
779 1208 37 21 ske
824 1210 56 20 samt
890 1210 74 20 röran-

232 1242 25 20 de
273 1242 27 20 de
317 1241 127 27 rättigheter
467 1242 40 20 och
528 1241 151 28 skyldigheter,
702 1248 47 14 som
771 1242 55 20 böra
845 1242 121 22 tillkomma

231 1274 68 28 dylikt
317 1273 168 28 kyrkosamfund
501 1275 71 20 säsom
587 1273 78 22 sädant
679 1274 110 21 äfvensom
805 1275 48 21 dess
869 1275 97 22 enskilda

231 1307 145 27 medlemmar,
391 1308 24 21 sä
432 1307 72 22 kunde
528 1308 41 21 den
593 1315 50 22 nyss
661 1308 121 28 äberopade
807 1310 129 27 paragrafen
958 1310 7 21 i

231 1343 138 28 Kyrkolagen
383 1342 48 21 icke
445 1343 71 21 lemna
533 1343 71 28 nägon
624 1342 87 29 ledning
736 1344 35 21 för
793 1343 41 22 den
854 1343 112 28 praktiska

230 1377 170 28 tillämpningen,
415 1377 100 22 hvarföre
530 1377 62 21 svära
612 1377 157 29 förvecklingar
788 1378 62 22 deraf
864 1386 50 15 vore
934 1381 32 20 att

228 1412 90 21 förutse.
347 1411 43 22 Det
405 1411 112 29 oafvisliga
536 1412 101 22 behofvet
651 1412 24 22 af
695 1420 26 14 en
743 1413 142 30 dissenterlag
900 1415 66 22 fram-

230 1446 77 23 trädde
318 1445 80 29 jemväl
412 1446 7 21 i
435 1446 100 22 afseende
550 1447 13 21 å
577 1447 27 20 53
619 1447 12 28 8
643 1447 7 21 i
661 1447 143 29 Kyrkolagen,
815 1449 86 22 hvarest
908 1450 57 21 stad-

229 1488 38 21 gas
283 1482 38 25 att,
335 1488 35 14 om
385 1487 26 14 en
425 1481 83 22 kristen
522 1481 24 21 af
558 1481 133 22 främmande
703 1483 177 22 troshekännelse
887 1484 79 22 önskar

298 1521 139 23 Lagutskottets
450 1521 117 19 betänkande
579 1521 34 19 N:o
627 1523 27 17 14.
