1028 1698
296 188 79 23 Ständ.
391 188 36 23 Sv.
444 201 26 2 —
486 188 70 27 Prop.
571 188 39 21 N:o
625 187 33 22 41.
801 189 14 20 9

101 257 266 29 organisationskostnader,
379 256 64 28 enligt
452 256 81 28 bilagan
544 256 52 25 VII,
608 256 90 25 560,000
707 255 66 26 mark,
783 258 60 24 samt,

104 291 65 28 enligt
183 291 81 28 bilagan
279 291 25 20 II
318 291 34 21 till
366 290 80 21 diverse
458 292 57 19 extra
530 289 91 28 utgifter,
639 289 89 26 163,000
738 290 60 21 mark
813 289 33 22 för

105 325 49 26 året,
171 325 49 21 eller
234 325 32 21 för
281 325 13 21 2
309 324 23 22 år
346 325 38 21 och
399 325 13 21 2
426 324 100 21 månader
544 324 91 25 353,000
656 323 66 26 mark,
738 323 105 22 äfvensom

104 359 33 22 till
151 361 81 19 remont
240 358 22 22 af
268 359 25 21 de
301 367 41 20 nya
350 358 226 29 kasernbyggnaderna,
585 357 32 22 för
623 365 79 14 samma
716 358 31 21 tid
755 358 91 26 217,000

105 394 65 25 mark,
186 393 86 22 hvilken
288 393 128 22 sistnämnda
430 395 46 26 post
490 393 47 21 icke
552 393 40 21 kan
608 391 101 23 erfordras
719 393 127 22 omedelbart

105 427 53 23 efter
173 427 35 22 det
221 428 126 21 kasernerna
361 427 70 22 blifvit
445 427 85 28 färdiga.

173 461 41 22 Om
223 462 7 21 i
240 461 58 29 fråga
306 461 90 22 varande
410 462 72 27 anslag
496 461 32 22 för
542 461 132 22 oförutsedda
688 461 86 28 utgifter
785 462 61 21 redu-

105 504 56 14 ceras
175 496 33 21 till
222 497 114 24 1,710,000
350 495 66 26 mark,
431 495 23 22 sä
471 495 57 22 torde
550 495 62 21 äfven
633 495 57 22 detta
710 503 50 14 vara
774 496 69 28 högre,

105 535 26 17 än
151 530 77 28 nödigt.
258 530 61 21 Dock
338 529 63 22 hafva
416 529 116 22 Ständerna
546 529 81 22 förenat
641 529 31 28 sig
687 537 33 14 om
735 530 68 21 denna
813 531 32 20 be-

106 564 94 29 räkning,
216 564 44 21 dels
282 563 22 22 af
318 564 45 21 skäl
384 566 30 19 att
434 563 202 29 gardesbataljonens
659 563 122 29 deltagande
795 564 8 21 i
817 572 30 13 nu

106 599 106 29 pågående
226 598 47 28 krig
288 603 56 16 ännu
358 598 66 21 under
439 598 57 21 detta
509 597 23 22 år
547 605 61 21 synes
624 597 82 29 påkalla
721 600 59 20 extra
794 599 54 22 kost-

107 633 70 25 nader,
194 633 42 21 dels
252 632 86 22 emedan
353 632 108 21 enahanda
476 632 110 21 kostnader
600 631 67 22 under
680 632 23 21 år
719 633 53 21 1877
788 633 58 21 torde

108 667 71 26 vållat,
195 669 30 19 att
235 666 163 21 militiefondens
407 665 132 29 besparingar
554 665 64 28 enligt
633 673 78 14 samma
725 666 33 22 års
765 667 84 22 bokslut

106 701 65 22 blifva
186 701 56 28 lägre
256 705 27 17 än
298 700 117 22 Ständerna
428 700 86 27 nödgats
529 701 95 27 upptaga.

175 735 50 22 Med
239 735 46 22 stöd
300 735 22 21 af
334 735 55 21 hvad
404 734 116 22 Ständerna
534 733 68 22 anfört
616 734 67 22 skulle
698 734 79 23 således
787 735 61 28 utgif-

106 773 59 20 terna
187 769 45 22 från
253 769 158 26 militiefonden,
435 769 133 21 summariskt
589 769 109 28 uppstälda
719 769 32 21 för
765 769 26 21 de
805 769 43 22 fem

106 805 50 22 åren
172 805 145 24 1878—1882,
332 804 50 21 böra
395 803 101 22 beräknas
512 803 26 28 på
552 802 90 29 följande
657 805 51 20 sätt:

111 852 20 27 1)
147 845 18 27 Å
180 850 153 22 militiefonden
348 850 65 28 enligt
427 858 30 13 nu
471 849 94 29 gällande
587 851 40 19 stat
646 849 55 21 anvi-

151 886 49 21 sade
214 884 86 30 utgifter
314 884 32 22 för
360 884 43 22 fem
417 884 38 22 år.
486 902 4 3 .
521 902 3 3 .
556 901 4 4 .
591 901 3 3 -
626 901 3 3 .
661 901 3 3 .
696 901 3 4 .
730 884 118 26 9,175,000.

109 922 22 26 2)
147 919 106 23 Särskilda
267 919 91 21 militära
372 918 119 29 byggnader
524 934 4 4 .
559 935 3 4 .
594 935 4 3 -
732 919 112 26 2,000,000

111 956 22 26 3)
146 954 108 22 Kaserner
268 954 49 21 med
332 953 69 21 dertill
409 952 92 22 hörande
508 952 66 29 öfriga
584 935 119 45 bygghader

152 988 33 22 för
199 989 13 21 8
226 988 67 22 finska
309 987 114 28 bataljoner
453 1004 3 4 .
488 1004 3 4 .
731 987 119 27 5,600,000.

112 1024 23 28 4)
149 1022 129 26 Beklädnad,
294 1022 106 28 beväring,
415 1024 53 19 tross
482 1004 44 39 N
530 1004 53 44 öfrig
592 1004 111 46 utredning

152 1057 37 28 för]
204 1057 58 21 dessa
283 1056 124 28 bataljoners
429 1056 63 22 första
512 1055 135 29 uppsättning
665 1056 38 21 och

155 1091 138 29 organisation
326 1108 4 4 .
361 1108 3 4 .
466 1108 38 4 =.
536 1108 4 3 .
570 1090 132 26 2,400,0000.

112 1126 123 22 Beklädnad
257 1126 39 20 och
317 1108 99 45 bevärlog
430 1108 32 38 för
476 1125 62 25 5,000

154 1168 49 13 man
216 1159 187 29 reservmanskap
399 1155 13 38 .
435 1176 4 4 .
470 1176 3 4 .
504 1176 4 4 .
539 1174 4 4 -
608 1159 96 25 200,000.
733 1165 119 26 3,300,000.

114 1201 22 26 5)
150 1199 241 23 Underhållskostnaden
415 1199 32 22 för
468 1201 112 26 trupperna
599 1198 64 29 jemte
679 1199 25 21 de

155 1233 24 22 af
191 1233 153 29 värnepligtens
365 1233 108 22 införande
487 1233 109 28 påkallade
614 1232 90 22 militära

155 1267 144 29 inrättningar,
320 1267 114 22 beräknadt
455 1267 32 21 för
503 1267 57 22 tiden
575 1266 45 22 från
636 1267 11 20 1
662 1267 43 21 No-

157 1302 84 21 vember
256 1302 55 21 1880
332 1301 33 22 till
383 1302 10 21 1
412 1301 90 22 Januari
524 1301 60 26 1883,
600 1301 52 21 dock
674 1303 30 19 att

157 1335 182 28 förslagssumman
358 1335 32 20 för
411 1335 170 28 föredragningen
596 1335 8 20 i
619 1334 32 21 S:t
665 1335 38 20 Pe-

157 1369 95 28 tersburg
266 1373 23 16 är
303 1368 122 28 kalkylerad
439 1368 33 21 för
485 1369 14 20 4
513 1368 23 21 år
561 1385 3 4 .
596 1385 3 3 .
631 1385 3 4 .
734 1369 112 24 6,347,000

116 1404 21 27 6)
153 1403 43 22 Till
210 1403 65 22 öfver-
290 1403 39 21 och
343 1402 128 26 underbefäl,
487 1410 42 13 som
550 1402 96 21 anställes
660 1384 44 39 före

158 1437 25 22 de
198 1437 159 29 värnepligtiges
371 1437 119 22 inkallande
528 1455 3 3 .
563 1454 3 4 .
735 1437 117 26 1,568,000.

117 1473 22 27 7)
153 1472 44 22 För
210 1472 132 22 oförutsedda
348 1471 64 22 behof
417 1471 33 22 till
458 1471 117 29 Styrelsens
585 1449 121 54 disposition
735 1471 118 26 1,710,000.

519 1517 87 22 Summa
620 1516 85 29 utgifter
720 1517 133 26 29,700,000.

775 1551 10 16 2
