1023 1695
257 147 80 23 Ständ.
353 147 37 24 Sv.
405 159 28 4 —
447 149 71 27 Prop.
533 148 40 22 N:o
587 148 39 23 40.
769 149 13 22 5

71 219 82 26 utgöras
174 217 24 21 af
219 216 277 29 »skarpskyttebataljoner»,
518 216 63 23 hafva
603 217 116 22 Ständerna
743 219 68 20 ansett

70 251 49 22 böra
134 251 56 26 utgå,
205 251 24 21 af
241 251 45 21 skäl
300 253 31 20 att
345 251 40 21 den
399 251 66 22 finska
480 251 142 28 krigsmakten
633 251 46 22 icke
689 259 62 20 synes
760 252 50 21 böra

70 286 109 27 begränsas
193 285 52 22 blott
259 285 33 22 till
306 285 79 26 fotfolk,
401 289 27 17 än
442 285 81 21 mindre
538 285 33 22 till
585 287 30 20 ett
630 285 43 28 slag
687 285 64 22 deraf.
775 285 34 22 De

70 319 120 29 fordringar,
205 319 72 22 hvilka
292 319 47 22 med
354 319 45 22 skäl
413 320 71 21 kunna
499 319 69 22 ställas
583 317 26 31 på
624 321 29 20 ett
667 320 65 21 finskt
745 319 64 23 natio-

69 354 120 26 nalförsvar,
205 361 62 21 synas
286 353 104 28 nemligen
409 354 73 22 endast
495 353 8 22 i
517 353 59 30 ringa
591 353 48 22 mån
653 354 154 29 tillgodosedda,

68 388 45 21 ifall
128 389 114 21 detsamma
256 388 53 21 fotas
324 389 52 20 blott
389 388 28 28 på
431 390 30 19 ett
476 388 53 21 enda
543 396 73 20 vapen.
642 388 35 22 En
686 388 122 28 fullständig

68 422 121 28 krigsmakt,
205 424 134 19 sammansatt
353 421 57 22 såväl
424 422 23 21 af
459 422 79 26 fotfolk,
555 429 44 14 som
614 421 23 22 af
649 422 92 26 artilleri,
756 422 52 21 hvil-

68 457 36 21 ket
118 461 24 18 är
155 457 36 21 det
203 455 65 23 förras
282 455 132 29 nödvändiga
427 456 148 29 komplement,
586 456 107 23 äfvensom
703 456 24 22 af
734 456 74 29 rytteri

67 491 38 22 och
119 491 186 29 ingeniörtrupper,
321 492 58 24 samt,
396 499 35 13 om
445 490 156 23 förhållandena
615 491 35 22 det
664 491 8 22 i
687 499 24 14 en
722 490 85 23 framtid

66 525 110 29 medgifva,
190 525 78 28 jemväl
282 524 24 22 af
317 526 31 20 ett
362 525 68 28 billigt
439 525 134 26 kustförsvar,
585 525 59 22 torde
654 533 50 14 vara
713 525 36 22 det
757 525 48 27 mål,

66 560 85 22 hvartill
164 559 102 22 Finlands
280 559 179 28 krigsförfattning
473 560 36 21 bör
524 559 83 23 sträfva.
632 560 45 22 Väl
687 559 64 29 bjuda
760 567 46 21 syn-

66 595 91 28 punkter
174 593 23 22 af
213 601 69 14 annan
301 595 32 20 art
347 596 30 20 att
392 593 18 29 ej
426 596 47 26 taga
488 595 35 21 det
536 594 65 22 första
615 596 66 27 steget
695 594 33 21 för
742 593 62 30 långt,

66 631 50 20 utan
130 630 31 20 att
174 628 86 22 fastmer
276 628 33 21 till
324 635 26 14 en
368 627 72 29 början
455 629 66 21 under
536 629 40 21 den
591 628 97 29 tidigaste
703 629 102 28 organisa-

65 662 153 30 tionsperioden
232 662 113 22 inskränka
360 662 40 22 den
415 663 66 22 finska
494 662 154 30 härordningen
661 663 33 22 till
708 663 53 22 blott
775 663 29 21 in-

65 697 81 26 fanteri,
161 704 49 14 men
225 697 117 22 Ständerna
355 697 64 22 hafva
432 697 27 28 på
473 697 86 22 anförda
573 697 46 22 skäl
633 697 56 22 velat
703 705 22 13 se
739 705 26 14 ur
777 697 27 21 la-

64 740 40 20 gen
126 731 143 28 undanrödjad
291 731 72 28 hvarje
380 732 136 28 bestämning,
537 731 66 29 egnad
623 733 30 20 att
670 731 93 22 försvåra
778 739 26 14 en

64 766 80 22 normal
153 765 38 22 och
201 765 82 28 allsidig
293 765 120 28 utveckling
424 765 23 22 af
455 767 39 20 den
508 766 67 21 finska
590 765 212 29 krigsförfattningen.

130 801 34 21 De
181 800 149 28 förändringar,
350 807 44 14 som
409 800 99 29 vidtagits
527 800 48 22 med
593 800 119 22 hänseende
727 800 33 22 till
773 808 30 13 re-

64 843 83 14 servens
165 835 38 21 och
221 835 143 21 landtvärnets
383 835 144 27 organisation,
543 835 39 21 och
600 834 32 22 för
646 834 72 22 hvilka
732 835 70 28 längre

62 870 53 21 fram
129 869 113 28 redogöres,
258 868 63 22 hafva
339 868 32 22 för
385 868 59 22 dessa
458 869 57 21 delar
529 868 23 22 af
563 868 154 29 härordningen
731 868 67 22 föran-

62 904 44 21 ledt
119 903 122 22 förändrade
261 902 136 26 definitioner,
413 902 25 22 de
459 903 36 21 der
509 902 52 22 dock
580 904 78 20 ansetts
672 903 66 21 hellre
752 903 50 21 böra

63 938 36 22 vid
116 939 13 26 8
148 939 14 20 4
181 937 83 26 införas,
283 936 97 23 hvarföre
400 937 29 27 $$
444 937 13 21 5
472 937 38 21 och
525 938 13 20 6
553 936 46 23 från
613 936 132 30 lagförslaget
759 939 43 19 ute-

63 973 74 23 slutits.

129 1007 13 22 I
157 1008 13 26 8
185 1008 12 20 7
213 1007 38 20 har
265 1014 27 13 en
306 1005 143 22 omredaktion
462 1004 107 23 befunnits
583 1005 63 29 nödig
655 1006 48 21 med
715 1005 87 22 föranle-

62 1042 66 22 dande
144 1042 23 22 af
179 1041 24 22 de
219 1040 111 29 ändringar
344 1040 8 21 i
367 1040 226 28 organisationen,
552 1035 36 38 som
605 1039 106 29 företagits
721 1040 39 21 och
768 1039 33 22 för

62 1076 72 23 hvilka
148 1076 8 22 i
170 1077 63 20 annat
247 1075 150 27 sammanhang
411 1074 114 29 redogöres.

130 1112 13 26 8
159 1112 12 20 8
190 1110 116 22 innehåller
325 1109 34 21 det
381 1108 32 23 för
427 1108 46 22 vårt
491 1108 106 29 offentliga
611 1108 189 22 rättsmedvetande

62 1146 80 22 härtills
156 1144 129 22 främmande
300 1144 119 28 stadgande,
435 1146 29 20 att
478 1142 121 30 afgörandet
613 1150 34 14 om
661 1143 72 22 hvilka
743 1142 23 22 af
774 1142 26 22 de

61 1180 121 28 uppbådade
204 1178 149 29 värnepligtige
375 1178 58 21 skola
454 1178 81 21 inträda
552 1178 8 21 i
579 1177 72 22 aktiva
668 1180 77 23 armén,
761 1176 38 22 och

59 1214 73 22 hvilka
141 1214 8 21 i
158 1213 137 25 landtvärnet,
306 1212 100 28 försiggår
415 1219 74 21 genom
498 1212 95 28 lottning.
620 1211 122 26 Ständerna,
753 1218 45 14 som

60 1257 64 20 gerna
138 1250 39 20 sett
191 1248 31 21 att
235 1248 35 21 det
284 1249 92 19 moment
390 1246 23 22 af
425 1246 82 26 hazard,
516 1246 118 28 lottningen
643 1246 92 25 innebär,
747 1245 51 22 kun-

60 1285 36 20 nat
117 1291 26 13 ur
163 1281 37 22 vår
220 1280 179 30 krigsförfattning
416 1281 105 25 uteslutas,
541 1280 63 22 hafva
623 1280 58 26 dock,
696 1279 8 22 i
719 1279 79 22 betrak-

59 1317 63 22 tande
140 1316 23 21 af
182 1318 31 19 att
229 1316 58 21 detta
308 1315 71 21 endast
396 1315 41 21 läte
455 1315 31 27 sig
499 1319 50 23 göra
563 1322 76 20 genom
653 1313 144 28 tjenstetidens

60 1349 155 24 förminskande
234 1349 33 22 till
285 1351 29 19 ett
333 1348 100 26 tidsmått,
453 1348 82 22 hvilket
553 1348 46 21 icke
615 1350 70 26 syntes
699 1347 99 22 innebära

60 1383 188 24 tillfredsställande
269 1383 81 28 garanti
371 1382 32 22 för
424 1384 123 27 truppernes
565 1381 91 22 militära
672 1381 124 28 utbildning,

60 1420 50 21 eller
132 1425 74 22 genom
227 1417 81 22 ökande
329 1417 23 22 af
371 1417 41 22 den
431 1417 70 22 aktiva
515 1419 80 19 arméns
612 1420 98 17 numerär
723 1415 33 22 till
770 1423 27 14 en

60 1454 61 25 siffra,
137 1461 44 14 som
196 1452 18 29 ej
230 1460 49 14 vore
294 1451 222 23 öfverensstämmande
531 1451 48 22 med
588 1451 109 22 nationens
706 1450 90 23 militära

59 1488 65 23 behof
140 1487 8 22 i
167 1487 86 22 fredstid
270 1487 39 23 och
327 1493 108 23 omsorgen
457 1494 33 17 om
504 1486 46 22 dess
565 1485 134 24 ekonomiska
713 1485 83 23 utveck-
