1045 1698
108 733 47 27 Kap.
170 734 47 20 XHIL

112 853 47 27 Kap.
174 853 42 21 XIV.

258 166 25 19 36
436 165 28 19 U.
478 165 31 19 B.
524 175 27 4 —
566 166 81 21 Prop.
661 162 48 21 N:o
723 164 41 17 40.

229 233 37 19 har
282 232 109 19 Utskottet
405 230 84 27 pröfvat
503 231 67 26 billigt
586 232 30 17 att
626 230 31 19 till
665 230 72 19 femtio
746 231 55 18 verst
813 229 81 20 minska
905 228 64 19 maxi-

229 273 56 13 mum
307 265 23 20 af
350 265 39 20 den
413 265 86 25 distans,
522 271 44 13 som
581 264 39 19 den
635 263 153 26 värnepligtige
803 266 23 16 är
841 262 83 26 skyldig
940 263 30 18 att

229 302 50 17 utan
301 299 122 26 åtnjutande
446 298 23 20 af
484 297 146 21 motsvarande
645 297 162 26 färdpenningar
822 296 30 20 till
869 297 100 25 tjenstgö-

230 334 118 26 ringsorten
366 333 31 20 till
416 339 66 20 rygga
500 333 70 26 lägga,
586 334 53 18 samt
653 334 31 17 att
698 332 33 19 för
745 331 72 26 hvarje
831 332 64 24 verst,
909 330 60 19 hvar-

230 368 46 19 med
298 367 145 27 vägalängden
465 367 138 26 öfverskjuter
617 366 58 20 detta
696 366 119 25 maximum,
837 365 77 19 honom
932 364 38 20 bör

229 401 91 20 tilldelas
343 408 25 13 en
387 401 115 26 ersättning
520 401 22 19 af
555 401 46 26 fyra
615 401 70 26 penni,
700 400 51 19 eller
764 399 44 20 lika
822 399 47 19 med
885 405 27 12 nu
927 398 43 26 gäl-

229 435 62 20 lande
307 435 62 27 afgift
384 435 32 20 för
431 442 46 13 resa
491 435 27 26 pä
530 436 89 25 jernväg
633 435 6 18 i
656 434 66 26 tredje
737 433 63 20 klass.

296 487 14 27 $
334 486 30 21 96
385 487 38 19 har
445 487 46 19 med
513 486 112 26 anledning
641 485 23 21 af
677 486 40 20 den
732 484 124 21 förändrade
872 483 98 27 ställning

231 529 98 13 reserven
352 523 5 19 i
379 522 118 20 Utskottets
519 522 78 26 förslag
615 522 90 25 erhällit,
720 520 110 26 undergätt
845 526 25 12 en
886 518 85 20 dermed

232 556 227 20 ofverensstämmande
475 556 159 26 omredigering.

297 608 14 26 $
334 606 35 22 97.
399 608 32 19 Dä
454 608 197 26 krigsmannaedens
670 608 78 26 lydelse
763 608 47 20 icke
826 609 65 19 tinnes
906 610 6 18 i
929 609 42 26 lag-

231 641 100 27 förslaget
354 641 80 26 anförd,
456 642 38 19 har
516 642 105 19 Utskottet
640 643 67 18 ansett
727 642 93 26 lämpligt
836 643 5 18 i
857 645 32 21 $:n
904 643 68 19 införa

232 682 24 13 en
272 676 125 25 hänvisning
412 676 30 18 till
459 676 22 19 R.
498 676 22 19 F.
536 678 9 21 $
562 676 32 18 18.

299 727 57 27 Kap.
371 726 65 21 XIII.
452 728 26 26 ($
495 726 40 28 98)
551 734 32 13 om
599 728 60 25 intyg
674 728 88 20 rörande
778 729 154 26 värnepligtens
941 730 32 18 ut-

233 761 101 26 görande,
348 761 37 19 har
401 760 45 20 frän
461 761 117 20 Utskottets
594 761 45 19 sida
654 761 73 20 endast
742 762 60 26 gifvit
819 762 112 27 anledning
942 763 32 19 till

234 798 78 17 smärre
327 795 273 25 redaktionsförändringar.

299 846 249 27 Frivillighetsprineipen
572 846 63 19 sådan
658 846 38 20 den
720 847 5 19 i
750 847 137 27 lagförslaget
908 848 65 20 finnes

234 881 78 20 erkänd
336 881 39 20 och
391 881 22 20 af
432 881 108 20 Utskottet
560 883 115 24 yttermera
692 881 69 20 blifvit
778 883 118 25 utvecklad,
912 889 61 19 synes

233 917 73 25 utgöra
335 916 30 18 ett
397 915 75 27 vigtigt
495 915 39 19 och
555 914 128 27 nödvändigt
701 915 134 21 korollarium
853 916 31 20 till
899 917 75 26 sjelfva

232 949 279 26 värnepligtsinstitutionen.
548 949 79 19 Genom
654 949 120 20 densamma
796 950 47 20 ieke
865 950 53 20 blott
943 951 30 19 till

232 984 55 26 godo
317 990 33 13 ses
375 983 103 19 enskildes
500 983 86 26 möjliga
607 983 86 20 kallelse
718 984 38 19 och
778 984 48 26 håg,
851 987 31 17 att
906 985 67 20 afsedt

233 1018 54 19 ifrån
317 1017 39 20 den
386 1017 150 27 obligatoriska
565 1017 229 27 tjensteskyldigheten,
820 1025 53 20 egna
896 1020 31 25 sig
952 1020 21 19 åt

233 1051 152 27 krigareyrket,
401 1053 49 17 utan
465 1051 39 20 den
520 1052 66 24 tjenar
601 1051 61 20 äfven
678 1054 31 17 att
718 1053 93 25 utjämna
821 1053 40 19 och
871 1053 101 20 förmedla

232 1085 66 26 några
320 1085 23 19 af
363 1085 26 19 de
405 1085 134 26 olägenheter
554 1085 39 19 och
611 1084 177 27 bristfälligheter,
804 1086 71 20 hvilka
889 1087 6 19 i
911 1087 60 26 prak-

232 1119 51 19 tiskt
304 1118 118 20 hänseende
444 1118 82 20 vidlåda
548 1118 151 26 värnepligten,
714 1119 87 20 likasom
817 1120 72 26 hvarje
904 1127 67 13 annan

232 1152 103 26 mensklig
351 1152 119 26 inrättning.
500 1151 101 20 Särskildt
616 1152 55 19 afser
686 1152 68 20 denna
768 1153 123 27 institution,
907 1154 65 19 sådan

234 1186 39 20 den
296 1186 5 18 i
325 1185 58 19 detta
401 1185 47 26 kap.
465 1185 67 20 blifvit
550 1185 85 26 erdnad,
650 1185 95 20 danande
760 1186 23 19 af
797 1186 31 20 för
844 1187 39 19 den
898 1190 72 17 värne-

232 1220 87 26 pligtige
334 1221 89 24 truppen
437 1219 76 26 nödige
528 1219 149 20 befälsämnen.
706 1220 46 19 Med
762 1220 98 20 afseende
869 1221 65 25 härpå
941 1222 29 18 in-

232 1252 93 20 nehåller
340 1252 88 26 kapitlet
450 1252 101 20 särskilda
573 1252 245 26 undantagsstadganden
843 1254 53 19 för
887 1248 12 36 i
912 1254 59 26 fråga

232 1286 91 20 varande
346 1286 45 26 slag
406 1286 23 19 af
442 1286 103 26 frivillige.
575 1285 27 19 Så
620 1285 44 19 afse
679 1286 143 26 stadgandena
838 1294 33 12 om
886 1294 84 19 genom-

233 1320 84 26 gångna
331 1320 155 26 kunskapsprof
498 1321 20 23 ($
534 1320 37 24 99)
586 1319 38 20 och
640 1320 42 26 god
697 1320 54 26 fräjd
766 1322 20 23 ($
803 1321 50 25 100)
867 1322 103 20 vinnande

234 1355 23 20 af
269 1355 78 26 nödiga
361 1355 105 26 garantier
480 1354 32 20 för
527 1354 39 20 den
581 1354 106 20 blifvande
702 1354 110 21 officerens
827 1355 144 21 intellektuela

234 1389 39 20 och
295 1389 112 20 moraliska
425 1389 134 26 egenskaper.
590 1388 44 20 Den
653 1389 54 19 ända
722 1389 31 19 till
768 1390 76 25 sjutton
861 1390 22 19 år
897 1392 21 23 ($
934 1391 36 24 99)

235 1423 171 26 tillbakaskjutna
427 1423 79 26 åldern]
520 1423 32 20 för
569 1422 80 20 inträde
665 1423 67 20 såsom
748 1423 84 27 frivillig
848 1431 61 19 synes
925 1425 45 20 åter

234 1457 109 20 föranledd
365 1457 22 20 af
407 1457 34 20 det
456 1457 117 20 önskvärda
588 1457 42 19 deri
646 1458 31 18 att
691 1463 25 13 en
731 1457 93 26 yngling,
839 1458 83 19 hvilken
938 1465 30 13 er-

233 1498 37 13 nar
293 1497 53 20 egna
367 1491 32 26 sig
421 1491 21 19 åt
463 1491 138 26 militäryrket
622 1491 63 19 redan
704 1491 34 19 vid
757 1491 64 26 tidiga
837 1492 22 19 år
874 1492 32 19 får
920 1494 49 25 taga

307 1535 193 23 Värnepligtsutskottets
512 1535 109 18 Betänkande
632 1535 34 18 N:o
679 1536 16 18 1.
