<?xml version="1.0" encoding="UTF-8"?>
<alto xmlns="http://www.loc.gov/standards/alto/ns-v3#" xmlns:xlink="http://www.w3.org/1999/xlink" xmlns:xsi="http://www.w3.org/2001/XMLSchema-instance" xsi:schemaLocation="http://www.loc.gov/standards/alto/ns-v3# http://www.loc.gov/alto/v3/alto-3-0.xsd">
	<Description>
		<MeasurementUnit>pixel</MeasurementUnit>
		<sourceImageInformation>
			<fileName>/tmp/tess_crjq5wlm_input.PNG</fileName>
		</sourceImageInformation>
		<OCRProcessing ID="OCR_0">
			<ocrProcessingStep>
				<processingSoftware>
					<softwareName>tesseract 5.3.4</softwareName>
				</processingSoftware>
			</ocrProcessingStep>
		</OCRProcessing>
	</Description>
	<Layout>
		<Page WIDTH="1025" HEIGHT="1698" PHYSICAL_IMG_NR="0" ID="page_0">
			<PrintSpace HPOS="0" VPOS="0" WIDTH="1025" HEIGHT="1698">
				<ComposedBlock ID="cblock_0" HPOS="270" VPOS="104" WIDTH="535" HEIGHT="31">
					<TextBlock ID="block_0" HPOS="270" VPOS="104" WIDTH="535" HEIGHT="31">
						<TextLine ID="line_0" HPOS="270" VPOS="104" WIDTH="535" HEIGHT="31">
							<String ID="string_0" HPOS="270" VPOS="104" WIDTH="87" HEIGHT="24" WC="0.88" CONTENT="Ständ."/><SP WIDTH="16" VPOS="104" HPOS="357"/>
							<String ID="string_1" HPOS="373" VPOS="105" WIDTH="39" HEIGHT="23" WC="0.93" CONTENT="Sv."/><SP WIDTH="15" VPOS="105" HPOS="412"/>
							<String ID="string_2" HPOS="427" VPOS="118" WIDTH="28" HEIGHT="4" WC="0.92" CONTENT="—"/><SP WIDTH="15" VPOS="118" HPOS="455"/>
							<String ID="string_3" HPOS="470" VPOS="106" WIDTH="74" HEIGHT="29" WC="0.96" CONTENT="Prop."/><SP WIDTH="15" VPOS="106" HPOS="544"/>
							<String ID="string_4" HPOS="559" VPOS="106" WIDTH="45" HEIGHT="24" WC="0.95" CONTENT="N:o"/><SP WIDTH="15" VPOS="106" HPOS="604"/>
							<String ID="string_5" HPOS="619" VPOS="106" WIDTH="35" HEIGHT="24" WC="0.96" CONTENT="37."/><SP WIDTH="139" VPOS="106" HPOS="654"/>
							<String ID="string_6" HPOS="793" VPOS="109" WIDTH="12" HEIGHT="21" WC="0.95" CONTENT="7"/>
						</TextLine>
					</TextBlock>
				</ComposedBlock>
				<ComposedBlock ID="cblock_1" HPOS="83" VPOS="172" WIDTH="756" HEIGHT="1208">
					<TextBlock ID="block_1" HPOS="83" VPOS="172" WIDTH="755" HEIGHT="306">
						<TextLine ID="line_1" HPOS="84" VPOS="172" WIDTH="752" HEIGHT="30">
							<String ID="string_7" HPOS="84" VPOS="172" WIDTH="81" HEIGHT="21" WC="0.96" CONTENT="värden"/><SP WIDTH="23" VPOS="172" HPOS="165"/>
							<String ID="string_8" HPOS="188" VPOS="172" WIDTH="24" HEIGHT="21" WC="0.93" CONTENT="af"/><SP WIDTH="20" VPOS="172" HPOS="212"/>
							<String ID="string_9" HPOS="232" VPOS="172" WIDTH="135" HEIGHT="28" WC="0.92" CONTENT="pennivalör."/><SP WIDTH="30" VPOS="172" HPOS="367"/>
							<String ID="string_10" HPOS="397" VPOS="172" WIDTH="64" HEIGHT="22" WC="0.93" CONTENT="Hvad"/><SP WIDTH="23" VPOS="172" HPOS="461"/>
							<String ID="string_11" HPOS="484" VPOS="180" WIDTH="99" HEIGHT="21" WC="0.91" CONTENT="resepass"/><SP WIDTH="23" VPOS="180" HPOS="583"/>
							<String ID="string_12" HPOS="606" VPOS="173" WIDTH="103" HEIGHT="22" WC="0.93" CONTENT="särskildt"/><SP WIDTH="15" VPOS="173" HPOS="709"/>
							<String ID="string_13" HPOS="724" VPOS="174" WIDTH="112" HEIGHT="28" WC="0.96" CONTENT="beträffar,"/>
						</TextLine>
						<TextLine ID="line_2" HPOS="85" VPOS="206" WIDTH="750" HEIGHT="31">
							<String ID="string_14" HPOS="85" VPOS="207" WIDTH="39" HEIGHT="21" WC="0.96" CONTENT="bör"/><SP WIDTH="15" VPOS="207" HPOS="124"/>
							<String ID="string_15" HPOS="139" VPOS="207" WIDTH="70" HEIGHT="26" WC="0.93" CONTENT="enligt"/><SP WIDTH="22" VPOS="207" HPOS="209"/>
							<String ID="string_16" HPOS="231" VPOS="206" WIDTH="134" HEIGHT="22" WC="0.89" CONTENT="Ständernas"/><SP WIDTH="20" VPOS="206" HPOS="365"/>
							<String ID="string_17" HPOS="385" VPOS="207" WIDTH="58" HEIGHT="28" WC="0.91" CONTENT="åsigt"/><SP WIDTH="20" VPOS="207" HPOS="443"/>
							<String ID="string_18" HPOS="463" VPOS="209" WIDTH="71" HEIGHT="27" WC="0.96" CONTENT="någon"/><SP WIDTH="15" VPOS="209" HPOS="534"/>
							<String ID="string_19" HPOS="549" VPOS="215" WIDTH="72" HEIGHT="14" WC="0.93" CONTENT="annan"/><SP WIDTH="17" VPOS="215" HPOS="621"/>
							<String ID="string_20" HPOS="638" VPOS="209" WIDTH="197" HEIGHT="28" WC="0.91" CONTENT="stämpelpappers-"/>
						</TextLine>
						<TextLine ID="line_3" HPOS="84" VPOS="241" WIDTH="751" HEIGHT="29">
							<String ID="string_21" HPOS="84" VPOS="241" WIDTH="65" HEIGHT="28" WC="0.91" CONTENT="afgift"/><SP WIDTH="21" VPOS="241" HPOS="149"/>
							<String ID="string_22" HPOS="170" VPOS="241" WIDTH="35" HEIGHT="20" WC="0.96" CONTENT="för"/><SP WIDTH="22" VPOS="241" HPOS="205"/>
							<String ID="string_23" HPOS="227" VPOS="248" WIDTH="51" HEIGHT="21" WC="0.94" CONTENT="pass"/><SP WIDTH="16" VPOS="248" HPOS="278"/>
							<String ID="string_24" HPOS="294" VPOS="243" WIDTH="27" HEIGHT="19" WC="0.97" CONTENT="än"/><SP WIDTH="17" VPOS="243" HPOS="321"/>
							<String ID="string_25" HPOS="338" VPOS="242" WIDTH="34" HEIGHT="20" WC="0.96" CONTENT="för"/><SP WIDTH="13" VPOS="242" HPOS="372"/>
							<String ID="string_26" HPOS="385" VPOS="241" WIDTH="26" HEIGHT="22" WC="0.96" CONTENT="de"/><SP WIDTH="16" VPOS="241" HPOS="411"/>
							<String ID="string_27" HPOS="427" VPOS="242" WIDTH="7" HEIGHT="21" WC="0.96" CONTENT="i"/><SP WIDTH="22" VPOS="242" HPOS="434"/>
							<String ID="string_28" HPOS="456" VPOS="243" WIDTH="5" HEIGHT="27" WC="0.90" CONTENT="8"/><SP WIDTH="16" VPOS="243" HPOS="461"/>
							<String ID="string_29" HPOS="477" VPOS="243" WIDTH="13" HEIGHT="20" WC="0.96" CONTENT="4"/><SP WIDTH="15" VPOS="243" HPOS="490"/>
							<String ID="string_30" HPOS="505" VPOS="249" WIDTH="65" HEIGHT="15" WC="0.96" CONTENT="mom."/><SP WIDTH="15" VPOS="249" HPOS="570"/>
							<String ID="string_31" HPOS="585" VPOS="243" WIDTH="13" HEIGHT="21" WC="0.96" CONTENT="2"/><SP WIDTH="16" VPOS="243" HPOS="598"/>
							<String ID="string_32" HPOS="614" VPOS="243" WIDTH="21" HEIGHT="27" WC="0.96" CONTENT="a)"/><SP WIDTH="17" VPOS="243" HPOS="635"/>
							<String ID="string_33" HPOS="652" VPOS="244" WIDTH="131" HEIGHT="21" WC="0.93" CONTENT="omnämnda"/><SP WIDTH="14" VPOS="244" HPOS="783"/>
							<String ID="string_34" HPOS="797" VPOS="251" WIDTH="38" HEIGHT="14" WC="0.92" CONTENT="ex-"/>
						</TextLine>
						<TextLine ID="line_4" HPOS="84" VPOS="275" WIDTH="751" HEIGHT="31">
							<String ID="string_35" HPOS="84" VPOS="275" WIDTH="124" HEIGHT="28" WC="0.93" CONTENT="peditioner"/><SP WIDTH="22" VPOS="275" HPOS="208"/>
							<String ID="string_36" HPOS="230" VPOS="276" WIDTH="48" HEIGHT="21" WC="0.86" CONTENT="icke"/><SP WIDTH="23" VPOS="276" HPOS="278"/>
							<String ID="string_37" HPOS="301" VPOS="276" WIDTH="166" HEIGHT="27" WC="0.90" CONTENT="ifrågakomma,"/><SP WIDTH="23" VPOS="276" HPOS="467"/>
							<String ID="string_38" HPOS="490" VPOS="277" WIDTH="64" HEIGHT="21" WC="0.96" CONTENT="äfven"/><SP WIDTH="22" VPOS="277" HPOS="554"/>
							<String ID="string_39" HPOS="576" VPOS="284" WIDTH="26" HEIGHT="14" WC="0.96" CONTENT="ur"/><SP WIDTH="15" VPOS="284" HPOS="602"/>
							<String ID="string_40" HPOS="617" VPOS="277" WIDTH="42" HEIGHT="21" WC="0.96" CONTENT="den"/><SP WIDTH="15" VPOS="277" HPOS="659"/>
							<String ID="string_41" HPOS="674" VPOS="279" WIDTH="114" HEIGHT="27" WC="0.95" CONTENT="synpunkt"/><SP WIDTH="14" VPOS="279" HPOS="788"/>
							<String ID="string_42" HPOS="802" VPOS="280" WIDTH="33" HEIGHT="19" WC="0.96" CONTENT="att"/>
						</TextLine>
						<TextLine ID="line_5" HPOS="84" VPOS="310" WIDTH="754" HEIGHT="31">
							<String ID="string_43" HPOS="84" VPOS="310" WIDTH="315" HEIGHT="28" WC="0.91" CONTENT="stämpelpappersinkomsten"/><SP WIDTH="23" VPOS="310" HPOS="399"/>
							<String ID="string_44" HPOS="422" VPOS="310" WIDTH="33" HEIGHT="21" WC="0.96" CONTENT="för"/><SP WIDTH="23" VPOS="310" HPOS="455"/>
							<String ID="string_45" HPOS="478" VPOS="311" WIDTH="116" HEIGHT="22" WC="0.96" CONTENT="framtiden"/><SP WIDTH="15" VPOS="311" HPOS="594"/>
							<String ID="string_46" HPOS="609" VPOS="311" WIDTH="50" HEIGHT="22" WC="0.96" CONTENT="icke"/><SP WIDTH="15" VPOS="311" HPOS="659"/>
							<String ID="string_47" HPOS="674" VPOS="313" WIDTH="69" HEIGHT="20" WC="0.96" CONTENT="måtte"/><SP WIDTH="15" VPOS="313" HPOS="743"/>
							<String ID="string_48" HPOS="758" VPOS="314" WIDTH="80" HEIGHT="27" WC="0.96" CONTENT="utgöra"/>
						</TextLine>
						<TextLine ID="line_6" HPOS="84" VPOS="345" WIDTH="751" HEIGHT="30">
							<String ID="string_49" HPOS="84" VPOS="347" WIDTH="31" HEIGHT="19" WC="0.96" CONTENT="ett"/><SP WIDTH="15" VPOS="347" HPOS="115"/>
							<String ID="string_50" HPOS="130" VPOS="345" WIDTH="48" HEIGHT="21" WC="0.96" CONTENT="skäl"/><SP WIDTH="15" VPOS="345" HPOS="178"/>
							<String ID="string_51" HPOS="193" VPOS="345" WIDTH="35" HEIGHT="21" WC="0.91" CONTENT="för"/><SP WIDTH="15" VPOS="345" HPOS="228"/>
							<String ID="string_52" HPOS="243" VPOS="345" WIDTH="165" HEIGHT="22" WC="0.89" CONTENT="bibehållandet"/><SP WIDTH="14" VPOS="345" HPOS="408"/>
							<String ID="string_53" HPOS="422" VPOS="346" WIDTH="25" HEIGHT="21" WC="0.96" CONTENT="af"/><SP WIDTH="13" VPOS="346" HPOS="447"/>
							<String ID="string_54" HPOS="460" VPOS="346" WIDTH="38" HEIGHT="21" WC="0.93" CONTENT="det"/><SP WIDTH="11" VPOS="346" HPOS="498"/>
							<String ID="string_55" HPOS="509" VPOS="346" WIDTH="129" HEIGHT="28" WC="0.90" CONTENT="otidsenliga"/><SP WIDTH="12" VPOS="346" HPOS="638"/>
							<String ID="string_56" HPOS="650" VPOS="346" WIDTH="39" HEIGHT="22" WC="0.95" CONTENT="och"/><SP WIDTH="11" VPOS="346" HPOS="689"/>
							<String ID="string_57" HPOS="700" VPOS="347" WIDTH="135" HEIGHT="28" WC="0.95" CONTENT="fullkomligt"/>
						</TextLine>
						<TextLine ID="line_7" HPOS="84" VPOS="379" WIDTH="751" HEIGHT="29">
							<String ID="string_58" HPOS="84" VPOS="379" WIDTH="160" HEIGHT="22" WC="0.90" CONTENT="ändamålslösa"/><SP WIDTH="22" VPOS="379" HPOS="244"/>
							<String ID="string_59" HPOS="266" VPOS="381" WIDTH="147" HEIGHT="27" WC="0.90" CONTENT="passtvånget,"/><SP WIDTH="22" VPOS="381" HPOS="413"/>
							<String ID="string_60" HPOS="435" VPOS="381" WIDTH="101" HEIGHT="21" WC="0.92" CONTENT="hvarföre"/><SP WIDTH="23" VPOS="381" HPOS="536"/>
							<String ID="string_61" HPOS="559" VPOS="381" WIDTH="124" HEIGHT="22" WC="0.91" CONTENT="Ständerna"/><SP WIDTH="15" VPOS="381" HPOS="683"/>
							<String ID="string_62" HPOS="698" VPOS="382" WIDTH="67" HEIGHT="21" WC="0.96" CONTENT="också"/><SP WIDTH="13" VPOS="382" HPOS="765"/>
							<String ID="string_63" HPOS="778" VPOS="383" WIDTH="9" HEIGHT="20" WC="0.93" CONTENT="i"/><SP WIDTH="15" VPOS="383" HPOS="787"/>
							<String ID="string_64" HPOS="802" VPOS="382" WIDTH="33" HEIGHT="21" WC="0.92" CONTENT="så-"/>
						</TextLine>
						<TextLine ID="line_8" HPOS="84" VPOS="414" WIDTH="751" HEIGHT="29">
							<String ID="string_65" HPOS="84" VPOS="414" WIDTH="53" HEIGHT="22" WC="0.96" CONTENT="dant"/><SP WIDTH="23" VPOS="414" HPOS="137"/>
							<String ID="string_66" HPOS="160" VPOS="415" WIDTH="56" HEIGHT="27" WC="0.96" CONTENT="syfte"/><SP WIDTH="20" VPOS="415" HPOS="216"/>
							<String ID="string_67" HPOS="236" VPOS="415" WIDTH="79" HEIGHT="21" WC="0.96" CONTENT="ändrat"/><SP WIDTH="15" VPOS="415" HPOS="315"/>
							<String ID="string_68" HPOS="330" VPOS="415" WIDTH="28" HEIGHT="22" WC="0.96" CONTENT="de"/><SP WIDTH="15" VPOS="415" HPOS="358"/>
							<String ID="string_69" HPOS="373" VPOS="422" WIDTH="30" HEIGHT="15" WC="0.96" CONTENT="nu"/><SP WIDTH="16" VPOS="422" HPOS="403"/>
							<String ID="string_70" HPOS="419" VPOS="416" WIDTH="100" HEIGHT="27" WC="0.96" CONTENT="gällande"/><SP WIDTH="15" VPOS="416" HPOS="519"/>
							<String ID="string_71" HPOS="534" VPOS="415" WIDTH="168" HEIGHT="23" WC="0.95" CONTENT="föreskrifterna"/><SP WIDTH="16" VPOS="415" HPOS="702"/>
							<String ID="string_72" HPOS="718" VPOS="423" WIDTH="35" HEIGHT="15" WC="0.93" CONTENT="om"/><SP WIDTH="16" VPOS="423" HPOS="753"/>
							<String ID="string_73" HPOS="769" VPOS="417" WIDTH="66" HEIGHT="21" WC="0.91" CONTENT="stäm-"/>
						</TextLine>
						<TextLine ID="line_9" HPOS="83" VPOS="449" WIDTH="348" HEIGHT="29">
							<String ID="string_74" HPOS="83" VPOS="449" WIDTH="225" HEIGHT="29" WC="0.90" CONTENT="pelpappersafgiften"/><SP WIDTH="17" VPOS="449" HPOS="308"/>
							<String ID="string_75" HPOS="325" VPOS="450" WIDTH="34" HEIGHT="21" WC="0.96" CONTENT="för"/><SP WIDTH="15" VPOS="450" HPOS="359"/>
							<String ID="string_76" HPOS="374" VPOS="457" WIDTH="57" HEIGHT="21" WC="0.95" CONTENT="pass."/>
						</TextLine>
					</TextBlock>
					<TextBlock ID="block_2" HPOS="83" VPOS="484" WIDTH="756" HEIGHT="795">
						<TextLine ID="line_10" HPOS="151" VPOS="484" WIDTH="685" HEIGHT="29">
							<String ID="string_77" HPOS="151" VPOS="484" WIDTH="39" HEIGHT="21" WC="0.96" CONTENT="Ett"/><SP WIDTH="15" VPOS="484" HPOS="190"/>
							<String ID="string_78" HPOS="205" VPOS="486" WIDTH="67" HEIGHT="19" WC="0.96" CONTENT="annat"/><SP WIDTH="14" VPOS="486" HPOS="272"/>
							<String ID="string_79" HPOS="286" VPOS="485" WIDTH="48" HEIGHT="27" WC="0.96" CONTENT="slag"/><SP WIDTH="22" VPOS="485" HPOS="334"/>
							<String ID="string_80" HPOS="356" VPOS="486" WIDTH="22" HEIGHT="19" WC="0.96" CONTENT="af"/><SP WIDTH="14" VPOS="486" HPOS="378"/>
							<String ID="string_81" HPOS="392" VPOS="485" WIDTH="26" HEIGHT="21" WC="0.96" CONTENT="de"/><SP WIDTH="17" VPOS="485" HPOS="418"/>
							<String ID="string_82" HPOS="435" VPOS="485" WIDTH="69" HEIGHT="21" WC="0.96" CONTENT="under"/><SP WIDTH="14" VPOS="485" HPOS="504"/>
							<String ID="string_83" HPOS="518" VPOS="486" WIDTH="14" HEIGHT="26" WC="0.94" CONTENT="8"/><SP WIDTH="15" VPOS="486" HPOS="532"/>
							<String ID="string_84" HPOS="547" VPOS="485" WIDTH="12" HEIGHT="22" WC="0.96" CONTENT="5"/><SP WIDTH="15" VPOS="485" HPOS="559"/>
							<String ID="string_85" HPOS="574" VPOS="485" WIDTH="181" HEIGHT="22" WC="0.93" CONTENT="förekommande"/><SP WIDTH="15" VPOS="485" HPOS="755"/>
							<String ID="string_86" HPOS="770" VPOS="492" WIDTH="66" HEIGHT="21" WC="0.92" CONTENT="expe-"/>
						</TextLine>
						<TextLine ID="line_11" HPOS="84" VPOS="519" WIDTH="752" HEIGHT="29">
							<String ID="string_87" HPOS="84" VPOS="519" WIDTH="101" HEIGHT="26" WC="0.91" CONTENT="ditioner,"/><SP WIDTH="16" VPOS="519" HPOS="185"/>
							<String ID="string_88" HPOS="201" VPOS="519" WIDTH="53" HEIGHT="21" WC="0.93" CONTENT="eller"/><SP WIDTH="19" VPOS="519" HPOS="254"/>
							<String ID="string_89" HPOS="273" VPOS="519" WIDTH="127" HEIGHT="22" WC="0.91" CONTENT="fullmakter"/><SP WIDTH="16" VPOS="519" HPOS="400"/>
							<String ID="string_90" HPOS="416" VPOS="519" WIDTH="24" HEIGHT="22" WC="0.96" CONTENT="så"/><SP WIDTH="14" VPOS="519" HPOS="440"/>
							<String ID="string_91" HPOS="454" VPOS="520" WIDTH="35" HEIGHT="21" WC="0.93" CONTENT="väl"/><SP WIDTH="16" VPOS="520" HPOS="489"/>
							<String ID="string_92" HPOS="505" VPOS="520" WIDTH="12" HEIGHT="20" WC="0.90" CONTENT="å"/><SP WIDTH="15" VPOS="520" HPOS="517"/>
							<String ID="string_93" HPOS="532" VPOS="520" WIDTH="86" HEIGHT="27" WC="0.93" CONTENT="verklig"/><SP WIDTH="14" VPOS="520" HPOS="618"/>
							<String ID="string_94" HPOS="632" VPOS="520" WIDTH="70" HEIGHT="28" WC="0.92" CONTENT="tjenst"/><SP WIDTH="15" VPOS="520" HPOS="702"/>
							<String ID="string_95" HPOS="717" VPOS="527" WIDTH="45" HEIGHT="14" WC="0.91" CONTENT="som"/><SP WIDTH="17" VPOS="527" HPOS="762"/>
							<String ID="string_96" HPOS="779" VPOS="521" WIDTH="13" HEIGHT="20" WC="0.91" CONTENT="å"/><SP WIDTH="15" VPOS="521" HPOS="792"/>
							<String ID="string_97" HPOS="807" VPOS="521" WIDTH="29" HEIGHT="20" WC="0.92" CONTENT="ti-"/>
						</TextLine>
						<TextLine ID="line_12" HPOS="84" VPOS="551" WIDTH="753" HEIGHT="32">
							<String ID="string_98" HPOS="84" VPOS="553" WIDTH="38" HEIGHT="27" WC="0.96" CONTENT="tel,"/><SP WIDTH="16" VPOS="553" HPOS="122"/>
							<String ID="string_99" HPOS="138" VPOS="553" WIDTH="65" HEIGHT="22" WC="0.93" CONTENT="hafva"/><SP WIDTH="15" VPOS="553" HPOS="203"/>
							<String ID="string_100" HPOS="218" VPOS="553" WIDTH="123" HEIGHT="22" WC="0.91" CONTENT="Ständerna"/><SP WIDTH="13" VPOS="553" HPOS="341"/>
							<String ID="string_101" HPOS="354" VPOS="554" WIDTH="82" HEIGHT="27" WC="0.91" CONTENT="jemväl"/><SP WIDTH="16" VPOS="554" HPOS="436"/>
							<String ID="string_102" HPOS="452" VPOS="551" WIDTH="73" HEIGHT="24" WC="0.96" CONTENT="ansett"/><SP WIDTH="15" VPOS="551" HPOS="525"/>
							<String ID="string_103" HPOS="540" VPOS="561" WIDTH="51" HEIGHT="14" WC="0.97" CONTENT="vara"/><SP WIDTH="11" VPOS="561" HPOS="591"/>
							<String ID="string_104" HPOS="602" VPOS="555" WIDTH="24" HEIGHT="20" WC="0.97" CONTENT="så"/><SP WIDTH="11" VPOS="555" HPOS="626"/>
							<String ID="string_105" HPOS="637" VPOS="555" WIDTH="52" HEIGHT="28" WC="0.91" CONTENT="högt"/><SP WIDTH="10" VPOS="555" HPOS="689"/>
							<String ID="string_106" HPOS="699" VPOS="554" WIDTH="138" HEIGHT="27" WC="0.91" CONTENT="beskattade,"/>
						</TextLine>
						<TextLine ID="line_13" HPOS="84" VPOS="588" WIDTH="753" HEIGHT="29">
							<String ID="string_107" HPOS="84" VPOS="590" WIDTH="32" HEIGHT="20" WC="0.96" CONTENT="att"/><SP WIDTH="15" VPOS="590" HPOS="116"/>
							<String ID="string_108" HPOS="131" VPOS="589" WIDTH="72" HEIGHT="27" WC="0.96" CONTENT="någon"/><SP WIDTH="16" VPOS="589" HPOS="203"/>
							<String ID="string_109" HPOS="219" VPOS="588" WIDTH="128" HEIGHT="28" WC="0.95" CONTENT="förhöjning"/><SP WIDTH="15" VPOS="588" HPOS="347"/>
							<String ID="string_110" HPOS="362" VPOS="588" WIDTH="6" HEIGHT="21" WC="0.93" CONTENT="i"/><SP WIDTH="17" VPOS="588" HPOS="368"/>
							<String ID="string_111" HPOS="385" VPOS="589" WIDTH="280" HEIGHT="28" WC="0.92" CONTENT="stämpelpappersafgiften"/><SP WIDTH="16" VPOS="589" HPOS="665"/>
							<String ID="string_112" HPOS="681" VPOS="589" WIDTH="34" HEIGHT="21" WC="0.96" CONTENT="för"/><SP WIDTH="10" VPOS="589" HPOS="715"/>
							<String ID="string_113" HPOS="725" VPOS="589" WIDTH="49" HEIGHT="21" WC="0.93" CONTENT="dem"/><SP WIDTH="12" VPOS="589" HPOS="774"/>
							<String ID="string_114" HPOS="786" VPOS="589" WIDTH="51" HEIGHT="21" WC="0.90" CONTENT="skä-"/>
						</TextLine>
						<TextLine ID="line_14" HPOS="84" VPOS="623" WIDTH="755" HEIGHT="28">
							<String ID="string_115" HPOS="84" VPOS="623" WIDTH="58" HEIGHT="28" WC="0.96" CONTENT="ligen"/><SP WIDTH="17" VPOS="623" HPOS="142"/>
							<String ID="string_116" HPOS="159" VPOS="623" WIDTH="48" HEIGHT="21" WC="0.96" CONTENT="icke"/><SP WIDTH="16" VPOS="623" HPOS="207"/>
							<String ID="string_117" HPOS="223" VPOS="623" WIDTH="39" HEIGHT="21" WC="0.93" CONTENT="bör"/><SP WIDTH="16" VPOS="623" HPOS="262"/>
							<String ID="string_118" HPOS="278" VPOS="623" WIDTH="167" HEIGHT="28" WC="0.90" CONTENT="ifrågakomma."/><SP WIDTH="30" VPOS="623" HPOS="445"/>
							<String ID="string_119" HPOS="475" VPOS="623" WIDTH="51" HEIGHT="22" WC="0.96" CONTENT="Men"/><SP WIDTH="16" VPOS="623" HPOS="526"/>
							<String ID="string_120" HPOS="542" VPOS="624" WIDTH="27" HEIGHT="21" WC="0.93" CONTENT="då"/><SP WIDTH="15" VPOS="624" HPOS="569"/>
							<String ID="string_121" HPOS="584" VPOS="623" WIDTH="123" HEIGHT="22" WC="0.90" CONTENT="Ständerna"/><SP WIDTH="15" VPOS="623" HPOS="707"/>
							<String ID="string_122" HPOS="722" VPOS="623" WIDTH="117" HEIGHT="27" WC="0.92" CONTENT="inhemtat,"/>
						</TextLine>
						<TextLine ID="line_15" HPOS="83" VPOS="657" WIDTH="753" HEIGHT="23">
							<String ID="string_123" HPOS="83" VPOS="659" WIDTH="33" HEIGHT="20" WC="0.93" CONTENT="att"/><SP WIDTH="15" VPOS="659" HPOS="116"/>
							<String ID="string_124" HPOS="131" VPOS="658" WIDTH="115" HEIGHT="21" WC="0.92" CONTENT="karterade"/><SP WIDTH="16" VPOS="658" HPOS="246"/>
							<String ID="string_125" HPOS="262" VPOS="657" WIDTH="127" HEIGHT="22" WC="0.90" CONTENT="fullmakter"/><SP WIDTH="14" VPOS="657" HPOS="389"/>
							<String ID="string_126" HPOS="403" VPOS="657" WIDTH="49" HEIGHT="22" WC="0.96" CONTENT="icke"/><SP WIDTH="22" VPOS="657" HPOS="452"/>
							<String ID="string_127" HPOS="474" VPOS="658" WIDTH="107" HEIGHT="21" WC="0.95" CONTENT="utfärdats"/><SP WIDTH="16" VPOS="658" HPOS="581"/>
							<String ID="string_128" HPOS="597" VPOS="658" WIDTH="36" HEIGHT="21" WC="0.93" CONTENT="vid"/><SP WIDTH="15" VPOS="658" HPOS="633"/>
							<String ID="string_129" HPOS="648" VPOS="659" WIDTH="188" HEIGHT="21" WC="0.91" CONTENT="senatorsutnäm-"/>
						</TextLine>
						<TextLine ID="line_16" HPOS="83" VPOS="692" WIDTH="754" HEIGHT="29">
							<String ID="string_130" HPOS="83" VPOS="693" WIDTH="86" HEIGHT="28" WC="0.96" CONTENT="ningar,"/><SP WIDTH="15" VPOS="693" HPOS="169"/>
							<String ID="string_131" HPOS="184" VPOS="694" WIDTH="60" HEIGHT="20" WC="0.96" CONTENT="utom"/><SP WIDTH="16" VPOS="694" HPOS="244"/>
							<String ID="string_132" HPOS="260" VPOS="692" WIDTH="27" HEIGHT="22" WC="0.96" CONTENT="då"/><SP WIDTH="15" VPOS="692" HPOS="287"/>
							<String ID="string_133" HPOS="302" VPOS="693" WIDTH="131" HEIGHT="28" WC="0.96" CONTENT="utnämning"/><SP WIDTH="19" VPOS="693" HPOS="433"/>
							<String ID="string_134" HPOS="452" VPOS="693" WIDTH="59" HEIGHT="21" WC="0.96" CONTENT="skett"/><SP WIDTH="14" VPOS="693" HPOS="511"/>
							<String ID="string_135" HPOS="525" VPOS="693" WIDTH="70" HEIGHT="22" WC="0.96" CONTENT="under"/><SP WIDTH="16" VPOS="693" HPOS="595"/>
							<String ID="string_136" HPOS="611" VPOS="693" WIDTH="130" HEIGHT="28" WC="0.93" CONTENT="fortgående"/><SP WIDTH="15" VPOS="693" HPOS="741"/>
							<String ID="string_137" HPOS="756" VPOS="693" WIDTH="81" HEIGHT="22" WC="0.89" CONTENT="treårs-"/>
						</TextLine>
						<TextLine ID="line_17" HPOS="83" VPOS="727" WIDTH="754" HEIGHT="29">
							<String ID="string_138" HPOS="83" VPOS="728" WIDTH="77" HEIGHT="28" WC="0.95" CONTENT="period"/><SP WIDTH="22" VPOS="728" HPOS="160"/>
							<String ID="string_139" HPOS="182" VPOS="728" WIDTH="66" HEIGHT="21" WC="0.96" CONTENT="innan"/><SP WIDTH="21" VPOS="728" HPOS="248"/>
							<String ID="string_140" HPOS="269" VPOS="727" WIDTH="42" HEIGHT="22" WC="0.93" CONTENT="den"/><SP WIDTH="23" VPOS="727" HPOS="311"/>
							<String ID="string_141" HPOS="334" VPOS="727" WIDTH="116" HEIGHT="22" WC="0.93" CONTENT="faststälda"/><SP WIDTH="22" VPOS="727" HPOS="450"/>
							<String ID="string_142" HPOS="472" VPOS="728" WIDTH="108" HEIGHT="21" WC="0.96" CONTENT="terminen"/><SP WIDTH="23" VPOS="728" HPOS="580"/>
							<String ID="string_143" HPOS="603" VPOS="728" WIDTH="33" HEIGHT="21" WC="0.92" CONTENT="för"/><SP WIDTH="28" VPOS="728" HPOS="636"/>
							<String ID="string_144" HPOS="664" VPOS="728" WIDTH="173" HEIGHT="22" WC="0.92" CONTENT="senatsledamö-"/>
						</TextLine>
						<TextLine ID="line_18" HPOS="84" VPOS="762" WIDTH="751" HEIGHT="29">
							<String ID="string_145" HPOS="84" VPOS="766" WIDTH="63" HEIGHT="18" WC="0.93" CONTENT="terna"/><SP WIDTH="15" VPOS="766" HPOS="147"/>
							<String ID="string_146" HPOS="162" VPOS="763" WIDTH="146" HEIGHT="28" WC="0.91" CONTENT="tilländagätt,"/><SP WIDTH="15" VPOS="763" HPOS="308"/>
							<String ID="string_147" HPOS="323" VPOS="763" WIDTH="8" HEIGHT="20" WC="0.93" CONTENT="i"/><SP WIDTH="15" VPOS="763" HPOS="331"/>
							<String ID="string_148" HPOS="346" VPOS="762" WIDTH="85" HEIGHT="22" WC="0.92" CONTENT="hvilket"/><SP WIDTH="16" VPOS="762" HPOS="431"/>
							<String ID="string_149" HPOS="447" VPOS="762" WIDTH="39" HEIGHT="22" WC="0.93" CONTENT="fall"/><SP WIDTH="11" VPOS="762" HPOS="486"/>
							<String ID="string_150" HPOS="497" VPOS="762" WIDTH="129" HEIGHT="22" WC="0.92" CONTENT="fullmakten"/><SP WIDTH="11" VPOS="762" HPOS="626"/>
							<String ID="string_151" HPOS="637" VPOS="763" WIDTH="107" HEIGHT="21" WC="0.92" CONTENT="utfärdats"/><SP WIDTH="11" VPOS="763" HPOS="744"/>
							<String ID="string_152" HPOS="755" VPOS="763" WIDTH="28" HEIGHT="27" WC="0.96" CONTENT="pä"/><SP WIDTH="11" VPOS="763" HPOS="783"/>
							<String ID="string_153" HPOS="794" VPOS="763" WIDTH="41" HEIGHT="21" WC="0.97" CONTENT="den"/>
						</TextLine>
						<TextLine ID="line_19" HPOS="84" VPOS="797" WIDTH="753" HEIGHT="28">
							<String ID="string_154" HPOS="84" VPOS="797" WIDTH="34" HEIGHT="22" WC="0.92" CONTENT="för"/><SP WIDTH="22" VPOS="797" HPOS="118"/>
							<String ID="string_155" HPOS="140" VPOS="797" WIDTH="127" HEIGHT="28" WC="0.92" CONTENT="Kejserliga"/><SP WIDTH="23" VPOS="797" HPOS="267"/>
							<String ID="string_156" HPOS="290" VPOS="797" WIDTH="107" HEIGHT="22" WC="0.92" CONTENT="Senatens"/><SP WIDTH="20" VPOS="797" HPOS="397"/>
							<String ID="string_157" HPOS="417" VPOS="798" WIDTH="108" HEIGHT="27" WC="0.91" CONTENT="utgäende"/><SP WIDTH="21" VPOS="798" HPOS="525"/>
							<String ID="string_158" HPOS="546" VPOS="797" WIDTH="153" HEIGHT="28" WC="0.89" CONTENT="expeditioner"/><SP WIDTH="22" VPOS="797" HPOS="699"/>
							<String ID="string_159" HPOS="721" VPOS="797" WIDTH="116" HEIGHT="22" WC="0.92" CONTENT="faststälda"/>
						</TextLine>
						<TextLine ID="line_20" HPOS="84" VPOS="832" WIDTH="752" HEIGHT="28">
							<String ID="string_160" HPOS="84" VPOS="833" WIDTH="70" HEIGHT="27" WC="0.93" CONTENT="karta,"/><SP WIDTH="15" VPOS="833" HPOS="154"/>
							<String ID="string_161" HPOS="169" VPOS="832" WIDTH="113" HEIGHT="22" WC="0.93" CONTENT="äfvensom"/><SP WIDTH="17" VPOS="832" HPOS="282"/>
							<String ID="string_162" HPOS="299" VPOS="835" WIDTH="32" HEIGHT="19" WC="0.96" CONTENT="att"/><SP WIDTH="23" VPOS="835" HPOS="331"/>
							<String ID="string_163" HPOS="354" VPOS="832" WIDTH="77" HEIGHT="22" WC="0.96" CONTENT="kartan"/><SP WIDTH="17" VPOS="832" HPOS="431"/>
							<String ID="string_164" HPOS="448" VPOS="833" WIDTH="33" HEIGHT="21" WC="0.93" CONTENT="till"/><SP WIDTH="15" VPOS="833" HPOS="481"/>
							<String ID="string_165" HPOS="496" VPOS="832" WIDTH="288" HEIGHT="28" WC="0.92" CONTENT="häradshöfdingefullmakt"/><SP WIDTH="14" VPOS="832" HPOS="784"/>
							<String ID="string_166" HPOS="798" VPOS="832" WIDTH="38" HEIGHT="22" WC="0.89" CONTENT="be-"/>
						</TextLine>
						<TextLine ID="line_21" HPOS="83" VPOS="867" WIDTH="754" HEIGHT="28">
							<String ID="string_167" HPOS="83" VPOS="868" WIDTH="91" HEIGHT="21" WC="0.92" CONTENT="räknats"/><SP WIDTH="17" VPOS="868" HPOS="174"/>
							<String ID="string_168" HPOS="191" VPOS="868" WIDTH="55" HEIGHT="21" WC="0.92" CONTENT="blott"/><SP WIDTH="15" VPOS="868" HPOS="246"/>
							<String ID="string_169" HPOS="261" VPOS="868" WIDTH="57" HEIGHT="21" WC="0.96" CONTENT="efter"/><SP WIDTH="16" VPOS="868" HPOS="318"/>
							<String ID="string_170" HPOS="334" VPOS="868" WIDTH="41" HEIGHT="21" WC="0.96" CONTENT="den"/><SP WIDTH="16" VPOS="868" HPOS="375"/>
							<String ID="string_171" HPOS="391" VPOS="868" WIDTH="8" HEIGHT="20" WC="0.95" CONTENT="i"/><SP WIDTH="15" VPOS="868" HPOS="399"/>
							<String ID="string_172" HPOS="414" VPOS="867" WIDTH="27" HEIGHT="21" WC="0.97" CONTENT="de"/><SP WIDTH="15" VPOS="867" HPOS="441"/>
							<String ID="string_173" HPOS="456" VPOS="868" WIDTH="63" HEIGHT="21" WC="0.96" CONTENT="flesta"/><SP WIDTH="14" VPOS="868" HPOS="519"/>
							<String ID="string_174" HPOS="533" VPOS="867" WIDTH="39" HEIGHT="21" WC="0.93" CONTENT="fall"/><SP WIDTH="15" VPOS="867" HPOS="572"/>
							<String ID="string_175" HPOS="587" VPOS="869" WIDTH="79" HEIGHT="26" WC="0.92" CONTENT="ytterst"/><SP WIDTH="15" VPOS="869" HPOS="666"/>
							<String ID="string_176" HPOS="681" VPOS="868" WIDTH="65" HEIGHT="27" WC="0.92" CONTENT="ringa"/><SP WIDTH="11" VPOS="868" HPOS="746"/>
							<String ID="string_177" HPOS="757" VPOS="868" WIDTH="80" HEIGHT="20" WC="0.92" CONTENT="krono-"/>
						</TextLine>
						<TextLine ID="line_22" HPOS="83" VPOS="902" WIDTH="752" HEIGHT="28">
							<String ID="string_178" HPOS="83" VPOS="903" WIDTH="73" HEIGHT="27" WC="0.90" CONTENT="lönen,"/><SP WIDTH="16" VPOS="903" HPOS="156"/>
							<String ID="string_179" HPOS="172" VPOS="903" WIDTH="66" HEIGHT="21" WC="0.90" CONTENT="hafva"/><SP WIDTH="22" VPOS="903" HPOS="238"/>
							<String ID="string_180" HPOS="260" VPOS="902" WIDTH="123" HEIGHT="22" WC="0.90" CONTENT="Ständerna"/><SP WIDTH="23" VPOS="902" HPOS="383"/>
							<String ID="string_181" HPOS="406" VPOS="902" WIDTH="36" HEIGHT="22" WC="0.92" CONTENT="vid"/><SP WIDTH="20" VPOS="902" HPOS="442"/>
							<String ID="string_182" HPOS="462" VPOS="902" WIDTH="168" HEIGHT="22" WC="0.92" CONTENT="föreskrifterna"/><SP WIDTH="16" VPOS="902" HPOS="630"/>
							<String ID="string_183" HPOS="646" VPOS="909" WIDTH="34" HEIGHT="15" WC="0.93" CONTENT="om"/><SP WIDTH="17" VPOS="909" HPOS="680"/>
							<String ID="string_184" HPOS="697" VPOS="902" WIDTH="138" HEIGHT="22" WC="0.93" CONTENT="fullmakters"/>
						</TextLine>
						<TextLine ID="line_23" HPOS="83" VPOS="937" WIDTH="752" HEIGHT="29">
							<String ID="string_185" HPOS="83" VPOS="938" WIDTH="120" HEIGHT="28" WC="0.92" CONTENT="kartering,"/><SP WIDTH="23" VPOS="938" HPOS="203"/>
							<String ID="string_186" HPOS="226" VPOS="944" WIDTH="53" HEIGHT="22" WC="0.96" CONTENT="som,"/><SP WIDTH="23" VPOS="944" HPOS="279"/>
							<String ID="string_187" HPOS="302" VPOS="938" WIDTH="28" HEIGHT="21" WC="0.93" CONTENT="dä"/><SP WIDTH="18" VPOS="938" HPOS="330"/>
							<String ID="string_188" HPOS="348" VPOS="938" WIDTH="71" HEIGHT="27" WC="0.92" CONTENT="nägon"/><SP WIDTH="16" VPOS="938" HPOS="419"/>
							<String ID="string_189" HPOS="435" VPOS="937" WIDTH="69" HEIGHT="21" WC="0.93" CONTENT="första"/><SP WIDTH="15" VPOS="937" HPOS="504"/>
							<String ID="string_190" HPOS="519" VPOS="938" WIDTH="87" HEIGHT="28" WC="0.92" CONTENT="gängen"/><SP WIDTH="16" VPOS="938" HPOS="606"/>
							<String ID="string_191" HPOS="622" VPOS="939" WIDTH="115" HEIGHT="20" WC="0.88" CONTENT="utnämnes"/><SP WIDTH="16" VPOS="939" HPOS="737"/>
							<String ID="string_192" HPOS="753" VPOS="938" WIDTH="34" HEIGHT="21" WC="0.93" CONTENT="till"/><SP WIDTH="15" VPOS="938" HPOS="787"/>
							<String ID="string_193" HPOS="802" VPOS="944" WIDTH="33" HEIGHT="15" WC="0.93" CONTENT="se-"/>
						</TextLine>
						<TextLine ID="line_24" HPOS="83" VPOS="972" WIDTH="752" HEIGHT="28">
							<String ID="string_194" HPOS="83" VPOS="975" WIDTH="64" HEIGHT="19" WC="0.92" CONTENT="nator"/><SP WIDTH="15" VPOS="975" HPOS="147"/>
							<String ID="string_195" HPOS="162" VPOS="973" WIDTH="40" HEIGHT="20" WC="0.93" CONTENT="bör"/><SP WIDTH="15" VPOS="973" HPOS="202"/>
							<String ID="string_196" HPOS="217" VPOS="979" WIDTH="41" HEIGHT="21" WC="0.93" CONTENT="ega"/><SP WIDTH="16" VPOS="979" HPOS="258"/>
							<String ID="string_197" HPOS="274" VPOS="979" WIDTH="48" HEIGHT="15" WC="0.96" CONTENT="rum"/><SP WIDTH="16" VPOS="979" HPOS="322"/>
							<String ID="string_198" HPOS="338" VPOS="972" WIDTH="70" HEIGHT="28" WC="0.96" CONTENT="enligt"/><SP WIDTH="15" VPOS="972" HPOS="408"/>
							<String ID="string_199" HPOS="423" VPOS="972" WIDTH="26" HEIGHT="22" WC="0.96" CONTENT="de"/><SP WIDTH="15" VPOS="972" HPOS="449"/>
							<String ID="string_200" HPOS="464" VPOS="972" WIDTH="8" HEIGHT="21" WC="0.96" CONTENT="i"/><SP WIDTH="15" VPOS="972" HPOS="472"/>
							<String ID="string_201" HPOS="487" VPOS="979" WIDTH="65" HEIGHT="15" WC="0.96" CONTENT="mom."/><SP WIDTH="16" VPOS="979" HPOS="552"/>
							<String ID="string_202" HPOS="568" VPOS="972" WIDTH="22" HEIGHT="28" WC="0.96" CONTENT="a)"/><SP WIDTH="16" VPOS="972" HPOS="590"/>
							<String ID="string_203" HPOS="606" VPOS="974" WIDTH="10" HEIGHT="20" WC="0.93" CONTENT="1"/><SP WIDTH="18" VPOS="974" HPOS="616"/>
							<String ID="string_204" HPOS="634" VPOS="972" WIDTH="115" HEIGHT="22" WC="0.92" CONTENT="faststälda"/><SP WIDTH="20" VPOS="972" HPOS="749"/>
							<String ID="string_205" HPOS="769" VPOS="979" WIDTH="66" HEIGHT="21" WC="0.91" CONTENT="grun-"/>
						</TextLine>
						<TextLine ID="line_25" HPOS="84" VPOS="1007" WIDTH="753" HEIGHT="29">
							<String ID="string_206" HPOS="84" VPOS="1007" WIDTH="45" HEIGHT="27" WC="0.93" CONTENT="der,"/><SP WIDTH="16" VPOS="1007" HPOS="129"/>
							<String ID="string_207" HPOS="145" VPOS="1009" WIDTH="72" HEIGHT="19" WC="0.92" CONTENT="ansett"/><SP WIDTH="20" VPOS="1009" HPOS="217"/>
							<String ID="string_208" HPOS="237" VPOS="1007" WIDTH="37" HEIGHT="22" WC="0.93" CONTENT="det"/><SP WIDTH="14" VPOS="1007" HPOS="274"/>
							<String ID="string_209" HPOS="288" VPOS="1008" WIDTH="79" HEIGHT="28" WC="0.89" CONTENT="tillägg"/><SP WIDTH="16" VPOS="1008" HPOS="367"/>
							<String ID="string_210" HPOS="383" VPOS="1007" WIDTH="34" HEIGHT="22" WC="0.93" CONTENT="till"/><SP WIDTH="16" VPOS="1007" HPOS="417"/>
							<String ID="string_211" HPOS="433" VPOS="1008" WIDTH="67" HEIGHT="28" WC="0.91" CONTENT="sagda"/><SP WIDTH="14" VPOS="1008" HPOS="500"/>
							<String ID="string_212" HPOS="514" VPOS="1009" WIDTH="98" HEIGHT="20" WC="0.96" CONTENT="moment"/><SP WIDTH="14" VPOS="1009" HPOS="612"/>
							<String ID="string_213" HPOS="626" VPOS="1014" WIDTH="52" HEIGHT="15" WC="0.93" CONTENT="vara"/><SP WIDTH="16" VPOS="1014" HPOS="678"/>
							<String ID="string_214" HPOS="694" VPOS="1007" WIDTH="143" HEIGHT="29" WC="0.93" CONTENT="erforderligt"/>
						</TextLine>
						<TextLine ID="line_26" HPOS="84" VPOS="1042" WIDTH="753" HEIGHT="28">
							<String ID="string_215" HPOS="84" VPOS="1045" WIDTH="32" HEIGHT="19" WC="0.92" CONTENT="att"/><SP WIDTH="22" VPOS="1045" HPOS="116"/>
							<String ID="string_216" HPOS="138" VPOS="1042" WIDTH="100" HEIGHT="21" WC="0.92" CONTENT="fullmakt"/><SP WIDTH="15" VPOS="1042" HPOS="238"/>
							<String ID="string_217" HPOS="253" VPOS="1043" WIDTH="33" HEIGHT="21" WC="0.93" CONTENT="för"/><SP WIDTH="16" VPOS="1043" HPOS="286"/>
							<String ID="string_218" HPOS="302" VPOS="1044" WIDTH="94" HEIGHT="26" WC="0.93" CONTENT="senator,"/><SP WIDTH="16" VPOS="1044" HPOS="396"/>
							<String ID="string_219" HPOS="412" VPOS="1042" WIDTH="89" HEIGHT="22" WC="0.92" CONTENT="hvilken"/><SP WIDTH="15" VPOS="1042" HPOS="501"/>
							<String ID="string_220" HPOS="516" VPOS="1042" WIDTH="70" HEIGHT="22" WC="0.92" CONTENT="kallas"/><SP WIDTH="16" VPOS="1042" HPOS="586"/>
							<String ID="string_221" HPOS="602" VPOS="1044" WIDTH="32" HEIGHT="19" WC="0.93" CONTENT="att"/><SP WIDTH="14" VPOS="1044" HPOS="634"/>
							<String ID="string_222" HPOS="648" VPOS="1042" WIDTH="189" HEIGHT="22" WC="0.92" CONTENT="senatorsembete"/>
						</TextLine>
						<TextLine ID="line_27" HPOS="84" VPOS="1077" WIDTH="754" HEIGHT="28">
							<String ID="string_223" HPOS="84" VPOS="1077" WIDTH="187" HEIGHT="28" WC="0.92" CONTENT="fortsättningsvis"/><SP WIDTH="24" VPOS="1077" HPOS="271"/>
							<String ID="string_224" HPOS="295" VPOS="1077" WIDTH="99" HEIGHT="28" WC="0.91" CONTENT="bekläda,"/><SP WIDTH="23" VPOS="1077" HPOS="394"/>
							<String ID="string_225" HPOS="417" VPOS="1078" WIDTH="97" HEIGHT="20" WC="0.91" CONTENT="utfärdas"/><SP WIDTH="23" VPOS="1078" HPOS="514"/>
							<String ID="string_226" HPOS="537" VPOS="1078" WIDTH="13" HEIGHT="20" WC="0.92" CONTENT="&amp;"/><SP WIDTH="22" VPOS="1078" HPOS="550"/>
							<String ID="string_227" HPOS="572" VPOS="1077" WIDTH="66" HEIGHT="21" WC="0.92" CONTENT="sädan"/><SP WIDTH="16" VPOS="1077" HPOS="638"/>
							<String ID="string_228" HPOS="654" VPOS="1078" WIDTH="70" HEIGHT="25" WC="0.96" CONTENT="karta,"/><SP WIDTH="16" VPOS="1078" HPOS="724"/>
							<String ID="string_229" HPOS="740" VPOS="1084" WIDTH="47" HEIGHT="14" WC="0.96" CONTENT="som"/><SP WIDTH="14" VPOS="1084" HPOS="787"/>
							<String ID="string_230" HPOS="801" VPOS="1077" WIDTH="37" HEIGHT="21" WC="0.96" CONTENT="för"/>
						</TextLine>
						<TextLine ID="line_28" HPOS="84" VPOS="1112" WIDTH="755" HEIGHT="28">
							<String ID="string_231" HPOS="84" VPOS="1112" WIDTH="109" HEIGHT="22" WC="0.91" CONTENT="Senatens"/><SP WIDTH="16" VPOS="1112" HPOS="193"/>
							<String ID="string_232" HPOS="209" VPOS="1112" WIDTH="152" HEIGHT="28" WC="0.96" CONTENT="expeditioner"/><SP WIDTH="13" VPOS="1112" HPOS="361"/>
							<String ID="string_233" HPOS="374" VPOS="1112" WIDTH="8" HEIGHT="21" WC="0.93" CONTENT="i"/><SP WIDTH="11" VPOS="1112" HPOS="382"/>
							<String ID="string_234" HPOS="393" VPOS="1112" WIDTH="118" HEIGHT="22" WC="0.96" CONTENT="allmänhet"/><SP WIDTH="11" VPOS="1112" HPOS="511"/>
							<String ID="string_235" HPOS="522" VPOS="1112" WIDTH="76" HEIGHT="28" WC="0.93" CONTENT="gäller,"/><SP WIDTH="11" VPOS="1112" HPOS="598"/>
							<String ID="string_236" HPOS="609" VPOS="1112" WIDTH="94" HEIGHT="22" WC="0.92" CONTENT="hvarhos"/><SP WIDTH="10" VPOS="1112" HPOS="703"/>
							<String ID="string_237" HPOS="713" VPOS="1112" WIDTH="126" HEIGHT="22" WC="0.81" CONTENT="Ständerna"/>
						</TextLine>
						<TextLine ID="line_29" HPOS="84" VPOS="1146" WIDTH="753" HEIGHT="28">
							<String ID="string_238" HPOS="84" VPOS="1148" WIDTH="36" HEIGHT="20" WC="0.93" CONTENT="vid"/><SP WIDTH="16" VPOS="1148" HPOS="120"/>
							<String ID="string_239" HPOS="136" VPOS="1148" WIDTH="119" HEIGHT="20" WC="0.96" CONTENT="momentet"/><SP WIDTH="15" VPOS="1148" HPOS="255"/>
							<String ID="string_240" HPOS="270" VPOS="1146" WIDTH="68" HEIGHT="22" WC="0.96" CONTENT="infört"/><SP WIDTH="15" VPOS="1146" HPOS="338"/>
							<String ID="string_241" HPOS="353" VPOS="1154" WIDTH="27" HEIGHT="14" WC="0.97" CONTENT="en"/><SP WIDTH="16" VPOS="1154" HPOS="380"/>
							<String ID="string_242" HPOS="396" VPOS="1147" WIDTH="94" HEIGHT="21" WC="0.93" CONTENT="särskild"/><SP WIDTH="14" VPOS="1147" HPOS="490"/>
							<String ID="string_243" HPOS="504" VPOS="1147" WIDTH="146" HEIGHT="27" WC="0.96" CONTENT="anmärkning"/><SP WIDTH="6" VPOS="1147" HPOS="650"/>
							<String ID="string_244" HPOS="656" VPOS="1142" WIDTH="10" HEIGHT="37" WC="0.31" CONTENT="i"/><SP WIDTH="-2" VPOS="1142" HPOS="666"/>
							<String ID="string_245" HPOS="664" VPOS="1146" WIDTH="55" HEIGHT="22" WC="0.31" CONTENT="det"/><SP WIDTH="9" VPOS="1146" HPOS="719"/>
							<String ID="string_246" HPOS="728" VPOS="1147" WIDTH="65" HEIGHT="27" WC="0.96" CONTENT="syfte,"/><SP WIDTH="11" VPOS="1147" HPOS="793"/>
							<String ID="string_247" HPOS="804" VPOS="1148" WIDTH="33" HEIGHT="20" WC="0.96" CONTENT="att"/>
						</TextLine>
						<TextLine ID="line_30" HPOS="84" VPOS="1180" WIDTH="754" HEIGHT="31">
							<String ID="string_248" HPOS="84" VPOS="1182" WIDTH="100" HEIGHT="21" WC="0.91" CONTENT="domares"/><SP WIDTH="23" VPOS="1182" HPOS="184"/>
							<String ID="string_249" HPOS="207" VPOS="1181" WIDTH="65" HEIGHT="22" WC="0.96" CONTENT="andel"/><SP WIDTH="22" VPOS="1181" HPOS="272"/>
							<String ID="string_250" HPOS="294" VPOS="1182" WIDTH="7" HEIGHT="21" WC="0.93" CONTENT="i"/><SP WIDTH="23" VPOS="1182" HPOS="301"/>
							<String ID="string_251" HPOS="324" VPOS="1182" WIDTH="191" HEIGHT="28" WC="0.39" CONTENT="tingsgästoingen"/><SP WIDTH="21" VPOS="1182" HPOS="515"/>
							<String ID="string_252" HPOS="536" VPOS="1181" WIDTH="41" HEIGHT="22" WC="0.83" CONTENT="bör"/><SP WIDTH="15" VPOS="1181" HPOS="577"/>
							<String ID="string_253" HPOS="592" VPOS="1183" WIDTH="62" HEIGHT="26" WC="0.96" CONTENT="tagas"/><SP WIDTH="15" VPOS="1183" HPOS="654"/>
							<String ID="string_254" HPOS="669" VPOS="1182" WIDTH="7" HEIGHT="21" WC="0.93" CONTENT="i"/><SP WIDTH="17" VPOS="1182" HPOS="676"/>
							<String ID="string_255" HPOS="693" VPOS="1180" WIDTH="145" HEIGHT="31" WC="0.96" CONTENT="betraktande"/>
						</TextLine>
						<TextLine ID="line_31" HPOS="83" VPOS="1215" WIDTH="756" HEIGHT="30">
							<String ID="string_256" HPOS="83" VPOS="1217" WIDTH="36" HEIGHT="20" WC="0.93" CONTENT="vid"/><SP WIDTH="24" VPOS="1217" HPOS="119"/>
							<String ID="string_257" HPOS="143" VPOS="1216" WIDTH="150" HEIGHT="28" WC="0.95" CONTENT="beräkningen"/><SP WIDTH="23" VPOS="1216" HPOS="293"/>
							<String ID="string_258" HPOS="316" VPOS="1217" WIDTH="24" HEIGHT="20" WC="0.93" CONTENT="af"/><SP WIDTH="21" VPOS="1217" HPOS="340"/>
							<String ID="string_259" HPOS="361" VPOS="1216" WIDTH="281" HEIGHT="29" WC="0.92" CONTENT="stämpelpappersafgiften"/><SP WIDTH="15" VPOS="1216" HPOS="642"/>
							<String ID="string_260" HPOS="657" VPOS="1216" WIDTH="34" HEIGHT="22" WC="0.93" CONTENT="för"/><SP WIDTH="15" VPOS="1216" HPOS="691"/>
							<String ID="string_261" HPOS="706" VPOS="1215" WIDTH="102" HEIGHT="22" WC="0.93" CONTENT="fullmakt"/><SP WIDTH="15" VPOS="1215" HPOS="808"/>
							<String ID="string_262" HPOS="823" VPOS="1216" WIDTH="16" HEIGHT="21" WC="0.92" CONTENT="&amp;"/>
						</TextLine>
						<TextLine ID="line_32" HPOS="84" VPOS="1251" WIDTH="261" HEIGHT="28">
							<String ID="string_263" HPOS="84" VPOS="1251" WIDTH="261" HEIGHT="28" WC="0.92" CONTENT="häradshöfdingetjenst."/>
						</TextLine>
					</TextBlock>
					<TextBlock ID="block_3" HPOS="83" VPOS="1284" WIDTH="754" HEIGHT="96">
						<TextLine ID="line_33" HPOS="152" VPOS="1284" WIDTH="683" HEIGHT="29">
							<String ID="string_264" HPOS="152" VPOS="1285" WIDTH="49" HEIGHT="21" WC="0.92" CONTENT="Den"/><SP WIDTH="15" VPOS="1285" HPOS="201"/>
							<String ID="string_265" HPOS="216" VPOS="1285" WIDTH="32" HEIGHT="22" WC="0.96" CONTENT="uti"/><SP WIDTH="16" VPOS="1285" HPOS="248"/>
							<String ID="string_266" HPOS="264" VPOS="1285" WIDTH="63" HEIGHT="22" WC="0.96" CONTENT="dessa"/><SP WIDTH="15" VPOS="1285" HPOS="327"/>
							<String ID="string_267" HPOS="342" VPOS="1285" WIDTH="25" HEIGHT="28" WC="0.55" CONTENT="88"/><SP WIDTH="15" VPOS="1285" HPOS="367"/>
							<String ID="string_268" HPOS="382" VPOS="1286" WIDTH="8" HEIGHT="21" WC="0.96" CONTENT="i"/><SP WIDTH="16" VPOS="1286" HPOS="390"/>
							<String ID="string_269" HPOS="406" VPOS="1285" WIDTH="107" HEIGHT="22" WC="0.96" CONTENT="särskilda"/><SP WIDTH="15" VPOS="1285" HPOS="513"/>
							<String ID="string_270" HPOS="528" VPOS="1285" WIDTH="38" HEIGHT="22" WC="0.93" CONTENT="fall"/><SP WIDTH="15" VPOS="1285" HPOS="566"/>
							<String ID="string_271" HPOS="581" VPOS="1285" WIDTH="87" HEIGHT="21" WC="0.96" CONTENT="införda"/><SP WIDTH="10" VPOS="1285" HPOS="668"/>
							<String ID="string_272" HPOS="678" VPOS="1284" WIDTH="157" HEIGHT="28" WC="0.95" CONTENT="förhöjningen"/>
						</TextLine>
						<TextLine ID="line_34" HPOS="83" VPOS="1319" WIDTH="754" HEIGHT="28">
							<String ID="string_273" HPOS="83" VPOS="1320" WIDTH="22" HEIGHT="19" WC="0.92" CONTENT="af"/><SP WIDTH="22" VPOS="1320" HPOS="105"/>
							<String ID="string_274" HPOS="127" VPOS="1320" WIDTH="308" HEIGHT="27" WC="0.90" CONTENT="stämpelpappersafgifterna"/><SP WIDTH="23" VPOS="1320" HPOS="435"/>
							<String ID="string_275" HPOS="458" VPOS="1320" WIDTH="39" HEIGHT="20" WC="0.93" CONTENT="har"/><SP WIDTH="19" VPOS="1320" HPOS="497"/>
							<String ID="string_276" HPOS="516" VPOS="1320" WIDTH="117" HEIGHT="21" WC="0.92" CONTENT="beräknats"/><SP WIDTH="15" VPOS="1320" HPOS="633"/>
							<String ID="string_277" HPOS="648" VPOS="1320" WIDTH="74" HEIGHT="21" WC="0.92" CONTENT="lemna"/><SP WIDTH="15" VPOS="1320" HPOS="722"/>
							<String ID="string_278" HPOS="737" VPOS="1326" WIDTH="27" HEIGHT="14" WC="0.93" CONTENT="en"/><SP WIDTH="16" VPOS="1326" HPOS="764"/>
							<String ID="string_279" HPOS="780" VPOS="1319" WIDTH="57" HEIGHT="27" WC="0.88" CONTENT="ärlig"/>
						</TextLine>
						<TextLine ID="line_35" HPOS="84" VPOS="1353" WIDTH="394" HEIGHT="27">
							<String ID="string_280" HPOS="84" VPOS="1353" WIDTH="96" HEIGHT="21" WC="0.91" CONTENT="inkomst"/><SP WIDTH="16" VPOS="1353" HPOS="180"/>
							<String ID="string_281" HPOS="196" VPOS="1353" WIDTH="23" HEIGHT="20" WC="0.96" CONTENT="af"/><SP WIDTH="15" VPOS="1353" HPOS="219"/>
							<String ID="string_282" HPOS="234" VPOS="1353" WIDTH="67" HEIGHT="21" WC="0.93" CONTENT="minst"/><SP WIDTH="15" VPOS="1353" HPOS="301"/>
							<String ID="string_283" HPOS="316" VPOS="1354" WIDTH="78" HEIGHT="26" WC="0.92" CONTENT="60,000"/><SP WIDTH="15" VPOS="1354" HPOS="394"/>
							<String ID="string_284" HPOS="409" VPOS="1353" WIDTH="69" HEIGHT="21" WC="0.96" CONTENT="mark."/>
						</TextLine>
					</TextBlock>
				</ComposedBlock>
			</PrintSpace>
		</Page>
	</Layout>
</alto>
