1039 1692
229 146 25 20 12
414 145 28 18 U.
454 144 32 18 B.
499 154 22 3 —
533 144 82 24 Prop.
628 145 46 18 N:o
687 144 39 18 38.

197 209 39 26 får,
262 208 64 22 under
350 209 132 27 iakttagande
505 209 23 21 af
548 208 239 29 författningsförslagets
809 207 131 27 föreskrifter,

198 244 118 21 verkställas
339 244 7 21 i
369 244 41 21 alla
432 244 104 28 naturliga
558 244 127 28 vattendrag,
705 244 35 20 der
755 243 72 22 sädant
842 244 40 20 kan
898 242 41 22 ske.

198 279 134 28 Rättigheten
348 280 32 20 till
394 280 97 27 flottning
506 281 23 19 är
544 280 85 21 sålunda
644 280 49 25 icke,
710 279 27 27 pä
752 279 42 21 sätt
808 279 7 20 i
831 278 38 21 den
886 278 56 21 äldre

198 314 156 28 lagstiftningen
376 315 54 21 varit
452 315 63 26 fallet,
539 314 100 22 beroende
663 315 22 21 af
707 314 38 21 den
765 313 177 28 omständigheten

199 349 101 22 huruvida
317 350 7 20 i
340 349 143 28 vattendraget
497 350 117 28 kungsädra
629 350 36 21 bör
681 349 130 28 öppenhällas
827 349 49 21 eller
891 348 50 27 icke,

199 385 51 21 utan
270 385 32 21 fär
322 385 119 21 densamma
461 385 81 22 utöfvas
559 385 77 28 jemväl
651 386 32 20 uti
698 391 77 15 annans
791 384 91 21 enskilda
896 384 47 21 vat-

199 421 92 27 tendrag,
308 421 54 20 blott
378 421 34 21 det
427 423 23 18 är
464 421 32 21 för
512 421 117 21 ändamälet
643 421 89 27 tjenligt.
764 420 38 21 Att
818 419 56 22 detta
884 419 58 22 med-

199 456 95 28 gifvande
309 456 85 21 innebär
410 456 30 21 ett
455 456 83 28 inträng
553 456 26 27 pä
590 456 151 28 eganderätten,
753 456 40 21 kan
804 455 17 28 ej
833 455 109 25 bestridas;

200 497 46 16 men
270 491 26 22 dä
319 491 12 21 &
354 491 62 22 andra
439 491 63 26 sidan,
520 491 65 22 såsom
601 491 102 22 tillförene
718 491 129 26 framhållits,
864 490 80 28 vigtiga

199 527 99 21 intressen
313 527 69 20 fordra
396 527 113 21 beredande
525 527 23 21 af
560 527 109 27 möjlighet
683 527 32 20 för
725 527 110 26 skogarnas
845 525 98 28 tillgodo-

200 561 96 28 görande,
311 563 39 20 har
364 562 106 21 Utskottet
485 562 17 27 ej
519 562 70 21 tvekat
604 562 31 21 att
650 561 102 28 tillstyrka
767 561 142 21 bibehällande
923 561 23 21 af

200 597 232 27 Hottningsrättigheten
447 597 7 20 i
470 597 66 22 denna
551 597 148 27 utsträckning,
715 597 54 20 helst
785 597 119 20 densamma
913 596 32 21 uti

200 632 98 27 förslaget
313 635 22 18 är
350 632 121 27 förknippad
485 633 48 21 med
549 632 67 21 direkt
631 631 238 28 ersättningsskyldighet
884 632 60 21 äfven

200 667 32 22 för
242 667 66 22 blotta
317 667 144 28 begagnandet
472 668 23 20 af
503 667 87 22 enskildt
601 667 159 22 vattenområde.
773 679 28 4 —
811 667 56 22 Ifrån
878 667 67 22 denna

201 703 12 27 8
225 705 27 24 är,
265 703 64 28 enligt
339 703 53 21 hvad
404 703 22 21 af
435 703 34 21 det
479 703 56 22 förut
546 703 85 21 anförda
641 703 98 28 framgår,
752 703 38 20 den
799 703 7 20 i
815 703 11 27 $
837 703 9 21 1
857 703 24 21 af
888 703 55 22 1873

202 738 32 22 års
249 738 119 27 förordning
383 738 137 27 uttryckligen
536 739 104 27 medgifna
649 739 124 27 rättigheten
785 739 30 20 för
825 739 119 27 flottnings-

201 773 99 28 manskap
316 774 37 26 att,
370 773 26 21 dä
411 773 73 22 sådant
500 776 22 19 är
532 773 131 28 nödvändigt,
675 774 84 21 beträda
770 774 49 21 eller
829 773 49 22 med
887 774 58 21 flott-

201 809 51 28 gods
262 809 62 28 lägga
334 809 33 21 till
376 809 35 21 vid
421 809 120 22 stränderna
551 809 23 22 af
582 809 80 22 flottled
672 810 54 21 samt
735 809 34 22 der
778 809 100 28 anbringa
885 809 59 22 bom-

201 844 65 22 fästen
282 845 38 20 och
336 844 63 21 andra
408 844 32 21 för
451 844 116 22 ändamålet
578 844 131 28 erforderliga
719 844 100 28 åtgärder,
831 844 112 22 utlemnad.

201 880 42 21 Det
258 882 23 19 är
295 880 34 20 väl
344 879 108 28 sjelffallet,
467 880 31 20 att
509 880 58 21 dessa
576 879 102 22 förmåner
688 880 7 20 i
706 880 113 21 allmänhet
829 882 35 19 äro
876 880 69 27 oskilj-

202 916 69 27 aktiga
286 915 44 21 frän
347 914 124 28 rättigheten
487 915 33 21 till
533 915 133 28 begagnande
677 915 23 21 af
708 915 88 25 flottled;
807 922 47 14 men
866 915 79 21 allden-

202 951 61 21 stund
282 950 140 28 stadgandena
436 950 78 26 härom,
531 951 74 25 hvilka,
621 951 77 21 sädana
713 951 24 21 de
753 951 127 21 förekomma
894 950 8 22 i
917 957 29 15 nu

202 986 94 28 gällande
319 986 125 28 förordning,
466 986 52 22 visat
534 986 31 28 sig
581 986 46 22 leda
642 987 33 21 till
689 986 103 22 missbruk
807 986 45 22 från
867 986 79 22 virkes-

202 1022 116 21 flottarenes
334 1022 48 26 sida,
399 1021 86 22 hänföra
500 1022 32 28 sig
546 1022 33 22 till
594 1022 90 22 vilkoren
699 1022 32 21 för
746 1022 129 28 flottningen,
892 1022 54 21 samt

202 1058 81 21 strand-
300 1058 38 21 och
352 1058 163 27 vattenegarene,
528 1058 25 28 pä
564 1058 41 22 sätt
615 1058 7 21 i
633 1058 34 22 det
677 1058 89 28 följande
777 1060 93 20 närmare
880 1058 66 22 fram-

202 1092 70 27 hälles,
288 1094 50 20 böra
353 1099 48 15 vara
417 1093 127 28 berättigade
560 1094 32 21 till
608 1094 114 26 ersättning
737 1094 32 20 för
784 1094 39 20 den
839 1094 107 21 inskränk-

202 1128 50 27 ning
274 1128 7 21 i
304 1128 152 27 eganderätten,
480 1135 45 15 som
545 1128 119 28 härigenom
679 1129 70 25 vällas,
767 1134 58 16 anser
839 1128 107 22 Utskottet

201 1163 120 27 lämpligast
336 1170 49 14 vara
400 1163 36 26 att,
449 1163 67 21 säsom
527 1164 99 27 förslaget
635 1164 118 26 innehäller,
765 1164 182 28 bestämningarna

202 1198 32 21 uti
256 1198 57 21 detta
332 1198 114 21 hänseende
465 1201 60 25 göras
539 1198 100 22 beroende
655 1199 22 21 af
691 1199 204 21 öfverenskommelse
910 1205 36 15 ve-

202 1233 125 21 derbörande
343 1234 93 24 emellan,
453 1234 49 20 eller
518 1234 42 25 ock,
577 1234 35 20 der
627 1234 63 20 sädan
701 1234 17 26 ej
732 1234 93 21 kommer
835 1234 33 20 till
878 1234 66 26 ständ,

203 1268 24 20 af
238 1268 96 27 pröfning
349 1268 8 20 i
372 1268 149 27 sammanhang
536 1268 47 21 med
598 1268 151 21 fastställandet
765 1268 23 21 af
801 1268 66 27 öfriga
882 1268 65 21 vilkor

203 1302 31 22 för
249 1302 122 28 flottningen
386 1302 8 22 i
408 1302 70 28 hvarje
493 1303 96 21 särskildt
599 1303 42 24 fall,
653 1304 54 20 samt
718 1303 31 21 att
759 1303 120 22 hithörande
890 1303 56 22 stad-

203 1338 80 28 ganden
299 1338 87 21 sålunda
400 1338 48 28 ingå
463 1338 7 21 i
487 1339 25 27 $$
529 1340 19 25 2,
565 1339 13 21 3
595 1339 37 21 och
649 1340 19 20 5.

274 1374 116 27 Förslagets
412 1374 11 27 $
440 1374 12 21 3
468 1374 53 22 inför
537 1374 38 22 den
591 1374 52 22 ifrån
661 1376 55 21 1873
733 1374 33 22 års
781 1374 119 29 förordning
915 1375 32 22 af-

204 1409 85 21 vikande
312 1409 111 26 principen,
448 1409 30 21 att
502 1409 113 28 ersättning
639 1410 56 26 skall,
713 1417 33 14 om
762 1410 22 21 sä
799 1410 111 27 päfordras,
927 1411 23 21 af

204 1444 148 21 virkesflottare
368 1444 88 27 utgifvas
472 1444 32 21 för
519 1445 133 28 begagnande
668 1445 23 21 af
703 1452 78 15 annans
796 1446 90 21 enskilda
901 1448 46 19 vat-

204 1479 118 21 tenomräde
338 1479 54 22 samt
406 1479 126 28 rättigheten
549 1480 30 21 att
594 1480 85 21 beträda
694 1487 78 15 annans
785 1481 58 21 mark
853 1481 37 21 och
902 1481 45 22 der-

250 1529 136 19 Sammansatta
402 1529 52 25 Lag-
470 1529 31 20 och
516 1529 181 20 Ekonomiutskottets
712 1530 110 19 betänkande
837 1530 37 19 N:o
890 1529 18 20 8.
