1014 1695
208 118 29 22 38

365 117 85 23 Ständ.
468 117 38 23 Sv.
523 131 28 2 —
565 117 74 29 Prop.
654 117 46 23 N:o
714 117 35 22 37.

249 185 125 26 utsyningar
390 184 32 21 till
435 184 124 27 svedjeland,
579 184 107 26 äfvensom
706 183 131 22 ekonomiska
859 182 74 27 besigt-

249 219 77 26 ningar
341 219 15 20 å
368 218 172 27 kronoboställen,
555 218 159 21 kronohemman
730 217 36 22 och
782 217 68 22 andra
859 217 76 21 krono-

250 252 123 28 lägenheter,
389 260 47 14 men
450 253 127 21 instrument
591 252 56 27 öfver
662 252 32 27 af-
710 252 36 21 och
769 251 166 28 tillträdessyner

251 287 14 21 å
280 287 62 22 dessa
357 289 55 20 samt
426 288 15 20 å
456 287 141 22 ecklesiastika
616 287 102 21 boställen
742 286 36 22 och
797 285 88 30 publika
900 285 35 22 bo-

249 321 143 28 ställsgärdar
406 322 91 26 skrifvas
510 323 32 27 pä
556 321 116 28 stämpladt
691 328 90 21 papper,
805 321 29 20 dä
856 320 80 21 enskild

246 363 80 21 person
342 357 25 20 är
378 359 54 25 part
446 357 8 20 i
469 357 69 26 saken,
551 357 33 27 pä
598 357 45 20 sätt
653 356 7 21 i
670 358 56 19 1:sta
732 355 93 28 punkten
833 356 26 20 är
866 355 68 27 sagdt.

319 391 54 20 15:0.
404 390 54 26 Mål,
474 397 46 14 som
534 391 36 20 vid
585 390 89 21 domstol
688 390 36 21 och
745 389 122 22 embetsverk
881 389 55 27 före-

249 425 83 21 komma
346 425 89 21 rörande
449 425 92 26 följande
560 424 107 21 allmänna
680 424 48 21 verk
742 424 37 21 och
794 424 142 27 inrätiningar

251 461 57 19 sami
318 459 60 21 deras
388 461 50 24 rätt,
447 459 104 27 nämligen
562 466 2 14 :
576 458 296 27 Alexanders-Universitetet,
883 458 52 21 Fin-

249 493 63 22 lands
324 493 138 26 Statskontor,
478 493 104 22 Finlands
593 493 70 26 Bank,
679 493 119 27 Kejserliga
814 493 123 22 Kabinettet

251 527 37 22 och
294 527 121 22 Alexander
430 528 88 27 Newsky
532 528 77 21 kloster
621 528 8 21 i
639 527 34 22 S:t
687 528 131 26 Petersburg,
834 529 50 26 väg-
900 527 36 22 och

250 563 329 26 vattenkommunikationsverket,
595 562 69 27 finska
674 562 133 26 civilstatens,
820 562 117 21 militärens

250 599 56 19 samt
321 597 136 21 ecklesiastik-
474 597 36 21 och
524 597 125 22 skolstatens
664 597 58 21 enke-
736 597 36 20 och
783 596 152 29 pupillkassor,

251 631 107 22 inhemska
371 632 32 27 pä
418 631 111 28 ömsesidig
545 631 132 28 ansvarighet
682 631 109 27 grundade
800 631 136 22 brandstods-

251 666 61 27 bolag
328 666 36 21 och
378 666 126 27 föreningar,
514 666 290 27 sjöassuransföreningarna,
813 665 123 29 hypotheks-

249 700 130 27 föreningen,
396 701 192 26 lifränteanstalter,
609 701 133 28 sparbanker,
765 701 170 27 ingvarterings-,

253 735 117 28 vyggnads-
394 736 47 21 med
461 736 51 27 flera
534 735 102 27 komiteer,
661 735 81 28 kyrkor,
767 735 70 27 lyceer,
859 735 77 26 skolor,

252 769 120 28 hospitaler,
395 770 137 27 fattigvärds-
556 769 36 23 och
610 770 253 28 pensionsinrättningar,
886 770 50 21 hus-

251 803 117 28 hällmings-
384 804 36 22 och
436 804 152 29 bibelsällskap,
611 805 94 21 litterära
727 805 37 21 och
785 804 155 29 vetenskapliga

251 839 109 26 samfund,
375 839 137 26 fakulteterna
534 840 36 20 vid
589 839 295 27 Alexanders-Universitetet,
901 839 37 21 ad-

252 872 43 28 liga
314 873 294 28 jungfrustiftsinrättningen
630 874 8 20 i
659 873 95 22 Finland
774 876 56 19 samt
854 874 84 21 sockne-

252 907 38 21 och
316 908 245 28 understödsmagasiner
585 908 107 26 äfvensom
718 908 90 27 fromma
832 908 105 27 stiftelser,

252 942 65 21 likväl
331 942 75 21 endast
420 942 56 22 hvad
490 944 14 20 å
519 943 62 21 dessa
595 943 59 21 verks
671 943 36 21 och
721 943 156 27 inrättningars
887 944 51 26 väg-

251 983 42 15 nar
307 977 102 21 inlemnas
424 977 47 21 eller
486 976 31 23 till
532 978 45 21 dem
592 978 106 26 utfärdas.
728 977 60 22 Dock
794 978 66 26 gäller
871 977 68 22 denna

251 1012 95 26 befrielse
360 1012 42 20 icke
416 1012 34 26 för
464 1012 60 28 köpe-
540 1012 47 22 eller
601 1012 63 27 salu-,
680 1014 56 20 samt
758 1012 66 28 bytes-
840 1012 36 22 och
888 1012 50 28 gåf-

252 1046 76 27 vobref
339 1046 14 21 å
367 1046 45 26 fast
430 1047 102 27 egendom.

321 1082 55 20 16:0.
407 1081 45 21 Allt
466 1082 55 21 hvad
542 1082 9 20 i
571 1082 75 26 frågor
667 1082 91 21 rörande
775 1082 116 28 pensioner
912 1089 27 14 ur

251 1115 244 27 krigsmanshusfonden,
512 1116 46 21 eller
573 1116 35 22 ock
629 1116 33 26 för
678 1116 62 21 enkor
762 1116 36 21 och
820 1116 52 22 barn
887 1116 52 27 efter

253 1150 79 27 aflidne
346 1150 85 22 embets-
448 1151 36 21 och
499 1152 123 26 tjenstemän
636 1151 51 26 från
703 1150 106 22 allmänna
824 1153 64 19 stats-
902 1151 37 21 och

251 1184 139 22 militiemedel
407 1188 56 19 samt
484 1185 42 22 alla
543 1185 89 29 publika
654 1185 36 22 och
712 1185 94 21 enskilda
828 1186 58 21 enke-
902 1186 36 21 och

249 1219 147 29 pupillkassor
410 1220 9 20 i
433 1220 71 22 landet
516 1220 89 27 ingifves
621 1219 37 22 och
671 1220 106 26 utfärdas.

320 1254 56 20 17:0.
407 1253 65 20 Bevis
487 1253 36 20 och
536 1253 135 26 vittnesbörd,
686 1253 47 20 dem
756 1252 60 28 lycei-
832 1253 37 21 och
883 1253 54 21 skol-

251 1286 99 26 rektorer,
372 1286 146 27 föreståndare
539 1286 41 30 för
596 1286 202 27 navigationsskolor
823 1287 36 21 och
881 1287 57 27 lägre

252 1321 266 26 undervisningsanstalter
532 1323 55 20 samt
600 1321 85 28 privata
700 1321 70 21 lärare
785 1321 36 22 och
829 1321 108 22 undervis-

252 1356 210 27 ningsinrättningar
477 1356 32 21 till
523 1356 64 22 elever
601 1355 94 28 utfärda,
708 1356 107 27 äfvensom
826 1356 111 22 ansöknin-

249 1397 42 21 gar
307 1391 17 28 e&
339 1391 81 22 mindre
436 1398 33 15 om
482 1391 85 22 inträde
582 1391 8 21 i
605 1391 79 22 allmän
702 1391 131 26 läroanstalt,
857 1393 29 20 än
900 1392 37 21 sä-

251 1425 64 28 dana,
331 1425 68 22 hvilka
414 1426 27 27 af
450 1425 126 22 studerande
590 1426 36 21 vid
642 1425 294 28 Alexanders-Universitetet,
