1045 1698
289 146 71 22 U..B.
386 156 14 12 —
412 147 87 25 Prop.
514 146 46 21 N:o
575 147 37 17 40.
626 158 3 2 :
774 144 31 25 35.

84 210 150 20 företrädesvis
258 211 26 20 de
306 218 44 13 som
366 212 74 26 sjelfve
454 212 72 19 derom
542 212 102 19 anhålla.”
672 212 66 19 Länet
751 211 69 21 såsom

86 244 35 20 bas
138 244 32 20 för
185 244 25 19 de
225 245 163 26 värnepligtiges
405 245 116 26 fördelning
536 246 28 24 på
580 245 115 26 bataljoner
710 248 23 17 är
744 245 81 20 således

85 278 48 18 med
151 278 119 19 hänseende
293 279 31 18 till
346 278 69 20 denna
438 281 60 23 trupp
514 279 93 25 upphäfd
622 286 26 12 en
663 279 160 25 omständighet,

85 318 45 12 som
150 310 61 20 äfven
234 314 22 17 är
278 312 24 19 af
321 312 183 26 nödvändigheten
525 312 105 26 påbjuden
659 312 27 20 då
705 313 7 19 i
733 312 95 26 Nylands

84 344 35 20 län
135 345 35 19 två
184 344 117 27 bataljoner
315 346 85 20 komma
417 348 30 17 att
461 346 132 20 stationeras.
622 346 48 20 Med
688 346 79 20 fästadt
775 346 54 20 afse-

83 378 54 20 ende
160 378 58 21 såväl
239 379 73 27 härpå,
333 386 45 14 som
393 380 28 26 pä
436 380 39 20 den
490 387 57 13 mera
570 380 133 26 betungande
728 381 100 26 tjenstgö-

84 413 47 26 ring
158 413 85 20 hvilken
268 414 35 20 vid
328 421 26 13 en
369 414 138 27 gardestrupp
529 414 116 27 päfordras,
660 415 38 19 har
712 415 115 26 Utskottet,

83 447 48 19 ieke
147 449 69 18 ansett
230 448 48 20 med
293 448 95 26 billighet
396 448 228 20 öfverensstämmande
641 450 30 18 att
681 449 36 19 det
726 450 21 18 åt
755 449 74 20 veder-

84 481 93 20 börande
200 485 22 16 är
244 484 64 24 öppet
329 483 94 19 lemnadt
443 485 31 17 att
488 485 43 17 mot
549 483 26 20 de
589 483 164 26 värnepligtiges
774 490 54 20 egen

83 516 52 25 vilja
159 516 94 26 förflytta
275 516 47 20 dem
338 517 30 19 till
383 517 177 26 gardesbataljon.
591 517 108 20 Utskottet
720 517 38 20 har
781 517 45 20 der-

84 550 33 19 för
139 549 67 20 funnit
235 551 97 26 rigtigast
361 553 30 17 att
416 552 22 18 så
457 552 82 20 tillvida
560 552 81 26 grunda
666 552 68 19 denna
756 553 72 25 trupps

83 585 187 26 sammansättning
286 585 27 25 på
335 584 249 28 frivillighetsprincipen,
603 587 31 18 att
652 586 31 19 till
706 586 121 19 densamma

83 618 63 20 bland
176 618 26 20 de
223 619 153 26 värnepligtige
399 619 74 20 endast
497 617 56 22 utses
579 620 84 26 sädane,
686 626 45 13 som
752 620 74 26 sjelfve

83 652 68 19 dertill
169 654 38 18 äro
222 653 77 26 villige.
329 653 147 20 Utmärkelsen
499 656 31 17 att
549 654 57 26 tjena
621 654 36 19 vid
667 654 81 19 landets
764 653 64 20 främ-

83 687 32 18 sta
136 688 62 24 trupp
214 686 39 20 och
268 686 81 20 önskan
364 688 31 18 att
412 687 21 19 få
442 688 64 19 vistas
521 688 5 19 i
542 687 160 26 hufvudstaden,
717 687 109 20 äfvensom

83 719 119 21 fördelarna
224 720 23 20 af
268 721 35 19 vid
325 721 75 26 gardet
428 728 83 14 vunnen
534 721 112 21 befordran
670 722 66 25 skola,
759 722 66 26 enligt

81 754 56 20 hvad
158 754 109 20 Utskottet
285 755 41 19 kan
347 757 84 25 antaga,
452 758 75 24 utgöra
546 756 127 26 tillräckliga
690 756 139 26 anledningar

83 790 30 18 att
128 788 68 20 denna
211 788 93 27 bataljon
319 789 48 19 icke
382 789 94 21 kommer
493 792 30 18 att
540 790 66 20 sakna
613 790 74 26 nödigt
700 790 125 26 komplette-

81 823 166 25 ringsmanskap.
283 822 70 21 Skulle
375 824 24 18 så
418 824 47 20 ieke
487 824 84 20 komma
589 825 31 18 att
639 824 85 20 inträffa
738 824 89 27 erbjuda

81 857 145 26 stadgandena
252 864 34 13 om
318 857 120 20 volontärer
471 858 81 20 tillfälle
581 860 37 25 att,
641 865 76 20 genom
741 858 84 21 särskil-

82 891 27 20 da
131 891 51 20 aftal
204 891 94 20 anskaffa
319 892 36 19 det
374 892 132 20 återstående
527 893 105 19 behofvet.
662 892 38 20 Att
721 893 45 19 åter
782 893 44 20 helt

82 925 39 20 och
143 925 65 20 hållet
223 926 62 19 ställa
302 926 69 19 denna
385 928 61 24 trupp
461 927 28 25 på
503 926 88 20 värfvad
606 926 31 20 fot
651 927 37 19 har
703 927 47 19 icke
765 929 58 24 synts

81 959 108 20 Utskottet
210 959 102 27 lämpligt,
328 960 23 19 af
364 960 45 19 skäl
429 962 31 17 att
474 967 26 13 en
515 960 71 20 alltför
600 960 186 27 grundväsendtlig
801 967 21 14 o-

81 993 66 20 likhet
171 993 6 19 i
197 994 23 19 så
242 993 37 20 fall
297 994 83 19 komme
396 996 32 17 att
442 997 40 24 äga
497 1001 44 13 rum
557 995 76 19 mellan
648 994 120 21 densamma
783 995 40 20 och

81 1027 69 27 öfriga
164 1027 158 20 beståndsdelar
337 1027 24 20 af
373 1028 41 20 den
429 1028 67 20 finska
509 1029 161 26 härordningen.

148 1061 46 20 Den
216 1062 7 19 i
246 1064 42 22 $:ns
312 1063 134 19 slutmoment
470 1063 103 26 ingående
597 1063 137 26 bestämning,
757 1063 65 26 enligt

80 1096 85 19 hvilken
191 1096 53 20 blott
269 1097 21 18 ät
322 1097 26 19 de
376 1097 159 26 värnepligtige,
563 1097 73 20 hvilka
664 1097 32 19 till
722 1098 100 26 tjenstgö-

81 1131 117 26 ringsorten
220 1130 64 20 hafva
304 1132 31 18 att
352 1131 30 19 till
404 1137 67 20 rygga
490 1131 63 27 lägga
570 1138 26 13 en
610 1131 73 27 längre
696 1132 125 27 vägalängd,

81 1167 26 17 än
129 1164 116 20 tvåhundra
266 1166 63 24 verst,
351 1165 136 20 tillerkännes
512 1165 121 26 ersättning,
649 1166 39 19 och
704 1166 67 19 denna
786 1173 34 12 en-

81 1198 46 19 dast
148 1197 54 20 efter
223 1198 40 19 den
285 1198 49 26 läga
355 1198 143 27 beräkningen
521 1199 22 20 af
559 1201 31 17 tre
605 1199 63 26 penni
683 1199 33 20 för
731 1201 90 24 versten,

80 1232 38 19 har
139 1233 58 25 synts
222 1232 107 19 Utskottet
348 1232 48 19 med
421 1232 94 27 billighet
539 1233 50 26 föga
612 1233 207 20 öfverensstämman-

81 1266 31 19 de.
137 1266 46 19 Den
198 1272 44 13 som
257 1266 61 19 stäri
334 1266 66 20 beräd
410 1268 37 24 att,
462 1268 49 18 utan
526 1267 146 20 motsvarande
686 1267 135 26 godtgörelse

80 1299 65 25 under
167 1307 26 12 en
214 1300 49 26 läng
285 1299 94 27 tidsföljd
399 1300 52 20 offra
465 1295 71 26 arbete
552 1301 40 20 och
605 1301 31 20 tid
650 1301 7 19 i
672 1301 147 21 fosterlandets

80 1335 70 25 tjenst,
172 1340 62 19 synes
256 1334 47 19 med
325 1334 36 25 fog
376 1334 70 19 kunna
459 1337 52 23 göra
525 1335 90 25 anspråk
630 1335 28 25 pä
672 1337 30 17 att
718 1336 54 24 icke,
787 1342 31 15 re-

81 1368 40 19 dan
136 1367 44 20 före
195 1367 73 26 början
286 1367 23 20 af
322 1368 32 19 sin
368 1368 186 25 tjenstgöringstid,
570 1368 136 20 underkastas
722 1369 96 26 kostnad,

81 1403 48 18 utan
145 1403 30 18 att
190 1403 62 18 annat
267 1404 26 17 än
308 1402 6 19 i
330 1401 101 27 sällsynta
446 1401 152 28 undantagsfall
613 1401 70 21 derför
694 1403 79 20 erhälla
782 1404 35 19 nä-

82 1443 41 20 gon
145 1436 121 27 ersättning.
295 1436 41 20 För
351 1437 30 19 att
399 1436 54 20 dock
467 1437 48 19 icke
528 1436 122 27 härigenom
665 1437 98 20 ähvälfva
777 1439 40 23 sta-

82 1473 35 28 ten
140 1471 84 30 utgifter
245 1471 7 20 i
274 1472 63 19 annat
351 1470 36 20 fall
406 1473 25 17 än
447 1470 36 20 der
497 1471 58 24 detta
569 1471 24 20 af
604 1471 99 21 behofvet
716 1472 101 27 päkallas,

152 1517 193 22 Värnepligtsutskottets
357 1515 111 19 Betänkande
480 1516 33 18 N:o
527 1517 15 18 1.
