1034 1689
441 129 39 24 N:o
487 122 47 31 43.
799 125 33 27 uu

108 193 59 31 yttra
181 193 41 30 sig
236 193 61 25 öfver
317 195 67 28 köpet
408 195 41 22 och
464 195 28 22 då
508 195 79 28 jemväl
601 195 120 22 framställa
736 195 48 22 sina
798 195 64 22 önsk-

108 229 106 30 ningsmål
232 229 134 22 beträffande
389 229 59 22 såväl
471 229 131 27 storskiftet,
635 229 51 22 ifall
702 229 77 22 sådant
805 231 58 20 ännu

106 263 50 23 icke
171 263 107 28 öfvergått
292 260 161 31 lägenheterna,
469 269 46 16 som
525 263 68 27 öfriga
608 263 62 22 deras
685 262 102 22 framtida
801 263 61 22 ställ-

107 298 52 27 ning
173 297 92 22 rörande
280 296 189 28 omständigheter,
485 297 108 22 hvarefter
607 297 41 22 och
662 297 8 21 i
684 297 103 22 händelse
802 297 59 22 land-

107 330 82 24 boarne
208 332 74 21 ansett
299 330 68 30 köpet
386 331 99 27 önskligt,
506 331 48 22 dem
573 331 113 22 affordrats
706 329 95 30 skriftlig
811 329 50 24 för-

107 366 105 27 bindelse,
229 367 34 21 att
277 366 73 22 derest
360 366 77 27 godset
453 364 22 23 af
489 366 131 22 statsverket
629 365 99 28 inköptes
739 365 122 22 sedermera

108 400 24 22 af
144 400 83 22 kronan
242 400 73 22 tillösa
329 400 32 27 sig
377 400 46 22 sina
437 399 155 23 innehafvande
607 399 126 28 lägenheter
749 399 30 27 på
793 399 68 21 tillika

107 434 129 23 föreskrifna
254 436 100 21 närmare
373 434 75 28 vilkor,
470 440 46 16 som
534 434 8 22 i
558 434 115 22 allmänhet
686 433 70 23 blifvit
771 433 90 23 sålunda

107 468 124 24 bestämda:

176 504 29 26 a)
229 502 55 24 efter
303 504 38 21 det
359 503 43 28 köp
421 503 34 22 för
473 504 94 22 kronans
586 503 91 28 räkning
698 503 102 23 afslutats
819 503 42 23 och

107 538 132 22 statsverket
260 538 87 22 undfått
369 538 88 28 uppbud
479 538 41 22 och
541 538 105 22 fastebref
662 539 14 21 å
693 539 83 27 godset,
799 538 62 22 skola

106 572 138 27 landboarne,
260 575 53 19 utan
329 573 91 27 omgång
435 572 23 22 af
470 573 116 27 skatteköp
602 568 45 27 och
662 574 67 21 andra
742 573 119 22 kostnader

107 609 28 20 än
148 606 62 23 lösen
224 606 34 23 för
273 606 166 28 skattebrefven,
459 607 139 23 tillerkännas
617 607 39 22 full
670 607 84 28 egande
768 609 46 20 rätt
827 607 33 22 till

106 641 64 22 deras
197 641 98 23 åboende
321 642 98 22 hemman
439 642 52 22 eller
518 642 177 27 hemmansdelar,
718 648 46 16 som
787 642 73 22 dervid

106 674 87 30 öfvergå
207 675 47 23 från
270 676 179 23 donationsfrälse
463 676 33 22 till
511 676 145 27 skattenatur;

175 711 25 25 d)
224 711 132 23 landboarne
377 711 63 22 skola
464 711 32 21 till
523 711 131 22 statsverket
682 711 112 27 återgälda
818 711 41 22 den

106 746 88 28 erlagda
212 745 173 28 köpeskillingen
404 746 95 26 sälunda,
521 747 32 21 att
572 746 26 21 de
617 746 68 22 under
702 745 76 28 loppet
795 744 23 22 af
831 747 26 21 39

106 781 30 27 är,
153 780 134 22 oberäknadt
302 780 42 22 den
359 780 32 22 tid
405 786 48 16 som
467 780 62 27 åtgår
548 780 32 22 till
599 780 111 28 lagfarten,
730 780 127 26 storskiftet,

105 815 8 21 i
127 814 37 22 fall
180 815 119 21 detsamma
319 815 18 27 ej
357 814 68 22 redan
438 814 124 27 verkstälts,
582 814 41 22 och
638 814 170 22 skattebrefvens
823 816 35 21 ut-

104 848 110 27 färdande,
230 849 121 22 hvarunder
366 849 27 21 de
407 848 7 22 i
430 849 108 28 egenskap
558 848 24 23 af
597 849 104 23 landboar
720 850 87 27 erlägga
825 849 33 22 till

105 884 83 22 kronan
207 884 112 22 enahanda
337 883 91 27 afgifter,
451 890 46 15 som
517 884 27 22 de
562 884 83 28 utgjort
664 884 32 22 till
718 885 139 27 godsegaren,

105 918 81 27 årligen
200 918 96 21 inbetala
311 918 13 22 å
338 918 160 27 köpesumman,
517 918 97 22 fördelad
627 918 13 21 &
650 919 26 21 de
696 919 70 21 skilda
785 918 73 27 lägen-

104 951 97 27 heterna,
218 953 42 26 69%
275 952 8 21 i
297 954 62 20 ränta
375 953 40 21 och
429 953 139 27 amortering;

173 988 23 22 ce)
219 987 27 21 de
267 987 78 22 krono-
368 987 40 21 och
430 987 137 22 kommunala
588 987 118 28 utskylder,
728 987 131 29 landboarne

104 1021 58 22 förut
177 1021 87 27 utgjort,
280 1021 86 22 komma
379 1020 131 23 fortfarande
525 1021 41 22 och
576 1021 54 22 intill
641 1021 49 22 dess
701 1022 158 27 amorteringen

105 1055 23 22 af
140 1055 170 26 köpeskillingen
325 1054 100 28 upphört,
446 1057 33 19 att
498 1055 23 22 af
534 1055 49 22 dem
601 1055 33 22 för
652 1055 154 28 lägenheterna
825 1061 33 16 er-

104 1089 76 27 läggas
195 1089 28 27 pä
238 1089 112 22 enahanda
365 1091 45 20 sätt
425 1089 39 22 och
480 1089 54 22 efter
544 1095 82 16 samma
636 1090 99 27 grunder,
751 1095 47 16 som
812 1089 47 22 frän

106 1123 68 27 öfriga
188 1123 191 28 frälselägenheter
393 1124 7 21 i
415 1123 79 28 landet,
510 1124 112 22 hvaremot
639 1123 56 23 först
710 1123 55 22 efter
779 1124 78 27 förlop-

104 1159 39 25 pet
162 1157 24 22 af
203 1158 67 27 sagde
289 1158 31 21 tid
340 1159 27 20 de
386 1158 113 27 utskylder
517 1155 33 24 till
569 1159 82 21 kronan
670 1159 40 21 och
728 1159 130 21 kommunen

106 1191 62 22 skola
182 1192 58 27 utgä,
257 1198 47 16 som
319 1192 68 27 enligt
401 1193 36 26 lag
452 1193 74 27 ätfölja
540 1192 183 27 skattehemman;

173 1226 26 27 d)
219 1226 26 22 de
265 1226 132 27 lägenheter,
416 1227 83 22 hvilkas
518 1226 136 23 innehafvare
674 1227 13 21 ä
707 1227 48 21 dem
773 1226 85 23 erhällit

105 1259 125 28 skattebref,
245 1260 74 22 kunna
334 1260 23 22 af
370 1261 63 21 dessa
447 1261 98 27 försäljas
561 1261 54 22 efter
629 1261 81 27 behag;

174 1294 22 27 e)
211 1295 254 27 lägenhetsinnehafvare,
489 1301 46 16 som
557 1295 119 22 uraktläter
695 1296 33 20 att
746 1295 33 22 sin
795 1295 63 22 andel

104 1329 7 20 i
126 1328 172 27 köpeskillingen
313 1328 81 27 årligen
409 1329 100 26 inbetala,
525 1329 29 26 pä
573 1329 44 21 sätt
637 1328 61 22 ofvan
718 1330 24 20 är
761 1329 94 26 nämndt,

105 1364 24 19 är
148 1362 146 21 underkastad
313 1361 118 28 äfventyret
451 1364 32 19 att
502 1362 129 27 lägenheten
649 1362 77 22 varder
743 1362 33 22 för
791 1364 65 20 stats-

104 1397 86 22 verkets
205 1396 90 28 räkning
310 1397 163 26 utmätningsvis
488 1396 91 28 försäld;

166 1430 28 29 f)
223 1431 155 27 lägenheterna
400 1431 61 22 skola
483 1431 26 22 sä
532 1431 43 22 fort
596 1431 39 22 ske
659 1431 42 21 kan
725 1431 130 27 storskiftas,

104 1466 89 22 säframt
212 1466 77 22 sädant
307 1466 48 22 icke
374 1465 67 23 redan
461 1466 65 28 skett,
547 1466 40 22 och
608 1465 92 23 derefter
722 1466 133 29 skattläggas
