1039 1700
328 148 26 18 U.
366 148 29 18 B.
407 158 20 3 —
440 148 73 23 Prop
531 148 43 19 N:o
587 148 38 18 44.
783 148 25 21 15

103 218 63 21 äfven
181 218 8 20 i
203 217 101 21 afseende
317 218 15 21 &
347 217 26 21 de
384 218 7 20 i
400 217 91 22 Finland
499 217 93 22 varande
605 217 160 29 grekisk-ryska
781 220 55 20 tros-

104 252 159 25 förvandterne,
286 252 7 20 i
316 258 75 14 senare
406 252 132 21 hänseendet
552 251 98 26 sälunda,
673 253 32 19 att
726 252 111 21 föreskrif-

103 288 37 19 ten
158 286 7 20 i
181 286 27 20 23
224 286 11 26 $
251 286 26 20 25
293 285 48 27 kap.
357 286 24 20 R.
397 286 24 20 B.
437 286 120 21 utsträokes
580 285 33 21 till
635 285 81 21 sådana
737 286 101 27 grekiska

103 320 94 28 kyrkans
217 319 7 21 i
245 320 32 20 S:t
292 315 170 32 Petersburgska
483 319 260 28 Vetenskapsakademins
764 320 73 21 kalen-

104 354 51 21 drar
173 353 139 22 förtecknade
329 356 60 19 stora
411 354 159 28 högtidsdagar,
586 354 13 20 &
613 354 72 21 hvilka
701 354 66 28 enligt
781 354 56 21 finsk

102 387 125 29 tidräkning
255 388 34 21 för
319 388 111 21 lutherska
457 388 169 22 trosbekännare
647 388 92 28 helgdag
763 388 17 28 ej
805 388 31 22 in-

104 421 82 22 träffar.

159 457 23 28 k)
211 457 58 28 Kejs.
285 456 163 29 Förordningen
464 457 40 22 den
521 458 26 20 14
562 457 92 28 Augusti
671 458 61 25 1827,
745 457 92 26 hvilken,

104 492 71 21 såsom
187 491 59 22 förut
261 492 24 20 är
300 491 95 25 nämndt,
409 491 49 21 med
472 491 206 27 tillkännagifvande
693 493 32 19 att
743 492 95 20 omstän-

105 525 124 28 digheterne
244 525 27 22 då
285 525 48 22 icke
347 525 70 22 tilläto
433 525 131 22 Ständernas
583 525 204 26 sammankallande,
806 525 32 22 fö-

104 559 115 27 reskrifvit,
235 562 32 20 att
281 559 160 29 grekisk-ryska
455 559 177 27 trosförvandter,
648 567 46 15 som
708 560 67 22 redan
786 567 52 14 vun-

104 595 33 21 nit
151 594 52 22 eller
217 594 64 22 vinna
299 594 56 21 finsk
379 594 192 28 medborgarerätt,
593 596 36 20 må
651 594 81 22 erhålla
753 594 86 22 inträde

105 631 56 21 samt
176 629 55 21 efter
246 628 128 28 skicklighet
389 629 40 21 och
444 629 101 28 förtjenst
559 628 115 22 befordran
690 629 7 21 i
712 629 56 21 finsk
779 628 59 22 civil-

105 664 41 22 och
161 664 162 27 militär-tjenst,
339 665 90 26 antagas
446 664 33 20 till
497 663 142 22 nämndemän
662 664 39 21 och
716 664 7 20 i
739 663 101 22 städerne

105 700 59 20 utses
176 698 33 22 till
224 698 81 21 sådana
319 698 151 28 befattningar,
486 706 45 14 som
551 699 23 21 af
594 698 34 22 val
651 698 41 21 och
713 698 125 22 förtroende

105 733 58 22 bero.

161 767 17 28 1)
208 766 58 28 Kejs.
282 766 87 22 Brefvet
383 766 20 21 d.
420 767 25 21 10
460 766 120 23 November
597 767 60 26 1827,
672 766 60 22 hvari
744 774 34 14 om
792 774 47 20 pre-

106 801 190 28 starättigheterna
324 801 7 21 i
354 801 135 27 Helsingfors
508 801 120 22 bestämdes
651 802 54 20 efter
727 801 113 21 enahanda

105 836 70 28 grund
190 842 47 15 som
251 835 8 21 i
273 835 59 28 Kejs.
347 835 88 21 Brefvet
449 834 41 22 den
506 835 9 21 1
530 835 52 21 Juni
599 836 60 20 1824.

162 871 29 27 m)
221 870 59 27 Kejs.
295 869 88 21 Brefvet
397 869 19 21 d.
433 870 11 20 7
460 868 125 29 September
602 870 54 20 1830
671 868 48 22 med
728 869 112 22 föreskrift

106 907 32 20 att
153 904 26 22 de
195 904 23 21 af
230 904 70 21 finska
318 904 133 21 embetsverk
467 904 126 22 meddelade
607 904 75 21 domar
697 904 41 21 och
760 904 79 27 utslag,

106 938 92 23 rörande
213 938 100 28 grekiska
327 938 160 28 presterskapet
501 938 8 22 i
518 938 124 26 allmänhet,
658 938 18 28 ej
685 939 35 20 mä
731 938 34 21 till
779 938 61 21 verk-

107 974 110 28 ställighet
230 973 119 26 befordras,
366 973 65 21 innan
447 972 39 22 den
503 973 78 28 Heliga
591 972 110 29 Synodens
713 972 128 22 utlåtande
828 968 16 38 i

105 1009 74 27 hvarje
195 1008 102 21 särskildt
311 1007 38 21 fall
364 1007 71 21 blifvit
448 1007 125 22 inhemtadt.

163 1043 24 27 n)
217 1042 58 28 Kejs,
297 1042 162 27 Förordningen
482 1042 19 21 d.
517 1042 13 20 4
552 1041 120 21 November
697 1042 61 25 1836,
781 1042 59 21 inne-

107 1076 97 23 fattande
219 1076 75 28 tillägg
308 1075 34 22 till
357 1076 58 28 Kejs.
430 1076 162 27 Förordningen
611 1074 40 22 den
668 1076 10 20 1
695 1075 61 27 April
780 1076 60 25 1812,

107 1110 66 23 bland
187 1112 65 20 annat
267 1110 80 26 derom,
364 1112 31 19 att
413 1110 36 22 vid
470 1110 105 29 ingående
596 1109 24 22 af
639 1109 108 22 blandade
768 1109 74 22 äkten-

107 1147 53 26 skap
176 1145 67 29 vigsel
258 1145 55 22 skall
327 1145 56 21 först
405 1145 38 22 ske
459 1145 7 22 i
481 1145 40 22 den
544 1144 133 29 församling,
700 1144 34 21 till
756 1144 86 22 hvilken

107 1180 84 23 bruden
205 1180 104 21 tillhörer.

165 1215 22 26 0)
216 1213 59 28 Kejs.
290 1213 87 21 Brefvet
392 1213 19 21 d.
429 1214 25 20 14
469 1212 120 23 November
609 1213 53 20 1836
684 1212 49 21 med
757 1212 85 27 uppgift

109 1256 36 14 om
159 1248 26 21 de
200 1247 56 22 tider
271 1247 40 22 och
327 1247 72 28 dagar,
415 1247 28 22 dä
459 1247 66 28 vigsel
541 1247 18 28 ej
575 1247 33 21 fär
623 1247 103 21 förrättas
750 1246 91 22 emellan

108 1290 104 21 personer
226 1282 23 21 af
262 1282 113 22 lutherska
390 1282 40 22 och
445 1282 100 28 grekiska
559 1282 140 21 troslärorna.

165 1318 22 26 p)
218 1316 58 27 Kejs.
292 1316 148 27 Kungörelsen
461 1317 19 21 d.
496 1318 27 19 22
538 1316 90 22 Januari
645 1317 61 25 1849,
721 1315 61 21 hvari
800 1315 43 22 för-

110 1349 113 26 ordnades,
246 1350 33 20 att
296 1348 56 22 finsk
372 1348 93 22 domstol
483 1349 47 21 icke
545 1356 50 20 eger
610 1348 63 21 döma
687 1348 34 20 till
736 1348 85 22 skilnad
836 1347 8 20 i

109 1383 125 27 äktenskap,
251 1382 45 21 deri
311 1377 123 33 någondera
449 1382 78 21 makan
538 1381 75 22 tillhör
621 1381 160 29 grekisk-ryska
788 1384 56 19 tros-

108 1419 69 26 läran,
195 1418 66 22 innan
276 1417 141 27 äktenskapet
431 1417 56 21 först
501 1416 72 22 blifvit
587 1416 24 22 af
623 1416 160 22 vederbörande
798 1423 46 21 gre-

109 1452 123 29 kisk-ryska
251 1451 88 29 andliga
357 1450 117 22 auktoritet
491 1450 95 28 upplöst,
604 1450 81 22 hvilket
699 1450 8 20 i
720 1450 125 22 författnin-

110 1494 41 22 gen
166 1486 113 28 uppgifves
291 1486 85 29 jemlikt
392 1484 174 28 Kejsaredömets
581 1484 134 28 lagstiftning
728 1484 116 22 ankomma

179 1526 140 24 Lagutskottets
333 1524 118 20 betänkande
463 1524 34 18 N:o
512 1525 25 17 14.
