1700 1850
651 233 29 20 U.
693 235 31 18 B.
737 244 22 3 —
771 235 83 24 Prop.
866 234 46 20 N:o
924 235 39 20 44.
1117 236 26 21 41

777 311 11 26 8
805 311 31 20 12.

500 343 9 20 1
527 349 63 14 mom.
620 343 74 27 Enligt
707 344 168 27 propositionen.

647 377 12 20 2
677 384 62 14 mom.
775 378 85 21 Tillköra
881 378 132 26 föräldrarne
1037 377 33 21 vid
1092 377 82 22 barnets

589 410 76 27 födelse
685 411 63 21 skilda
769 412 78 21 kristna
869 411 170 21 trosbekännelser
1057 411 38 21 och
1112 411 62 26 hafva

590 445 23 20 de
626 445 46 26 före
688 446 128 25 äktenskapet
829 447 65 25 ingått
907 445 94 26 skriftligt
1012 445 52 27 aftal
1077 451 32 15 om
1123 445 51 21 bar-

591 479 45 20 nets
650 479 120 27 uppfostran
784 480 7 19 i
805 480 52 25 lära,
867 485 42 14 som
924 479 75 21 endera
1011 480 22 25 af
1047 479 44 21 dem
1101 479 73 21 bekän-

591 519 43 20 ner,
651 519 49 15 vare
715 513 74 21 sådant
801 513 51 27 aftal
865 513 100 26 gällande,
977 515 24 19 så
1013 513 66 26 framt
1090 514 34 21 det
1129 514 46 25 före

592 547 137 27 åktenskapets
743 548 98 26 ingående
855 549 103 25 uppvisats
970 547 35 26 för
1013 547 161 27 vigselförrätta-

591 588 36 15 ren
650 582 48 21 eller
713 582 37 21 den
766 581 113 27 borgerliga
893 581 118 28 myndighet,
1027 581 54 27 inför
1097 583 77 20 hvilken

592 615 128 27 äktenskapet
741 615 99 27 afslutats,
855 615 36 21 och
913 616 80 26 intagits
1007 615 7 21 i
1028 615 33 21 det
1070 616 104 27 protokoll,

595 655 42 16 som
657 650 34 20 vid
711 650 139 26 äktenskapets
871 649 96 26 ingående
987 650 78 26 jemlikt
1083 650 13 20 9
1109 651 17 24 $
1138 650 36 21 bör

595 684 65 25 föras.
694 684 44 20 Har
757 683 60 26 dylikt
834 682 50 27 aftal
897 684 20 25 ej
931 682 63 27 blifvit
1006 683 73 26 giordt,
1094 690 35 19 ege
1142 683 34 26 fa-

591 717 50 22 dren
663 717 53 26 eller,
735 717 7 20 i
765 717 94 20 händelse
881 716 41 21 han
938 717 25 20 är
978 716 72 27 afliden
1064 717 48 20 eller
1126 723 48 14 ma-

592 751 63 21 karne
670 751 53 25 lefva
737 751 68 26 skilda,
822 751 43 26 den,
882 751 76 21 hvilken
973 750 81 21 barnets
1068 751 51 21 vård
1133 752 42 25 lag-

590 785 52 26 ligen
661 785 71 26 tillhör,
752 784 110 21 bestämma
879 785 7 20 i
903 784 126 21 hvilkendera
1043 784 133 23 bekännelsen

593 819 73 21 barnet
680 819 51 21 skall
745 819 122 26 uppfostras.

500 854 14 19 3
529 860 64 14 mom.
624 851 148 23 Oförändradt
786 853 70 20 såsom
873 852 7 21 i
895 851 167 28 propositionen.

650 887 13 20 4
678 893 63 14 mom.
773 887 66 26 Hafva
859 887 108 26 föräldrar
989 887 46 20 eller
1057 887 75 20 endera
1155 888 22 26 af

592 921 45 21 dem
655 921 50 26 efter
723 921 34 20 sitt
774 920 62 21 burns
854 921 74 25 födelse
947 920 100 26 öfvergätt
1064 921 29 20 till
1107 927 69 14 annan

593 955 94 25 troslära,
703 955 51 26 gälle
772 960 31 15 om
818 955 81 20 barnets
913 956 43 19 rätt
969 955 29 20 till
1007 954 110 27 öfvergäng
1125 955 53 21 hvad

592 991 7 18 i
614 989 13 20 7
642 989 35 20 och
693 989 14 20 8
720 989 29 24 $$
760 988 137 27 föreskrifves.

781 1034 11 27 8
809 1033 32 21 13.

501 1069 53 20 Lika
568 1068 92 29 lydande
673 1075 46 14 som
734 1068 6 20 i
756 1067 168 28 propositionen.

779 1114 12 27 $
808 1114 31 21 14.

654 1145 30 25 Är
696 1149 130 25 främmande
841 1148 155 21 trosbekännare
1011 1147 24 26 af
1047 1147 65 21 sådan
1126 1148 52 27 lära,

594 1188 43 15 som
655 1184 20 24 ej
693 1182 106 26 tillstädjer
819 1183 71 20 honom
909 1184 31 18 att
957 1181 79 27 aflägga
1055 1181 32 26 ed,
1100 1182 26 21 dä
1140 1182 38 20 den

595 1218 61 25 enligt
670 1216 33 27 lag
717 1216 112 27 erfordras,
844 1216 98 26 förordne
954 1215 100 26 Kejsaren
1069 1215 52 21 huru
1134 1215 43 26 för-

599 1252 60 25 Jaras
673 1250 42 21 bör.

780 1283 11 28 8
808 1284 31 20 15.

504 1318 73 29 Enligt
590 1318 167 28 propositionen.

786 1353 11 26 &
814 1352 31 20 16.

503 1387 55 21 Lika
571 1387 49 20 med
638 1387 24 20 19
677 1387 11 26 8
703 1386 7 20 i
725 1385 168 28 propositionen.

786 1431 11 26 8
815 1431 31 20 17.

506 1466 10 22 1
531 1473 65 15 mom.
625 1465 100 21 Likasom
741 1465 10 20 1
767 1471 64 14 mom.
846 1463 7 21 i
867 1463 173 28 propositionens
1055 1463 12 28 $
1082 1463 33 20 20.

654 1499 13 22 2
681 1505 62 14 mom.
778 1499 56 26 Viger
846 1498 129 27 främmande
985 1497 131 26 församlings
1122 1499 59 25 prest

600 1534 51 26 dem,
666 1539 43 16 som
726 1535 21 25 ej
764 1534 23 27 få
805 1534 47 25 ingå
870 1532 107 26 äktenskap
995 1531 46 22 med
1054 1531 125 26 hvarandra,

599 1569 48 21 eller
664 1570 49 19 utan
728 1569 30 20 att
771 1569 46 25 laga
831 1567 80 27 lysning
925 1567 50 20 eller
990 1565 192 28 tillkännagifvande

516 1609 139 23 Lagutskottets
668 1607 116 19 betänkande
796 1607 34 18 N:o
844 1607 25 17 14,
