1031 1692
224 161 13 19 4
439 160 28 20 U.
482 162 30 18 B.
528 170 23 4 —
568 161 82 23 Prop.
668 160 46 18 N:o
728 161 38 17 40.

196 226 180 28 nationalgardets
384 228 74 20 rul'or.
481 226 105 28 Följande
596 228 23 19 år
627 226 61 20 ålade
696 225 136 27 lagstiftande
844 225 91 21 försam-

196 262 71 28 lingen
282 262 42 21 alla
341 262 117 28 vapenföra
479 262 141 27 medborgare
640 265 30 16 att
688 260 64 22 bland
772 260 33 27 sig
826 264 46 16 utse
888 259 48 21 dem

196 304 45 14 som
256 297 53 21 först
323 295 66 22 borde
404 296 28 28 gå
448 296 5 20 i
461 296 46 21 fält.
535 296 64 21 Dock
614 294 95 28 medgafs
724 298 58 17 ännu
797 294 100 28 rättighet
907 298 29 16 att

195 331 48 28 lega
258 338 70 14 annan
344 331 68 20 man
398 324 13 39 i
431 330 35 21 sitt
490 330 67 22 ställe.
586 330 65 21 Detta
671 328 127 22 afskaffades
812 335 76 21 genom
908 332 30 18 ett

195 365 125 21 konventets
336 364 80 22 :dekret
430 364 41 22 den
487 364 26 21 23
529 364 94 28 Augusti
644 364 61 25 1793,
721 364 65 20 sedan
802 364 62 20 redan
879 362 57 22 förut

195 403 29 18 ett
238 403 64 17 annat
317 399 23 21 af
352 398 41 21 den
408 399 28 20 24
450 398 105 22 Februari
571 406 80 14 samma
666 399 24 20 år
704 398 105 20 förklarat
823 397 41 21 alla
879 397 57 21 fran-

197 434 37 21 ska
250 433 142 28 medborgare
411 433 47 21 frän
478 433 25 21 18
522 433 32 20 till
574 433 28 21 40
619 434 31 25 är,
671 432 65 26 ogifta
754 432 52 20 eller
825 431 111 27 enklingar

195 471 51 18 utan
260 467 62 25 barn,
336 466 158 22 underkastade
513 471 31 17 att
558 470 39 18 när
612 474 45 14 som
672 466 55 21 helst
741 465 67 21 kallas
823 465 68 21 under
906 465 30 21 fa-

195 509 74 14 norna.
298 500 97 22 Härmed
412 508 39 14 var
473 500 41 21 den
534 501 108 21 allmänna
661 500 158 28 värnepligtens
839 499 97 27 urgamla

196 536 35 21 idé
252 535 72 22 införd
338 535 66 21 bland
422 535 26 21 de
472 535 100 21 moderaa
596 534 280 25 samhällsinstitutionerna;
895 534 40 20 och

195 574 75 18 nästan
285 569 118 27 allestädes,
425 569 86 21 hvarest
530 576 75 14 senare
624 576 25 14 en
665 568 110 28 nydaning
790 568 23 21 af
827 568 109 21 samhälls-

195 603 161 23 förhällandena
370 604 7 20 i
391 604 89 20 modern
495 604 94 27 riktning
607 604 33 20 för
654 604 33 27 sig
702 605 53 25 gätt,
770 603 38 21 har
824 603 69 21 denna
904 603 32 20 ät-

194 638 57 29 följts
266 638 22 22 af
301 638 221 28 krigsförfattningens
537 637 180 28 omorganisation
730 638 28 28 pä
769 636 133 29 grundvalen
916 636 22 21 af

194 674 40 20 den
249 672 123 30 personliga
386 672 230 28 tjensteskyldigheten.

260 707 12 21 I
286 706 116 22 Frankrike
418 706 104 22 ordnades
537 707 69 21 denna
621 709 100 19 närmare
735 713 77 20 genom
821 706 63 28 lagen
894 705 41 21 den

194 742 26 22 19
235 741 105 22 fructidor
354 742 23 20 är
391 740 41 26 IV,
448 741 84 21 hvilken
551 740 83 22 införde
652 740 148 29 konskription
816 742 68 20 säsom
900 740 36 21 det

194 775 166 27 hufvudsakliga
380 778 62 18 sättet
463 775 32 21 för
515 777 119 19 arméeraas
650 775 139 27 rekrytering.
819 775 117 28 Konskrip-

194 810 71 22 tionen
287 809 115 22 omfattade
421 809 41 21 alla
482 816 57 20 unga
558 812 48 18 män
622 809 77 21 mellan
720 810 28 20 20
763 810 39 20 och
817 810 26 20 25
859 810 35 24 är;
910 810 25 21 de

193 843 167 22 konskriberade
374 843 118 22 fördelades
507 843 52 21 efter
574 843 73 21 åldern
661 843 8 20 i
679 843 41 22 fem
731 843 87 27 klasser;
830 843 105 21 särskilda

192 879 60 28 lagar
268 877 108 22 bestämde
394 877 77 22 antalet
489 879 23 19 af
530 878 54 24 dem,
606 877 74 21 hvilka
700 877 68 22 skulle
782 877 68 22 kallas
864 878 70 21 under

193 913 95 21 fanorna.
317 911 177 22 Restaurationen
510 911 74 29 gjorde
600 912 54 21 1818
674 919 25 14 en
716 912 55 21 ända
786 913 28 27 pä
829 913 57 20 detta
900 920 34 20 sy-

193 950 59 23 stem,
267 946 81 21 hvilket
362 945 116 22 emellertid
492 947 56 26 ånyo
563 946 100 28 upplefde
677 945 8 22 i
700 946 61 27 lagen
780 946 40 22 den
835 947 26 21 21
877 954 57 15 mars

193 981 61 26 1832,
270 981 64 22 sedan
349 979 195 23 Julirevolutionen
555 981 45 20 åter
611 984 83 17 närmat
704 980 120 22 Frankrik:
834 981 33 21 till
878 982 54 21 1789

191 1016 35 21 åre
240 1015 116 28 principer.
385 1014 48 21 Den
448 1021 77 20 genom
540 1015 138 21 förenämnda
696 1015 36 27 lag
747 1015 83 21 införda
845 1015 88 22 härord-

190 1049 86 28 ningen,
286 1049 32 21 till
333 1048 152 27 hufvudsaklig
500 1049 33 21 del
548 1049 97 27 grundad
660 1051 29 26 pä
704 1049 56 22 1798
774 1051 34 20 ärs
818 1050 113 28 konskrip-

190 1084 55 21 tions
260 1087 85 24 system,
360 1083 118 27 undergick
495 1083 60 26 1855,
575 1083 53 22 1858
647 1083 39 21 och
700 1084 54 21 1868
764 1083 106 22 särskilda
886 1091 43 14 mo-

191 1117 141 27 difikationer,
346 1117 22 21 af
382 1117 72 21 hvilka
468 1117 26 21 de
508 1118 24 20 är
549 1117 53 22 1868
618 1118 138 26 genomförda
770 1117 76 22 främst
856 1118 74 28 afsägo

191 1155 30 18 att
235 1152 56 21 förse
306 1152 72 21 armén
393 1153 47 20 med
455 1151 71 22 starka
534 1152 39 21 och
584 1152 146 28 vapenöfvade
740 1160 102 14 reserver.
865 1152 65 22 Detta

191 1186 41 22 mä!
242 1187 81 21 nåddes
332 1185 54 23 dock
394 1186 75 22 endast
479 1186 5 21 i
494 1194 25 13 en
527 1186 85 29 mycket
628 1186 112 22 inskränkt
751 1187 60 27 grad,
821 1187 40 22 och
877 1188 55 21 1870

190 1221 54 19 —71
260 1222 34 19 års
309 1221 101 26 nederlag
424 1221 117 26 ådagalade
556 1221 120 21 fördelarne
687 1221 23 21 af
718 1221 36 21 det
764 1221 120 28 preussiska
895 1230 35 19 sy-

188 1257 80 22 stemet,
284 1254 64 21 hvars
362 1253 73 27 styrka
450 1253 68 28 ligger
533 1253 8 21 i
556 1261 26 14 en
598 1255 48 26 lång
664 1254 208 28 tjensteskyldighet,
887 1256 40 21 för-

188 1287 86 22 bunden
296 1287 48 21 med
366 1294 26 14 en
414 1288 48 20 kort
478 1291 91 17 närvaro
586 1287 68 21 under
676 1287 95 28 fanorna,
790 1288 139 28 hvarigenom

186 1329 83 14 massan
279 1321 22 21 af
308 1321 149 26 befolkningen
466 1321 108 28 bibringas
587 1320 95 29 behöflig
694 1321 82 27 krigisk
787 1322 82 27 öfning.
898 1321 30 23 Sä

186 1359 58 18 snart
258 1355 131 22 Frankrikes
400 1363 41 20 nya
454 1355 112 22 statsskick
576 1355 72 22 vunnit
663 1357 71 26 nägon
744 1356 82 27 stadga,
836 1356 92 27 företogs

187 1390 60 22 äfven
262 1397 77 21 genom
353 1389 61 28 lagen
430 1390 41 21 den
486 1390 28 21 27
526 1389 42 28 juli
585 1390 54 21 1872
654 1397 27 14 en
692 1390 77 21 reform
780 1390 8 21 i
798 1390 58 22 detta
866 1391 62 27 syfte.

255 1423 83 23 Genom
354 1424 70 22 denna
438 1426 36 26 lag
486 1424 174 29 proklamerades
675 1425 55 28 ånyo
751 1425 41 21 den
807 1425 120 28 personliga

189 1459 233 28 tjensteskyldigheten.
451 1458 109 29 Derjemtu
581 1459 94 28 förbjöds
695 1459 143 28 uttryckligen
856 1459 71 28 friköp

186 1495 53 20 samt
254 1493 47 28 lega
320 1493 22 22 af
360 1501 68 14 annan
448 1501 55 14 man.
532 1493 82 29 Hvarje
636 1493 107 22 fransman
763 1494 41 21 kan
824 1494 48 21 från
891 1493 36 22 sitt

255 1539 197 24 Värnepligisutskottets
464 1540 110 18 Betänkande
585 1540 35 17 N:o
635 1541 15 18 1.
