1050 1692
293 146 80 34 Ständ.
389 146 38 22 Sv.
443 159 26 3 —
485 147 70 26 Prop.
571 146 40 22 N:o
625 146 36 22 4.
810 148 14 20 5

105 210 31 20 att
151 209 95 21 enskilda
260 208 115 22 individers
394 211 108 19 samveten
517 209 72 21 kunna
604 217 49 13 vara
668 209 120 21 vilseledda.
818 210 35 21 Dä

106 242 118 22 Ständerna
242 242 60 22 alltsä
316 250 51 13 anse
385 242 106 28 religions-
505 242 39 22 och
559 242 182 22 samvetsfriheten
756 244 50 20 böra
820 251 33 20 ge-

106 285 50 13 nom
170 276 158 29 lagstiftningen
343 276 106 22 bekräftas
463 277 39 20 och
516 276 104 29 utvidgas,
636 276 63 22 hafva
714 276 117 22 Ständerna
845 277 9 21 i

108 311 215 22 öfverensstämmelse
341 311 86 21 härmed
445 311 90 25 beslutit,
551 313 31 19 att
597 312 13 25 $
625 312 28 20 22
667 311 55 21 skall
736 319 26 13 ur
776 311 78 22 författ-

108 345 77 28 ningen
200 345 55 28 utgå.

175 379 125 22 Emellertid
319 379 64 21 hafva
398 379 117 21 Ständerna
533 379 47 21 icke
598 379 81 22 kunnat
697 379 70 21 lemna
782 379 74 22 obeak-

108 414 45 21 tadt
168 415 31 20 att
212 413 156 28 grekisk-ryska
383 412 144 29 församlingar
537 413 64 22 sedan
611 413 146 22 århundraden
767 413 89 22 tillbaka

109 447 81 22 funnits
204 447 7 21 i
226 448 71 21 landet
312 449 53 19 samt
380 449 30 20 att
429 447 137 28 seklergamla
583 447 79 21 kloster
676 447 33 22 för
727 447 89 22 munkar
835 447 24 22 af

110 490 79 13 samma
210 482 169 21 trosbekännelse
402 486 34 17 äro
458 481 87 28 belägna
567 481 57 21 inom
642 481 103 22 Finlands
765 486 90 23 gränser.

111 516 118 28 Tillämpad
252 516 12 21 å
283 516 59 21 dessa
360 515 163 22 trosförvandter
542 515 68 21 skulle
630 517 13 24 &
661 516 14 20 4
693 515 23 22 af
732 515 36 22 det
785 516 73 28 lagför-

111 551 50 28 slag,
177 557 44 15 som
236 558 29 13 nu
280 555 23 16 är
317 549 8 22 i
339 549 63 28 fråga,
418 549 86 22 beröfva
519 549 90 22 nämnda
623 549 149 29 församlingar,
784 551 74 21 hvilka

112 584 113 23 innehafva
241 584 47 29 jord
307 584 46 22 icke
369 584 52 21 blott
440 584 32 21 till
487 584 78 27 kyrkor
587 584 39 21 och
641 584 216 29 begrafningsplatser,

112 622 51 19 utan
178 618 62 23 äfven
260 619 32 22 till
306 619 101 21 boställen
426 618 32 22 för
477 619 131 28 presterskap
623 619 39 20 och
675 619 182 29 kyrkobetjening,

112 654 59 21 deras
187 653 123 28 ovilkorliga
324 653 101 28 rättighet
439 655 30 20 att
484 653 75 21 besitta
574 653 62 28 sagde
651 653 107 26 boställen,
775 656 54 19 samt
844 655 14 26 &

113 690 13 20 6
141 688 95 28 fråntaga
257 687 91 22 nämnde
370 687 89 22 munkar
481 686 152 29 befogenheten
653 689 30 20 att
706 688 71 21 vidare
796 688 64 22 hafva

114 723 78 21 kloster
206 722 8 21 i
229 721 97 22 Finland.
352 721 35 22 Då
401 723 30 20 ett
447 721 72 22 sådant
534 723 55 20 tvärt
603 721 148 29 upphäfvande
762 721 22 22 af
791 723 69 27 gamla

114 757 122 28 rättigheter
254 756 46 21 icke
319 756 42 21 kan
381 755 151 28 ifrågakomma
546 758 54 19 samt
614 756 138 27 nyssberörda
766 756 95 28 stadgan-

115 791 40 22 den
170 790 8 21 i
193 790 132 29 lagförslaget
345 789 47 22 icke
406 789 67 21 heller
495 789 71 21 kunna
588 790 96 21 umbäras
706 789 68 22 såsom
794 790 67 28 skydd

116 828 56 20 emot
186 825 184 22 romersk-katolsk
392 824 135 28 propaganda,
543 823 63 22 hafva
621 823 123 27 Ständerna,
760 825 8 20 i
782 825 81 21 betrak-

116 861 63 22 tande
192 860 79 29 jemväl
285 859 23 21 af
320 859 56 21 hvad
390 858 8 21 i
413 858 34 22 det
463 858 123 28 föregående
601 858 85 25 anförts,
702 860 51 20 trott
768 859 32 28 sig
813 860 50 21 böra

115 896 7 22 i
138 895 150 27 sammanhang
302 893 87 21 härmed
399 893 66 21 uttala
480 892 40 22 den
529 892 146 29 förhoppning,
688 895 30 19 att
729 893 25 21 de
764 893 99 29 grekiska

116 929 201 23 trosförvandternes
339 927 221 30 religionsrättigheter
577 927 64 26 skola,
662 927 23 22 så
699 930 58 19 snart
776 930 88 19 omstän-

117 964 123 29 digheterna
254 962 74 22 sådant
342 961 111 29 medgifva,
469 962 48 20 med
531 961 88 28 ändring
634 961 24 21 af
669 962 56 21 hvad
740 962 71 21 derom
826 962 8 20 i
850 963 14 25 8

120 1000 10 20 1
152 998 22 21 af
192 999 54 20 1772
261 997 33 21 års
316 995 171 29 Regeringsform
508 996 39 21 och
568 996 77 27 Kongl.
662 996 139 28 kungörelsen
825 996 40 21 den

120 1034 27 21 24
162 1032 90 22 Januari
269 1031 53 21 1781
338 1030 97 28 stadgats,
452 1030 65 21 blifva
530 1030 8 20 i
552 1030 170 28 grundlagsenlig
732 1030 88 29 ordning
834 1030 33 21 be-

118 1067 80 22 stämda
212 1074 75 20 genom
303 1072 26 14 en
344 1064 118 27 ständerlag
477 1066 53 19 samt
543 1065 31 20 att
588 1064 94 20 bemälde
693 1064 173 22 trosförvandters

118 1100 164 28 medborgerliga
298 1098 99 28 ställning
411 1098 7 20 i
434 1097 62 29 öfrigt
511 1098 52 21 skall
578 1097 26 28 på
619 1097 44 21 lika
677 1099 41 20 sätt
733 1098 80 21 ordnas.

188 1134 64 22 Hvad
266 1132 133 30 lagförslaget
412 1132 8 21 i
436 1131 61 29 öfrigt
506 1131 98 23 beträffar
613 1131 64 22 hafva
687 1132 124 25 Ständerna,
823 1139 45 14 som

120 1178 50 13 anse
185 1168 99 22 rubriken
300 1167 32 22 till
346 1166 149 28 förordningen
510 1166 71 21 kunna
596 1166 121 27 godkännas
728 1166 64 21 äfven
800 1166 68 21 såsom

121 1203 73 22 rubrik
208 1202 33 22 till
256 1210 26 13 en
302 1201 82 22 mindre
403 1200 128 22 omfattande
549 1199 129 29 författning,
695 1208 25 13 ur
733 1200 88 21 hvilken
836 1200 33 20 be-

122 1236 155 28 stämningarne
296 1236 22 21 af
330 1235 175 29 grundlagsnatur
523 1234 83 22 komme
621 1236 31 19 att
666 1234 56 28 utgå,
738 1234 48 21 med
801 1234 69 21 anled-

122 1272 51 28 ning
184 1271 60 21 deraf
251 1272 51 20 trott
311 1270 31 27 sig
356 1270 50 20 böra
421 1277 25 13 ur
461 1268 106 28 ingressen
582 1268 93 22 utesluta
690 1269 14 25 &
720 1269 11 20 1
747 1268 8 20 i
771 1268 55 20 1772
836 1268 33 20 års

122 1304 171 30 Regeringsform
315 1304 39 21 och
373 1303 89 21 artikeln
483 1303 10 19 1
509 1302 8 20 i
531 1302 168 21 Presteståndets
714 1301 121 28 privilegier
850 1302 24 20 af

123 1340 23 21 år
162 1339 60 21 1723.
252 1338 36 21 Då
302 1337 79 27 Kongl.
396 1336 139 28 kungörelsen
551 1336 40 20 den
607 1336 27 21 24
649 1335 91 21 Januari
756 1335 53 21 1781
826 1339 24 17 är
864 1335 8 21 i

124 1374 107 28 ingressen
246 1372 116 28 föreslagen
377 1372 30 19 att
421 1369 122 29 upphäfvas,
559 1369 63 22 hafva
633 1368 118 22 Ständerna
760 1368 71 22 funnit
840 1369 32 29 sig

125 1407 117 23 föranlåtna
252 1408 30 20 att
291 1406 96 21 häremot
395 1404 105 26 anmärka,
509 1403 45 22 att
550 1398 10 39 i
563 1404 62 28 sagde
635 1403 125 29 kungörelse
771 1402 102 23 förekom-

126 1451 50 18 mer,
192 1441 63 23 bland
270 1443 68 24 annat,
356 1440 34 22 det
405 1444 56 17 ännu
476 1439 95 29 gällande
583 1438 127 29 stadgandet,
722 1440 31 21 att
763 1438 78 22 hofrätt
851 1443 23 17 är

126 1478 68 23 forum
209 1477 32 22 för
256 1476 211 30 religionsprocesser,
483 1474 82 23 hvilket
574 1474 95 22 hvarken
679 1473 71 24 blifvit
760 1473 51 22 eller
820 1473 53 22 kun-
